{"ticker": "FNB", "price": {"title": "F.N.B Historical Annual Stock Price Data", "value": 10.63, "historical": {"2021": {"Average Stock Price": "10.4683", "Year Open": "9.4500", "Year High": "11.3500", "Year Low": "9.4500", "Year Close": "10.6300", "Annual % Change": "11.89%"}, "2020": {"Average Stock Price": "8.4601", "Year Open": "12.7500", "Year High": "12.7600", "Year Low": "5.6000", "Year Close": "9.5000", "Annual % Change": "-25.20%"}, "2019": {"Average Stock Price": "11.6526", "Year Open": "9.9200", "Year High": "12.8400", "Year Low": "9.9200", "Year Close": "12.7000", "Annual % Change": "29.07%"}, "2018": {"Average Stock Price": "13.1324", "Year Open": "13.7900", "Year High": "14.7600", "Year Low": "9.4700", "Year Close": "9.8400", "Annual % Change": "-28.80%"}, "2017": {"Average Stock Price": "14.1274", "Year Open": "16.0000", "Year High": "16.3000", "Year Low": "12.1200", "Year Close": "13.8200", "Annual % Change": "-13.79%"}, "2016": {"Average Stock Price": "12.9976", "Year Open": "12.9500", "Year High": "16.4000", "Year Low": "11.1800", "Year Close": "16.0300", "Annual % Change": "20.16%"}, "2015": {"Average Stock Price": "13.3280", "Year Open": "13.1200", "Year High": "14.6400", "Year Low": "11.8900", "Year Close": "13.3400", "Annual % Change": "0.15%"}, "2014": {"Average Stock Price": "12.5122", "Year Open": "12.4300", "Year High": "13.6500", "Year Low": "11.4900", "Year Close": "13.3200", "Annual % Change": "5.55%"}, "2013": {"Average Stock Price": "12.0334", "Year Open": "11.3400", "Year High": "13.2900", "Year Low": "10.8900", "Year Close": "12.6200", "Annual % Change": "18.83%"}, "2012": {"Average Stock Price": "11.2597", "Year Open": "11.6900", "Year High": "12.4400", "Year Low": "9.9500", "Year Close": "10.6200", "Annual % Change": "-6.10%"}, "2011": {"Average Stock Price": "10.0653", "Year Open": "10.2200", "Year High": "11.4600", "Year Low": "8.1900", "Year Close": "11.3100", "Annual % Change": "15.17%"}, "2010": {"Average Stock Price": "8.4388", "Year Open": "7.0300", "Year High": "10.1600", "Year Low": "6.7400", "Year Close": "9.8200", "Annual % Change": "44.62%"}, "2009": {"Average Stock Price": "7.1953", "Year Open": "13.3900", "Year High": "13.3900", "Year Low": "5.3800", "Year Close": "6.7900", "Annual % Change": "-48.56%"}, "2008": {"Average Stock Price": "13.5573", "Year Open": "14.2400", "Year High": "17.5000", "Year Low": "9.7500", "Year Close": "13.2000", "Annual % Change": "-10.20%"}, "2007": {"Average Stock Price": "16.6675", "Year Open": "18.3400", "Year High": "18.4600", "Year Low": "13.9300", "Year Close": "14.7000", "Annual % Change": "-19.54%"}, "2006": {"Average Stock Price": "16.7157", "Year Open": "17.5000", "Year High": "18.7400", "Year Low": "15.3200", "Year Close": "18.2700", "Annual % Change": "5.24%"}, "2005": {"Average Stock Price": "18.6931", "Year Open": "20.3000", "Year High": "20.9900", "Year Low": "16.4700", "Year Close": "17.3600", "Annual % Change": "-14.73%"}, "2004": {"Average Stock Price": "20.8944", "Year Open": "19.4000", "Year High": "22.7700", "Year Low": "18.9800", "Year Close": "20.3600", "Annual % Change": "-42.57%"}, "2003": {"Average Stock Price": "31.0003", "Year Open": "28.0400", "Year High": "35.4500", "Year Low": "26.8900", "Year Close": "35.4500", "Annual % Change": "28.82%"}, "2002": {"Average Stock Price": "29.0482", "Year Open": "26.1700", "Year High": "32.7000", "Year Low": "25.7500", "Year Close": "27.5200", "Annual % Change": "4.44%"}, "2001": {"Average Stock Price": "24.8834", "Year Open": "21.6900", "Year High": "28.1000", "Year Low": "21.5000", "Year Close": "26.3500", "Annual % Change": "25.48%"}, "2000": {"Average Stock Price": "20.7388", "Year Open": "22.2500", "Year High": "23.6300", "Year Low": "18.2500", "Year Close": "21.0000", "Annual % Change": "-5.62%"}, "1999": {"Average Stock Price": "25.3062", "Year Open": "29.0000", "Year High": "29.0000", "Year Low": "22.0000", "Year Close": "22.2500", "Annual % Change": "-21.24%"}, "1998": {"Average Stock Price": "32.7962", "Year Open": "37.2500", "Year High": "39.2500", "Year Low": "24.5000", "Year Close": "28.2500", "Annual % Change": "-24.93%"}, "1997": {"Average Stock Price": "28.7332", "Year Open": "23.1900", "Year High": "38.7500", "Year Low": "23.0000", "Year Close": "37.6300", "Annual % Change": "63.61%"}, "1996": {"Average Stock Price": "23.0850", "Year Open": "21.3800", "Year High": "25.0000", "Year Low": "20.2500", "Year Close": "23.0000", "Annual % Change": "6.33%"}, "1995": {"Average Stock Price": "18.5214", "Year Open": "15.0000", "Year High": "21.7500", "Year Low": "14.7500", "Year Close": "21.6300", "Annual % Change": "37.33%"}, "1994": {"Average Stock Price": "15.5735", "Year Open": "15.0000", "Year High": "18.0000", "Year Low": "13.2500", "Year Close": "15.7500", "Annual % Change": "0.00%"}}}, "market cap": {"value": "$3.43B"}, "income statement": {"Revenue": {"2020-12-31": "1424.86200", "2019-12-31": "1541.00000", "2018-12-31": "1446.00000", "2017-12-31": "1232.00000", "2016-12-31": "880.00000", "2015-12-31": "709.20500", "2014-12-31": "667.25700", "2013-12-31": "576.16400", "2012-12-31": "563.15800", "2011-12-31": "510.85500", "2010-12-31": "489.69300", "2009-12-31": "493.70000", "2008-12-31": "495.89600", "2007-12-31": "450.49900", "2006-12-31": "421.69700", "2005-12-31": "353.28700"}, "Cost Of Goods Sold": {"2020-12-31": "208.22400", "2019-12-31": "330.00000", "2018-12-31": "238.00000", "2017-12-31": "134.00000", "2016-12-31": "67.00000", "2015-12-31": "48.57300", "2014-12-31": "42.68600", "2013-12-31": "44.34400", "2012-12-31": "59.05500", "2011-12-31": "74.61700", "2010-12-31": "88.73100", "2009-12-31": "121.17900", "2008-12-31": "157.98900", "2007-12-31": "174.05300", "2006-12-31": "153.58500", "2005-12-31": "108.78000"}, "Gross Profit": {"2020-12-31": "1216.63800", "2019-12-31": "1211.00000", "2018-12-31": "1208.00000", "2017-12-31": "1098.00000", "2016-12-31": "813.00000", "2015-12-31": "660.63200", "2014-12-31": "624.57100", "2013-12-31": "531.82000", "2012-12-31": "504.10300", "2011-12-31": "436.23800", "2010-12-31": "400.96200", "2009-12-31": "372.52100", "2008-12-31": "337.90700", "2007-12-31": "276.44600", "2006-12-31": "268.11200", "2005-12-31": "244.50700"}, "Research And Development Expenses": {"2020-12-31": "", "2019-12-31": "", "2018-12-31": "", "2017-12-31": "", "2016-12-31": "", "2015-12-31": "", "2014-12-31": "", "2013-12-31": "", "2012-12-31": "", "2011-12-31": "", "2010-12-31": "", "2009-12-31": "", "2008-12-31": "", "2007-12-31": "", "2006-12-31": "", "2005-12-31": ""}, "SG&A Expenses": {"2020-12-31": "859.78500", "2019-12-31": "726.00000", "2018-12-31": "740.00000", "2017-12-31": "667.00000", "2016-12-31": "519.00000", "2015-12-31": "419.65200", "2014-12-31": "398.57300", "2013-12-31": "352.64300", "2012-12-31": "333.60200", "2011-12-31": "305.16500", "2010-12-31": "291.09200", "2009-12-31": "315.05300", "2008-12-31": "283.90900", "2007-12-31": "173.69100", "2006-12-31": "166.21400", "2005-12-31": "162.35600"}, "Other Operating Income Or Expenses": {"2020-12-31": "", "2019-12-31": "", "2018-12-31": "", "2017-12-31": "", "2016-12-31": "", "2015-12-31": "", "2014-12-31": "", "2013-12-31": "", "2012-12-31": "", "2011-12-31": "", "2010-12-31": "", "2009-12-31": "", "2008-12-31": "", "2007-12-31": "", "2006-12-31": "", "2005-12-31": ""}, "Operating Expenses": {"2020-12-31": "1081.37100", "2019-12-31": "1070.00000", "2018-12-31": "994.00000", "2017-12-31": "819.00000", "2016-12-31": "597.00000", "2015-12-31": "476.53000", "2014-12-31": "450.97600", "2013-12-31": "405.39400", "2012-12-31": "401.58100", "2011-12-31": "386.82200", "2010-12-31": "386.53700", "2009-12-31": "443.32000", "2008-12-31": "448.34000", "2007-12-31": "352.15000", "2006-12-31": "323.94700", "2005-12-31": "274.87900"}, "Operating Income": {"2020-12-31": "343.49110", "2019-12-31": "471.00000", "2018-12-31": "452.00000", "2017-12-31": "413.00000", "2016-12-31": "283.00000", "2015-12-31": "232.67500", "2014-12-31": "216.28100", "2013-12-31": "170.77000", "2012-12-31": "161.57700", "2011-12-31": "124.03310", "2010-12-31": "103.15600", "2009-12-31": "50.38000", "2008-12-31": "47.55600", "2007-12-31": "98.34900", "2006-12-31": "97.75000", "2005-12-31": "78.40800"}, "Total Non-Operating Income/Expense": {"2020-12-31": "", "2019-12-31": "", "2018-12-31": "", "2017-12-31": "-57.00000", "2016-12-31": "-37.00000", "2015-12-31": "-3.03300", "2014-12-31": "-9.61100", "2013-12-31": "-8.21000", "2012-12-31": "-7.39400", "2011-12-31": "-4.98200", "2010-12-31": "-0.62000", "2009-12-31": "", "2008-12-31": "-4.72400", "2007-12-31": "-0.21000", "2006-12-31": "-0.56400", "2005-12-31": "-1.30300"}, "Pre-Tax Income": {"2020-12-31": "343.49100", "2019-12-31": "471.00000", "2018-12-31": "452.00000", "2017-12-31": "356.00000", "2016-12-31": "246.00000", "2015-12-31": "229.64200", "2014-12-31": "206.67000", "2013-12-31": "162.56000", "2012-12-31": "154.18300", "2011-12-31": "119.05100", "2010-12-31": "102.53600", "2009-12-31": "50.38000", "2008-12-31": "42.83200", "2007-12-31": "98.13900", "2006-12-31": "97.18600", "2005-12-31": "77.10500"}, "Income Taxes": {"2020-12-31": "57.48500", "2019-12-31": "84.00000", "2018-12-31": "79.00000", "2017-12-31": "157.00000", "2016-12-31": "75.00000", "2015-12-31": "69.99300", "2014-12-31": "62.62000", "2013-12-31": "44.75600", "2012-12-31": "43.77300", "2011-12-31": "32.00400", "2010-12-31": "27.88400", "2009-12-31": "9.26900", "2008-12-31": "7.23700", "2007-12-31": "28.46100", "2006-12-31": "29.53700", "2005-12-31": "21.84700"}, "Income After Taxes": {"2020-12-31": "286.00600", "2019-12-31": "387.00000", "2018-12-31": "373.00000", "2017-12-31": "199.00000", "2016-12-31": "171.00000", "2015-12-31": "159.64900", "2014-12-31": "144.05000", "2013-12-31": "117.80400", "2012-12-31": "110.41000", "2011-12-31": "87.04700", "2010-12-31": "74.65200", "2009-12-31": "41.11100", "2008-12-31": "35.59500", "2007-12-31": "69.67800", "2006-12-31": "67.64900", "2005-12-31": "55.25800"}, "Other Income": {"2020-12-31": "", "2019-12-31": "", "2018-12-31": "", "2017-12-31": "", "2016-12-31": "", "2015-12-31": "", "2014-12-31": "", "2013-12-31": "", "2012-12-31": "", "2011-12-31": "", "2010-12-31": "", "2009-12-31": "", "2008-12-31": "", "2007-12-31": "", "2006-12-31": "", "2005-12-31": ""}, "Income From Continuous Operations": {"2020-12-31": "286.00600", "2019-12-31": "387.00000", "2018-12-31": "373.00000", "2017-12-31": "199.00000", "2016-12-31": "171.00000", "2015-12-31": "159.64900", "2014-12-31": "144.05000", "2013-12-31": "117.80400", "2012-12-31": "110.41000", "2011-12-31": "87.04700", "2010-12-31": "74.65200", "2009-12-31": "41.11100", "2008-12-31": "35.59500", "2007-12-31": "69.67800", "2006-12-31": "67.64900", "2005-12-31": "55.25800"}, "Income From Discontinued Operations": {"2020-12-31": "", "2019-12-31": "", "2018-12-31": "", "2017-12-31": "", "2016-12-31": "", "2015-12-31": "", "2014-12-31": "", "2013-12-31": "", "2012-12-31": "", "2011-12-31": "", "2010-12-31": "", "2009-12-31": "", "2008-12-31": "", "2007-12-31": "", "2006-12-31": "", "2005-12-31": ""}, "Net Income": {"2020-12-31": "277.96500", "2019-12-31": "379.00000", "2018-12-31": "365.00000", "2017-12-31": "191.00000", "2016-12-31": "163.00000", "2015-12-31": "151.60800", "2014-12-31": "135.69800", "2013-12-31": "117.80400", "2012-12-31": "110.41000", "2011-12-31": "87.04700", "2010-12-31": "74.65200", "2009-12-31": "32.80300", "2008-12-31": "35.59500", "2007-12-31": "69.67800", "2006-12-31": "67.64900", "2005-12-31": "55.25800"}, "EBITDA": {"2020-12-31": "", "2019-12-31": "", "2018-12-31": "", "2017-12-31": "", "2016-12-31": "", "2015-12-31": "", "2014-12-31": "", "2013-12-31": "", "2012-12-31": "", "2011-12-31": "", "2010-12-31": "", "2009-12-31": "", "2008-12-31": "", "2007-12-31": "", "2006-12-31": "", "2005-12-31": ""}, "EBIT": {"2020-12-31": "", "2019-12-31": "", "2018-12-31": "", "2017-12-31": "", "2016-12-31": "", "2015-12-31": "", "2014-12-31": "", "2013-12-31": "", "2012-12-31": "", "2011-12-31": "", "2010-12-31": "", "2009-12-31": "", "2008-12-31": "", "2007-12-31": "", "2006-12-31": "", "2005-12-31": ""}, "Basic Shares Outstanding": {"2020-12-31": "323.21510", "2019-12-31": "324.93900", "2018-12-31": "324.20700", "2017-12-31": "302.19500", "2016-12-31": "206.24400", "2015-12-31": "174.97180", "2014-12-31": "167.34800", "2013-12-31": "146.18700", "2012-12-31": "139.13530", "2011-12-31": "124.14590", "2010-12-31": "113.92360", "2009-12-31": "102.58040", "2008-12-31": "80.65420", "2007-12-31": "60.13590", "2006-12-31": "58.85300", "2005-12-31": "55.77600"}, "Shares Outstanding": {"2020-12-31": "325.48800", "2019-12-31": "326.06100", "2018-12-31": "325.62400", "2017-12-31": "303.85800", "2016-12-31": "207.76900", "2015-12-31": "176.33900", "2014-12-31": "169.07900", "2013-12-31": "147.80950", "2012-12-31": "140.64020", "2011-12-31": "125.01210", "2010-12-31": "114.28170", "2009-12-31": "102.84930", "2008-12-31": "80.99800", "2007-12-31": "60.62910", "2006-12-31": "59.37700", "2005-12-31": "56.57800"}, "Basic EPS": {"2020-12-31": "0.86000", "2019-12-31": "1.17000", "2018-12-31": "1.13000", "2017-12-31": "0.63000", "2016-12-31": "0.79000", "2015-12-31": "0.87000", "2014-12-31": "0.81000", "2013-12-31": "0.81000", "2012-12-31": "0.79000", "2011-12-31": "0.70000", "2010-12-31": "0.66000", "2009-12-31": "0.32000", "2008-12-31": "0.44000", "2007-12-31": "1.16000", "2006-12-31": "1.15000", "2005-12-31": "0.99000"}, "EPS - Earnings Per Share": {"2020-12-31": "0.85000", "2019-12-31": "1.16000", "2018-12-31": "1.12000", "2017-12-31": "0.63000", "2016-12-31": "0.78000", "2015-12-31": "0.86000", "2014-12-31": "0.80000", "2013-12-31": "0.80000", "2012-12-31": "0.79000", "2011-12-31": "0.70000", "2010-12-31": "0.65000", "2009-12-31": "0.32000", "2008-12-31": "0.44000", "2007-12-31": "1.15000", "2006-12-31": "1.14000", "2005-12-31": "0.98000"}}, "income statement, quarterly": {"Revenue": {"2020-12-31": "339.25300", "2020-09-30": "353.00000", "2020-06-30": "358.00000", "2020-03-31": "375.00000", "2019-12-31": "380.00000", "2019-09-30": "394.00000", "2019-06-30": "392.00000", "2019-03-31": "375.00000", "2018-12-31": "374.00000", "2018-09-30": "373.00000", "2018-06-30": "359.00000", "2018-03-31": "340.00000", "2017-12-31": "335.41400", "2017-09-30": "329.66500", "2017-06-30": "317.11200", "2017-03-31": "249.80900", "2016-12-31": "227.51000", "2016-09-30": "228.35000", "2016-06-30": "222.34200", "2016-03-31": "201.79800", "2015-12-31": "183.89790", "2015-09-30": "178.55600", "2015-06-30": "175.20000", "2015-03-31": "171.55100", "2014-12-31": "174.55900", "2014-09-30": "169.11800", "2014-06-30": "163.63000", "2014-03-31": "159.95000", "2013-12-31": "150.29600", "2013-09-30": "142.60000", "2013-06-30": "144.53800", "2013-03-31": "138.73000", "2012-12-31": "139.49400", "2012-09-30": "142.56900", "2012-06-30": "142.06300", "2012-03-31": "139.03200", "2011-12-31": "129.30700", "2011-09-30": "128.33200", "2011-06-30": "127.41300", "2011-03-31": "125.80300", "2010-12-31": "122.36700", "2010-09-30": "121.70100", "2010-06-30": "122.80400", "2010-03-31": "122.82100", "2009-12-31": "121.44000", "2009-09-30": "120.49500", "2009-06-30": "125.48400", "2009-03-31": "126.28100", "2008-12-31": "115.41600", "2008-09-30": "137.03400", "2008-06-30": "132.75300", "2008-03-31": "110.69300", "2007-12-31": "113.47000", "2007-09-30": "113.63100", "2007-06-30": "111.99500", "2007-03-31": "111.40300", "2006-12-31": "110.05600", "2006-09-30": "110.58700", "2006-06-30": "103.80400", "2006-03-31": "97.25000", "2005-12-31": "78.21900", "2005-09-30": "94.70900", "2005-06-30": "92.54300", "2005-03-31": "87.81600"}, "Cost Of Goods Sold": {"2020-12-31": "36.49700", "2020-09-30": "46.00000", "2020-06-30": "52.00000", "2020-03-31": "74.00000", "2019-12-31": "80.00000", "2019-09-30": "84.00000", "2019-06-30": "87.00000", "2019-03-31": "79.00000", "2018-12-31": "74.00000", "2018-09-30": "63.00000", "2018-06-30": "54.00000", "2018-03-31": "47.00000", "2017-12-31": "41.15700", "2017-09-30": "38.28300", "2017-06-30": "32.61900", "2017-03-31": "21.94100", "2016-12-31": "17.43400", "2016-09-30": "17.60400", "2016-06-30": "16.56200", "2016-03-31": "15.40000", "2015-12-31": "13.44800", "2015-09-30": "11.99600", "2015-06-30": "11.68100", "2015-03-31": "11.44800", "2014-12-31": "11.43600", "2014-09-30": "10.94700", "2014-06-30": "10.24800", "2014-03-31": "10.05500", "2013-12-31": "10.69100", "2013-09-30": "10.53600", "2013-06-30": "11.09500", "2013-03-31": "12.02200", "2012-12-31": "13.66000", "2012-09-30": "14.22500", "2012-06-30": "14.80400", "2012-03-31": "16.36600", "2011-12-31": "16.76800", "2011-09-30": "18.30000", "2011-06-30": "19.46100", "2011-03-31": "20.08800", "2010-12-31": "20.02200", "2010-09-30": "21.68800", "2010-06-30": "22.88000", "2010-03-31": "24.14100", "2009-12-31": "26.46800", "2009-09-30": "28.98900", "2009-06-30": "31.70200", "2009-03-31": "34.02000", "2008-12-31": "38.79300", "2008-09-30": "39.89600", "2008-06-30": "39.74000", "2008-03-31": "39.56000", "2007-12-31": "43.42400", "2007-09-30": "44.79100", "2007-06-30": "43.27100", "2007-03-31": "42.56700", "2006-12-31": "42.80200", "2006-09-30": "42.20900", "2006-06-30": "36.77200", "2006-03-31": "31.80200", "2005-12-31": "30.40000", "2005-09-30": "28.55500", "2005-06-30": "26.33500", "2005-03-31": "23.49000"}, "Gross Profit": {"2020-12-31": "302.75600", "2020-09-30": "307.00000", "2020-06-30": "306.00000", "2020-03-31": "301.00000", "2019-12-31": "300.00000", "2019-09-30": "310.00000", "2019-06-30": "305.00000", "2019-03-31": "296.00000", "2018-12-31": "300.00000", "2018-09-30": "310.00000", "2018-06-30": "305.00000", "2018-03-31": "293.00000", "2017-12-31": "294.25700", "2017-09-30": "291.38200", "2017-06-30": "284.49300", "2017-03-31": "227.86800", "2016-12-31": "210.07600", "2016-09-30": "210.74600", "2016-06-30": "205.78000", "2016-03-31": "186.39800", "2015-12-31": "170.44990", "2015-09-30": "166.56000", "2015-06-30": "163.51900", "2015-03-31": "160.10300", "2014-12-31": "163.12300", "2014-09-30": "158.17100", "2014-06-30": "153.38200", "2014-03-31": "149.89500", "2013-12-31": "139.60500", "2013-09-30": "132.06400", "2013-06-30": "133.44300", "2013-03-31": "126.70800", "2012-12-31": "125.83400", "2012-09-30": "128.34400", "2012-06-30": "127.25900", "2012-03-31": "122.66600", "2011-12-31": "112.53900", "2011-09-30": "110.03200", "2011-06-30": "107.95200", "2011-03-31": "105.71500", "2010-12-31": "102.34500", "2010-09-30": "100.01300", "2010-06-30": "99.92400", "2010-03-31": "98.68000", "2009-12-31": "94.97200", "2009-09-30": "91.50600", "2009-06-30": "93.78200", "2009-03-31": "92.26100", "2008-12-31": "76.62300", "2008-09-30": "97.13800", "2008-06-30": "93.01300", "2008-03-31": "71.13300", "2007-12-31": "70.04610", "2007-09-30": "68.84000", "2007-06-30": "68.72400", "2007-03-31": "68.83600", "2006-12-31": "67.25400", "2006-09-30": "68.37800", "2006-06-30": "67.03200", "2006-03-31": "65.44800", "2005-12-31": "47.81900", "2005-09-30": "66.15400", "2005-06-30": "66.20800", "2005-03-31": "64.32600"}, "Research And Development Expenses": {"2020-12-31": "", "2020-09-30": "", "2020-06-30": "", "2020-03-31": "", "2019-12-31": "", "2019-09-30": "", "2019-06-30": "", "2019-03-31": "", "2018-12-31": "", "2018-09-30": "", "2018-06-30": "", "2018-03-31": "", "2017-12-31": "", "2017-09-30": "", "2017-06-30": "", "2017-03-31": "", "2016-12-31": "", "2016-09-30": "", "2016-06-30": "", "2016-03-31": "", "2015-12-31": "", "2015-09-30": "", "2015-06-30": "", "2015-03-31": "", "2014-12-31": "", "2014-09-30": "", "2014-06-30": "", "2014-03-31": "", "2013-12-31": "", "2013-09-30": "", "2013-06-30": "", "2013-03-31": "", "2012-12-31": "", "2012-09-30": "", "2012-06-30": "", "2012-03-31": "", "2011-12-31": "", "2011-09-30": "", "2011-06-30": "", "2011-03-31": "", "2010-12-31": "", "2010-09-30": "", "2010-06-30": "", "2010-03-31": "", "2009-12-31": "", "2009-09-30": "", "2009-06-30": "", "2009-03-31": "", "2008-12-31": "", "2008-09-30": "", "2008-06-30": "", "2008-03-31": "", "2007-12-31": "", "2007-09-30": "", "2007-06-30": "", "2007-03-31": "", "2006-12-31": "", "2006-09-30": "", "2006-06-30": "", "2006-03-31": "", "2005-12-31": "", "2005-09-30": "", "2005-06-30": "", "2005-03-31": ""}, "SG&A Expenses": {"2020-12-31": "213.53100", "2020-09-30": "204.00000", "2020-06-30": "202.00000", "2020-03-31": "240.00000", "2019-12-31": "181.00000", "2019-09-30": "186.00000", "2019-06-30": "183.00000", "2019-03-31": "176.00000", "2018-12-31": "181.00000", "2018-09-30": "183.00000", "2018-06-30": "195.00000", "2018-03-31": "181.00000", "2017-12-31": "175.78900", "2017-09-30": "174.32500", "2017-06-30": "174.30300", "2017-03-31": "142.58300", "2016-12-31": "134.02400", "2016-09-30": "131.81900", "2016-06-30": "132.33000", "2016-03-31": "120.82700", "2015-12-31": "105.76600", "2015-09-30": "105.58000", "2015-06-30": "102.99300", "2015-03-31": "100.67600", "2014-12-31": "98.22000", "2014-09-30": "102.68500", "2014-06-30": "99.69600", "2014-03-31": "93.57100", "2013-12-31": "90.87600", "2013-09-30": "87.47300", "2013-06-30": "87.01300", "2013-03-31": "84.06600", "2012-12-31": "80.36000", "2012-09-30": "83.18100", "2012-06-30": "82.82300", "2012-03-31": "83.97000", "2011-12-31": "72.45000", "2011-09-30": "75.70000", "2011-06-30": "74.95400", "2011-03-31": "76.84300", "2010-12-31": "62.02900", "2010-09-30": "74.81300", "2010-06-30": "73.64400", "2010-03-31": "75.72000", "2009-12-31": "83.79400", "2009-09-30": "77.04400", "2009-06-30": "78.36100", "2009-03-31": "69.67100", "2008-12-31": "100.86400", "2008-09-30": "62.26300", "2008-06-30": "71.77100", "2008-03-31": "46.87300", "2007-12-31": "41.19300", "2007-09-30": "43.95500", "2007-06-30": "42.55700", "2007-03-31": "42.64000", "2006-12-31": "37.79400", "2006-09-30": "41.87200", "2006-06-30": "42.19200", "2006-03-31": "41.79800", "2005-12-31": "37.41100", "2005-09-30": "40.52800", "2005-06-30": "39.95400", "2005-03-31": "41.80900"}, "Other Operating Income Or Expenses": {"2020-12-31": "", "2020-09-30": "", "2020-06-30": "", "2020-03-31": "", "2019-12-31": "", "2019-09-30": "", "2019-06-30": "", "2019-03-31": "", "2018-12-31": "", "2018-09-30": "", "2018-06-30": "", "2018-03-31": "", "2017-12-31": "", "2017-09-30": "", "2017-06-30": "", "2017-03-31": "", "2016-12-31": "", "2016-09-30": "", "2016-06-30": "", "2016-03-31": "", "2015-12-31": "", "2015-09-30": "", "2015-06-30": "", "2015-03-31": "", "2014-12-31": "", "2014-09-30": "", "2014-06-30": "", "2014-03-31": "", "2013-12-31": "", "2013-09-30": "", "2013-06-30": "", "2013-03-31": "", "2012-12-31": "", "2012-09-30": "", "2012-06-30": "", "2012-03-31": "", "2011-12-31": "", "2011-09-30": "", "2011-06-30": "", "2011-03-31": "", "2010-12-31": "", "2010-09-30": "", "2010-06-30": "", "2010-03-31": "", "2009-12-31": "", "2009-09-30": "", "2009-06-30": "", "2009-03-31": "", "2008-12-31": "", "2008-09-30": "", "2008-06-30": "", "2008-03-31": "", "2007-12-31": "", "2007-09-30": "", "2007-06-30": "", "2007-03-31": "", "2006-12-31": "", "2006-09-30": "", "2006-06-30": "", "2006-03-31": "", "2005-12-31": "", "2005-09-30": "", "2005-06-30": "", "2005-03-31": ""}, "Operating Expenses": {"2020-12-31": "253.36900", "2020-09-30": "253.00000", "2020-06-30": "258.00000", "2020-03-31": "317.00000", "2019-12-31": "264.00000", "2019-09-30": "274.00000", "2019-06-30": "273.00000", "2019-03-31": "259.00000", "2018-12-31": "259.00000", "2018-09-30": "250.00000", "2018-06-30": "253.00000", "2018-03-31": "232.00000", "2017-12-31": "222.23000", "2017-09-30": "217.41300", "2017-06-30": "211.73500", "2017-03-31": "167.62200", "2016-12-31": "152.85000", "2016-09-30": "152.99400", "2016-06-30": "152.28000", "2016-03-31": "138.87600", "2015-12-31": "121.37100", "2015-09-30": "119.61000", "2015-06-30": "116.67300", "2015-03-31": "114.23900", "2014-12-31": "112.17400", "2014-09-30": "116.08700", "2014-06-30": "112.40500", "2014-03-31": "105.90900", "2013-12-31": "103.91100", "2013-09-30": "100.07600", "2013-06-30": "100.17900", "2013-03-31": "98.01300", "2012-12-31": "96.05200", "2012-09-30": "99.64800", "2012-06-30": "99.99600", "2012-03-31": "102.61700", "2011-12-31": "90.84900", "2011-09-30": "95.80800", "2011-06-30": "96.22000", "2011-03-31": "98.72700", "2010-12-31": "83.72400", "2010-09-30": "98.17600", "2010-06-30": "98.20300", "2010-03-31": "101.54800", "2009-12-31": "111.99000", "2009-09-30": "107.76500", "2009-06-30": "111.87600", "2009-03-31": "105.50600", "2008-12-31": "141.64500", "2008-09-30": "104.32100", "2008-06-30": "112.73000", "2008-03-31": "87.50600", "2007-12-31": "85.71800", "2007-09-30": "89.84500", "2007-06-30": "86.93100", "2007-03-31": "86.31000", "2006-12-31": "81.60400", "2006-09-30": "85.26100", "2006-06-30": "79.99300", "2006-03-31": "74.53100", "2005-12-31": "68.82500", "2005-09-30": "70.00100", "2005-06-30": "67.24000", "2005-03-31": "66.15900"}, "Operating Income": {"2020-12-31": "85.88400", "2020-09-30": "100.00000", "2020-06-30": "100.00000", "2020-03-31": "58.00000", "2019-12-31": "116.00000", "2019-09-30": "120.00000", "2019-06-30": "119.00000", "2019-03-31": "116.00000", "2018-12-31": "115.00000", "2018-09-30": "123.00000", "2018-06-30": "106.00000", "2018-03-31": "108.00000", "2017-12-31": "113.18400", "2017-09-30": "112.25200", "2017-06-30": "105.37700", "2017-03-31": "82.18700", "2016-12-31": "74.66000", "2016-09-30": "75.35600", "2016-06-30": "70.06200", "2016-03-31": "62.92200", "2015-12-31": "62.52690", "2015-09-30": "58.94600", "2015-06-30": "58.52700", "2015-03-31": "57.31200", "2014-12-31": "62.38500", "2014-09-30": "53.03100", "2014-06-30": "51.22500", "2014-03-31": "54.04100", "2013-12-31": "46.38500", "2013-09-30": "42.52400", "2013-06-30": "44.35900", "2013-03-31": "40.71700", "2012-12-31": "43.44200", "2012-09-30": "42.92100", "2012-06-30": "42.06700", "2012-03-31": "36.41500", "2011-12-31": "38.45800", "2011-09-30": "32.52400", "2011-06-30": "31.19300", "2011-03-31": "27.07600", "2010-12-31": "38.64300", "2010-09-30": "23.52500", "2010-06-30": "24.60100", "2010-03-31": "21.27300", "2009-12-31": "9.45000", "2009-09-30": "12.73000", "2009-06-30": "13.60800", "2009-03-31": "20.77500", "2008-12-31": "-26.22900", "2008-09-30": "32.71300", "2008-06-30": "20.02300", "2008-03-31": "23.18700", "2007-12-31": "27.75200", "2007-09-30": "23.78600", "2007-06-30": "25.06400", "2007-03-31": "25.09300", "2006-12-31": "28.45200", "2006-09-30": "25.32600", "2006-06-30": "23.81100", "2006-03-31": "22.71900", "2005-12-31": "9.39400", "2005-09-30": "24.70800", "2005-06-30": "25.30300", "2005-03-31": "21.65700"}, "Total Non-Operating Income/Expense": {"2020-12-31": "", "2020-09-30": "", "2020-06-30": "", "2020-03-31": "", "2019-12-31": "", "2019-09-30": "", "2019-06-30": "", "2019-03-31": "", "2018-12-31": "", "2018-09-30": "", "2018-06-30": "", "2018-03-31": "", "2017-12-31": "-1.54100", "2017-09-30": "-1.38100", "2017-06-30": "-1.35400", "2017-03-31": "-52.72400", "2016-12-31": "-1.21000", "2016-09-30": "-0.29900", "2016-06-30": "-10.55100", "2016-03-31": "-24.94000", "2015-12-31": "-1.35000", "2015-09-30": "-1.31200", "2015-06-30": "-0.37100", "2015-03-31": "", "2014-12-31": "-1.55700", "2014-09-30": "-1.90400", "2014-06-30": "-0.83200", "2014-03-31": "-5.31800", "2013-12-31": "-3.99900", "2013-09-30": "-0.91300", "2013-06-30": "-2.94600", "2013-03-31": "-0.35200", "2012-12-31": "0.00500", "2012-09-30": "-0.08800", "2012-06-30": "-0.31700", "2012-03-31": "-6.99400", "2011-12-31": "-0.39300", "2011-09-30": "-0.28200", "2011-06-30": "-0.16100", "2011-03-31": "-4.14600", "2010-12-31": "-0.54800", "2010-09-30": "-0.07200", "2010-06-30": "", "2010-03-31": "", "2009-12-31": "", "2009-09-30": "", "2009-06-30": "", "2009-03-31": "", "2008-12-31": "", "2008-09-30": "", "2008-06-30": "", "2008-03-31": "", "2007-12-31": "", "2007-09-30": "", "2007-06-30": "", "2007-03-31": "", "2006-12-31": "", "2006-09-30": "", "2006-06-30": "", "2006-03-31": "", "2005-12-31": "", "2005-09-30": "", "2005-06-30": "", "2005-03-31": ""}, "Pre-Tax Income": {"2020-12-31": "85.88400", "2020-09-30": "100.00000", "2020-06-30": "100.00000", "2020-03-31": "58.00000", "2019-12-31": "116.00000", "2019-09-30": "120.00000", "2019-06-30": "119.00000", "2019-03-31": "116.00000", "2018-12-31": "115.00000", "2018-09-30": "123.00000", "2018-06-30": "106.00000", "2018-03-31": "108.00000", "2017-12-31": "111.64300", "2017-09-30": "110.87100", "2017-06-30": "104.02300", "2017-03-31": "29.46300", "2016-12-31": "73.45000", "2016-09-30": "75.05700", "2016-06-30": "59.51100", "2016-03-31": "37.98200", "2015-12-31": "56.54000", "2015-09-30": "57.63400", "2015-06-30": "58.15600", "2015-03-31": "57.31200", "2014-12-31": "56.42700", "2014-09-30": "51.12700", "2014-06-30": "50.39300", "2014-03-31": "48.72300", "2013-12-31": "39.17100", "2013-09-30": "41.61100", "2013-06-30": "41.41300", "2013-03-31": "40.36500", "2012-12-31": "40.17900", "2012-09-30": "42.83300", "2012-06-30": "41.75000", "2012-03-31": "29.42100", "2011-12-31": "32.84700", "2011-09-30": "32.24200", "2011-06-30": "31.03200", "2011-03-31": "22.93000", "2010-12-31": "33.20900", "2010-09-30": "23.45300", "2010-06-30": "24.60100", "2010-03-31": "21.27300", "2009-12-31": "3.26700", "2009-09-30": "12.73000", "2009-06-30": "13.60800", "2009-03-31": "20.77500", "2008-12-31": "-33.09100", "2008-09-30": "32.71300", "2008-06-30": "20.02300", "2008-03-31": "23.18700", "2007-12-31": "24.19600", "2007-09-30": "23.78600", "2007-06-30": "25.06400", "2007-03-31": "25.09300", "2006-12-31": "25.33000", "2006-09-30": "25.32600", "2006-06-30": "23.81100", "2006-03-31": "22.71900", "2005-12-31": "5.43700", "2005-09-30": "24.70800", "2005-06-30": "25.30300", "2005-03-31": "21.65700"}, "Income Taxes": {"2020-12-31": "13.68100", "2020-09-30": "17.00000", "2020-06-30": "16.00000", "2020-03-31": "11.00000", "2019-12-31": "21.00000", "2019-09-30": "17.00000", "2019-06-30": "24.00000", "2019-03-31": "22.00000", "2018-12-31": "15.00000", "2018-09-30": "22.00000", "2018-06-30": "21.00000", "2018-03-31": "21.00000", "2017-12-31": "87.72100", "2017-09-30": "33.17800", "2017-06-30": "29.61700", "2017-03-31": "6.48400", "2016-12-31": "22.05000", "2016-09-30": "22.88900", "2016-06-30": "18.21100", "2016-03-31": "11.85000", "2015-12-31": "17.41800", "2015-09-30": "17.58100", "2015-06-30": "18.02500", "2015-03-31": "16.96900", "2014-12-31": "17.12300", "2014-09-30": "15.73600", "2014-06-30": "15.56200", "2014-03-31": "14.19900", "2013-12-31": "10.73200", "2013-09-30": "9.97700", "2013-06-30": "12.22000", "2013-03-31": "11.82700", "2012-12-31": "11.22400", "2012-09-30": "12.09000", "2012-06-30": "12.62000", "2012-03-31": "7.83900", "2011-12-31": "9.11000", "2011-09-30": "8.46900", "2011-06-30": "8.67000", "2011-03-31": "5.75500", "2010-12-31": "9.67600", "2010-09-30": "6.23600", "2010-06-30": "6.67900", "2010-03-31": "5.29300", "2009-12-31": "-1.28900", "2009-09-30": "2.42400", "2009-06-30": "3.01000", "2009-03-31": "5.12400", "2008-12-31": "-14.18500", "2008-09-30": "9.20800", "2008-06-30": "5.51800", "2008-03-31": "6.69600", "2007-12-31": "7.13400", "2007-09-30": "6.16200", "2007-06-30": "7.44200", "2007-03-31": "7.72300", "2006-12-31": "7.73700", "2006-09-30": "7.70700", "2006-06-30": "7.17600", "2006-03-31": "6.91700", "2005-12-31": "0.71600", "2005-09-30": "6.62200", "2005-06-30": "7.76200", "2005-03-31": "6.74700"}, "Income After Taxes": {"2020-12-31": "72.20300", "2020-09-30": "83.00000", "2020-06-30": "84.00000", "2020-03-31": "47.00000", "2019-12-31": "95.00000", "2019-09-30": "103.00000", "2019-06-30": "95.00000", "2019-03-31": "94.00000", "2018-12-31": "100.00000", "2018-09-30": "101.00000", "2018-06-30": "85.00000", "2018-03-31": "87.00000", "2017-12-31": "23.92200", "2017-09-30": "77.69300", "2017-06-30": "74.40600", "2017-03-31": "22.97900", "2016-12-31": "51.40000", "2016-09-30": "52.16800", "2016-06-30": "41.30000", "2016-03-31": "26.13200", "2015-12-31": "39.12200", "2015-09-30": "40.05300", "2015-06-30": "40.13100", "2015-03-31": "40.34300", "2014-12-31": "39.30400", "2014-09-30": "35.39100", "2014-06-30": "34.83100", "2014-03-31": "34.52400", "2013-12-31": "28.43900", "2013-09-30": "31.63400", "2013-06-30": "29.19300", "2013-03-31": "28.53800", "2012-12-31": "28.95500", "2012-09-30": "30.74300", "2012-06-30": "29.13000", "2012-03-31": "21.58200", "2011-12-31": "23.73700", "2011-09-30": "23.77300", "2011-06-30": "22.36200", "2011-03-31": "17.17500", "2010-12-31": "23.53300", "2010-09-30": "17.21700", "2010-06-30": "17.92200", "2010-03-31": "15.98000", "2009-12-31": "4.55600", "2009-09-30": "10.30600", "2009-06-30": "10.59800", "2009-03-31": "15.65100", "2008-12-31": "-18.90600", "2008-09-30": "23.50500", "2008-06-30": "14.50500", "2008-03-31": "16.49100", "2007-12-31": "17.06200", "2007-09-30": "17.62400", "2007-06-30": "17.62200", "2007-03-31": "17.37000", "2006-12-31": "17.59300", "2006-09-30": "17.61900", "2006-06-30": "16.63500", "2006-03-31": "15.80200", "2005-12-31": "4.72100", "2005-09-30": "18.08600", "2005-06-30": "17.54100", "2005-03-31": "14.91000"}, "Other Income": {"2020-12-31": "", "2020-09-30": "", "2020-06-30": "", "2020-03-31": "", "2019-12-31": "", "2019-09-30": "", "2019-06-30": "", "2019-03-31": "", "2018-12-31": "", "2018-09-30": "", "2018-06-30": "", "2018-03-31": "", "2017-12-31": "", "2017-09-30": "", "2017-06-30": "", "2017-03-31": "", "2016-12-31": "", "2016-09-30": "", "2016-06-30": "", "2016-03-31": "", "2015-12-31": "", "2015-09-30": "", "2015-06-30": "", "2015-03-31": "", "2014-12-31": "", "2014-09-30": "", "2014-06-30": "", "2014-03-31": "", "2013-12-31": "", "2013-09-30": "", "2013-06-30": "", "2013-03-31": "", "2012-12-31": "", "2012-09-30": "", "2012-06-30": "", "2012-03-31": "", "2011-12-31": "", "2011-09-30": "", "2011-06-30": "", "2011-03-31": "", "2010-12-31": "", "2010-09-30": "", "2010-06-30": "", "2010-03-31": "", "2009-12-31": "", "2009-09-30": "", "2009-06-30": "", "2009-03-31": "", "2008-12-31": "", "2008-09-30": "", "2008-06-30": "", "2008-03-31": "", "2007-12-31": "", "2007-09-30": "", "2007-06-30": "", "2007-03-31": "", "2006-12-31": "", "2006-09-30": "", "2006-06-30": "", "2006-03-31": "", "2005-12-31": "", "2005-09-30": "", "2005-06-30": "", "2005-03-31": ""}, "Income From Continuous Operations": {"2020-12-31": "72.20300", "2020-09-30": "83.00000", "2020-06-30": "84.00000", "2020-03-31": "47.00000", "2019-12-31": "95.00000", "2019-09-30": "103.00000", "2019-06-30": "95.00000", "2019-03-31": "94.00000", "2018-12-31": "100.00000", "2018-09-30": "101.00000", "2018-06-30": "85.00000", "2018-03-31": "87.00000", "2017-12-31": "23.92200", "2017-09-30": "77.69300", "2017-06-30": "74.40600", "2017-03-31": "22.97900", "2016-12-31": "51.40000", "2016-09-30": "52.16800", "2016-06-30": "41.30000", "2016-03-31": "26.13200", "2015-12-31": "39.12200", "2015-09-30": "40.05300", "2015-06-30": "40.13100", "2015-03-31": "40.34300", "2014-12-31": "39.30400", "2014-09-30": "35.39100", "2014-06-30": "34.83100", "2014-03-31": "34.52400", "2013-12-31": "28.43900", "2013-09-30": "31.63400", "2013-06-30": "29.19300", "2013-03-31": "28.53800", "2012-12-31": "28.95500", "2012-09-30": "30.74300", "2012-06-30": "29.13000", "2012-03-31": "21.58200", "2011-12-31": "23.73700", "2011-09-30": "23.77300", "2011-06-30": "22.36200", "2011-03-31": "17.17500", "2010-12-31": "23.53300", "2010-09-30": "17.21700", "2010-06-30": "17.92200", "2010-03-31": "15.98000", "2009-12-31": "4.55600", "2009-09-30": "10.30600", "2009-06-30": "10.59800", "2009-03-31": "15.65100", "2008-12-31": "-18.90600", "2008-09-30": "23.50500", "2008-06-30": "14.50500", "2008-03-31": "16.49100", "2007-12-31": "17.06200", "2007-09-30": "17.62400", "2007-06-30": "17.62200", "2007-03-31": "17.37000", "2006-12-31": "17.59300", "2006-09-30": "17.61900", "2006-06-30": "16.63500", "2006-03-31": "15.80200", "2005-12-31": "4.72100", "2005-09-30": "18.08600", "2005-06-30": "17.54100", "2005-03-31": "14.91000"}, "Income From Discontinued Operations": {"2020-12-31": "", "2020-09-30": "", "2020-06-30": "", "2020-03-31": "", "2019-12-31": "", "2019-09-30": "", "2019-06-30": "", "2019-03-31": "", "2018-12-31": "", "2018-09-30": "", "2018-06-30": "", "2018-03-31": "", "2017-12-31": "", "2017-09-30": "", "2017-06-30": "", "2017-03-31": "", "2016-12-31": "", "2016-09-30": "", "2016-06-30": "", "2016-03-31": "", "2015-12-31": "", "2015-09-30": "", "2015-06-30": "", "2015-03-31": "", "2014-12-31": "", "2014-09-30": "", "2014-06-30": "", "2014-03-31": "", "2013-12-31": "", "2013-09-30": "", "2013-06-30": "", "2013-03-31": "", "2012-12-31": "", "2012-09-30": "", "2012-06-30": "", "2012-03-31": "", "2011-12-31": "", "2011-09-30": "", "2011-06-30": "", "2011-03-31": "", "2010-12-31": "", "2010-09-30": "", "2010-06-30": "", "2010-03-31": "", "2009-12-31": "", "2009-09-30": "", "2009-06-30": "", "2009-03-31": "", "2008-12-31": "", "2008-09-30": "", "2008-06-30": "", "2008-03-31": "", "2007-12-31": "", "2007-09-30": "", "2007-06-30": "", "2007-03-31": "", "2006-12-31": "", "2006-09-30": "", "2006-06-30": "", "2006-03-31": "", "2005-12-31": "", "2005-09-30": "", "2005-06-30": "", "2005-03-31": ""}, "Net Income": {"2020-12-31": "70.19200", "2020-09-30": "81.00000", "2020-06-30": "82.00000", "2020-03-31": "45.00000", "2019-12-31": "93.00000", "2019-09-30": "101.00000", "2019-06-30": "93.00000", "2019-03-31": "92.00000", "2018-12-31": "98.00000", "2018-09-30": "99.00000", "2018-06-30": "83.00000", "2018-03-31": "85.00000", "2017-12-31": "21.95200", "2017-09-30": "75.68300", "2017-06-30": "72.39600", "2017-03-31": "20.96900", "2016-12-31": "49.43000", "2016-09-30": "50.15800", "2016-06-30": "39.29000", "2016-03-31": "24.12200", "2015-12-31": "37.11100", "2015-09-30": "38.04300", "2015-06-30": "38.12100", "2015-03-31": "38.33300", "2014-12-31": "37.29400", "2014-09-30": "33.38100", "2014-06-30": "32.82100", "2014-03-31": "32.20200", "2013-12-31": "28.43900", "2013-09-30": "31.63400", "2013-06-30": "29.19300", "2013-03-31": "28.53800", "2012-12-31": "28.95500", "2012-09-30": "30.74300", "2012-06-30": "29.13000", "2012-03-31": "21.58200", "2011-12-31": "23.73700", "2011-09-30": "23.77300", "2011-06-30": "22.36200", "2011-03-31": "17.17500", "2010-12-31": "23.53300", "2010-09-30": "17.21700", "2010-06-30": "17.92200", "2010-03-31": "15.98000", "2009-12-31": "4.55600", "2009-09-30": "4.81000", "2009-06-30": "9.12900", "2009-03-31": "14.30800", "2008-12-31": "-18.90600", "2008-09-30": "23.50500", "2008-06-30": "14.50500", "2008-03-31": "16.49100", "2007-12-31": "17.06200", "2007-09-30": "17.62400", "2007-06-30": "17.62200", "2007-03-31": "17.37000", "2006-12-31": "17.59300", "2006-09-30": "17.61900", "2006-06-30": "16.63500", "2006-03-31": "15.80200", "2005-12-31": "4.72100", "2005-09-30": "18.08600", "2005-06-30": "17.54100", "2005-03-31": "14.91000"}, "EBITDA": {"2020-12-31": "", "2020-09-30": "", "2020-06-30": "", "2020-03-31": "", "2019-12-31": "", "2019-09-30": "", "2019-06-30": "", "2019-03-31": "", "2018-12-31": "", "2018-09-30": "", "2018-06-30": "", "2018-03-31": "", "2017-12-31": "", "2017-09-30": "", "2017-06-30": "", "2017-03-31": "", "2016-12-31": "", "2016-09-30": "", "2016-06-30": "", "2016-03-31": "", "2015-12-31": "", "2015-09-30": "", "2015-06-30": "", "2015-03-31": "", "2014-12-31": "", "2014-09-30": "", "2014-06-30": "", "2014-03-31": "", "2013-12-31": "", "2013-09-30": "", "2013-06-30": "", "2013-03-31": "", "2012-12-31": "", "2012-09-30": "", "2012-06-30": "", "2012-03-31": "", "2011-12-31": "", "2011-09-30": "", "2011-06-30": "", "2011-03-31": "", "2010-12-31": "", "2010-09-30": "", "2010-06-30": "", "2010-03-31": "", "2009-12-31": "", "2009-09-30": "", "2009-06-30": "", "2009-03-31": "", "2008-12-31": "", "2008-09-30": "", "2008-06-30": "", "2008-03-31": "", "2007-12-31": "", "2007-09-30": "", "2007-06-30": "", "2007-03-31": "", "2006-12-31": "", "2006-09-30": "", "2006-06-30": "", "2006-03-31": "", "2005-12-31": "", "2005-09-30": "", "2005-06-30": "", "2005-03-31": ""}, "EBIT": {"2020-12-31": "", "2020-09-30": "", "2020-06-30": "", "2020-03-31": "", "2019-12-31": "", "2019-09-30": "", "2019-06-30": "", "2019-03-31": "", "2018-12-31": "", "2018-09-30": "", "2018-06-30": "", "2018-03-31": "", "2017-12-31": "", "2017-09-30": "", "2017-06-30": "", "2017-03-31": "", "2016-12-31": "", "2016-09-30": "", "2016-06-30": "", "2016-03-31": "", "2015-12-31": "", "2015-09-30": "", "2015-06-30": "", "2015-03-31": "", "2014-12-31": "", "2014-09-30": "", "2014-06-30": "", "2014-03-31": "", "2013-12-31": "", "2013-09-30": "", "2013-06-30": "", "2013-03-31": "", "2012-12-31": "", "2012-09-30": "", "2012-06-30": "", "2012-03-31": "", "2011-12-31": "", "2011-09-30": "", "2011-06-30": "", "2011-03-31": "", "2010-12-31": "", "2010-09-30": "", "2010-06-30": "", "2010-03-31": "", "2009-12-31": "", "2009-09-30": "", "2009-06-30": "", "2009-03-31": "", "2008-12-31": "", "2008-09-30": "", "2008-06-30": "", "2008-03-31": "", "2007-12-31": "", "2007-09-30": "", "2007-06-30": "", "2007-03-31": "", "2006-12-31": "", "2006-09-30": "", "2006-06-30": "", "2006-03-31": "", "2005-12-31": "", "2005-09-30": "", "2005-06-30": "", "2005-03-31": ""}, "Basic Shares Outstanding": {"2020-12-31": "319.05460", "2020-09-30": "323.38000", "2020-06-30": "323.30400", "2020-03-31": "324.24770", "2019-12-31": "324.93900", "2019-09-30": "325.03100", "2019-06-30": "324.95000", "2019-03-31": "324.64070", "2018-12-31": "324.20700", "2018-09-30": "324.43600", "2018-06-30": "324.17000", "2018-03-31": "323.74100", "2017-12-31": "302.19500", "2017-09-30": "323.41100", "2017-06-30": "323.30350", "2017-03-31": "237.37900", "2016-12-31": "206.24400", "2016-09-30": "210.30600", "2016-06-30": "210.10700", "2016-03-31": "193.58570", "2015-12-31": "174.97180", "2015-09-30": "175.34400", "2015-06-30": "174.94090", "2015-03-31": "174.15230", "2014-12-31": "167.34800", "2014-09-30": "167.26000", "2014-06-30": "166.18510", "2014-03-31": "162.18640", "2013-12-31": "146.18700", "2013-09-30": "144.75990", "2013-06-30": "144.38100", "2013-03-31": "139.65050", "2012-12-31": "139.13530", "2012-09-30": "139.22880", "2012-06-30": "139.09400", "2012-03-31": "138.89860", "2011-12-31": "124.14590", "2011-09-30": "126.47350", "2011-06-30": "123.25500", "2011-03-31": "120.19320", "2010-12-31": "113.92360", "2010-09-30": "113.98400", "2010-06-30": "113.87800", "2010-03-31": "113.75030", "2009-12-31": "102.58040", "2009-09-30": "113.57170", "2009-06-30": "93.38720", "2009-03-31": "89.38320", "2008-12-31": "80.65420", "2008-09-30": "87.29100", "2008-06-30": "85.63300", "2008-03-31": "60.21980", "2007-12-31": "60.13590", "2007-09-30": "60.15460", "2007-06-30": "60.12730", "2007-03-31": "60.10500", "2006-12-31": "58.85300", "2006-09-30": "59.92390", "2006-06-30": "58.23790", "2006-03-31": "57.17800", "2005-12-31": "55.77600", "2005-09-30": "56.42600", "2005-06-30": "56.27500", "2005-03-31": "53.04200"}, "Shares Outstanding": {"2020-12-31": "324.87700", "2020-09-30": "325.66300", "2020-06-30": "325.15300", "2020-03-31": "326.04520", "2019-12-31": "326.06100", "2019-09-30": "326.10000", "2019-06-30": "325.94900", "2019-03-31": "325.82880", "2018-12-31": "325.62400", "2018-09-30": "325.65300", "2018-06-30": "325.73000", "2018-03-31": "325.76700", "2017-12-31": "303.85800", "2017-09-30": "324.90500", "2017-06-30": "324.86780", "2017-03-31": "239.26200", "2016-12-31": "207.76900", "2016-09-30": "211.79100", "2016-06-30": "211.67500", "2016-03-31": "194.87790", "2015-12-31": "176.33900", "2015-09-30": "176.51300", "2015-06-30": "176.36180", "2015-03-31": "175.82600", "2014-12-31": "169.07900", "2014-09-30": "168.88400", "2014-06-30": "167.86760", "2014-03-31": "163.96730", "2013-12-31": "147.80950", "2013-09-30": "146.44640", "2013-06-30": "145.84400", "2013-03-31": "141.06620", "2012-12-31": "140.64020", "2012-09-30": "140.76410", "2012-06-30": "140.53400", "2012-03-31": "140.38660", "2011-12-31": "125.01210", "2011-09-30": "127.34150", "2011-06-30": "124.09500", "2011-03-31": "120.95290", "2010-12-31": "114.28170", "2010-09-30": "114.48630", "2010-06-30": "114.31500", "2010-03-31": "114.06460", "2009-12-31": "102.84930", "2009-09-30": "113.87090", "2009-06-30": "93.59650", "2009-03-31": "89.57490", "2008-12-31": "80.99800", "2008-09-30": "87.57520", "2008-06-30": "86.05370", "2008-03-31": "60.59220", "2007-12-31": "60.62910", "2007-09-30": "60.64050", "2007-06-30": "60.62120", "2007-03-31": "60.63390", "2006-12-31": "59.37700", "2006-09-30": "60.52780", "2006-06-30": "58.70940", "2006-03-31": "57.58700", "2005-12-31": "56.57800", "2005-09-30": "57.10000", "2005-06-30": "57.00200", "2005-03-31": "53.80900"}, "Basic EPS": {"2020-12-31": "0.22000", "2020-09-30": "0.25000", "2020-06-30": "0.25000", "2020-03-31": "0.14000", "2019-12-31": "0.29000", "2019-09-30": "0.31000", "2019-06-30": "0.29000", "2019-03-31": "0.28000", "2018-12-31": "0.31000", "2018-09-30": "0.30000", "2018-06-30": "0.26000", "2018-03-31": "0.26000", "2017-12-31": "0.09000", "2017-09-30": "0.23000", "2017-06-30": "0.22000", "2017-03-31": "0.09000", "2016-12-31": "0.24000", "2016-09-30": "0.24000", "2016-06-30": "0.19000", "2016-03-31": "0.12000", "2015-12-31": "0.21000", "2015-09-30": "0.22000", "2015-06-30": "0.22000", "2015-03-31": "0.22000", "2014-12-31": "0.21000", "2014-09-30": "0.20000", "2014-06-30": "0.20000", "2014-03-31": "0.20000", "2013-12-31": "0.19000", "2013-09-30": "0.22000", "2013-06-30": "0.20000", "2013-03-31": "0.20000", "2012-12-31": "0.20000", "2012-09-30": "0.22000", "2012-06-30": "0.21000", "2012-03-31": "0.16000", "2011-12-31": "0.19000", "2011-09-30": "0.19000", "2011-06-30": "0.18000", "2011-03-31": "0.14000", "2010-12-31": "0.21000", "2010-09-30": "0.15000", "2010-06-30": "0.16000", "2010-03-31": "0.14000", "2009-12-31": "0.02000", "2009-09-30": "0.04000", "2009-06-30": "0.10000", "2009-03-31": "0.16000", "2008-12-31": "-0.27000", "2008-09-30": "0.27000", "2008-06-30": "0.17000", "2008-03-31": "0.27000", "2007-12-31": "0.29000", "2007-09-30": "0.29000", "2007-06-30": "0.29000", "2007-03-31": "0.29000", "2006-12-31": "0.29000", "2006-09-30": "0.29000", "2006-06-30": "0.29000", "2006-03-31": "0.28000", "2005-12-31": "0.08000", "2005-09-30": "0.32000", "2005-06-30": "0.31000", "2005-03-31": "0.28000"}, "EPS - Earnings Per Share": {"2020-12-31": "0.22000", "2020-09-30": "0.25000", "2020-06-30": "0.25000", "2020-03-31": "0.14000", "2019-12-31": "0.28000", "2019-09-30": "0.31000", "2019-06-30": "0.29000", "2019-03-31": "0.28000", "2018-12-31": "0.30000", "2018-09-30": "0.30000", "2018-06-30": "0.26000", "2018-03-31": "0.26000", "2017-12-31": "0.09000", "2017-09-30": "0.23000", "2017-06-30": "0.22000", "2017-03-31": "0.09000", "2016-12-31": "0.23000", "2016-09-30": "0.24000", "2016-06-30": "0.19000", "2016-03-31": "0.12000", "2015-12-31": "0.20000", "2015-09-30": "0.22000", "2015-06-30": "0.22000", "2015-03-31": "0.22000", "2014-12-31": "0.20000", "2014-09-30": "0.20000", "2014-06-30": "0.20000", "2014-03-31": "0.20000", "2013-12-31": "0.18000", "2013-09-30": "0.22000", "2013-06-30": "0.20000", "2013-03-31": "0.20000", "2012-12-31": "0.21000", "2012-09-30": "0.22000", "2012-06-30": "0.21000", "2012-03-31": "0.15000", "2011-12-31": "0.19000", "2011-09-30": "0.19000", "2011-06-30": "0.18000", "2011-03-31": "0.14000", "2010-12-31": "0.20000", "2010-09-30": "0.15000", "2010-06-30": "0.16000", "2010-03-31": "0.14000", "2009-12-31": "0.02000", "2009-09-30": "0.04000", "2009-06-30": "0.10000", "2009-03-31": "0.16000", "2008-12-31": "-0.27000", "2008-09-30": "0.27000", "2008-06-30": "0.17000", "2008-03-31": "0.27000", "2007-12-31": "0.28000", "2007-09-30": "0.29000", "2007-06-30": "0.29000", "2007-03-31": "0.29000", "2006-12-31": "0.30000", "2006-09-30": "0.29000", "2006-06-30": "0.28000", "2006-03-31": "0.27000", "2005-12-31": "0.07000", "2005-09-30": "0.32000", "2005-06-30": "0.31000", "2005-03-31": "0.28000"}}, "balance sheet": {"Cash On Hand": {"2020-12-31": "1383.00000", "2019-12-31": "599.00000", "2018-12-31": "488.00000", "2017-12-31": "479.00000", "2016-12-31": "371.40700", "2015-12-31": "489.11900", "2014-12-31": "287.39300", "2013-12-31": "213.98100", "2012-12-31": "239.04400", "2011-12-31": "208.95300", "2010-12-31": "131.57100", "2009-12-31": "310.55000", "2008-12-31": "172.20300", "2007-12-31": "130.71700", "2006-12-31": "123.83400", "2005-12-31": "132.23100"}, "Receivables": {"2020-12-31": "", "2019-12-31": "", "2018-12-31": "", "2017-12-31": "", "2016-12-31": "", "2015-12-31": "", "2014-12-31": "", "2013-12-31": "", "2012-12-31": "", "2011-12-31": "", "2010-12-31": "", "2009-12-31": "", "2008-12-31": "", "2007-12-31": "", "2006-12-31": "", "2005-12-31": ""}, "Inventory": {"2020-12-31": "", "2019-12-31": "", "2018-12-31": "", "2017-12-31": "", "2016-12-31": "", "2015-12-31": "", "2014-12-31": "", "2013-12-31": "", "2012-12-31": "", "2011-12-31": "", "2010-12-31": "", "2009-12-31": "", "2008-12-31": "", "2007-12-31": "", "2006-12-31": "", "2005-12-31": ""}, "Pre-Paid Expenses": {"2020-12-31": "", "2019-12-31": "", "2018-12-31": "", "2017-12-31": "", "2016-12-31": "", "2015-12-31": "", "2014-12-31": "", "2013-12-31": "", "2012-12-31": "", "2011-12-31": "", "2010-12-31": "", "2009-12-31": "", "2008-12-31": "", "2007-12-31": "", "2006-12-31": "", "2005-12-31": ""}, "Other Current Assets": {"2020-12-31": "", "2019-12-31": "", "2018-12-31": "", "2017-12-31": "", "2016-12-31": "", "2015-12-31": "", "2014-12-31": "", "2013-12-31": "", "2012-12-31": "", "2011-12-31": "", "2010-12-31": "", "2009-12-31": "", "2008-12-31": "", "2007-12-31": "", "2006-12-31": "", "2005-12-31": ""}, "Total Current Assets": {"2020-12-31": "26633.00000", "2019-12-31": "23743.00000", "2018-12-31": "22483.00000", "2017-12-31": "21396.00000", "2016-12-31": "15122.20000", "2015-12-31": "12542.33000", "2014-12-31": "11414.68000", "2013-12-31": "9616.42900", "2012-12-31": "8300.14100", "2011-12-31": "6979.23300", "2010-12-31": "6126.30600", "2009-12-31": "6068.01000", "2008-12-31": "5898.56100", "2007-12-31": "4427.78300", "2006-12-31": "4328.35800", "2005-12-31": "3835.31100"}, "Property, Plant, And Equipment": {"2020-12-31": "332.00000", "2019-12-31": "333.00000", "2018-12-31": "330.00000", "2017-12-31": "337.00000", "2016-12-31": "243.95600", "2015-12-31": "159.08000", "2014-12-31": "168.75600", "2013-12-31": "154.03200", "2012-12-31": "140.36700", "2011-12-31": "130.04300", "2010-12-31": "115.95600", "2009-12-31": "117.92100", "2008-12-31": "122.59900", "2007-12-31": "80.47200", "2006-12-31": "86.53200", "2005-12-31": "87.01300"}, "Long-Term Investments": {"2020-12-31": "6331.00000", "2019-12-31": "6564.00000", "2018-12-31": "6595.00000", "2017-12-31": "6007.00000", "2016-12-31": "4569.32900", "2015-12-31": "3267.62800", "2014-12-31": "2987.42000", "2013-12-31": "2340.81900", "2012-12-31": "2279.24600", "2011-12-31": "1557.78300", "2010-12-31": "1678.60600", "2009-12-31": "1490.63000", "2008-12-31": "1326.13300", "2007-12-31": "1025.97400", "2006-12-31": "1034.35800", "2005-12-31": "1160.35800"}, "Goodwill And Intangible Assets": {"2020-12-31": "2316.00000", "2019-12-31": "2329.00000", "2018-12-31": "2334.00000", "2017-12-31": "2341.00000", "2016-12-31": "1085.93500", "2015-12-31": "878.73000", "2014-12-31": "879.71700", "2013-12-31": "811.85600", "2012-12-31": "713.40600", "2011-12-31": "599.41500", "2010-12-31": "561.14790", "2009-12-31": "567.85100", "2008-12-31": "574.50700", "2007-12-31": "261.55900", "2006-12-31": "266.33800", "2005-12-31": "219.75500"}, "Other Long-Term Assets": {"2020-12-31": "1742.00000", "2019-12-31": "1646.00000", "2018-12-31": "1360.00000", "2017-12-31": "1337.00000", "2016-12-31": "823.39800", "2015-12-31": "709.89600", "2014-12-31": "676.51200", "2013-12-31": "640.26900", "2012-12-31": "590.81700", "2011-12-31": "520.00900", "2010-12-31": "477.89900", "2009-12-31": "464.66500", "2008-12-31": "443.01100", "2007-12-31": "292.23300", "2006-12-31": "292.00600", "2005-12-31": "287.88900"}, "Total Long-Term Assets": {"2020-12-31": "10721.00000", "2019-12-31": "10872.00000", "2018-12-31": "10619.00000", "2017-12-31": "10022.00000", "2016-12-31": "6722.61800", "2015-12-31": "5015.33400", "2014-12-31": "4712.40500", "2013-12-31": "3946.97600", "2012-12-31": "3723.83600", "2011-12-31": "2807.25000", "2010-12-31": "2833.60900", "2009-12-31": "2641.06700", "2008-12-31": "2466.25000", "2007-12-31": "1660.23800", "2006-12-31": "1679.23400", "2005-12-31": "1755.01500"}, "Total Assets": {"2020-12-31": "37354.00000", "2019-12-31": "34615.00000", "2018-12-31": "33102.00000", "2017-12-31": "31418.00000", "2016-12-31": "21844.82000", "2015-12-31": "17557.66000", "2014-12-31": "16127.09000", "2013-12-31": "13563.41000", "2012-12-31": "12023.98000", "2011-12-31": "9786.48300", "2010-12-31": "8959.91500", "2009-12-31": "8709.07700", "2008-12-31": "8364.81100", "2007-12-31": "6088.02100", "2006-12-31": "6007.59200", "2005-12-31": "5590.32600"}, "Total Current Liabilities": {"2020-12-31": "30926.00000", "2019-12-31": "28002.00000", "2018-12-31": "27584.00000", "2017-12-31": "26079.00000", "2016-12-31": "18568.66000", "2015-12-31": "14672.36000", "2014-12-31": "13423.87000", "2013-12-31": "11439.47000", "2012-12-31": "10165.31000", "2011-12-31": "8141.06200", "2010-12-31": "7399.74600", "2009-12-31": "7049.39000", "2008-12-31": "6650.88600", "2007-12-31": "4847.50700", "2006-12-31": "4736.75200", "2005-12-31": "4390.92100"}, "Long Term Debt": {"2020-12-31": "1095.00000", "2019-12-31": "1340.00000", "2018-12-31": "627.00000", "2017-12-31": "668.00000", "2016-12-31": "539.49400", "2015-12-31": "641.48000", "2014-12-31": "541.44300", "2013-12-31": "219.13300", "2012-12-31": "293.44400", "2011-12-31": "291.98300", "2010-12-31": "396.09400", "2009-12-31": "529.58800", "2008-12-31": "695.63600", "2007-12-31": "632.39700", "2006-12-31": "670.92100", "2005-12-31": "662.56900"}, "Other Non-Current Liabilities": {"2020-12-31": "374.00000", "2019-12-31": "390.00000", "2018-12-31": "283.00000", "2017-12-31": "262.00000", "2016-12-31": "165.04900", "2015-12-31": "147.64100", "2014-12-31": "140.32500", "2013-12-31": "130.41800", "2012-12-31": "163.15100", "2011-12-31": "143.23900", "2010-12-31": "97.95100", "2009-12-31": "86.79700", "2008-12-31": "92.30500", "2007-12-31": "63.76000", "2006-12-31": "62.54700", "2005-12-31": "59.63400"}, "Total Long Term Liabilities": {"2020-12-31": "1469.00000", "2019-12-31": "1730.00000", "2018-12-31": "910.00000", "2017-12-31": "930.00000", "2016-12-31": "704.54300", "2015-12-31": "789.12100", "2014-12-31": "681.76800", "2013-12-31": "349.55100", "2012-12-31": "456.59500", "2011-12-31": "435.22200", "2010-12-31": "494.04500", "2009-12-31": "616.38500", "2008-12-31": "787.94100", "2007-12-31": "696.15700", "2006-12-31": "733.46800", "2005-12-31": "722.20290"}, "Total Liabilities": {"2020-12-31": "32395.00000", "2019-12-31": "29732.00000", "2018-12-31": "28494.00000", "2017-12-31": "27009.00000", "2016-12-31": "19273.20000", "2015-12-31": "15461.48000", "2014-12-31": "14105.63000", "2013-12-31": "11789.02000", "2012-12-31": "10621.91000", "2011-12-31": "8576.28400", "2010-12-31": "7893.79100", "2009-12-31": "7665.77500", "2008-12-31": "7438.82700", "2007-12-31": "5543.66400", "2006-12-31": "5470.22000", "2005-12-31": "5113.12400"}, "Common Stock Net": {"2020-12-31": "3.00000", "2019-12-31": "3.00000", "2018-12-31": "3.00000", "2017-12-31": "3.00000", "2016-12-31": "2.12500", "2015-12-31": "1.76600", "2014-12-31": "1.75400", "2013-12-31": "1.59200", "2012-12-31": "1.39800", "2011-12-31": "1.26800", "2010-12-31": "1.14300", "2009-12-31": "1.13800", "2008-12-31": "0.89400", "2007-12-31": "0.60200", "2006-12-31": "0.60100", "2005-12-31": "0.57500"}, "Retained Earnings (Accumulated Deficit)": {"2020-12-31": "869.00000", "2019-12-31": "798.00000", "2018-12-31": "576.00000", "2017-12-31": "368.00000", "2016-12-31": "304.39700", "2015-12-31": "243.21700", "2014-12-31": "176.12000", "2013-12-31": "121.87000", "2012-12-31": "75.31200", "2011-12-31": "32.92500", "2010-12-31": "6.56400", "2009-12-31": "-12.83300", "2008-12-31": "-1.14300", "2007-12-31": "42.42600", "2006-12-31": "33.32100", "2005-12-31": "24.37600"}, "Comprehensive Income": {"2020-12-31": "-39.00000", "2019-12-31": "-65.00000", "2018-12-31": "-106.00000", "2017-12-31": "-83.00000", "2016-12-31": "-61.36900", "2015-12-31": "-51.13300", "2014-12-31": "-46.00300", "2013-12-31": "-56.92400", "2012-12-31": "-46.22400", "2011-12-31": "-45.14800", "2010-12-31": "-33.73200", "2009-12-31": "-30.63300", "2008-12-31": "-26.50500", "2007-12-31": "-6.73800", "2006-12-31": "-1.54600", "2005-12-31": "3.59700"}, "Other Share Holders Equity": {"2020-12-31": "", "2019-12-31": "", "2018-12-31": "", "2017-12-31": "", "2016-12-31": "", "2015-12-31": "", "2014-12-31": "", "2013-12-31": "", "2012-12-31": "", "2011-12-31": "", "2010-12-31": "", "2009-12-31": "", "2008-12-31": "", "2007-12-31": "", "2006-12-31": "", "2005-12-31": ""}, "Share Holder Equity": {"2020-12-31": "4959.00000", "2019-12-31": "4883.00000", "2018-12-31": "4608.00000", "2017-12-31": "4409.00000", "2016-12-31": "2571.61700", "2015-12-31": "2096.18200", "2014-12-31": "2021.45600", "2013-12-31": "1774.38300", "2012-12-31": "1402.06900", "2011-12-31": "1210.19900", "2010-12-31": "1066.12400", "2009-12-31": "1043.30200", "2008-12-31": "925.98400", "2007-12-31": "544.35700", "2006-12-31": "537.37200", "2005-12-31": "477.20200"}, "Total Liabilities And Share Holders Equity": {"2020-12-31": "37354.00000", "2019-12-31": "34615.00000", "2018-12-31": "33102.00000", "2017-12-31": "31418.00000", "2016-12-31": "21844.82000", "2015-12-31": "17557.66000", "2014-12-31": "16127.09000", "2013-12-31": "13563.41000", "2012-12-31": "12023.98000", "2011-12-31": "9786.48300", "2010-12-31": "8959.91500", "2009-12-31": "8709.07700", "2008-12-31": "8364.81100", "2007-12-31": "6088.02100", "2006-12-31": "6007.59200", "2005-12-31": "5590.32600"}}, "balance sheet, quarterly": {"Cash On Hand": {"2020-12-31": "1383.00000", "2020-09-30": "900.00000", "2020-06-30": "931.00000", "2020-03-31": "564.00000", "2019-12-31": "599.00000", "2019-09-30": "609.00000", "2019-06-30": "499.00000", "2019-03-31": "497.00000", "2018-12-31": "488.00000", "2018-09-30": "437.85300", "2018-06-30": "433.69900", "2018-03-31": "386.32900", "2017-12-31": "479.00000", "2017-09-30": "515.34000", "2017-06-30": "522.61800", "2017-03-31": "450.38300", "2016-12-31": "371.40700", "2016-09-30": "445.25000", "2016-06-30": "399.02700", "2016-03-31": "345.94500", "2015-12-31": "489.11900", "2015-09-30": "258.76600", "2015-06-30": "237.47900", "2015-03-31": "234.24600", "2014-12-31": "287.39300", "2014-09-30": "237.96800", "2014-06-30": "270.72000", "2014-03-31": "246.25300", "2013-12-31": "213.98100", "2013-09-30": "283.50900", "2013-06-30": "230.10200", "2013-03-31": "161.59600", "2012-12-31": "239.04400", "2012-09-30": "367.59400", "2012-06-30": "222.75800", "2012-03-31": "264.72200", "2011-12-31": "208.95300", "2011-09-30": "232.73500", "2011-06-30": "189.13300", "2011-03-31": "289.90800", "2010-12-31": "131.57100", "2010-09-30": "307.02100", "2010-06-30": "200.86700", "2010-03-31": "329.32800", "2009-12-31": "310.55000", "2009-09-30": "228.81400", "2009-06-30": "494.47900", "2009-03-31": "269.58000", "2008-12-31": "172.20300", "2008-09-30": "172.21600", "2008-06-30": "206.92400", "2008-03-31": "109.78300", "2007-12-31": "130.71700", "2007-09-30": "135.50900", "2007-06-30": "138.72400", "2007-03-31": "122.57600", "2006-12-31": "123.83400", "2006-09-30": "124.00600", "2006-06-30": "137.11000", "2006-03-31": "124.02500", "2005-12-31": "132.23100", "2005-09-30": "119.08700", "2005-06-30": "125.17900", "2005-03-31": "108.10400"}, "Receivables": {"2020-12-31": "", "2020-09-30": "", "2020-06-30": "", "2020-03-31": "", "2019-12-31": "", "2019-09-30": "", "2019-06-30": "", "2019-03-31": "", "2018-12-31": "", "2018-09-30": "", "2018-06-30": "", "2018-03-31": "", "2017-12-31": "", "2017-09-30": "", "2017-06-30": "", "2017-03-31": "", "2016-12-31": "", "2016-09-30": "", "2016-06-30": "", "2016-03-31": "", "2015-12-31": "", "2015-09-30": "", "2015-06-30": "", "2015-03-31": "", "2014-12-31": "", "2014-09-30": "", "2014-06-30": "", "2014-03-31": "", "2013-12-31": "", "2013-09-30": "", "2013-06-30": "", "2013-03-31": "", "2012-12-31": "", "2012-09-30": "", "2012-06-30": "", "2012-03-31": "", "2011-12-31": "", "2011-09-30": "", "2011-06-30": "", "2011-03-31": "", "2010-12-31": "", "2010-09-30": "", "2010-06-30": "", "2010-03-31": "", "2009-12-31": "", "2009-09-30": "", "2009-06-30": "", "2009-03-31": "", "2008-12-31": "", "2008-09-30": "", "2008-06-30": "", "2008-03-31": "", "2007-12-31": "", "2007-09-30": "", "2007-06-30": "", "2007-03-31": "", "2006-12-31": "", "2006-09-30": "", "2006-06-30": "", "2006-03-31": "", "2005-12-31": "", "2005-09-30": "", "2005-06-30": "", "2005-03-31": ""}, "Inventory": {"2020-12-31": "", "2020-09-30": "", "2020-06-30": "", "2020-03-31": "", "2019-12-31": "", "2019-09-30": "", "2019-06-30": "", "2019-03-31": "", "2018-12-31": "", "2018-09-30": "", "2018-06-30": "", "2018-03-31": "", "2017-12-31": "", "2017-09-30": "", "2017-06-30": "", "2017-03-31": "", "2016-12-31": "", "2016-09-30": "", "2016-06-30": "", "2016-03-31": "", "2015-12-31": "", "2015-09-30": "", "2015-06-30": "", "2015-03-31": "", "2014-12-31": "", "2014-09-30": "", "2014-06-30": "", "2014-03-31": "", "2013-12-31": "", "2013-09-30": "", "2013-06-30": "", "2013-03-31": "", "2012-12-31": "", "2012-09-30": "", "2012-06-30": "", "2012-03-31": "", "2011-12-31": "", "2011-09-30": "", "2011-06-30": "", "2011-03-31": "", "2010-12-31": "", "2010-09-30": "", "2010-06-30": "", "2010-03-31": "", "2009-12-31": "", "2009-09-30": "", "2009-06-30": "", "2009-03-31": "", "2008-12-31": "", "2008-09-30": "", "2008-06-30": "", "2008-03-31": "", "2007-12-31": "", "2007-09-30": "", "2007-06-30": "", "2007-03-31": "", "2006-12-31": "", "2006-09-30": "", "2006-06-30": "", "2006-03-31": "", "2005-12-31": "", "2005-09-30": "", "2005-06-30": "", "2005-03-31": ""}, "Pre-Paid Expenses": {"2020-12-31": "", "2020-09-30": "", "2020-06-30": "", "2020-03-31": "", "2019-12-31": "", "2019-09-30": "", "2019-06-30": "", "2019-03-31": "", "2018-12-31": "", "2018-09-30": "", "2018-06-30": "", "2018-03-31": "", "2017-12-31": "", "2017-09-30": "", "2017-06-30": "", "2017-03-31": "", "2016-12-31": "", "2016-09-30": "", "2016-06-30": "", "2016-03-31": "", "2015-12-31": "", "2015-09-30": "", "2015-06-30": "", "2015-03-31": "", "2014-12-31": "", "2014-09-30": "", "2014-06-30": "", "2014-03-31": "", "2013-12-31": "", "2013-09-30": "", "2013-06-30": "", "2013-03-31": "", "2012-12-31": "", "2012-09-30": "", "2012-06-30": "", "2012-03-31": "", "2011-12-31": "", "2011-09-30": "", "2011-06-30": "", "2011-03-31": "", "2010-12-31": "", "2010-09-30": "", "2010-06-30": "", "2010-03-31": "", "2009-12-31": "", "2009-09-30": "", "2009-06-30": "", "2009-03-31": "", "2008-12-31": "", "2008-09-30": "", "2008-06-30": "", "2008-03-31": "", "2007-12-31": "", "2007-09-30": "", "2007-06-30": "", "2007-03-31": "", "2006-12-31": "", "2006-09-30": "", "2006-06-30": "", "2006-03-31": "", "2005-12-31": "", "2005-09-30": "", "2005-06-30": "", "2005-03-31": ""}, "Other Current Assets": {"2020-12-31": "", "2020-09-30": "", "2020-06-30": "", "2020-03-31": "", "2019-12-31": "", "2019-09-30": "", "2019-06-30": "", "2019-03-31": "", "2018-12-31": "", "2018-09-30": "", "2018-06-30": "", "2018-03-31": "", "2017-12-31": "", "2017-09-30": "", "2017-06-30": "", "2017-03-31": "", "2016-12-31": "", "2016-09-30": "", "2016-06-30": "", "2016-03-31": "", "2015-12-31": "", "2015-09-30": "", "2015-06-30": "", "2015-03-31": "", "2014-12-31": "", "2014-09-30": "", "2014-06-30": "", "2014-03-31": "", "2013-12-31": "", "2013-09-30": "", "2013-06-30": "", "2013-03-31": "", "2012-12-31": "", "2012-09-30": "", "2012-06-30": "", "2012-03-31": "", "2011-12-31": "", "2011-09-30": "", "2011-06-30": "", "2011-03-31": "", "2010-12-31": "", "2010-09-30": "", "2010-06-30": "", "2010-03-31": "", "2009-12-31": "", "2009-09-30": "", "2009-06-30": "", "2009-03-31": "", "2008-12-31": "", "2008-09-30": "", "2008-06-30": "", "2008-03-31": "", "2007-12-31": "", "2007-09-30": "", "2007-06-30": "", "2007-03-31": "", "2006-12-31": "", "2006-09-30": "", "2006-06-30": "", "2006-03-31": "", "2005-12-31": "", "2005-09-30": "", "2005-06-30": "", "2005-03-31": ""}, "Total Current Assets": {"2020-12-31": "26633.00000", "2020-09-30": "26896.00000", "2020-06-30": "26836.00000", "2020-03-31": "24174.00000", "2019-12-31": "23743.00000", "2019-09-30": "23541.00000", "2019-06-30": "23186.00000", "2019-03-31": "22968.00000", "2018-12-31": "22483.00000", "2018-09-30": "22141.46000", "2018-06-30": "21960.82000", "2018-03-31": "21507.46000", "2017-12-31": "21396.00000", "2017-09-30": "21276.54000", "2017-06-30": "21058.94000", "2017-03-31": "20542.52000", "2016-12-31": "15122.20000", "2016-09-30": "15079.66000", "2016-06-30": "14819.85000", "2016-03-31": "14371.43000", "2015-12-31": "12542.33000", "2015-09-30": "11999.80000", "2015-06-30": "11739.84000", "2015-03-31": "11514.47000", "2014-12-31": "11414.68000", "2014-09-30": "11089.66000", "2014-06-30": "10490.55000", "2014-03-31": "10081.11000", "2013-12-31": "9616.42900", "2013-09-30": "9018.46700", "2013-06-30": "8778.52400", "2013-03-31": "8289.05100", "2012-12-31": "8300.14100", "2012-09-30": "8265.90500", "2012-06-30": "7998.96700", "2012-03-31": "7977.04000", "2011-12-31": "6979.23300", "2011-09-30": "6922.76900", "2011-06-30": "6792.42600", "2011-03-31": "6748.50200", "2010-12-31": "6126.30600", "2010-09-30": "6211.70000", "2010-06-30": "6061.62900", "2010-03-31": "6121.30700", "2009-12-31": "6068.01000", "2009-09-30": "5979.38700", "2009-06-30": "6188.88000", "2009-03-31": "5989.36300", "2008-12-31": "5898.56100", "2008-09-30": "5980.21800", "2008-06-30": "5759.86100", "2008-03-31": "4505.46200", "2007-12-31": "4427.78300", "2007-09-30": "4449.12200", "2007-06-30": "4388.25300", "2007-03-31": "4333.11600", "2006-12-31": "4328.35800", "2006-09-30": "4319.23200", "2006-06-30": "4300.02300", "2006-03-31": "3904.65800", "2005-12-31": "3835.31100", "2005-09-30": "3828.06200", "2005-06-30": "3827.27000", "2005-03-31": "3743.42600"}, "Property, Plant, And Equipment": {"2020-12-31": "332.00000", "2020-09-30": "335.00000", "2020-06-30": "332.00000", "2020-03-31": "331.00000", "2019-12-31": "333.00000", "2019-09-30": "329.00000", "2019-06-30": "328.00000", "2019-03-31": "329.00000", "2018-12-31": "330.00000", "2018-09-30": "323.24400", "2018-06-30": "324.65900", "2018-03-31": "333.42400", "2017-12-31": "337.00000", "2017-09-30": "336.29400", "2017-06-30": "335.29700", "2017-03-31": "355.43600", "2016-12-31": "243.95600", "2016-09-30": "228.62200", "2016-06-30": "224.80500", "2016-03-31": "208.67200", "2015-12-31": "159.08000", "2015-09-30": "161.68900", "2015-06-30": "167.01000", "2015-03-31": "169.85900", "2014-12-31": "168.75600", "2014-09-30": "166.66100", "2014-06-30": "162.38300", "2014-03-31": "165.60300", "2013-12-31": "154.03200", "2013-09-30": "147.40600", "2013-06-30": "145.83300", "2013-03-31": "134.88900", "2012-12-31": "140.36700", "2012-09-30": "145.04300", "2012-06-30": "148.80600", "2012-03-31": "146.40600", "2011-12-31": "130.04300", "2011-09-30": "125.74800", "2011-06-30": "126.06100", "2011-03-31": "125.06700", "2010-12-31": "115.95600", "2010-09-30": "114.32000", "2010-06-30": "115.32300", "2010-03-31": "116.25800", "2009-12-31": "117.92100", "2009-09-30": "118.65000", "2009-06-30": "120.24600", "2009-03-31": "121.72000", "2008-12-31": "122.59900", "2008-09-30": "122.81900", "2008-06-30": "119.26900", "2008-03-31": "80.92200", "2007-12-31": "80.47200", "2007-09-30": "82.97700", "2007-06-30": "84.46400", "2007-03-31": "84.65400", "2006-12-31": "86.53200", "2006-09-30": "87.91700", "2006-06-30": "89.26400", "2006-03-31": "85.57000", "2005-12-31": "87.01300", "2005-09-30": "83.50600", "2005-06-30": "81.19500", "2005-03-31": "81.56500"}, "Long-Term Investments": {"2020-12-31": "6331.00000", "2020-09-30": "6067.00000", "2020-06-30": "6351.00000", "2020-03-31": "6373.00000", "2019-12-31": "6564.00000", "2019-09-30": "6454.00000", "2019-06-30": "6358.00000", "2019-03-31": "6574.00000", "2018-12-31": "6595.00000", "2018-09-30": "6505.23900", "2018-06-30": "6297.86800", "2018-03-31": "6151.46300", "2017-12-31": "6007.00000", "2017-09-30": "5841.27100", "2017-06-30": "5669.08900", "2017-03-31": "5560.96700", "2016-12-31": "4569.32900", "2016-09-30": "4326.86100", "2016-06-30": "4197.96700", "2016-03-31": "3875.36300", "2015-12-31": "3267.62800", "2015-09-30": "3104.81600", "2015-06-30": "3136.68000", "2015-03-31": "3050.28400", "2014-12-31": "2987.42000", "2014-09-30": "2915.28700", "2014-06-30": "2812.12500", "2014-03-31": "2694.51600", "2013-12-31": "2340.81900", "2013-09-30": "2296.55000", "2013-06-30": "2314.38400", "2013-03-31": "2274.88300", "2012-12-31": "2279.24600", "2012-09-30": "2264.58200", "2012-06-30": "2275.16400", "2012-03-31": "2276.35900", "2011-12-31": "1557.78300", "2011-09-30": "1786.65600", "2011-06-30": "1831.51900", "2011-03-31": "1760.93500", "2010-12-31": "1678.60600", "2010-09-30": "1608.59300", "2010-06-30": "1612.02300", "2010-03-31": "1518.06800", "2009-12-31": "1490.63000", "2009-09-30": "1497.37800", "2009-06-30": "1402.72500", "2009-03-31": "1322.93900", "2008-12-31": "1326.13300", "2008-09-30": "1335.78000", "2008-06-30": "1274.42400", "2008-03-31": "1014.88200", "2007-12-31": "1025.97400", "2007-09-30": "1035.95900", "2007-06-30": "1034.99000", "2007-03-31": "1038.98500", "2006-12-31": "1034.35800", "2006-09-30": "1084.73500", "2006-06-30": "1115.53500", "2006-03-31": "1131.93700", "2005-12-31": "1160.35800", "2005-09-30": "1333.47700", "2005-06-30": "1337.37300", "2005-03-31": "1328.15100"}, "Goodwill And Intangible Assets": {"2020-12-31": "2316.00000", "2020-09-30": "2319.00000", "2020-06-30": "2323.00000", "2020-03-31": "2326.00000", "2019-12-31": "2329.00000", "2019-09-30": "2333.00000", "2019-06-30": "2336.00000", "2019-03-31": "2330.00000", "2018-12-31": "2334.00000", "2018-09-30": "2329.83100", "2018-06-30": "2335.44500", "2018-03-31": "2339.13900", "2017-12-31": "2341.00000", "2017-09-30": "2383.87300", "2017-06-30": "2376.38200", "2017-03-31": "2385.00400", "2016-12-31": "1085.93500", "2016-09-30": "1103.65200", "2016-06-30": "1104.99100", "2016-03-31": "1087.05000", "2015-12-31": "878.73000", "2015-09-30": "880.55800", "2015-06-30": "876.39000", "2015-03-31": "875.24600", "2014-12-31": "879.71700", "2014-09-30": "879.28800", "2014-06-30": "853.80600", "2014-03-31": "856.81200", "2013-12-31": "811.85600", "2013-09-30": "748.90900", "2013-06-30": "746.98000", "2013-03-31": "711.42000", "2012-12-31": "713.40600", "2012-09-30": "717.26310", "2012-06-30": "715.43100", "2012-03-31": "714.17600", "2011-12-31": "599.41500", "2011-09-30": "600.28300", "2011-06-30": "601.95800", "2011-03-31": "601.47500", "2010-12-31": "561.14790", "2010-09-30": "562.81990", "2010-06-30": "564.49500", "2010-03-31": "566.17500", "2009-12-31": "567.85100", "2009-09-30": "569.57800", "2009-06-30": "571.66600", "2009-03-31": "573.52600", "2008-12-31": "574.50700", "2008-09-30": "577.31800", "2008-06-30": "525.39700", "2008-03-31": "260.48400", "2007-12-31": "261.55900", "2007-09-30": "262.66300", "2007-06-30": "263.76500", "2007-03-31": "265.27200", "2006-12-31": "266.33800", "2006-09-30": "239.20700", "2006-06-30": "240.81200", "2006-03-31": "196.35400", "2005-12-31": "219.75500", "2005-09-30": "185.98500", "2005-06-30": "190.09300", "2005-03-31": "190.00800"}, "Other Long-Term Assets": {"2020-12-31": "1742.00000", "2020-09-30": "1824.00000", "2020-06-30": "1879.00000", "2020-03-31": "1845.00000", "2019-12-31": "1646.00000", "2019-09-30": "1672.00000", "2019-06-30": "1695.00000", "2019-03-31": "1494.00000", "2018-12-31": "1360.00000", "2018-09-30": "1317.82300", "2018-06-30": "1338.77200", "2018-03-31": "1320.86600", "2017-12-31": "1337.00000", "2017-09-30": "1285.31900", "2017-06-30": "1314.01400", "2017-03-31": "1346.76700", "2016-12-31": "823.39800", "2016-09-30": "845.11510", "2016-06-30": "867.35600", "2016-03-31": "782.01200", "2015-12-31": "709.89600", "2015-09-30": "689.20700", "2015-06-30": "678.68500", "2015-03-31": "668.99200", "2014-12-31": "676.51200", "2014-09-30": "706.15100", "2014-06-30": "700.38300", "2014-03-31": "678.46900", "2013-12-31": "640.26900", "2013-09-30": "578.94700", "2013-06-30": "587.66900", "2013-03-31": "587.74700", "2012-12-31": "590.81700", "2012-09-30": "592.09800", "2012-06-30": "612.37100", "2012-03-31": "612.08300", "2011-12-31": "520.00900", "2011-09-30": "515.88800", "2011-06-30": "505.19900", "2011-03-31": "519.30200", "2010-12-31": "477.89900", "2010-09-30": "495.61000", "2010-06-30": "479.59000", "2010-03-31": "477.72600", "2009-12-31": "464.66500", "2009-09-30": "430.87900", "2009-06-30": "426.80300", "2009-03-31": "447.24900", "2008-12-31": "443.01100", "2008-09-30": "441.21600", "2008-06-30": "416.92900", "2008-03-31": "302.84000", "2007-12-31": "292.23300", "2007-09-30": "293.45300", "2007-06-30": "289.77700", "2007-03-31": "293.77700", "2006-12-31": "292.00600", "2006-09-30": "329.19400", "2006-06-30": "327.10500", "2006-03-31": "312.89400", "2005-12-31": "287.88900", "2005-09-30": "272.62900", "2005-06-30": "265.95200", "2005-03-31": "266.23600"}, "Total Long-Term Assets": {"2020-12-31": "10721.00000", "2020-09-30": "10545.00000", "2020-06-30": "10885.00000", "2020-03-31": "10875.00000", "2019-12-31": "10872.00000", "2019-09-30": "10788.00000", "2019-06-30": "10717.00000", "2019-03-31": "10727.00000", "2018-12-31": "10619.00000", "2018-09-30": "10476.14000", "2018-06-30": "10296.74000", "2018-03-31": "10144.89000", "2017-12-31": "10022.00000", "2017-09-30": "9846.75700", "2017-06-30": "9694.78100", "2017-03-31": "9648.17300", "2016-12-31": "6722.61800", "2016-09-30": "6504.25000", "2016-06-30": "6395.11900", "2016-03-31": "5953.09700", "2015-12-31": "5015.33400", "2015-09-30": "4836.27000", "2015-06-30": "4858.76500", "2015-03-31": "4764.38100", "2014-12-31": "4712.40500", "2014-09-30": "4667.38700", "2014-06-30": "4528.69700", "2014-03-31": "4395.40000", "2013-12-31": "3946.97600", "2013-09-30": "3771.81200", "2013-06-30": "3794.86600", "2013-03-31": "3708.93900", "2012-12-31": "3723.83600", "2012-09-30": "3718.98600", "2012-06-30": "3751.77200", "2012-03-31": "3749.02400", "2011-12-31": "2807.25000", "2011-09-30": "3028.57500", "2011-06-30": "3064.73700", "2011-03-31": "3006.77900", "2010-12-31": "2833.60900", "2010-09-30": "2781.34300", "2010-06-30": "2771.43100", "2010-03-31": "2678.22700", "2009-12-31": "2641.06700", "2009-09-30": "2616.48500", "2009-06-30": "2521.44000", "2009-03-31": "2465.43400", "2008-12-31": "2466.25000", "2008-09-30": "2477.13300", "2008-06-30": "2336.01900", "2008-03-31": "1659.12800", "2007-12-31": "1660.23800", "2007-09-30": "1675.05200", "2007-06-30": "1672.99600", "2007-03-31": "1682.68800", "2006-12-31": "1679.23400", "2006-09-30": "1741.05300", "2006-06-30": "1772.71600", "2006-03-31": "1726.75500", "2005-12-31": "1755.01500", "2005-09-30": "1875.59700", "2005-06-30": "1874.61300", "2005-03-31": "1865.96000"}, "Total Assets": {"2020-12-31": "37354.00000", "2020-09-30": "37441.00000", "2020-06-30": "37721.00000", "2020-03-31": "35049.00000", "2019-12-31": "34615.00000", "2019-09-30": "34329.00000", "2019-06-30": "33903.00000", "2019-03-31": "33695.00000", "2018-12-31": "33102.00000", "2018-09-30": "32617.60000", "2018-06-30": "32257.56000", "2018-03-31": "31652.35000", "2017-12-31": "31418.00000", "2017-09-30": "31123.29000", "2017-06-30": "30753.73000", "2017-03-31": "30190.70000", "2016-12-31": "21844.82000", "2016-09-30": "21583.91000", "2016-06-30": "21214.97000", "2016-03-31": "20324.52000", "2015-12-31": "17557.66000", "2015-09-30": "16836.07000", "2015-06-30": "16598.60000", "2015-03-31": "16278.85000", "2014-12-31": "16127.09000", "2014-09-30": "15757.04000", "2014-06-30": "15019.25000", "2014-03-31": "14476.51000", "2013-12-31": "13563.41000", "2013-09-30": "12790.28000", "2013-06-30": "12573.39000", "2013-03-31": "11997.99000", "2012-12-31": "12023.98000", "2012-09-30": "11984.89000", "2012-06-30": "11750.74000", "2012-03-31": "11726.06000", "2011-12-31": "9786.48300", "2011-09-30": "9951.34400", "2011-06-30": "9857.16300", "2011-03-31": "9755.28100", "2010-12-31": "8959.91500", "2010-09-30": "8993.04300", "2010-06-30": "8833.06000", "2010-03-31": "8799.53400", "2009-12-31": "8709.07700", "2009-09-30": "8595.87200", "2009-06-30": "8710.32000", "2009-03-31": "8454.79700", "2008-12-31": "8364.81100", "2008-09-30": "8457.35100", "2008-06-30": "8095.88000", "2008-03-31": "6164.59000", "2007-12-31": "6088.02100", "2007-09-30": "6124.17400", "2007-06-30": "6061.24900", "2007-03-31": "6015.80400", "2006-12-31": "6007.59200", "2006-09-30": "6060.28500", "2006-06-30": "6072.73900", "2006-03-31": "5631.41300", "2005-12-31": "5590.32600", "2005-09-30": "5703.65900", "2005-06-30": "5701.88300", "2005-03-31": "5609.38600"}, "Total Current Liabilities": {"2020-12-31": "30926.00000", "2020-09-30": "30735.00000", "2020-06-30": "30806.00000", "2020-03-31": "28189.00000", "2019-12-31": "28002.00000", "2019-09-30": "27738.00000", "2019-06-30": "27442.00000", "2019-03-31": "27993.00000", "2018-12-31": "27584.00000", "2018-09-30": "27179.37000", "2018-06-30": "26873.93000", "2018-03-31": "26299.57000", "2017-12-31": "26079.00000", "2017-09-30": "25801.47000", "2017-06-30": "25477.67000", "2017-03-31": "24912.23000", "2016-12-31": "18568.66000", "2016-09-30": "18212.99000", "2016-06-30": "17788.97000", "2016-03-31": "16954.37000", "2015-12-31": "14672.36000", "2015-09-30": "14047.04000", "2015-06-30": "13865.71000", "2015-03-31": "13546.54000", "2014-12-31": "13423.87000", "2014-09-30": "13053.26000", "2014-06-30": "12562.28000", "2014-03-31": "12155.36000", "2013-12-31": "11439.47000", "2013-09-30": "10889.55000", "2013-06-30": "10676.82000", "2013-03-31": "10155.64000", "2012-12-31": "10165.31000", "2012-09-30": "10145.23000", "2012-06-30": "9920.81000", "2012-03-31": "9932.98200", "2011-12-31": "8141.06200", "2011-09-30": "8185.63200", "2011-06-30": "8125.51900", "2011-03-31": "8128.83100", "2010-12-31": "7399.74600", "2010-09-30": "7415.41000", "2010-06-30": "7270.10000", "2010-03-31": "7204.83700", "2009-12-31": "7049.39000", "2009-09-30": "6865.18900", "2009-06-30": "6829.26600", "2009-03-31": "6685.52800", "2008-12-31": "6650.88600", "2008-09-30": "6705.23900", "2008-06-30": "6389.40900", "2008-03-31": "4902.24400", "2007-12-31": "4847.50700", "2007-09-30": "4935.37200", "2007-06-30": "4869.32700", "2007-03-31": "4759.28700", "2006-12-31": "4736.75200", "2006-09-30": "4772.68500", "2006-06-30": "4763.28400", "2006-03-31": "4428.78200", "2005-12-31": "4390.92100", "2005-09-30": "4446.14600", "2005-06-30": "4450.16000", "2005-03-31": "4390.29100"}, "Long Term Debt": {"2020-12-31": "1095.00000", "2020-09-30": "1397.00000", "2020-06-30": "1630.00000", "2020-03-31": "1633.00000", "2019-12-31": "1340.00000", "2019-09-30": "1340.00000", "2019-06-30": "1338.00000", "2019-03-31": "673.00000", "2018-12-31": "627.00000", "2018-09-30": "627.04900", "2018-06-30": "628.93800", "2018-03-31": "659.89000", "2017-12-31": "668.00000", "2017-09-30": "658.78300", "2017-06-30": "656.88300", "2017-03-31": "696.20600", "2016-12-31": "539.49400", "2016-09-30": "587.50000", "2016-06-30": "656.84400", "2016-03-31": "657.44500", "2015-12-31": "641.48000", "2015-09-30": "542.65300", "2015-06-30": "542.57800", "2015-03-31": "541.47400", "2014-12-31": "541.44300", "2014-09-30": "541.42200", "2014-06-30": "394.07400", "2014-03-31": "304.26900", "2013-12-31": "219.13300", "2013-09-30": "286.02000", "2013-06-30": "286.62000", "2013-03-31": "295.77000", "2012-12-31": "293.44400", "2012-09-30": "294.50700", "2012-06-30": "294.64700", "2012-03-31": "294.28800", "2011-12-31": "291.98300", "2011-09-30": "426.74200", "2011-06-30": "425.00200", "2011-03-31": "403.06100", "2010-12-31": "396.09400", "2010-09-30": "407.46100", "2010-06-30": "410.20700", "2010-03-31": "454.93300", "2009-12-31": "529.58800", "2009-09-30": "584.13700", "2009-06-30": "641.64400", "2009-03-31": "650.45900", "2008-12-31": "695.63600", "2008-09-30": "702.20400", "2008-06-30": "710.96800", "2008-03-31": "647.47600", "2007-12-31": "632.39700", "2007-09-30": "584.72200", "2007-06-30": "590.47500", "2007-03-31": "651.70700", "2006-12-31": "670.92100", "2006-09-30": "688.43200", "2006-06-30": "713.49100", "2006-03-31": "662.24400", "2005-12-31": "662.56900", "2005-09-30": "726.84500", "2005-06-30": "727.45600", "2005-03-31": "697.42400"}, "Other Non-Current Liabilities": {"2020-12-31": "374.00000", "2020-09-30": "358.00000", "2020-06-30": "388.00000", "2020-03-31": "385.00000", "2019-12-31": "390.00000", "2019-09-30": "431.00000", "2019-06-30": "370.00000", "2019-03-31": "349.00000", "2018-12-31": "283.00000", "2018-09-30": "286.31600", "2018-06-30": "281.45000", "2018-03-31": "259.44100", "2017-12-31": "262.00000", "2017-09-30": "227.11900", "2017-06-30": "226.73100", "2017-03-31": "226.45900", "2016-12-31": "165.04900", "2016-09-30": "212.84500", "2016-06-30": "223.81300", "2016-03-31": "194.68700", "2015-12-31": "147.64100", "2015-09-30": "151.63300", "2015-06-30": "124.54300", "2015-03-31": "135.55500", "2014-12-31": "140.32500", "2014-09-30": "157.23000", "2014-06-30": "154.81600", "2014-03-31": "131.89400", "2013-12-31": "130.41800", "2013-09-30": "133.06100", "2013-06-30": "140.95800", "2013-03-31": "133.32400", "2012-12-31": "163.15100", "2012-09-30": "150.15200", "2012-06-30": "162.78600", "2012-03-31": "144.09400", "2011-12-31": "143.23900", "2011-09-30": "124.47900", "2011-06-30": "103.49200", "2011-03-31": "94.97500", "2010-12-31": "97.95100", "2010-09-30": "105.32600", "2010-06-30": "94.74900", "2010-03-31": "92.36900", "2009-12-31": "86.79700", "2009-09-30": "93.95700", "2009-06-30": "88.26300", "2009-03-31": "92.22900", "2008-12-31": "92.30500", "2008-09-30": "78.83400", "2008-06-30": "76.04500", "2008-03-31": "71.24800", "2007-12-31": "63.76000", "2007-09-30": "62.48700", "2007-06-30": "62.70400", "2007-03-31": "66.51800", "2006-12-31": "62.54700", "2006-09-30": "60.20000", "2006-06-30": "61.38400", "2006-03-31": "59.12300", "2005-12-31": "59.63400", "2005-09-30": "63.64000", "2005-06-30": "64.44800", "2005-03-31": "68.99500"}, "Total Long Term Liabilities": {"2020-12-31": "1469.00000", "2020-09-30": "1755.00000", "2020-06-30": "2018.00000", "2020-03-31": "2018.00000", "2019-12-31": "1730.00000", "2019-09-30": "1771.00000", "2019-06-30": "1708.00000", "2019-03-31": "1022.00000", "2018-12-31": "910.00000", "2018-09-30": "913.36500", "2018-06-30": "910.38800", "2018-03-31": "919.33110", "2017-12-31": "930.00000", "2017-09-30": "885.90200", "2017-06-30": "883.61400", "2017-03-31": "922.66500", "2016-12-31": "704.54300", "2016-09-30": "800.34500", "2016-06-30": "880.65700", "2016-03-31": "852.13200", "2015-12-31": "789.12100", "2015-09-30": "694.28600", "2015-06-30": "667.12100", "2015-03-31": "677.02900", "2014-12-31": "681.76800", "2014-09-30": "698.65200", "2014-06-30": "548.89000", "2014-03-31": "436.16300", "2013-12-31": "349.55100", "2013-09-30": "419.08100", "2013-06-30": "427.57800", "2013-03-31": "429.09400", "2012-12-31": "456.59500", "2012-09-30": "444.65900", "2012-06-30": "457.43300", "2012-03-31": "438.38200", "2011-12-31": "435.22200", "2011-09-30": "551.22100", "2011-06-30": "528.49400", "2011-03-31": "498.03600", "2010-12-31": "494.04500", "2010-09-30": "512.78700", "2010-06-30": "504.95600", "2010-03-31": "547.30200", "2009-12-31": "616.38500", "2009-09-30": "678.09400", "2009-06-30": "729.90700", "2009-03-31": "742.68800", "2008-12-31": "787.94100", "2008-09-30": "781.03800", "2008-06-30": "787.01300", "2008-03-31": "718.72400", "2007-12-31": "696.15700", "2007-09-30": "647.20900", "2007-06-30": "653.17900", "2007-03-31": "718.22500", "2006-12-31": "733.46800", "2006-09-30": "748.63200", "2006-06-30": "774.87500", "2006-03-31": "721.36700", "2005-12-31": "722.20290", "2005-09-30": "790.48500", "2005-06-30": "791.90400", "2005-03-31": "766.41900"}, "Total Liabilities": {"2020-12-31": "32395.00000", "2020-09-30": "32490.00000", "2020-06-30": "32824.00000", "2020-03-31": "30207.00000", "2019-12-31": "29732.00000", "2019-09-30": "29509.00000", "2019-06-30": "29150.00000", "2019-03-31": "29015.00000", "2018-12-31": "28494.00000", "2018-09-30": "28092.73000", "2018-06-30": "27784.32000", "2018-03-31": "27218.90000", "2017-12-31": "27009.00000", "2017-09-30": "26687.37000", "2017-06-30": "26361.29000", "2017-03-31": "25834.90000", "2016-12-31": "19273.20000", "2016-09-30": "19013.33000", "2016-06-30": "18669.63000", "2016-03-31": "17806.50000", "2015-12-31": "15461.48000", "2015-09-30": "14741.32000", "2015-06-30": "14532.83000", "2015-03-31": "14223.57000", "2014-12-31": "14105.63000", "2014-09-30": "13751.91000", "2014-06-30": "13111.17000", "2014-03-31": "12591.52000", "2013-12-31": "11789.02000", "2013-09-30": "11308.63000", "2013-06-30": "11104.39000", "2013-03-31": "10584.73000", "2012-12-31": "10621.91000", "2012-09-30": "10589.89000", "2012-06-30": "10378.24000", "2012-03-31": "10371.36000", "2011-12-31": "8576.28400", "2011-09-30": "8736.85300", "2011-06-30": "8654.01300", "2011-03-31": "8626.86700", "2010-12-31": "7893.79100", "2010-09-30": "7928.19700", "2010-06-30": "7775.05600", "2010-03-31": "7752.13900", "2009-12-31": "7665.77500", "2009-09-30": "7543.28300", "2009-06-30": "7559.17300", "2009-03-31": "7428.21600", "2008-12-31": "7438.82700", "2008-09-30": "7486.27700", "2008-06-30": "7176.42200", "2008-03-31": "5620.96800", "2007-12-31": "5543.66400", "2007-09-30": "5582.58100", "2007-06-30": "5522.50600", "2007-03-31": "5477.51200", "2006-12-31": "5470.22000", "2006-09-30": "5521.31700", "2006-06-30": "5538.15900", "2006-03-31": "5150.14900", "2005-12-31": "5113.12400", "2005-09-30": "5236.63100", "2005-06-30": "5242.06400", "2005-03-31": "5156.71000"}, "Common Stock Net": {"2020-12-31": "3.00000", "2020-09-30": "3.00000", "2020-06-30": "3.00000", "2020-03-31": "3.00000", "2019-12-31": "3.00000", "2019-09-30": "3.00000", "2019-06-30": "3.00000", "2019-03-31": "3.00000", "2018-12-31": "3.00000", "2018-09-30": "3.26300", "2018-06-30": "3.26200", "2018-03-31": "3.25500", "2017-12-31": "3.00000", "2017-09-30": "3.25100", "2017-06-30": "3.25000", "2017-03-31": "3.24600", "2016-12-31": "2.12500", "2016-09-30": "2.11700", "2016-06-30": "2.11600", "2016-03-31": "2.11200", "2015-12-31": "1.76600", "2015-09-30": "1.76600", "2015-06-30": "1.76500", "2015-03-31": "1.76300", "2014-12-31": "1.75400", "2014-09-30": "1.74700", "2014-06-30": "1.67300", "2014-03-31": "1.67100", "2013-12-31": "1.59200", "2013-09-30": "1.45500", "2013-06-30": "1.45400", "2013-03-31": "1.40600", "2012-12-31": "1.39800", "2012-09-30": "1.39700", "2012-06-30": "1.39600", "2012-03-31": "1.39300", "2011-12-31": "1.26800", "2011-09-30": "1.26800", "2011-06-30": "1.26700", "2011-03-31": "1.20500", "2010-12-31": "1.14300", "2010-09-30": "1.14200", "2010-06-30": "1.14100", "2010-03-31": "1.14000", "2009-12-31": "1.13800", "2009-09-30": "1.13700", "2009-06-30": "1.13700", "2009-03-31": "0.89500", "2008-12-31": "0.89400", "2008-09-30": "0.89300", "2008-06-30": "0.85700", "2008-03-31": "0.60300", "2007-12-31": "0.60200", "2007-09-30": "0.60200", "2007-06-30": "0.60200", "2007-03-31": "0.60200", "2006-12-31": "0.60100", "2006-09-30": "0.60000", "2006-06-30": "0.59900", "2006-03-31": "0.57300", "2005-12-31": "0.57500", "2005-09-30": "0.56600", "2005-06-30": "0.56400", "2005-03-31": "0.56400"}, "Retained Earnings (Accumulated Deficit)": {"2020-12-31": "869.00000", "2020-09-30": "838.00000", "2020-06-30": "796.00000", "2020-03-31": "754.00000", "2019-12-31": "798.00000", "2019-09-30": "744.00000", "2019-06-30": "683.00000", "2019-03-31": "629.00000", "2018-12-31": "576.00000", "2018-09-30": "516.86500", "2018-06-30": "457.32600", "2018-03-31": "413.34000", "2017-12-31": "368.00000", "2017-09-30": "369.86100", "2017-06-30": "333.20100", "2017-03-31": "299.81800", "2016-12-31": "304.39700", "2016-09-30": "280.65400", "2016-06-30": "255.92100", "2016-03-31": "242.04500", "2015-12-31": "243.21700", "2015-09-30": "227.28700", "2015-06-30": "210.42200", "2015-03-31": "193.46100", "2014-12-31": "176.12000", "2014-09-30": "159.81200", "2014-06-30": "146.54200", "2014-03-31": "133.82800", "2013-12-31": "121.87000", "2013-09-30": "112.64900", "2013-06-30": "98.57500", "2013-03-31": "86.92300", "2012-12-31": "75.31200", "2012-09-30": "63.29800", "2012-06-30": "49.48500", "2012-03-31": "37.27200", "2011-12-31": "32.92500", "2011-09-30": "24.76000", "2011-06-30": "16.34800", "2011-03-31": "9.33600", "2010-12-31": "6.56400", "2010-09-30": "-3.12600", "2010-06-30": "-6.51500", "2010-03-31": "-10.62100", "2009-12-31": "-12.83300", "2009-09-30": "-3.64500", "2009-06-30": "5.26200", "2009-03-31": "2.39000", "2008-12-31": "-1.14300", "2008-09-30": "39.38500", "2008-06-30": "37.33200", "2008-03-31": "43.72700", "2007-12-31": "42.42600", "2007-09-30": "39.98600", "2007-06-30": "37.71600", "2007-03-31": "35.12100", "2006-12-31": "33.32100", "2006-09-30": "32.28100", "2006-06-30": "29.36600", "2006-03-31": "26.38900", "2005-12-31": "24.37600", "2005-09-30": "40.16300", "2005-06-30": "33.72100", "2005-03-31": "29.47100"}, "Comprehensive Income": {"2020-12-31": "-39.00000", "2020-09-30": "-26.00000", "2020-06-30": "-35.00000", "2020-03-31": "-45.00000", "2019-12-31": "-65.00000", "2019-09-30": "-69.00000", "2019-06-30": "-72.00000", "2019-03-31": "-88.00000", "2018-12-31": "-106.00000", "2018-09-30": "-126.84000", "2018-06-30": "-115.88500", "2018-03-31": "-108.72400", "2017-12-31": "-83.00000", "2017-09-30": "-54.31000", "2017-06-30": "-56.38300", "2017-03-31": "-56.96900", "2016-12-31": "-61.36900", "2016-09-30": "-27.85300", "2016-06-30": "-25.45900", "2016-03-31": "-33.65100", "2015-12-31": "-51.13300", "2015-09-30": "-34.39700", "2015-06-30": "-43.95300", "2015-03-31": "-34.98000", "2014-12-31": "-46.00300", "2014-09-30": "-40.45100", "2014-06-30": "-36.55900", "2014-03-31": "-44.04100", "2013-12-31": "-56.92400", "2013-09-30": "-66.17100", "2013-06-30": "-62.07700", "2013-03-31": "-47.19800", "2012-12-31": "-46.22400", "2012-09-30": "-38.97200", "2012-06-30": "-41.36100", "2012-03-31": "-43.73500", "2011-12-31": "-45.14800", "2011-09-30": "-30.24800", "2011-06-30": "-30.71600", "2011-03-31": "-33.67900", "2010-12-31": "-33.73200", "2010-09-30": "-23.48100", "2010-06-30": "-25.35800", "2010-03-31": "-29.96100", "2009-12-31": "-30.63300", "2009-09-30": "-29.52900", "2009-06-30": "-34.74800", "2009-03-31": "-29.49400", "2008-12-31": "-26.50500", "2008-09-30": "-20.93400", "2008-06-30": "-17.01300", "2008-03-31": "-9.00700", "2007-12-31": "-6.73800", "2007-09-30": "-6.16300", "2007-06-30": "-5.62400", "2007-03-31": "-3.00000", "2006-12-31": "-1.54600", "2006-09-30": "2.61100", "2006-06-30": "2.89800", "2006-03-31": "4.06100", "2005-12-31": "3.59700", "2005-09-30": "-1.32800", "2005-06-30": "0.52900", "2005-03-31": "-2.30700"}, "Other Share Holders Equity": {"2020-12-31": "", "2020-09-30": "", "2020-06-30": "", "2020-03-31": "", "2019-12-31": "", "2019-09-30": "", "2019-06-30": "", "2019-03-31": "", "2018-12-31": "", "2018-09-30": "", "2018-06-30": "", "2018-03-31": "", "2017-12-31": "", "2017-09-30": "", "2017-06-30": "", "2017-03-31": "", "2016-12-31": "", "2016-09-30": "", "2016-06-30": "", "2016-03-31": "", "2015-12-31": "", "2015-09-30": "", "2015-06-30": "", "2015-03-31": "", "2014-12-31": "", "2014-09-30": "", "2014-06-30": "", "2014-03-31": "", "2013-12-31": "", "2013-09-30": "", "2013-06-30": "", "2013-03-31": "", "2012-12-31": "", "2012-09-30": "", "2012-06-30": "", "2012-03-31": "", "2011-12-31": "", "2011-09-30": "", "2011-06-30": "", "2011-03-31": "", "2010-12-31": "", "2010-09-30": "", "2010-06-30": "", "2010-03-31": "", "2009-12-31": "", "2009-09-30": "", "2009-06-30": "", "2009-03-31": "", "2008-12-31": "", "2008-09-30": "", "2008-06-30": "", "2008-03-31": "", "2007-12-31": "", "2007-09-30": "", "2007-06-30": "", "2007-03-31": "", "2006-12-31": "", "2006-09-30": "", "2006-06-30": "", "2006-03-31": "", "2005-12-31": "", "2005-09-30": "", "2005-06-30": "", "2005-03-31": ""}, "Share Holder Equity": {"2020-12-31": "4959.00000", "2020-09-30": "4951.00000", "2020-06-30": "4897.00000", "2020-03-31": "4842.00000", "2019-12-31": "4883.00000", "2019-09-30": "4820.00000", "2019-06-30": "4753.00000", "2019-03-31": "4680.00000", "2018-12-31": "4608.00000", "2018-09-30": "4524.86400", "2018-06-30": "4473.24200", "2018-03-31": "4433.45300", "2017-12-31": "4409.00000", "2017-09-30": "4435.92100", "2017-06-30": "4392.43800", "2017-03-31": "4355.79500", "2016-12-31": "2571.61700", "2016-09-30": "2570.58000", "2016-06-30": "2545.33700", "2016-03-31": "2518.02100", "2015-12-31": "2096.18200", "2015-09-30": "2094.74900", "2015-06-30": "2065.77100", "2015-03-31": "2055.27600", "2014-12-31": "2021.45600", "2014-09-30": "2005.13300", "2014-06-30": "1908.07700", "2014-03-31": "1884.98700", "2013-12-31": "1774.38300", "2013-09-30": "1481.64700", "2013-06-30": "1468.99800", "2013-03-31": "1413.25700", "2012-12-31": "1402.06900", "2012-09-30": "1394.99800", "2012-06-30": "1372.49600", "2012-03-31": "1354.69900", "2011-12-31": "1210.19900", "2011-09-30": "1214.49100", "2011-06-30": "1203.15000", "2011-03-31": "1128.41400", "2010-12-31": "1066.12400", "2010-09-30": "1064.84600", "2010-06-30": "1058.00400", "2010-03-31": "1047.39500", "2009-12-31": "1043.30200", "2009-09-30": "1052.58900", "2009-06-30": "1151.14700", "2009-03-31": "1026.58100", "2008-12-31": "925.98400", "2008-09-30": "971.07400", "2008-06-30": "919.45800", "2008-03-31": "543.62200", "2007-12-31": "544.35700", "2007-09-30": "541.59300", "2007-06-30": "538.74300", "2007-03-31": "538.29200", "2006-12-31": "537.37200", "2006-09-30": "538.96800", "2006-06-30": "534.58000", "2006-03-31": "481.26400", "2005-12-31": "477.20200", "2005-09-30": "467.02800", "2005-06-30": "459.81900", "2005-03-31": "452.67600"}, "Total Liabilities And Share Holders Equity": {"2020-12-31": "37354.00000", "2020-09-30": "37441.00000", "2020-06-30": "37721.00000", "2020-03-31": "35049.00000", "2019-12-31": "34615.00000", "2019-09-30": "34329.00000", "2019-06-30": "33903.00000", "2019-03-31": "33695.00000", "2018-12-31": "33102.00000", "2018-09-30": "32617.60000", "2018-06-30": "32257.56000", "2018-03-31": "31652.35000", "2017-12-31": "31418.00000", "2017-09-30": "31123.29000", "2017-06-30": "30753.73000", "2017-03-31": "30190.70000", "2016-12-31": "21844.82000", "2016-09-30": "21583.91000", "2016-06-30": "21214.97000", "2016-03-31": "20324.52000", "2015-12-31": "17557.66000", "2015-09-30": "16836.07000", "2015-06-30": "16598.60000", "2015-03-31": "16278.85000", "2014-12-31": "16127.09000", "2014-09-30": "15757.04000", "2014-06-30": "15019.25000", "2014-03-31": "14476.51000", "2013-12-31": "13563.41000", "2013-09-30": "12790.28000", "2013-06-30": "12573.39000", "2013-03-31": "11997.99000", "2012-12-31": "12023.98000", "2012-09-30": "11984.89000", "2012-06-30": "11750.74000", "2012-03-31": "11726.06000", "2011-12-31": "9786.48300", "2011-09-30": "9951.34400", "2011-06-30": "9857.16300", "2011-03-31": "9755.28100", "2010-12-31": "8959.91500", "2010-09-30": "8993.04300", "2010-06-30": "8833.06000", "2010-03-31": "8799.53400", "2009-12-31": "8709.07700", "2009-09-30": "8595.87200", "2009-06-30": "8710.32000", "2009-03-31": "8454.79700", "2008-12-31": "8364.81100", "2008-09-30": "8457.35100", "2008-06-30": "8095.88000", "2008-03-31": "6164.59000", "2007-12-31": "6088.02100", "2007-09-30": "6124.17400", "2007-06-30": "6061.24900", "2007-03-31": "6015.80400", "2006-12-31": "6007.59200", "2006-09-30": "6060.28500", "2006-06-30": "6072.73900", "2006-03-31": "5631.41300", "2005-12-31": "5590.32600", "2005-09-30": "5703.65900", "2005-06-30": "5701.88300", "2005-03-31": "5609.38600"}}, "cash flow statement": {"Net Income/Loss": {"2020-12-31": "0.00000", "2019-12-31": "387.00000", "2018-12-31": "373.00000", "2017-12-31": "199.00000", "2016-12-31": "171.00000", "2015-12-31": "159.64900", "2014-12-31": "144.05000", "2013-12-31": "117.80400", "2012-12-31": "110.41000", "2011-12-31": "87.04700", "2010-12-31": "74.65200", "2009-12-31": "41.11100", "2008-12-31": "35.59500", "2007-12-31": "69.67800", "2006-12-31": "67.64900", "2005-12-31": "55.25800"}, "Total Depreciation And Amortization - Cash Flow": {"2020-12-31": "", "2019-12-31": "45.00000", "2018-12-31": "109.00000", "2017-12-31": "89.00000", "2016-12-31": "61.00000", "2015-12-31": "43.94900", "2014-12-31": "40.11900", "2013-12-31": "30.76800", "2012-12-31": "31.82700", "2011-12-31": "22.42700", "2010-12-31": "27.25900", "2009-12-31": "25.85800", "2008-12-31": "20.97000", "2007-12-31": "13.43300", "2006-12-31": "14.46700", "2005-12-31": "15.31500"}, "Other Non-Cash Items": {"2020-12-31": "", "2019-12-31": "77.00000", "2018-12-31": "94.00000", "2017-12-31": "184.00000", "2016-12-31": "68.00000", "2015-12-31": "40.14100", "2014-12-31": "68.33000", "2013-12-31": "44.27400", "2012-12-31": "60.07400", "2011-12-31": "37.17900", "2010-12-31": "46.85100", "2009-12-31": "64.86200", "2008-12-31": "76.87100", "2007-12-31": "14.10100", "2006-12-31": "8.94200", "2005-12-31": "31.54100"}, "Total Non-Cash Items": {"2020-12-31": "", "2019-12-31": "122.00000", "2018-12-31": "203.00000", "2017-12-31": "273.00000", "2016-12-31": "129.00000", "2015-12-31": "84.09000", "2014-12-31": "108.44900", "2013-12-31": "75.04200", "2012-12-31": "91.90100", "2011-12-31": "59.60600", "2010-12-31": "74.11000", "2009-12-31": "90.72000", "2008-12-31": "97.84100", "2007-12-31": "27.53400", "2006-12-31": "23.40900", "2005-12-31": "46.85600"}, "Change In Accounts Receivable": {"2020-12-31": "", "2019-12-31": "-19.00000", "2018-12-31": "65.00000", "2017-12-31": "-86.00000", "2016-12-31": "-12.00000", "2015-12-31": "-3.28900", "2014-12-31": "-1.25300", "2013-12-31": "18.93800", "2012-12-31": "-15.04600", "2011-12-31": "-0.15800", "2010-12-31": "1.92800", "2009-12-31": "0.57300", "2008-12-31": "-0.90000", "2007-12-31": "-1.56500", "2006-12-31": "-2.16800", "2005-12-31": "1.99500"}, "Change In Inventories": {"2020-12-31": "", "2019-12-31": "", "2018-12-31": "", "2017-12-31": "", "2016-12-31": "", "2015-12-31": "", "2014-12-31": "241.59500", "2013-12-31": "125.80000", "2012-12-31": "331.97200", "2011-12-31": "110.49000", "2010-12-31": "", "2009-12-31": "", "2008-12-31": "264.41600", "2007-12-31": "", "2006-12-31": "", "2005-12-31": ""}, "Change In Accounts Payable": {"2020-12-31": "", "2019-12-31": "1.00000", "2018-12-31": "7.00000", "2017-12-31": "2.00000", "2016-12-31": "", "2015-12-31": "0.76000", "2014-12-31": "-0.87500", "2013-12-31": "-2.17300", "2012-12-31": "-3.92500", "2011-12-31": "-1.60200", "2010-12-31": "-2.08500", "2009-12-31": "-3.78200", "2008-12-31": "-0.32000", "2007-12-31": "-3.09500", "2006-12-31": "1.69800", "2005-12-31": "-8.67700"}, "Change In Assets/Liabilities": {"2020-12-31": "", "2019-12-31": "-7.00000", "2018-12-31": "-10.00000", "2017-12-31": "-11.00000", "2016-12-31": "-5.00000", "2015-12-31": "-6.39700", "2014-12-31": "-10.40100", "2013-12-31": "-3.59800", "2012-12-31": "-6.13000", "2011-12-31": "-0.84200", "2010-12-31": "-2.92900", "2009-12-31": "-1.39500", "2008-12-31": "-4.64800", "2007-12-31": "-2.49400", "2006-12-31": "-0.75600", "2005-12-31": "-1.48200"}, "Total Change In Assets/Liabilities": {"2020-12-31": "", "2019-12-31": "-25.00000", "2018-12-31": "62.00000", "2017-12-31": "-95.00000", "2016-12-31": "-17.00000", "2015-12-31": "-8.92600", "2014-12-31": "229.06600", "2013-12-31": "138.96700", "2012-12-31": "306.87100", "2011-12-31": "107.88800", "2010-12-31": "-3.08600", "2009-12-31": "-4.60400", "2008-12-31": "258.54800", "2007-12-31": "-7.15400", "2006-12-31": "-1.22600", "2005-12-31": "-8.16400"}, "Cash Flow From Operating Activities": {"2020-12-31": "", "2019-12-31": "259.00000", "2018-12-31": "611.00000", "2017-12-31": "279.00000", "2016-12-31": "293.00000", "2015-12-31": "223.48000", "2014-12-31": "446.81900", "2013-12-31": "346.09300", "2012-12-31": "544.03000", "2011-12-31": "289.53000", "2010-12-31": "162.82300", "2009-12-31": "115.80600", "2008-12-31": "376.93700", "2007-12-31": "99.82500", "2006-12-31": "116.99600", "2005-12-31": "70.03100"}, "Net Change In Property, Plant, And Equipment": {"2020-12-31": "", "2019-12-31": "-46.00000", "2018-12-31": "-35.00000", "2017-12-31": "-57.00000", "2016-12-31": "-60.00000", "2015-12-31": "-9.72300", "2014-12-31": "-20.23800", "2013-12-31": "-14.88200", "2012-12-31": "-12.78000", "2011-12-31": "-17.11500", "2010-12-31": "-9.81000", "2009-12-31": "-7.99700", "2008-12-31": "-14.19400", "2007-12-31": "-2.76100", "2006-12-31": "-4.22200", "2005-12-31": "-5.67700"}, "Net Change In Intangible Assets": {"2020-12-31": "", "2019-12-31": "", "2018-12-31": "", "2017-12-31": "", "2016-12-31": "", "2015-12-31": "", "2014-12-31": "", "2013-12-31": "", "2012-12-31": "", "2011-12-31": "", "2010-12-31": "", "2009-12-31": "", "2008-12-31": "", "2007-12-31": "", "2006-12-31": "", "2005-12-31": ""}, "Net Acquisitions/Divestitures": {"2020-12-31": "", "2019-12-31": "", "2018-12-31": "134.00000", "2017-12-31": "197.00000", "2016-12-31": "246.00000", "2015-12-31": "144.62900", "2014-12-31": "59.98000", "2013-12-31": "141.63700", "2012-12-31": "203.53800", "2011-12-31": "23.37400", "2010-12-31": "", "2009-12-31": "0.04800", "2008-12-31": "64.03500", "2007-12-31": "", "2006-12-31": "-17.12300", "2005-12-31": "12.57100"}, "Net Change In Short-term Investments": {"2020-12-31": "", "2019-12-31": "", "2018-12-31": "", "2017-12-31": "", "2016-12-31": "", "2015-12-31": "", "2014-12-31": "", "2013-12-31": "", "2012-12-31": "", "2011-12-31": "", "2010-12-31": "", "2009-12-31": "", "2008-12-31": "", "2007-12-31": "0.99000", "2006-12-31": "-0.84600", "2005-12-31": "2.29500"}, "Net Change In Long-Term Investments": {"2020-12-31": "", "2019-12-31": "89.00000", "2018-12-31": "-625.00000", "2017-12-31": "-519.00000", "2016-12-31": "-613.00000", "2015-12-31": "-291.54900", "2014-12-31": "-607.33200", "2013-12-31": "-77.59000", "2012-12-31": "-570.53000", "2011-12-31": "122.20700", "2010-12-31": "-188.56000", "2009-12-31": "-171.51800", "2008-12-31": "-275.14100", "2007-12-31": "4.54300", "2006-12-31": "163.11500", "2005-12-31": "113.71800"}, "Net Change In Investments - Total": {"2020-12-31": "", "2019-12-31": "89.00000", "2018-12-31": "-625.00000", "2017-12-31": "-519.00000", "2016-12-31": "-613.00000", "2015-12-31": "-291.54900", "2014-12-31": "-607.33200", "2013-12-31": "-77.59000", "2012-12-31": "-570.53000", "2011-12-31": "122.20700", "2010-12-31": "-188.56000", "2009-12-31": "-171.51800", "2008-12-31": "-275.14100", "2007-12-31": "5.53300", "2006-12-31": "162.26900", "2005-12-31": "116.01300"}, "Investing Activities - Other": {"2020-12-31": "", "2019-12-31": "-1174.00000", "2018-12-31": "-1394.00000", "2017-12-31": "-1150.00000", "2016-12-31": "-833.00000", "2015-12-31": "-986.02300", "2014-12-31": "-1170.66600", "2013-12-31": "-653.58400", "2012-12-31": "-413.73100", "2011-12-31": "-412.49600", "2010-12-31": "-312.23900", "2009-12-31": "-106.21800", "2008-12-31": "-271.60400", "2007-12-31": "-108.11900", "2006-12-31": "-224.55600", "2005-12-31": "-20.69200"}, "Cash Flow From Investing Activities": {"2020-12-31": "", "2019-12-31": "-1131.00000", "2018-12-31": "-1920.00000", "2017-12-31": "-1529.00000", "2016-12-31": "-1260.00000", "2015-12-31": "-1142.66600", "2014-12-31": "-1738.25600", "2013-12-31": "-604.41900", "2012-12-31": "-793.50300", "2011-12-31": "-284.03000", "2010-12-31": "-510.60900", "2009-12-31": "-285.68500", "2008-12-31": "-496.90400", "2007-12-31": "-105.34700", "2006-12-31": "-83.63200", "2005-12-31": "102.21500"}, "Net Long-Term Debt": {"2020-12-31": "", "2019-12-31": "715.00000", "2018-12-31": "-40.00000", "2017-12-31": "-44.00000", "2016-12-31": "-127.00000", "2015-12-31": "99.98500", "2014-12-31": "288.75000", "2013-12-31": "-155.40500", "2012-12-31": "-157.25300", "2011-12-31": "-113.31700", "2010-12-31": "-132.81900", "2009-12-31": "-166.04800", "2008-12-31": "0.37800", "2007-12-31": "-38.52400", "2006-12-31": "-29.57000", "2005-12-31": "-39.75700"}, "Net Current Debt": {"2020-12-31": "", "2019-12-31": "-913.00000", "2018-12-31": "450.00000", "2017-12-31": "379.00000", "2016-12-31": "252.00000", "2015-12-31": "7.23800", "2014-12-31": "789.31800", "2013-12-31": "143.70300", "2012-12-31": "218.90400", "2011-12-31": "72.58000", "2010-12-31": "84.43600", "2009-12-31": "72.90500", "2008-12-31": "118.65800", "2007-12-31": "85.91300", "2006-12-31": "-67.41700", "2005-12-31": "-31.07300"}, "Debt Issuance/Retirement Net - Total": {"2020-12-31": "", "2019-12-31": "-198.00000", "2018-12-31": "410.00000", "2017-12-31": "335.00000", "2016-12-31": "125.00000", "2015-12-31": "107.22300", "2014-12-31": "1078.06800", "2013-12-31": "-11.70200", "2012-12-31": "61.65100", "2011-12-31": "-40.73700", "2010-12-31": "-48.38300", "2009-12-31": "-93.14300", "2008-12-31": "119.03600", "2007-12-31": "47.38900", "2006-12-31": "-96.98700", "2005-12-31": "-70.83000"}, "Net Common Equity Issued/Repurchased": {"2020-12-31": "", "2019-12-31": "12.00000", "2018-12-31": "14.00000", "2017-12-31": "11.00000", "2016-12-31": "-84.00000", "2015-12-31": "12.73100", "2014-12-31": "12.85700", "2013-12-31": "62.09200", "2012-12-31": "8.89500", "2011-12-31": "71.05300", "2010-12-31": "6.72300", "2009-12-31": "128.55400", "2008-12-31": "8.04500", "2007-12-31": "-2.02100", "2006-12-31": "-8.12000", "2005-12-31": "7.48200"}, "Net Total Equity Issued/Repurchased": {"2020-12-31": "", "2019-12-31": "12.00000", "2018-12-31": "14.00000", "2017-12-31": "11.00000", "2016-12-31": "-84.00000", "2015-12-31": "12.73100", "2014-12-31": "12.85700", "2013-12-31": "168.97400", "2012-12-31": "8.89500", "2011-12-31": "71.05300", "2010-12-31": "6.72300", "2009-12-31": "128.30300", "2008-12-31": "8.04500", "2007-12-31": "-2.02100", "2006-12-31": "-8.12000", "2005-12-31": "7.48200"}, "Total Common And Preferred Stock Dividends Paid": {"2020-12-31": "", "2019-12-31": "-165.00000", "2018-12-31": "-165.00000", "2017-12-31": "-151.00000", "2016-12-31": "-8.00000", "2015-12-31": "-92.55200", "2014-12-31": "-89.57200", "2013-12-31": "-71.24600", "2012-12-31": "-67.64600", "2011-12-31": "-60.68600", "2010-12-31": "-55.25500", "2009-12-31": "-52.37500", "2008-12-31": "-78.28300", "2007-12-31": "-57.45000", "2006-12-31": "-55.36200", "2005-12-31": "-52.33600"}, "Financial Activities - Other": {"2020-12-31": "", "2019-12-31": "1334.00000", "2018-12-31": "1059.00000", "2017-12-31": "1163.00000", "2016-12-31": "816.00000", "2015-12-31": "1093.51000", "2014-12-31": "363.49600", "2013-12-31": "147.23700", "2012-12-31": "276.66400", "2011-12-31": "102.25200", "2010-12-31": "265.72200", "2009-12-31": "325.44100", "2008-12-31": "112.65500", "2007-12-31": "25.47700", "2006-12-31": "117.86300", "2005-12-31": "-25.79700"}, "Cash Flow From Financial Activities": {"2020-12-31": "", "2019-12-31": "983.00000", "2018-12-31": "1318.00000", "2017-12-31": "1358.00000", "2016-12-31": "849.00000", "2015-12-31": "1120.91200", "2014-12-31": "1364.84900", "2013-12-31": "233.26300", "2012-12-31": "279.56400", "2011-12-31": "71.88200", "2010-12-31": "168.80700", "2009-12-31": "308.22600", "2008-12-31": "161.45300", "2007-12-31": "13.39500", "2006-12-31": "-42.60600", "2005-12-31": "-141.48100"}, "Net Cash Flow": {"2020-12-31": "", "2019-12-31": "111.00000", "2018-12-31": "9.00000", "2017-12-31": "108.00000", "2016-12-31": "-118.00000", "2015-12-31": "201.72600", "2014-12-31": "73.41200", "2013-12-31": "-25.06300", "2012-12-31": "30.09100", "2011-12-31": "77.38200", "2010-12-31": "-178.97900", "2009-12-31": "138.34700", "2008-12-31": "41.48600", "2007-12-31": "7.87300", "2006-12-31": "-9.24200", "2005-12-31": "30.76500"}, "Stock-Based Compensation": {"2020-12-31": "", "2019-12-31": "", "2018-12-31": "", "2017-12-31": "", "2016-12-31": "", "2015-12-31": "", "2014-12-31": "", "2013-12-31": "", "2012-12-31": "", "2011-12-31": "", "2010-12-31": "", "2009-12-31": "", "2008-12-31": "", "2007-12-31": "", "2006-12-31": "", "2005-12-31": ""}, "Common Stock Dividends Paid": {"2020-12-31": "", "2019-12-31": "-157.00000", "2018-12-31": "-157.00000", "2017-12-31": "-143.00000", "2016-12-31": "", "2015-12-31": "-84.51100", "2014-12-31": "-81.22000", "2013-12-31": "-71.24600", "2012-12-31": "-67.64600", "2011-12-31": "-60.68600", "2010-12-31": "-55.25500", "2009-12-31": "-52.37500", "2008-12-31": "-78.28300", "2007-12-31": "-57.45000", "2006-12-31": "-55.36200", "2005-12-31": "-52.33600"}}, "cash flow statement, quarterly": {"Net Income/Loss": {"2020-12-31": -214, "2020-09-30": 83, "2020-06-30": 84, "2020-03-31": "47.00000", "2019-12-31": 95, "2019-09-30": 103, "2019-06-30": 95, "2019-03-31": "94.00000", "2018-12-31": 100, "2018-09-30": 101, "2018-06-30": 85, "2018-03-31": "87.00000", "2017-12-31": 23.922, "2017-09-30": 77.693, "2017-06-30": 74.406, "2017-03-31": "22.97900", "2016-12-31": 51.4, "2016-09-30": 52.168, "2016-06-30": 41.3, "2016-03-31": "26.13200", "2015-12-31": 39.122, "2015-09-30": 40.053, "2015-06-30": 40.131, "2015-03-31": "40.34300", "2014-12-31": 39.304, "2014-09-30": 35.391, "2014-06-30": 34.831, "2014-03-31": "34.52400", "2013-12-31": 28.439, "2013-09-30": 31.634, "2013-06-30": 29.193, "2013-03-31": "28.53800", "2012-12-31": 28.955, "2012-09-30": 30.743, "2012-06-30": 29.13, "2012-03-31": "21.58200", "2011-12-31": 23.737, "2011-09-30": 23.773, "2011-06-30": 22.362, "2011-03-31": "17.17500", "2010-12-31": 23.533, "2010-09-30": 17.217, "2010-06-30": 17.922, "2010-03-31": "15.98000", "2009-12-31": 4.556, "2009-09-30": 10.306, "2009-06-30": 10.598, "2009-03-31": "15.65100", "2008-12-31": -18.906, "2008-09-30": 23.505, "2008-06-30": 14.505, "2008-03-31": "16.49100", "2007-12-31": 17.062, "2007-09-30": 17.624, "2007-06-30": 17.622, "2007-03-31": "17.37000", "2006-12-31": 17.593, "2006-09-30": 17.619, "2006-06-30": 16.635, "2006-03-31": "15.80200", "2005-12-31": 4.721, "2005-09-30": 18.086, "2005-06-30": 17.541, "2005-03-31": "14.91000"}, "Total Depreciation And Amortization - Cash Flow": {"2020-12-31": -5, "2020-09-30": 0, "2020-06-30": 1, "2020-03-31": "4.00000", "2019-12-31": 12, "2019-09-30": 13, "2019-06-30": 13, "2019-03-31": "7.00000", "2018-12-31": 27, "2018-09-30": 25, "2018-06-30": 33, "2018-03-31": "24.00000", "2017-12-31": 28.651, "2017-09-30": 23.957, "2017-06-30": 19.116, "2017-03-31": "17.27600", "2016-12-31": 15.941, "2016-09-30": 19.167, "2016-06-30": 14.133, "2016-03-31": "11.75900", "2015-12-31": 12.537, "2015-09-30": 9.541, "2015-06-30": 10.146, "2015-03-31": "11.72500", "2014-12-31": 11.112, "2014-09-30": 12.717, "2014-06-30": 7.951, "2014-03-31": "8.33900", "2013-12-31": 8.923, "2013-09-30": 6.399, "2013-06-30": 7.265, "2013-03-31": "8.18100", "2012-12-31": 9.838, "2012-09-30": 8.319, "2012-06-30": 8.203, "2012-03-31": "5.46700", "2011-12-31": 5.519, "2011-09-30": 5.041, "2011-06-30": 4.335, "2011-03-31": "7.53200", "2010-12-31": 5.701, "2010-09-30": 6.32, "2010-06-30": 5.978, "2010-03-31": "9.26000", "2009-12-31": 5.752, "2009-09-30": 5.766, "2009-06-30": 5.848, "2009-03-31": "8.49200", "2008-12-31": 5.134, "2008-09-30": 4.472, "2008-06-30": 7.925, "2008-03-31": "3.43900", "2007-12-31": 3.148, "2007-09-30": 3.192, "2007-06-30": 3.198, "2007-03-31": "3.89500", "2006-12-31": 3.066, "2006-09-30": 3.896, "2006-06-30": 4.053, "2006-03-31": "3.45200", "2005-12-31": 4.348, "2005-09-30": 3.803, "2005-06-30": 4.131, "2005-03-31": "3.03300"}, "Other Non-Cash Items": {"2020-12-31": -81, "2020-09-30": 27, "2020-06-30": 4, "2020-03-31": "50.00000", "2019-12-31": 4, "2019-09-30": 32, "2019-06-30": 25, "2019-03-31": "16.00000", "2018-12-31": 19, "2018-09-30": 29, "2018-06-30": 30, "2018-03-31": "16.00000", "2017-12-31": 109.55, "2017-09-30": 29.46, "2017-06-30": 26.261, "2017-03-31": "18.72900", "2016-12-31": 15.451, "2016-09-30": 13.042, "2016-06-30": 27.832, "2016-03-31": "11.67500", "2015-12-31": 8.814, "2015-09-30": 8.735, "2015-06-30": 11.911, "2015-03-31": "10.68100", "2014-12-31": 55.868, "2014-09-30": 9.247, "2014-06-30": 9.048, "2014-03-31": "-5.83300", "2013-12-31": 11.339, "2013-09-30": 15.554, "2013-06-30": 5.714, "2013-03-31": "11.66700", "2012-12-31": 9.065, "2012-09-30": 29.002, "2012-06-30": 5.682, "2012-03-31": "16.32500", "2011-12-31": 4.978, "2011-09-30": 13.269, "2011-06-30": 9.115, "2011-03-31": "9.81700", "2010-12-31": 13.496, "2010-09-30": 10.553, "2010-06-30": 11.771, "2010-03-31": "11.03100", "2009-12-31": 39.478, "2009-09-30": 11.774, "2009-06-30": 3.419, "2009-03-31": "10.19100", "2008-12-31": 59.615, "2008-09-30": 4.089, "2008-06-30": 10.58, "2008-03-31": "2.58700", "2007-12-31": 5.263, "2007-09-30": 3.043, "2007-06-30": 1.75, "2007-03-31": "4.04500", "2006-12-31": 2.346, "2006-09-30": 1.58, "2006-06-30": 2.818, "2006-03-31": "2.19800", "2005-12-31": 18.267, "2005-09-30": 7.86, "2005-06-30": 2.242, "2005-03-31": "3.17200"}, "Total Non-Cash Items": {"2020-12-31": -86, "2020-09-30": 27, "2020-06-30": 5, "2020-03-31": "54.00000", "2019-12-31": 16, "2019-09-30": 45, "2019-06-30": 38, "2019-03-31": "23.00000", "2018-12-31": 46, "2018-09-30": 54, "2018-06-30": 63, "2018-03-31": "40.00000", "2017-12-31": 138.201, "2017-09-30": 53.417, "2017-06-30": 45.377, "2017-03-31": "36.00500", "2016-12-31": 31.392, "2016-09-30": 32.209, "2016-06-30": 41.965, "2016-03-31": "23.43400", "2015-12-31": 21.351, "2015-09-30": 18.276, "2015-06-30": 22.057, "2015-03-31": "22.40600", "2014-12-31": 66.98, "2014-09-30": 21.964, "2014-06-30": 16.999, "2014-03-31": "2.50600", "2013-12-31": 20.262, "2013-09-30": 21.953, "2013-06-30": 12.979, "2013-03-31": "19.84800", "2012-12-31": 18.903, "2012-09-30": 37.321, "2012-06-30": 13.885, "2012-03-31": "21.79200", "2011-12-31": 10.497, "2011-09-30": 18.31, "2011-06-30": 13.45, "2011-03-31": "17.34900", "2010-12-31": 19.197, "2010-09-30": 16.873, "2010-06-30": 17.749, "2010-03-31": "20.29100", "2009-12-31": 45.23, "2009-09-30": 17.54, "2009-06-30": 9.267, "2009-03-31": "18.68300", "2008-12-31": 64.749, "2008-09-30": 8.561, "2008-06-30": 18.505, "2008-03-31": "6.02600", "2007-12-31": 8.411, "2007-09-30": 6.235, "2007-06-30": 4.948, "2007-03-31": "7.94000", "2006-12-31": 5.412, "2006-09-30": 5.476, "2006-06-30": 6.871, "2006-03-31": "5.65000", "2005-12-31": 22.615, "2005-09-30": 11.663, "2005-06-30": 6.373, "2005-03-31": "6.20500"}, "Change In Accounts Receivable": {"2020-12-31": 103, "2020-09-30": -60, "2020-06-30": -33, "2020-03-31": "-10.00000", "2019-12-31": 5, "2019-09-30": 19, "2019-06-30": -17, "2019-03-31": "-26.00000", "2018-12-31": 23, "2018-09-30": -8, "2018-06-30": -4, "2018-03-31": "54.00000", "2017-12-31": 13.321, "2017-09-30": 45.308, "2017-06-30": -92.392, "2017-03-31": "-52.23700", "2016-12-31": 2.454, "2016-09-30": -6.957, "2016-06-30": -4.486, "2016-03-31": "-3.01100", "2015-12-31": -1.436, "2015-09-30": 0.271, "2015-06-30": -1.978, "2015-03-31": "-0.14600", "2014-12-31": -2.37, "2014-09-30": -3.356, "2014-06-30": 1.399, "2014-03-31": "3.07400", "2013-12-31": 0.859, "2013-09-30": 11.149, "2013-06-30": 7.021, "2013-03-31": "-0.09100", "2012-12-31": -4.498, "2012-09-30": -8.17, "2012-06-30": -5.985, "2012-03-31": "3.60700", "2011-12-31": -3.434, "2011-09-30": -0.814, "2011-06-30": -1.692, "2011-03-31": "5.78200", "2010-12-31": 5.628, "2010-09-30": -10.088, "2010-06-30": 4.9, "2010-03-31": "1.48800", "2009-12-31": 6.762, "2009-09-30": 8.185, "2009-06-30": -3.535, "2009-03-31": "-10.83900", "2008-12-31": -2.135, "2008-09-30": 10.329, "2008-06-30": -6.215, "2008-03-31": "-2.87900", "2007-12-31": 3.973, "2007-09-30": -1.442, "2007-06-30": -4.419, "2007-03-31": "0.32300", "2006-12-31": 1.48, "2006-09-30": -1.981, "2006-06-30": -0.932, "2006-03-31": "-0.73500", "2005-12-31": -0.467, "2005-09-30": 1.298, "2005-06-30": -4.033, "2005-03-31": "5.19700"}, "Change In Inventories": {"2020-12-31": 0, "2020-09-30": 0, "2020-06-30": 0, "2020-03-31": "", "2019-12-31": 0, "2019-09-30": 0, "2019-06-30": 0, "2019-03-31": "", "2018-12-31": 0, "2018-09-30": 0, "2018-06-30": 0, "2018-03-31": "", "2017-12-31": 0, "2017-09-30": 0, "2017-06-30": 0, "2017-03-31": "", "2016-12-31": 0, "2016-09-30": 0, "2016-06-30": 0, "2016-03-31": "", "2015-12-31": 0, "2015-09-30": 0, "2015-06-30": 0, "2015-03-31": "", "2014-12-31": 0, "2014-09-30": 38.417, "2014-06-30": 0, "2014-03-31": "203.17800", "2013-12-31": 37.748, "2013-09-30": 0, "2013-06-30": 88.052, "2013-03-31": "", "2012-12-31": 0, "2012-09-30": 0, "2012-06-30": 0, "2012-03-31": "331.97200", "2011-12-31": 0, "2011-09-30": 0, "2011-06-30": 0, "2011-03-31": "110.49000", "2010-12-31": 0, "2010-09-30": 0, "2010-06-30": 0, "2010-03-31": "", "2009-12-31": 0, "2009-09-30": 0, "2009-06-30": 0, "2009-03-31": "", "2008-12-31": 0, "2008-09-30": 79, "2008-06-30": 185.416, "2008-03-31": "", "2007-12-31": 0, "2007-09-30": 0, "2007-06-30": 0, "2007-03-31": "", "2006-12-31": 0, "2006-09-30": 0, "2006-06-30": 0, "2006-03-31": "", "2005-12-31": 0, "2005-09-30": 0, "2005-06-30": 0, "2005-03-31": ""}, "Change In Accounts Payable": {"2020-12-31": 7, "2020-09-30": -5, "2020-06-30": 0, "2020-03-31": "-2.00000", "2019-12-31": -1, "2019-09-30": -4, "2019-06-30": 3, "2019-03-31": "3.00000", "2018-12-31": 0, "2018-09-30": 4, "2018-06-30": 3, "2018-03-31": "", "2017-12-31": 1.062, "2017-09-30": 0.88, "2017-06-30": -0.386, "2017-03-31": "0.44400", "2016-12-31": -0.945, "2016-09-30": 1.076, "2016-06-30": -1.432, "2016-03-31": "1.30100", "2015-12-31": 1.174, "2015-09-30": 0.078, "2015-06-30": -0.314, "2015-03-31": "-0.17800", "2014-12-31": 0.183, "2014-09-30": 0.234, "2014-06-30": -0.542, "2014-03-31": "-0.75000", "2013-12-31": 0.663, "2013-09-30": -0.676, "2013-06-30": -0.693, "2013-03-31": "-1.46700", "2012-12-31": -0.419, "2012-09-30": -0.353, "2012-06-30": -0.696, "2012-03-31": "-2.45700", "2011-12-31": -0.083, "2011-09-30": -0.899, "2011-06-30": 0.142, "2011-03-31": "-0.76200", "2010-12-31": -0.4, "2010-09-30": -0.762, "2010-06-30": -0.016, "2010-03-31": "-0.90700", "2009-12-31": -1.041, "2009-09-30": -1.361, "2009-06-30": -0.471, "2009-03-31": "-0.90900", "2008-12-31": -0.183, "2008-09-30": -1.407, "2008-06-30": 1.27, "2008-03-31": "", "2007-12-31": -2.909, "2007-09-30": 0.767, "2007-06-30": -0.399, "2007-03-31": "-0.55400", "2006-12-31": 0.309, "2006-09-30": 1.117, "2006-06-30": 0.604, "2006-03-31": "-0.33200", "2005-12-31": -0.272, "2005-09-30": -0.666, "2005-06-30": -0.455, "2005-03-31": "-7.28400"}, "Change In Assets/Liabilities": {"2020-12-31": 6, "2020-09-30": -2, "2020-06-30": -2, "2020-03-31": "-2.00000", "2019-12-31": -2, "2019-09-30": -2, "2019-06-30": -2, "2019-03-31": "-1.00000", "2018-12-31": -3, "2018-09-30": -1, "2018-06-30": -3, "2018-03-31": "-3.00000", "2017-12-31": -2.9, "2017-09-30": -3.037, "2017-06-30": -3.101, "2017-03-31": "-1.96200", "2016-12-31": -1.897, "2016-09-30": 0.252, "2016-06-30": -1.505, "2016-03-31": "-1.85000", "2015-12-31": -2.131, "2015-09-30": -1.742, "2015-06-30": -1.201, "2015-03-31": "-1.32300", "2014-12-31": -5.196, "2014-09-30": -1.83, "2014-06-30": -1.862, "2014-03-31": "-1.51300", "2013-12-31": -1.79, "2013-09-30": -0.909, "2013-06-30": 0.776, "2013-03-31": "-1.67500", "2012-12-31": -1.655, "2012-09-30": -1.742, "2012-06-30": -1.096, "2012-03-31": "-1.63700", "2011-12-31": -1.318, "2011-09-30": 1.114, "2011-06-30": 0.031, "2011-03-31": "-0.66900", "2010-12-31": -0.64, "2010-09-30": -0.665, "2010-06-30": -0.556, "2010-03-31": "-1.06800", "2009-12-31": -1.342, "2009-09-30": 0.4, "2009-06-30": -0.899, "2009-03-31": "0.44600", "2008-12-31": -0.977, "2008-09-30": -1.864, "2008-06-30": -0.617, "2008-03-31": "-1.19000", "2007-12-31": 0.068, "2007-09-30": -1.083, "2007-06-30": -0.453, "2007-03-31": "-1.02600", "2006-12-31": -0.756, "2006-09-30": 0, "2006-06-30": 0, "2006-03-31": "", "2005-12-31": -1.482, "2005-09-30": 0, "2005-06-30": 0, "2005-03-31": ""}, "Total Change In Assets/Liabilities": {"2020-12-31": 116, "2020-09-30": -67, "2020-06-30": -35, "2020-03-31": "-14.00000", "2019-12-31": 2, "2019-09-30": 13, "2019-06-30": -16, "2019-03-31": "-24.00000", "2018-12-31": 20, "2018-09-30": -5, "2018-06-30": -4, "2018-03-31": "51.00000", "2017-12-31": 11.483, "2017-09-30": 43.151, "2017-06-30": -95.879, "2017-03-31": "-53.75500", "2016-12-31": -0.388, "2016-09-30": -5.629, "2016-06-30": -7.423, "2016-03-31": "-3.56000", "2015-12-31": -2.393, "2015-09-30": -1.393, "2015-06-30": -3.493, "2015-03-31": "-1.64700", "2014-12-31": -7.383, "2014-09-30": 33.465, "2014-06-30": -1.005, "2014-03-31": "203.98900", "2013-12-31": 37.48, "2013-09-30": 9.564, "2013-06-30": 95.156, "2013-03-31": "-3.23300", "2012-12-31": -6.572, "2012-09-30": -10.265, "2012-06-30": -7.777, "2012-03-31": "331.48500", "2011-12-31": -4.835, "2011-09-30": -0.599, "2011-06-30": -1.519, "2011-03-31": "114.84100", "2010-12-31": 4.588, "2010-09-30": -11.515, "2010-06-30": 4.328, "2010-03-31": "-0.48700", "2009-12-31": 4.379, "2009-09-30": 7.224, "2009-06-30": -4.905, "2009-03-31": "-11.30200", "2008-12-31": -3.295, "2008-09-30": 86.058, "2008-06-30": 179.854, "2008-03-31": "-4.06900", "2007-12-31": 1.132, "2007-09-30": -1.758, "2007-06-30": -5.271, "2007-03-31": "-1.25700", "2006-12-31": 1.033, "2006-09-30": -0.864, "2006-06-30": -0.328, "2006-03-31": "-1.06700", "2005-12-31": -2.221, "2005-09-30": 0.632, "2005-06-30": -4.488, "2005-03-31": "-2.08700"}, "Cash Flow From Operating Activities": {"2020-12-31": 81, "2020-09-30": 77, "2020-06-30": 47, "2020-03-31": "-205.00000", "2019-12-31": 122, "2019-09-30": 224, "2019-06-30": -104, "2019-03-31": "17.00000", "2018-12-31": 94, "2018-09-30": 168, "2018-06-30": 139, "2018-03-31": "210.00000", "2017-12-31": 153.701, "2017-09-30": 211.154, "2017-06-30": -104.487, "2017-03-31": "18.63200", "2016-12-31": 103.112, "2016-09-30": 89.956, "2016-06-30": 6.061, "2016-03-31": "93.87100", "2015-12-31": 38.603, "2015-09-30": 79.642, "2015-06-30": 38.946, "2015-03-31": "66.28900", "2014-12-31": 68.32, "2014-09-30": 77.95, "2014-06-30": 56.434, "2014-03-31": "244.11500", "2013-12-31": 81.851, "2013-09-30": 63.391, "2013-06-30": 173.874, "2013-03-31": "26.97700", "2012-12-31": 64.098, "2012-09-30": 53.934, "2012-06-30": 60.185, "2012-03-31": "365.81300", "2011-12-31": 37.582, "2011-09-30": 50.702, "2011-06-30": 48.758, "2011-03-31": "152.48800", "2010-12-31": 50.32, "2010-09-30": 31.985, "2010-06-30": 46.961, "2010-03-31": "33.55700", "2009-12-31": 11.78, "2009-09-30": 47.95, "2009-06-30": 33.557, "2009-03-31": "22.51900", "2008-12-31": 43.642, "2008-09-30": 117.132, "2008-06-30": 197.728, "2008-03-31": "18.43500", "2007-12-31": 32.637, "2007-09-30": 22.244, "2007-06-30": 18.895, "2007-03-31": "26.04900", "2006-12-31": 41.174, "2006-09-30": 19.69, "2006-06-30": 29.879, "2006-03-31": "26.25300", "2005-12-31": 29.997, "2005-09-30": 23.949, "2005-06-30": 8.006, "2005-03-31": "8.07900"}, "Net Change In Property, Plant, And Equipment": {"2020-12-31": 33, "2020-09-30": -13, "2020-06-30": -12, "2020-03-31": "-8.00000", "2019-12-31": -15, "2019-09-30": -10, "2019-06-30": -11, "2019-03-31": "-10.00000", "2018-12-31": -16, "2018-09-30": -9, "2018-06-30": -1, "2018-03-31": "-9.00000", "2017-12-31": -10.219, "2017-09-30": -11.949, "2017-06-30": -11.646, "2017-03-31": "-23.18600", "2016-12-31": -22.926, "2016-09-30": -9.763, "2016-06-30": -13.433, "2016-03-31": "-13.87800", "2015-12-31": -2.419, "2015-09-30": 1.347, "2015-06-30": -2.452, "2015-03-31": "-6.19900", "2014-12-31": -7.658, "2014-09-30": -4.559, "2014-06-30": -1.979, "2014-03-31": "-6.04200", "2013-12-31": -7.137, "2013-09-30": -5.892, "2013-06-30": -3.636, "2013-03-31": "1.78300", "2012-12-31": -4.84, "2012-09-30": 0.164, "2012-06-30": -5.779, "2012-03-31": "-2.32500", "2011-12-31": -7.467, "2011-09-30": -2.805, "2011-06-30": -4.138, "2011-03-31": "-2.70500", "2010-12-31": -4.505, "2010-09-30": -1.912, "2010-06-30": -2.047, "2010-03-31": "-1.34600", "2009-12-31": -2.239, "2009-09-30": -1.383, "2009-06-30": -1.489, "2009-03-31": "-2.88600", "2008-12-31": -1.606, "2008-09-30": -3.776, "2008-06-30": -6.303, "2008-03-31": "-2.50900", "2007-12-31": 0.442, "2007-09-30": -0.668, "2007-06-30": -1.99, "2007-03-31": "-0.54500", "2006-12-31": -1.105, "2006-09-30": -1.136, "2006-06-30": -1.037, "2006-03-31": "-0.94400", "2005-12-31": -1.431, "2005-09-30": -1.284, "2005-06-30": -2.02, "2005-03-31": "-0.94200"}, "Net Change In Intangible Assets": {"2020-12-31": 0, "2020-09-30": 0, "2020-06-30": 0, "2020-03-31": "", "2019-12-31": 0, "2019-09-30": 0, "2019-06-30": 0, "2019-03-31": "", "2018-12-31": 0, "2018-09-30": 0, "2018-06-30": 0, "2018-03-31": "", "2017-12-31": 0, "2017-09-30": 0, "2017-06-30": 0, "2017-03-31": "", "2016-12-31": 0, "2016-09-30": 0, "2016-06-30": 0, "2016-03-31": "", "2015-12-31": 0, "2015-09-30": 0, "2015-06-30": 0, "2015-03-31": "", "2014-12-31": 0, "2014-09-30": 0, "2014-06-30": 0, "2014-03-31": "", "2013-12-31": 0, "2013-09-30": 0, "2013-06-30": 0, "2013-03-31": "", "2012-12-31": 0, "2012-09-30": 0, "2012-06-30": 0, "2012-03-31": "", "2011-12-31": 0, "2011-09-30": 0, "2011-06-30": 0, "2011-03-31": "", "2010-12-31": 0, "2010-09-30": 0, "2010-06-30": 0, "2010-03-31": "", "2009-12-31": 0, "2009-09-30": 0, "2009-06-30": 0, "2009-03-31": "", "2008-12-31": 0, "2008-09-30": 0, "2008-06-30": 0, "2008-03-31": "", "2007-12-31": 0, "2007-09-30": 0, "2007-06-30": 0, "2007-03-31": "", "2006-12-31": 0, "2006-09-30": 0, "2006-06-30": 0, "2006-03-31": "", "2005-12-31": 0, "2005-09-30": 0, "2005-06-30": 0, "2005-03-31": ""}, "Net Acquisitions/Divestitures": {"2020-12-31": 0, "2020-09-30": 0, "2020-06-30": 0, "2020-03-31": "", "2019-12-31": 0, "2019-09-30": 0, "2019-06-30": 0, "2019-03-31": "", "2018-12-31": -7, "2018-09-30": 141, "2018-06-30": 0, "2018-03-31": "", "2017-12-31": 0.036, "2017-09-30": 0, "2017-06-30": -0.718, "2017-03-31": "197.68200", "2016-12-31": 0.238, "2016-09-30": 245.762, "2016-06-30": -46.854, "2016-03-31": "46.85400", "2015-12-31": -3.53, "2015-09-30": 148.159, "2015-06-30": 0, "2015-03-31": "", "2014-12-31": -0.055, "2014-09-30": 32.977, "2014-06-30": 0.094, "2014-03-31": "26.96400", "2013-12-31": 99.651, "2013-09-30": 0, "2013-06-30": 41.986, "2013-03-31": "", "2012-12-31": 0, "2012-09-30": 0, "2012-06-30": 0, "2012-03-31": "203.53800", "2011-12-31": 0, "2011-09-30": -0.001, "2011-06-30": 0.014, "2011-03-31": "23.36100", "2010-12-31": 0, "2010-09-30": 0, "2010-06-30": 0, "2010-03-31": "", "2009-12-31": 0.001, "2009-09-30": 0.036, "2009-06-30": 0.065, "2009-03-31": "-0.05400", "2008-12-31": 6.439, "2008-09-30": 7.155, "2008-06-30": 50.441, "2008-03-31": "", "2007-12-31": 0, "2007-09-30": 0, "2007-06-30": 0, "2007-03-31": "", "2006-12-31": -0.044, "2006-09-30": -0.144, "2006-06-30": -16.935, "2006-03-31": "", "2005-12-31": 3.772, "2005-09-30": 0, "2005-06-30": 0, "2005-03-31": "8.79900"}, "Net Change In Short-term Investments": {"2020-12-31": 0, "2020-09-30": 0, "2020-06-30": 0, "2020-03-31": "", "2019-12-31": 0, "2019-09-30": 0, "2019-06-30": 0, "2019-03-31": "", "2018-12-31": 0, "2018-09-30": 0, "2018-06-30": 0, "2018-03-31": "", "2017-12-31": 0, "2017-09-30": 0, "2017-06-30": 0, "2017-03-31": "", "2016-12-31": 0, "2016-09-30": 0, "2016-06-30": 0, "2016-03-31": "", "2015-12-31": 0, "2015-09-30": 0, "2015-06-30": 0, "2015-03-31": "", "2014-12-31": 0, "2014-09-30": 0, "2014-06-30": 0, "2014-03-31": "", "2013-12-31": 0, "2013-09-30": 0, "2013-06-30": 0, "2013-03-31": "", "2012-12-31": 0, "2012-09-30": 0, "2012-06-30": 0, "2012-03-31": "", "2011-12-31": 0, "2011-09-30": 0, "2011-06-30": 0, "2011-03-31": "", "2010-12-31": 0, "2010-09-30": 0, "2010-06-30": 0, "2010-03-31": "", "2009-12-31": 0, "2009-09-30": 0, "2009-06-30": 50, "2009-03-31": "-50.00000", "2008-12-31": -3.465, "2008-09-30": 14.289, "2008-06-30": -10.04, "2008-03-31": "-0.78400", "2007-12-31": 2.071, "2007-09-30": -1.467, "2007-06-30": -0.561, "2007-03-31": "0.94700", "2006-12-31": -0.342, "2006-09-30": -0.769, "2006-06-30": 5.153, "2006-03-31": "-4.88800", "2005-12-31": 0.846, "2005-09-30": 0.017, "2005-06-30": -1.152, "2005-03-31": "2.58400"}, "Net Change In Long-Term Investments": {"2020-12-31": -567, "2020-09-30": 277, "2020-06-30": 34, "2020-03-31": "256.00000", "2019-12-31": -118, "2019-09-30": -93, "2019-06-30": 251, "2019-03-31": "49.00000", "2018-12-31": -49, "2018-09-30": -227, "2018-06-30": -161, "2018-03-31": "-188.00000", "2017-12-31": -191.7009, "2017-09-30": -172.5262, "2017-06-30": 78.7891, "2017-03-31": "-233.56200", "2016-12-31": -295.666, "2016-09-30": -136.813, "2016-06-30": -315.51, "2016-03-31": "134.98900", "2015-12-31": -181.243, "2015-09-30": 40.644, "2015-06-30": -99.185, "2015-03-31": "-51.76500", "2014-12-31": -64.713, "2014-09-30": -107.662, "2014-06-30": -110.816, "2014-03-31": "-324.14100", "2013-12-31": -39.953, "2013-09-30": 8.57, "2013-06-30": -47.686, "2013-03-31": "1.47900", "2012-12-31": -18.653, "2012-09-30": 10.627, "2012-06-30": 2.262, "2012-03-31": "-564.76600", "2011-12-31": 226.496, "2011-09-30": 43.688, "2011-06-30": -67.641, "2011-03-31": "-80.33600", "2010-12-31": -74.918, "2010-09-30": 4.138, "2010-06-30": -90.659, "2010-03-31": "-27.12100", "2009-12-31": 2.905, "2009-09-30": -89.747, "2009-06-30": -82.861, "2009-03-31": "-1.81500", "2008-12-31": 8.418, "2008-09-30": -91.436, "2008-06-30": -200.804, "2008-03-31": "8.68100", "2007-12-31": 9.205, "2007-09-30": -0.333, "2007-06-30": 0.909, "2007-03-31": "-5.23800", "2006-12-31": 51.106, "2006-09-30": 31.954, "2006-06-30": 51.225, "2006-03-31": "28.83000", "2005-12-31": 116.972, "2005-09-30": -0.236, "2005-06-30": 2.023, "2005-03-31": "-5.04100"}, "Net Change In Investments - Total": {"2020-12-31": -567, "2020-09-30": 277, "2020-06-30": 34, "2020-03-31": "256.00000", "2019-12-31": -118, "2019-09-30": -93, "2019-06-30": 251, "2019-03-31": "49.00000", "2018-12-31": -49, "2018-09-30": -227, "2018-06-30": -161, "2018-03-31": "-188.00000", "2017-12-31": -191.7009, "2017-09-30": -172.5262, "2017-06-30": 78.7891, "2017-03-31": "-233.56200", "2016-12-31": -295.666, "2016-09-30": -136.813, "2016-06-30": -315.51, "2016-03-31": "134.98900", "2015-12-31": -181.243, "2015-09-30": 40.644, "2015-06-30": -99.185, "2015-03-31": "-51.76500", "2014-12-31": -64.713, "2014-09-30": -107.662, "2014-06-30": -110.816, "2014-03-31": "-324.14100", "2013-12-31": -39.953, "2013-09-30": 8.57, "2013-06-30": -47.686, "2013-03-31": "1.47900", "2012-12-31": -18.653, "2012-09-30": 10.627, "2012-06-30": 2.262, "2012-03-31": "-564.76600", "2011-12-31": 226.496, "2011-09-30": 43.688, "2011-06-30": -67.641, "2011-03-31": "-80.33600", "2010-12-31": -74.918, "2010-09-30": 4.138, "2010-06-30": -90.659, "2010-03-31": "-27.12100", "2009-12-31": 2.905, "2009-09-30": -89.747, "2009-06-30": -32.861, "2009-03-31": "-51.81500", "2008-12-31": 4.953, "2008-09-30": -77.147, "2008-06-30": -210.844, "2008-03-31": "7.89700", "2007-12-31": 11.276, "2007-09-30": -1.8, "2007-06-30": 0.348, "2007-03-31": "-4.29100", "2006-12-31": 50.764, "2006-09-30": 31.185, "2006-06-30": 56.378, "2006-03-31": "23.94200", "2005-12-31": 117.818, "2005-09-30": -0.219, "2005-06-30": 0.871, "2005-03-31": "-2.45700"}, "Investing Activities - Other": {"2020-12-31": 2808, "2020-09-30": -31, "2020-06-30": -2277, "2020-03-31": "-500.00000", "2019-12-31": -227, "2019-09-30": -271, "2019-06-30": -209, "2019-03-31": "-467.00000", "2018-12-31": -339, "2018-09-30": -335, "2018-06-30": -436, "2018-03-31": "-284.00000", "2017-12-31": -237.954, "2017-09-30": -324.005, "2017-06-30": -379.083, "2017-03-31": "-208.95800", "2016-12-31": -150.008, "2016-09-30": -473.727, "2016-06-30": -86.219, "2016-03-31": "-123.04600", "2015-12-31": -328.413, "2015-09-30": -255.37, "2015-06-30": -234.547, "2015-03-31": "-167.69300", "2014-12-31": -300.922, "2014-09-30": -327.867, "2014-06-30": -397.222, "2014-03-31": "-144.65500", "2013-12-31": -169.635, "2013-09-30": -211.338, "2013-06-30": -187.091, "2013-03-31": "-85.52000", "2012-12-31": -175.43, "2012-09-30": -131.628, "2012-06-30": -75.496, "2012-03-31": "-31.17700", "2011-12-31": -88.573, "2011-09-30": -97.701, "2011-06-30": -146.768, "2011-03-31": "-79.45400", "2010-12-31": -107.988, "2010-09-30": -58.368, "2010-06-30": -91.337, "2010-03-31": "-54.54600", "2009-12-31": -47.621, "2009-09-30": -82.632, "2009-06-30": 21.822, "2009-03-31": "2.21300", "2008-12-31": 31.024, "2008-09-30": -116.677, "2008-06-30": -85.628, "2008-03-31": "-100.32300", "2007-12-31": 6.682, "2007-09-30": -69.91, "2007-06-30": -35.601, "2007-03-31": "-9.29000", "2006-12-31": -17.682, "2006-09-30": -35.315, "2006-06-30": -88.036, "2006-03-31": "-83.52300", "2005-12-31": 49.853, "2005-09-30": -12.88, "2005-06-30": -67.25, "2005-03-31": "9.58500"}, "Cash Flow From Investing Activities": {"2020-12-31": 2274, "2020-09-30": 233, "2020-06-30": -2255, "2020-03-31": "-252.00000", "2019-12-31": -360, "2019-09-30": -374, "2019-06-30": 31, "2019-03-31": "-428.00000", "2018-12-31": -411, "2018-09-30": -430, "2018-06-30": -598, "2018-03-31": "-481.00000", "2017-12-31": -439.838, "2017-09-30": -508.48, "2017-06-30": -312.658, "2017-03-31": "-268.02400", "2016-12-31": -468.362, "2016-09-30": -374.541, "2016-06-30": -462.016, "2016-03-31": "44.91900", "2015-12-31": -515.605, "2015-09-30": -65.22, "2015-06-30": -336.184, "2015-03-31": "-225.65700", "2014-12-31": -373.348, "2014-09-30": -407.111, "2014-06-30": -509.923, "2014-03-31": "-447.87400", "2013-12-31": -117.074, "2013-09-30": -208.66, "2013-06-30": -196.427, "2013-03-31": "-82.25800", "2012-12-31": -198.923, "2012-09-30": -120.837, "2012-06-30": -79.013, "2012-03-31": "-394.73000", "2011-12-31": 130.456, "2011-09-30": -56.819, "2011-06-30": -218.533, "2011-03-31": "-139.13400", "2010-12-31": -187.411, "2010-09-30": -56.142, "2010-06-30": -184.043, "2010-03-31": "-83.01300", "2009-12-31": -46.954, "2009-09-30": -173.726, "2009-06-30": -12.463, "2009-03-31": "-52.54200", "2008-12-31": 40.81, "2008-09-30": -190.445, "2008-06-30": -252.334, "2008-03-31": "-94.93500", "2007-12-31": 18.4, "2007-09-30": -72.378, "2007-06-30": -37.243, "2007-03-31": "-14.12600", "2006-12-31": 31.933, "2006-09-30": -5.41, "2006-06-30": -49.63, "2006-03-31": "-60.52500", "2005-12-31": 170.012, "2005-09-30": -14.383, "2005-06-30": -68.399, "2005-03-31": "14.98500"}, "Net Long-Term Debt": {"2020-12-31": -56, "2020-09-30": -233, "2020-06-30": -3, "2020-03-31": "292.00000", "2019-12-31": 0, "2019-09-30": 2, "2019-06-30": 664, "2019-03-31": "49.00000", "2018-12-31": 0, "2018-09-30": -2, "2018-06-30": -30, "2018-03-31": "-8.00000", "2017-12-31": 9.503, "2017-09-30": 2.436, "2017-06-30": -39.431, "2017-03-31": "-16.50800", "2016-12-31": -47.883, "2016-09-30": -69.343, "2016-06-30": -0.599, "2016-03-31": "-9.17500", "2015-12-31": 98.813, "2015-09-30": 0.062, "2015-06-30": 1.091, "2015-03-31": "0.01900", "2014-12-31": 0.009, "2014-09-30": 130.836, "2014-06-30": 89.792, "2014-03-31": "68.11300", "2013-12-31": -104.14, "2013-09-30": -0.612, "2013-06-30": -52.967, "2013-03-31": "2.31400", "2012-12-31": -1.075, "2012-09-30": -0.151, "2012-06-30": 0.347, "2012-03-31": "-156.37400", "2011-12-31": -134.772, "2011-09-30": 1.822, "2011-06-30": 21.94, "2011-03-31": "-2.30700", "2010-12-31": -10.692, "2010-09-30": -2.746, "2010-06-30": -44.726, "2010-03-31": "-74.65500", "2009-12-31": -54.549, "2009-09-30": -57.506, "2009-06-30": -8.816, "2009-03-31": "-45.17700", "2008-12-31": -6.569, "2008-09-30": -16.762, "2008-06-30": 8.63, "2008-03-31": "15.07900", "2007-12-31": 47.674, "2007-09-30": -5.752, "2007-06-30": -61.232, "2007-03-31": "-19.21400", "2006-12-31": -17.511, "2006-09-30": -25.059, "2006-06-30": 13.325, "2006-03-31": "-0.32500", "2005-12-31": -64.591, "2005-09-30": -0.611, "2005-06-30": 30.033, "2005-03-31": "-4.58800"}, "Net Current Debt": {"2020-12-31": 1316, "2020-09-30": -512, "2020-06-30": -1032, "2020-03-31": "228.00000", "2019-12-31": 71, "2019-09-30": -566, "2019-06-30": -400, "2019-03-31": "-18.00000", "2018-12-31": 449, "2018-09-30": -655, "2018-06-30": 532, "2018-03-31": "124.00000", "2017-12-31": -194.102, "2017-09-30": -553.667, "2017-06-30": 840.004, "2017-03-31": "286.76500", "2016-12-31": 267.192, "2016-09-30": -24.306, "2016-06-30": 696.523, "2016-03-31": "-687.40900", "2015-12-31": 761.594, "2015-09-30": -220.28, "2015-06-30": -232.918, "2015-03-31": "-301.15800", "2014-12-31": 440.491, "2014-09-30": 85.556, "2014-06-30": 287.886, "2014-03-31": "-24.61500", "2013-12-31": 75.06, "2013-09-30": 135.563, "2013-06-30": 71.217, "2013-03-31": "-138.13700", "2012-12-31": 63.727, "2012-09-30": 84.901, "2012-06-30": 56.683, "2012-03-31": "13.59300", "2011-12-31": 33.951, "2011-09-30": 89.043, "2011-06-30": -10.22, "2011-03-31": "-40.19400", "2010-12-31": -63.979, "2010-09-30": 82.14, "2010-06-30": 24.711, "2010-03-31": "41.56400", "2009-12-31": 62.761, "2009-09-30": 65.834, "2009-06-30": 18.249, "2009-03-31": "-73.93900", "2008-12-31": 32.88, "2008-09-30": 74.836, "2008-06-30": -4.825, "2008-03-31": "15.76700", "2007-12-31": -1.365, "2007-09-30": 36.429, "2007-06-30": 50.501, "2007-03-31": "0.34800", "2006-12-31": -8.852, "2006-09-30": -24.306, "2006-06-30": 5.875, "2006-03-31": "-40.13400", "2005-12-31": -136.893, "2005-09-30": 33.085, "2005-06-30": 15.873, "2005-03-31": "56.86200"}, "Debt Issuance/Retirement Net - Total": {"2020-12-31": 1260, "2020-09-30": -745, "2020-06-30": -1035, "2020-03-31": "520.00000", "2019-12-31": 71, "2019-09-30": -564, "2019-06-30": 264, "2019-03-31": "31.00000", "2018-12-31": 449, "2018-09-30": -657, "2018-06-30": 502, "2018-03-31": "116.00000", "2017-12-31": -184.599, "2017-09-30": -551.231, "2017-06-30": 800.573, "2017-03-31": "270.25700", "2016-12-31": 219.309, "2016-09-30": -93.649, "2016-06-30": 695.924, "2016-03-31": "-696.58400", "2015-12-31": 860.407, "2015-09-30": -220.218, "2015-06-30": -231.827, "2015-03-31": "-301.13900", "2014-12-31": 440.5, "2014-09-30": 216.392, "2014-06-30": 377.678, "2014-03-31": "43.49800", "2013-12-31": -29.08, "2013-09-30": 134.951, "2013-06-30": 18.25, "2013-03-31": "-135.82300", "2012-12-31": 62.652, "2012-09-30": 84.75, "2012-06-30": 57.03, "2012-03-31": "-142.78100", "2011-12-31": -100.821, "2011-09-30": 90.865, "2011-06-30": 11.72, "2011-03-31": "-42.50100", "2010-12-31": -74.671, "2010-09-30": 79.394, "2010-06-30": -20.015, "2010-03-31": "-33.09100", "2009-12-31": 8.212, "2009-09-30": 8.328, "2009-06-30": 9.433, "2009-03-31": "-119.11600", "2008-12-31": 26.311, "2008-09-30": 58.074, "2008-06-30": 3.805, "2008-03-31": "30.84600", "2007-12-31": 46.309, "2007-09-30": 30.677, "2007-06-30": -10.731, "2007-03-31": "-18.86600", "2006-12-31": -26.363, "2006-09-30": -49.365, "2006-06-30": 19.2, "2006-03-31": "-40.45900", "2005-12-31": -201.484, "2005-09-30": 32.474, "2005-06-30": 45.906, "2005-03-31": "52.27400"}, "Net Common Equity Issued/Repurchased": {"2020-12-31": 25, "2020-09-30": 0, "2020-06-30": 0, "2020-03-31": "-25.00000", "2019-12-31": 12, "2019-09-30": 0, "2019-06-30": 0, "2019-03-31": "", "2018-12-31": 4, "2018-09-30": 3, "2018-06-30": 3, "2018-03-31": "4.00000", "2017-12-31": 107.621, "2017-09-30": -100.323, "2017-06-30": 2.745, "2017-03-31": "0.95700", "2016-12-31": -93.358, "2016-09-30": 2.755, "2016-06-30": 5.371, "2016-03-31": "1.23200", "2015-12-31": 2.216, "2015-09-30": 2.743, "2015-06-30": 2.997, "2015-03-31": "4.77500", "2014-12-31": 5.062, "2014-09-30": 1.419, "2014-06-30": 6.376, "2014-03-31": "", "2013-12-31": 57.483, "2013-09-30": 2.636, "2013-06-30": 1.973, "2013-03-31": "", "2012-12-31": 2.309, "2012-09-30": 2.205, "2012-06-30": 3.17, "2012-03-31": "1.21100", "2011-12-31": 2.445, "2011-09-30": 2.46, "2011-06-30": 64.962, "2011-03-31": "1.18600", "2010-12-31": 1.833, "2010-09-30": 1.576, "2010-06-30": 1.9, "2010-03-31": "1.41400", "2009-12-31": 0.988, "2009-09-30": -3.632, "2009-06-30": 130.954, "2009-03-31": "0.24400", "2008-12-31": 1.099, "2008-09-30": 5.57, "2008-06-30": 1.718, "2008-03-31": "-0.34200", "2007-12-31": 0.911, "2007-09-30": -0.512, "2007-06-30": -0.755, "2007-03-31": "-1.66500", "2006-12-31": -6.241, "2006-09-30": 1.112, "2006-06-30": 0.113, "2006-03-31": "-3.10400", "2005-12-31": 0.456, "2005-09-30": 1.967, "2005-06-30": -0.646, "2005-03-31": "5.70500"}, "Net Total Equity Issued/Repurchased": {"2020-12-31": 25, "2020-09-30": 0, "2020-06-30": 0, "2020-03-31": "-25.00000", "2019-12-31": 12, "2019-09-30": 0, "2019-06-30": 0, "2019-03-31": "", "2018-12-31": 4, "2018-09-30": 3, "2018-06-30": 3, "2018-03-31": "4.00000", "2017-12-31": 113.651, "2017-09-30": -106.353, "2017-06-30": 2.745, "2017-03-31": "0.95700", "2016-12-31": -93.358, "2016-09-30": 2.755, "2016-06-30": 5.371, "2016-03-31": "1.23200", "2015-12-31": 2.216, "2015-09-30": 2.743, "2015-06-30": 2.997, "2015-03-31": "4.77500", "2014-12-31": 5.062, "2014-09-30": 1.419, "2014-06-30": 2.621, "2014-03-31": "3.75500", "2013-12-31": 164.365, "2013-09-30": 2.636, "2013-06-30": 2.669, "2013-03-31": "-0.69600", "2012-12-31": 2.309, "2012-09-30": 2.205, "2012-06-30": 3.17, "2012-03-31": "1.21100", "2011-12-31": 2.445, "2011-09-30": 2.46, "2011-06-30": 64.962, "2011-03-31": "1.18600", "2010-12-31": 1.833, "2010-09-30": 1.576, "2010-06-30": 1.9, "2010-03-31": "1.41400", "2009-12-31": 0.989, "2009-09-30": -103.632, "2009-06-30": 130.954, "2009-03-31": "99.99200", "2008-12-31": 1.099, "2008-09-30": 5.57, "2008-06-30": 1.718, "2008-03-31": "-0.34200", "2007-12-31": 0.911, "2007-09-30": -0.512, "2007-06-30": -0.755, "2007-03-31": "-1.66500", "2006-12-31": -6.241, "2006-09-30": 1.112, "2006-06-30": 0.113, "2006-03-31": "-3.10400", "2005-12-31": 0.456, "2005-09-30": 1.967, "2005-06-30": -0.646, "2005-03-31": "5.70500"}, "Total Common And Preferred Stock Dividends Paid": {"2020-12-31": 124, "2020-09-30": -41, "2020-06-30": -42, "2020-03-31": "-41.00000", "2019-12-31": -41, "2019-09-30": -42, "2019-06-30": -41, "2019-03-31": "-41.00000", "2018-12-31": -41, "2018-09-30": -41, "2018-06-30": -42, "2018-03-31": "-41.00000", "2017-12-31": -151, "2017-09-30": 68.581, "2017-06-30": -41.023, "2017-03-31": "-27.55800", "2016-12-31": 74.163, "2016-09-30": -27.435, "2016-06-30": -27.424, "2016-03-31": "-27.30400", "2015-12-31": -23.192, "2015-09-30": -23.188, "2015-06-30": -23.17, "2015-03-31": "-23.00200", "2014-12-31": -22.996, "2014-09-30": -22.121, "2014-06-30": -22.117, "2014-03-31": "-22.33800", "2013-12-31": -19.218, "2013-09-30": -17.56, "2013-06-30": -17.541, "2013-03-31": "-16.92700", "2012-12-31": -16.941, "2012-09-30": -16.93, "2012-06-30": -16.917, "2012-03-31": "-16.85800", "2011-12-31": -15.572, "2011-09-30": -15.362, "2011-06-30": -15.349, "2011-03-31": "-14.40300", "2010-12-31": -13.843, "2010-09-30": -13.828, "2010-06-30": -13.816, "2010-03-31": "-13.76800", "2009-12-31": -13.73, "2009-09-30": -14.675, "2009-06-30": -12.07, "2009-03-31": "-11.90000", "2008-12-31": -21.565, "2008-09-30": -21.447, "2008-06-30": -20.687, "2008-03-31": "-14.58400", "2007-12-31": -14.531, "2007-09-30": -14.535, "2007-06-30": -14.191, "2007-03-31": "-14.19300", "2006-12-31": -14.188, "2006-09-30": -14.152, "2006-06-30": -13.519, "2006-03-31": "-13.50300", "2005-12-31": -13.469, "2005-09-30": -12.984, "2005-06-30": -12.94, "2005-03-31": "-12.94300"}, "Financial Activities - Other": {"2020-12-31": -4065, "2020-09-30": 445, "2020-06-30": 3652, "2020-03-31": "-32.00000", "2019-12-31": 186, "2019-09-30": 866, "2019-06-30": -148, "2019-03-31": "430.00000", "2018-12-31": -45, "2018-09-30": 961, "2018-06-30": 44, "2018-03-31": "99.00000", "2017-12-31": 472.152, "2017-09-30": 879.051, "2017-06-30": -272.915, "2017-03-31": "84.71200", "2016-12-31": 91.005, "2016-09-30": 449.137, "2016-06-30": -164.834, "2016-03-31": "440.69200", "2015-12-31": -132.076, "2015-09-30": 247.528, "2015-06-30": 552.471, "2015-03-31": "425.58700", "2014-12-31": -68.113, "2014-09-30": 100.719, "2014-06-30": 119.774, "2014-03-31": "211.11600", "2013-12-31": -150.372, "2013-09-30": 78.649, "2013-06-30": 87.681, "2013-03-31": "131.27900", "2012-12-31": -41.745, "2012-09-30": 141.714, "2012-06-30": -66.419, "2012-03-31": "243.11400", "2011-12-31": -77.872, "2011-09-30": -28.244, "2011-06-30": 7.667, "2011-03-31": "200.70100", "2010-12-31": 48.322, "2010-09-30": 63.169, "2010-06-30": 40.552, "2010-03-31": "113.67900", "2009-12-31": 121.439, "2009-09-30": -29.91, "2009-06-30": 125.488, "2009-03-31": "108.42400", "2008-12-31": -87.152, "2008-09-30": 10.358, "2008-06-30": 150.587, "2008-03-31": "38.86200", "2007-12-31": -86.447, "2007-09-30": 29.822, "2007-06-30": 59.612, "2007-03-31": "22.49000", "2006-12-31": -26.828, "2006-09-30": 34.252, "2006-06-30": 32.195, "2006-03-31": "78.24400", "2005-12-31": 28.478, "2005-09-30": -37.099, "2005-06-30": 43.996, "2005-03-31": "-61.17200"}, "Cash Flow From Financial Activities": {"2020-12-31": -2656, "2020-09-30": -341, "2020-06-30": 2575, "2020-03-31": "422.00000", "2019-12-31": 228, "2019-09-30": 260, "2019-06-30": 75, "2019-03-31": "420.00000", "2018-12-31": 367, "2018-09-30": 266, "2018-06-30": 507, "2018-03-31": "178.00000", "2017-12-31": 250.204, "2017-09-30": 290.048, "2017-06-30": 489.38, "2017-03-31": "328.36800", "2016-12-31": 291.119, "2016-09-30": 330.808, "2016-06-30": 509.037, "2016-03-31": "-281.96400", "2015-12-31": 707.355, "2015-09-30": 6.865, "2015-06-30": 300.471, "2015-03-31": "106.22100", "2014-12-31": 354.453, "2014-09-30": 296.409, "2014-06-30": 477.956, "2014-03-31": "236.03100", "2013-12-31": -34.305, "2013-09-30": 198.676, "2013-06-30": 91.059, "2013-03-31": "-22.16700", "2012-12-31": 6.275, "2012-09-30": 211.739, "2012-06-30": -23.136, "2012-03-31": "84.68600", "2011-12-31": -191.82, "2011-09-30": 49.719, "2011-06-30": 69, "2011-03-31": "144.98300", "2010-12-31": -38.359, "2010-09-30": 130.311, "2010-06-30": 8.621, "2010-03-31": "68.23400", "2009-12-31": 116.91, "2009-09-30": -139.889, "2009-06-30": 253.805, "2009-03-31": "77.40000", "2008-12-31": -81.307, "2008-09-30": 52.555, "2008-06-30": 135.423, "2008-03-31": "54.78200", "2007-12-31": -53.758, "2007-09-30": 45.452, "2007-06-30": 33.935, "2007-03-31": "-12.23400", "2006-12-31": -73.62, "2006-09-30": -28.153, "2006-06-30": 37.989, "2006-03-31": "21.17800", "2005-12-31": -186.019, "2005-09-30": -15.642, "2005-06-30": 76.316, "2005-03-31": "-16.13600"}, "Net Cash Flow": {"2020-12-31": -301, "2020-09-30": -31, "2020-06-30": 367, "2020-03-31": "-35.00000", "2019-12-31": -10, "2019-09-30": 110, "2019-06-30": 2, "2019-03-31": "9.00000", "2018-12-31": 50, "2018-09-30": 4, "2018-06-30": 48, "2018-03-31": "-93.00000", "2017-12-31": -35.933, "2017-09-30": -7.278, "2017-06-30": 72.235, "2017-03-31": "78.97600", "2016-12-31": -74.131, "2016-09-30": 46.223, "2016-06-30": 53.082, "2016-03-31": "-143.17400", "2015-12-31": 230.353, "2015-09-30": 21.287, "2015-06-30": 3.233, "2015-03-31": "-53.14700", "2014-12-31": 49.425, "2014-09-30": -32.752, "2014-06-30": 24.467, "2014-03-31": "32.27200", "2013-12-31": -69.528, "2013-09-30": 53.407, "2013-06-30": 68.506, "2013-03-31": "-77.44800", "2012-12-31": -128.55, "2012-09-30": 144.836, "2012-06-30": -41.964, "2012-03-31": "55.76900", "2011-12-31": -23.782, "2011-09-30": 43.602, "2011-06-30": -100.775, "2011-03-31": "158.33700", "2010-12-31": -175.45, "2010-09-30": 106.154, "2010-06-30": -128.461, "2010-03-31": "18.77800", "2009-12-31": 81.736, "2009-09-30": -265.665, "2009-06-30": 274.899, "2009-03-31": "47.37700", "2008-12-31": 3.145, "2008-09-30": -20.758, "2008-06-30": 80.817, "2008-03-31": "-21.71800", "2007-12-31": -2.721, "2007-09-30": -4.682, "2007-06-30": 15.587, "2007-03-31": "-0.31100", "2006-12-31": -0.513, "2006-09-30": -13.873, "2006-06-30": 18.238, "2006-03-31": "-13.09400", "2005-12-31": 13.99, "2005-09-30": -6.076, "2005-06-30": 15.923, "2005-03-31": "6.92800"}, "Stock-Based Compensation": {"2020-12-31": 0, "2020-09-30": 0, "2020-06-30": 0, "2020-03-31": "", "2019-12-31": 0, "2019-09-30": 0, "2019-06-30": 0, "2019-03-31": "", "2018-12-31": 0, "2018-09-30": 0, "2018-06-30": 0, "2018-03-31": "", "2017-12-31": 0, "2017-09-30": 0, "2017-06-30": 0, "2017-03-31": "", "2016-12-31": 0, "2016-09-30": 0, "2016-06-30": 0, "2016-03-31": "", "2015-12-31": 0, "2015-09-30": 0, "2015-06-30": 0, "2015-03-31": "", "2014-12-31": 0, "2014-09-30": 0, "2014-06-30": 0, "2014-03-31": "", "2013-12-31": 0, "2013-09-30": 0, "2013-06-30": 0, "2013-03-31": "", "2012-12-31": 0, "2012-09-30": 0, "2012-06-30": 0, "2012-03-31": "", "2011-12-31": 0, "2011-09-30": 0, "2011-06-30": 0, "2011-03-31": "", "2010-12-31": 0, "2010-09-30": 0, "2010-06-30": 0, "2010-03-31": "", "2009-12-31": 0, "2009-09-30": 0, "2009-06-30": 0, "2009-03-31": "", "2008-12-31": 0, "2008-09-30": 0, "2008-06-30": 0, "2008-03-31": "", "2007-12-31": 0, "2007-09-30": 0, "2007-06-30": 0, "2007-03-31": "", "2006-12-31": 0, "2006-09-30": 0, "2006-06-30": 0, "2006-03-31": "", "2005-12-31": 0, "2005-09-30": 0, "2005-06-30": 0, "2005-03-31": ""}, "Common Stock Dividends Paid": {"2020-12-31": 118, "2020-09-30": -39, "2020-06-30": -40, "2020-03-31": "-39.00000", "2019-12-31": -39, "2019-09-30": -40, "2019-06-30": -39, "2019-03-31": "-39.00000", "2018-12-31": -39, "2018-09-30": -39, "2018-06-30": -40, "2018-03-31": "-39.00000", "2017-12-31": -143, "2017-09-30": 64.561, "2017-06-30": -39.013, "2017-03-31": "-25.54800", "2016-12-31": 76.133, "2016-09-30": -25.425, "2016-06-30": -25.414, "2016-03-31": "-25.29400", "2015-12-31": -21.181, "2015-09-30": -21.178, "2015-06-30": -21.16, "2015-03-31": "-20.99200", "2014-12-31": -20.986, "2014-09-30": -20.111, "2014-06-30": -20.107, "2014-03-31": "-20.01600", "2013-12-31": -19.218, "2013-09-30": -17.56, "2013-06-30": -17.541, "2013-03-31": "-16.92700", "2012-12-31": -16.941, "2012-09-30": -16.93, "2012-06-30": -16.917, "2012-03-31": "-16.85800", "2011-12-31": -15.572, "2011-09-30": -15.362, "2011-06-30": -15.349, "2011-03-31": "-14.40300", "2010-12-31": -13.843, "2010-09-30": -13.828, "2010-06-30": -13.816, "2010-03-31": "-13.76800", "2009-12-31": -13.73, "2009-09-30": -14.675, "2009-06-30": -12.07, "2009-03-31": "-11.90000", "2008-12-31": -21.565, "2008-09-30": -21.447, "2008-06-30": -20.687, "2008-03-31": "-14.58400", "2007-12-31": -14.531, "2007-09-30": -14.535, "2007-06-30": -14.191, "2007-03-31": "-14.19300", "2006-12-31": -14.188, "2006-09-30": -14.152, "2006-06-30": -13.519, "2006-03-31": "-13.50300", "2005-12-31": -13.469, "2005-09-30": -12.984, "2005-06-30": -12.94, "2005-03-31": "-12.94300"}}, "financial ratios": {"Current Ratio": {"2019-12-31": "", "2018-12-31": "", "2017-12-31": "", "2016-12-31": "", "2015-12-31": "", "2014-12-31": "", "2013-12-31": "", "2012-12-31": "", "2011-12-31": "", "2010-12-31": "", "2009-12-31": "", "2008-12-31": "", "2007-12-31": "", "2006-12-31": "", "2005-12-31": ""}, "Long-term Debt / Capital": {"2019-12-31": "0.21530", "2018-12-31": "0.11980", "2017-12-31": "0.13160", "2016-12-31": "0.17340", "2015-12-31": "0.23430", "2014-12-31": "0.21130", "2013-12-31": "0.10990", "2012-12-31": "0.17310", "2011-12-31": "0.19440", "2010-12-31": "0.27090", "2009-12-31": "0.33670", "2008-12-31": "0.42900", "2007-12-31": "0.53740", "2006-12-31": "0.55530", "2005-12-31": "0.58130"}, "Debt/Equity Ratio": {"2019-12-31": "0.93300", "2018-12-31": "1.03210", "2017-12-31": "0.98590", "2016-12-31": "1.18310", "2015-12-31": "1.28350", "2014-12-31": "1.27780", "2013-12-31": "0.82300", "2012-12-31": "0.98180", "2011-12-31": "0.94470", "2010-12-31": "1.07840", "2009-12-31": "1.14900", "2008-12-31": "1.39520", "2007-12-31": "1.98810", "2006-12-31": "1.92570", "2005-12-31": "2.18260"}, "Gross Margin": {"2019-12-31": "", "2018-12-31": "", "2017-12-31": "", "2016-12-31": "", "2015-12-31": "", "2014-12-31": "", "2013-12-31": "", "2012-12-31": "", "2011-12-31": "", "2010-12-31": "", "2009-12-31": "", "2008-12-31": "", "2007-12-31": "", "2006-12-31": "", "2005-12-31": ""}, "Operating Margin": {"2019-12-31": "", "2018-12-31": "", "2017-12-31": "", "2016-12-31": "", "2015-12-31": "", "2014-12-31": "", "2013-12-31": "", "2012-12-31": "", "2011-12-31": "", "2010-12-31": "", "2009-12-31": "", "2008-12-31": "", "2007-12-31": "", "2006-12-31": "", "2005-12-31": ""}, "EBIT Margin": {"2019-12-31": "", "2018-12-31": "", "2017-12-31": "", "2016-12-31": "", "2015-12-31": "", "2014-12-31": "", "2013-12-31": "", "2012-12-31": "", "2011-12-31": "", "2010-12-31": "", "2009-12-31": "", "2008-12-31": "", "2007-12-31": "", "2006-12-31": "", "2005-12-31": ""}, "EBITDA Margin": {"2019-12-31": "", "2018-12-31": "", "2017-12-31": "", "2016-12-31": "", "2015-12-31": "", "2014-12-31": "", "2013-12-31": "", "2012-12-31": "", "2011-12-31": "", "2010-12-31": "", "2009-12-31": "", "2008-12-31": "", "2007-12-31": "", "2006-12-31": "", "2005-12-31": ""}, "Pre-Tax Profit Margin": {"2019-12-31": "40.35990", "2018-12-31": "39.40720", "2017-12-31": "34.32980", "2016-12-31": "32.49670", "2015-12-31": "37.02760", "2014-12-31": "35.27260", "2013-12-31": "32.46460", "2012-12-31": "32.61060", "2011-12-31": "29.57080", "2010-12-31": "28.99450", "2009-12-31": "16.47920", "2008-12-31": "16.13040", "2007-12-31": "37.20870", "2006-12-31": "37.71280", "2005-12-31": "33.18760"}, "Net Profit Margin": {"2019-12-31": "32.47640", "2018-12-31": "31.82220", "2017-12-31": "18.41850", "2016-12-31": "21.53240", "2015-12-31": "24.44540", "2014-12-31": "23.15970", "2013-12-31": "23.52650", "2012-12-31": "23.35230", "2011-12-31": "21.62140", "2010-12-31": "21.10970", "2009-12-31": "10.72980", "2008-12-31": "13.40500", "2007-12-31": "26.41790", "2006-12-31": "26.25110", "2005-12-31": "23.78420"}, "Asset Turnover": {"2019-12-31": "0.03370", "2018-12-31": "0.03470", "2017-12-31": "0.03300", "2016-12-31": "0.03470", "2015-12-31": "0.03530", "2014-12-31": "0.03630", "2013-12-31": "0.03690", "2012-12-31": "0.03930", "2011-12-31": "0.04110", "2010-12-31": "0.03950", "2009-12-31": "0.03510", "2008-12-31": "0.03170", "2007-12-31": "0.04330", "2006-12-31": "0.04290", "2005-12-31": "0.04160"}, "Inventory Turnover Ratio": {"2019-12-31": "", "2018-12-31": "", "2017-12-31": "", "2016-12-31": "", "2015-12-31": "", "2014-12-31": "", "2013-12-31": "", "2012-12-31": "", "2011-12-31": "", "2010-12-31": "", "2009-12-31": "", "2008-12-31": "", "2007-12-31": "", "2006-12-31": "", "2005-12-31": ""}, "Receiveable Turnover": {"2019-12-31": "", "2018-12-31": "", "2017-12-31": "", "2016-12-31": "", "2015-12-31": "", "2014-12-31": "", "2013-12-31": "", "2012-12-31": "", "2011-12-31": "", "2010-12-31": "", "2009-12-31": "", "2008-12-31": "", "2007-12-31": "", "2006-12-31": "", "2005-12-31": ""}, "Days Sales In Receivables": {"2019-12-31": "", "2018-12-31": "", "2017-12-31": "", "2016-12-31": "", "2015-12-31": "", "2014-12-31": "", "2013-12-31": "", "2012-12-31": "", "2011-12-31": "", "2010-12-31": "", "2009-12-31": "", "2008-12-31": "", "2007-12-31": "", "2006-12-31": "", "2005-12-31": ""}, "ROE - Return On Equity": {"2019-12-31": "8.10300", "2018-12-31": "8.28700", "2017-12-31": "4.62580", "2016-12-31": "6.93790", "2015-12-31": "8.02540", "2014-12-31": "7.52390", "2013-12-31": "7.06470", "2012-12-31": "7.87480", "2011-12-31": "7.19280", "2010-12-31": "7.00220", "2009-12-31": "3.94050", "2008-12-31": "3.84400", "2007-12-31": "12.80010", "2006-12-31": "12.58890", "2005-12-31": "11.57960"}, "Return On Tangible Equity": {"2019-12-31": "15.15270", "2018-12-31": "16.40280", "2017-12-31": "9.62280", "2016-12-31": "11.50990", "2015-12-31": "13.11340", "2014-12-31": "12.61670", "2013-12-31": "12.23890", "2012-12-31": "16.03250", "2011-12-31": "14.25170", "2010-12-31": "14.78330", "2009-12-31": "8.64670", "2008-12-31": "10.12730", "2007-12-31": "24.63880", "2006-12-31": "24.95960", "2005-12-31": "21.46380"}, "ROA - Return On Assets": {"2019-12-31": "1.11800", "2018-12-31": "1.12680", "2017-12-31": "0.63340", "2016-12-31": "0.78280", "2015-12-31": "0.90930", "2014-12-31": "0.89320", "2013-12-31": "0.86850", "2012-12-31": "0.91820", "2011-12-31": "0.88950", "2010-12-31": "0.83320", "2009-12-31": "0.47200", "2008-12-31": "0.42550", "2007-12-31": "1.14450", "2006-12-31": "1.12610", "2005-12-31": "0.98850"}, "ROI - Return On Investment": {"2019-12-31": "6.21890", "2018-12-31": "7.12510", "2017-12-31": "3.91960", "2016-12-31": "5.49640", "2015-12-31": "5.83160", "2014-12-31": "5.62060", "2013-12-31": "5.90940", "2012-12-31": "6.51190", "2011-12-31": "5.79470", "2010-12-31": "5.10540", "2009-12-31": "2.61370", "2008-12-31": "2.19500", "2007-12-31": "5.92120", "2006-12-31": "5.59870", "2005-12-31": "4.84820"}, "Book Value Per Share": {"2019-12-31": "15.02390", "2018-12-31": "14.20840", "2017-12-31": "13.63050", "2016-12-31": "12.18430", "2015-12-31": "11.94800", "2014-12-31": "11.61810", "2013-12-31": "11.16200", "2012-12-31": "10.01990", "2011-12-31": "9.51260", "2010-12-31": "9.29110", "2009-12-31": "9.14280", "2008-12-31": "10.32310", "2007-12-31": "8.98960", "2006-12-31": "8.89780", "2005-12-31": "8.31090"}, "Operating Cash Flow Per Share": {"2019-12-31": -1.0821, "2018-12-31": 0.9582, "2017-12-31": -0.492, "2016-12-31": 0.1429, "2015-12-31": -1.3754, "2014-12-31": 0.3012, "2013-12-31": -1.5267, "2012-12-31": 1.5522, "2011-12-31": 0.8912, "2010-12-31": 0.2988, "2009-12-31": -3.5277, "2008-12-31": 3.0072, "2007-12-31": -0.3239, "2006-12-31": 0.7326, "2005-12-31": 1.2378}, "Free Cash Flow Per Share": {"2019-12-31": -1.1156, "2018-12-31": 1.0383, "2017-12-31": -0.3908, "2016-12-31": -0.0908, "2015-12-31": -1.3108, "2014-12-31": 0.2822, "2013-12-31": -1.5366, "2012-12-31": 1.5983, "2011-12-31": 0.8402, "2010-12-31": 0.2907, "2009-12-31": -3.4302, "2008-12-31": 2.8775, "2007-12-31": -0.2984, "2006-12-31": 0.7619, "2005-12-31": 1.1374}}, "financial ratios, quarterly": {"Current Ratio": {"2020-09-30": "", "2020-06-30": "", "2020-03-31": "", "2019-12-31": "", "2019-09-30": "", "2019-06-30": "", "2019-03-31": "", "2018-12-31": "", "2018-09-30": "", "2018-06-30": "", "2018-03-31": "", "2017-12-31": "", "2017-09-30": "", "2017-06-30": "", "2017-03-31": "", "2016-12-31": "", "2016-09-30": "", "2016-06-30": "", "2016-03-31": "", "2015-12-31": "", "2015-09-30": "", "2015-06-30": "", "2015-03-31": "", "2014-12-31": "", "2014-09-30": "", "2014-06-30": "", "2014-03-31": "", "2013-12-31": "", "2013-09-30": "", "2013-06-30": "", "2013-03-31": "", "2012-12-31": "", "2012-09-30": "", "2012-06-30": "", "2012-03-31": "", "2011-12-31": "", "2011-09-30": "", "2011-06-30": "", "2011-03-31": "", "2010-12-31": "", "2010-09-30": "", "2010-06-30": "", "2010-03-31": "", "2009-12-31": "", "2009-09-30": "", "2009-06-30": "", "2009-03-31": "", "2008-12-31": "", "2008-09-30": "", "2008-06-30": "", "2008-03-31": "", "2007-12-31": "", "2007-09-30": "", "2007-06-30": "", "2007-03-31": "", "2006-12-31": "", "2006-09-30": "", "2006-06-30": "", "2006-03-31": "", "2005-12-31": "", "2005-09-30": "", "2005-06-30": "", "2005-03-31": ""}, "Long-term Debt / Capital": {"2020-09-30": "0.22010", "2020-06-30": "0.24970", "2020-03-31": "0.25220", "2019-12-31": "0.21530", "2019-09-30": "0.21750", "2019-06-30": "0.21970", "2019-03-31": "0.12570", "2018-12-31": "0.11980", "2018-09-30": "0.12170", "2018-06-30": "0.12330", "2018-03-31": "0.12960", "2017-12-31": "0.13160", "2017-09-30": "0.12930", "2017-06-30": "0.13010", "2017-03-31": "0.13780", "2016-12-31": "0.17340", "2016-09-30": "0.18600", "2016-06-30": "0.20510", "2016-03-31": "0.20700", "2015-12-31": "0.23430", "2015-09-30": "0.20580", "2015-06-30": "0.20800", "2015-03-31": "0.20850", "2014-12-31": "0.21130", "2014-09-30": "0.21260", "2014-06-30": "0.17120", "2014-03-31": "0.13900", "2013-12-31": "0.10990", "2013-09-30": "0.16180", "2013-06-30": "0.16330", "2013-03-31": "0.17310", "2012-12-31": "0.17310", "2012-09-30": "0.17430", "2012-06-30": "0.17670", "2012-03-31": "0.17850", "2011-12-31": "0.19440", "2011-09-30": "0.26000", "2011-06-30": "0.26100", "2011-03-31": "0.26320", "2010-12-31": "0.27090", "2010-09-30": "0.27680", "2010-06-30": "0.27940", "2010-03-31": "0.30280", "2009-12-31": "0.33670", "2009-09-30": "0.35690", "2009-06-30": "0.35790", "2009-03-31": "0.38790", "2008-12-31": "0.42900", "2008-09-30": "0.41970", "2008-06-30": "0.43610", "2008-03-31": "0.54360", "2007-12-31": "0.53740", "2007-09-30": "0.51910", "2007-06-30": "0.52290", "2007-03-31": "0.54770", "2006-12-31": "0.55530", "2006-09-30": "0.56090", "2006-06-30": "0.57170", "2006-03-31": "0.57910", "2005-12-31": "0.58130", "2005-09-30": "0.60880", "2005-06-30": "0.61270", "2005-03-31": "0.60640"}, "Debt/Equity Ratio": {"2020-09-30": "0.66570", "2020-06-30": "0.82520", "2020-03-31": "1.04830", "2019-12-31": "0.93300", "2019-09-30": "0.93030", "2019-06-30": "1.06230", "2019-03-31": "1.02220", "2018-12-31": "1.03210", "2018-09-30": "0.95170", "2018-06-30": "1.10950", "2018-03-31": "1.00650", "2017-12-31": "0.98590", "2017-09-30": "1.02150", "2017-06-30": "1.15720", "2017-03-31": "0.98310", "2016-12-31": "1.18310", "2016-09-30": "1.09840", "2016-06-30": "1.14610", "2016-03-31": "0.88220", "2015-12-31": "1.28350", "2015-09-30": "0.87360", "2015-06-30": "0.99240", "2015-03-31": "1.11030", "2014-12-31": "1.27780", "2014-09-30": "1.06860", "2014-06-30": "0.99500", "2014-03-31": "0.80680", "2013-12-31": "0.82300", "2013-09-30": "0.98010", "2013-06-30": "0.89670", "2013-03-31": "0.87800", "2012-12-31": "0.98180", "2012-09-30": "0.94190", "2012-06-30": "0.89560", "2012-03-31": "0.86520", "2011-12-31": "0.94470", "2011-09-30": "1.02440", "2011-06-30": "0.95860", "2011-03-31": "1.01170", "2010-12-31": "1.07840", "2010-09-30": "1.15040", "2010-06-30": "1.08280", "2010-03-31": "1.11290", "2009-12-31": "1.14900", "2009-09-30": "1.13110", "2009-06-30": "1.02700", "2009-03-31": "1.14240", "2008-12-31": "1.39520", "2008-09-30": "1.30330", "2008-06-30": "1.32870", "2008-03-31": "2.04750", "2007-12-31": "1.98810", "2007-09-30": "1.91270", "2007-06-30": "1.86590", "2007-03-31": "1.88740", "2006-12-31": "1.92570", "2006-09-30": "1.96890", "2006-06-30": "2.05440", "2006-03-31": "2.08010", "2005-12-31": "2.18260", "2005-09-30": "2.67820", "2005-06-30": "2.64950", "2005-03-31": "2.58990"}, "Gross Margin": {"2020-09-30": "", "2020-06-30": "", "2020-03-31": "", "2019-12-31": "", "2019-09-30": "", "2019-06-30": "", "2019-03-31": "", "2018-12-31": "", "2018-09-30": "", "2018-06-30": "", "2018-03-31": "", "2017-12-31": "", "2017-09-30": "", "2017-06-30": "", "2017-03-31": "", "2016-12-31": "", "2016-09-30": "", "2016-06-30": "", "2016-03-31": "", "2015-12-31": "", "2015-09-30": "", "2015-06-30": "", "2015-03-31": "", "2014-12-31": "", "2014-09-30": "", "2014-06-30": "", "2014-03-31": "", "2013-12-31": "", "2013-09-30": "", "2013-06-30": "", "2013-03-31": "", "2012-12-31": "", "2012-09-30": "", "2012-06-30": "", "2012-03-31": "", "2011-12-31": "", "2011-09-30": "", "2011-06-30": "", "2011-03-31": "", "2010-12-31": "", "2010-09-30": "", "2010-06-30": "", "2010-03-31": "", "2009-12-31": "", "2009-09-30": "", "2009-06-30": "", "2009-03-31": "", "2008-12-31": "", "2008-09-30": "", "2008-06-30": "", "2008-03-31": "", "2007-12-31": "", "2007-09-30": "", "2007-06-30": "", "2007-03-31": "", "2006-12-31": "", "2006-09-30": "", "2006-06-30": "", "2006-03-31": "", "2005-12-31": "", "2005-09-30": "", "2005-06-30": "", "2005-03-31": ""}, "Operating Margin": {"2020-09-30": "", "2020-06-30": "", "2020-03-31": "", "2019-12-31": "", "2019-09-30": "", "2019-06-30": "", "2019-03-31": "", "2018-12-31": "", "2018-09-30": "", "2018-06-30": "", "2018-03-31": "", "2017-12-31": "", "2017-09-30": "", "2017-06-30": "", "2017-03-31": "", "2016-12-31": "", "2016-09-30": "", "2016-06-30": "", "2016-03-31": "", "2015-12-31": "", "2015-09-30": "", "2015-06-30": "", "2015-03-31": "", "2014-12-31": "", "2014-09-30": "", "2014-06-30": "", "2014-03-31": "", "2013-12-31": "", "2013-09-30": "", "2013-06-30": "", "2013-03-31": "", "2012-12-31": "", "2012-09-30": "", "2012-06-30": "", "2012-03-31": "", "2011-12-31": "", "2011-09-30": "", "2011-06-30": "", "2011-03-31": "", "2010-12-31": "", "2010-09-30": "", "2010-06-30": "", "2010-03-31": "", "2009-12-31": "", "2009-09-30": "", "2009-06-30": "", "2009-03-31": "", "2008-12-31": "", "2008-09-30": "", "2008-06-30": "", "2008-03-31": "", "2007-12-31": "", "2007-09-30": "", "2007-06-30": "", "2007-03-31": "", "2006-12-31": "", "2006-09-30": "", "2006-06-30": "", "2006-03-31": "", "2005-12-31": "", "2005-09-30": "", "2005-06-30": "", "2005-03-31": ""}, "EBIT Margin": {"2020-09-30": "", "2020-06-30": "", "2020-03-31": "", "2019-12-31": "", "2019-09-30": "", "2019-06-30": "", "2019-03-31": "", "2018-12-31": "", "2018-09-30": "", "2018-06-30": "", "2018-03-31": "", "2017-12-31": "", "2017-09-30": "", "2017-06-30": "", "2017-03-31": "", "2016-12-31": "", "2016-09-30": "", "2016-06-30": "", "2016-03-31": "", "2015-12-31": "", "2015-09-30": "", "2015-06-30": "", "2015-03-31": "", "2014-12-31": "", "2014-09-30": "", "2014-06-30": "", "2014-03-31": "", "2013-12-31": "", "2013-09-30": "", "2013-06-30": "", "2013-03-31": "", "2012-12-31": "", "2012-09-30": "", "2012-06-30": "", "2012-03-31": "", "2011-12-31": "", "2011-09-30": "", "2011-06-30": "", "2011-03-31": "", "2010-12-31": "", "2010-09-30": "", "2010-06-30": "", "2010-03-31": "", "2009-12-31": "", "2009-09-30": "", "2009-06-30": "", "2009-03-31": "", "2008-12-31": "", "2008-09-30": "", "2008-06-30": "", "2008-03-31": "", "2007-12-31": "", "2007-09-30": "", "2007-06-30": "", "2007-03-31": "", "2006-12-31": "", "2006-09-30": "", "2006-06-30": "", "2006-03-31": "", "2005-12-31": "", "2005-09-30": "", "2005-06-30": "", "2005-03-31": ""}, "EBITDA Margin": {"2020-09-30": "", "2020-06-30": "", "2020-03-31": "", "2019-12-31": "", "2019-09-30": "", "2019-06-30": "", "2019-03-31": "", "2018-12-31": "", "2018-09-30": "", "2018-06-30": "", "2018-03-31": "", "2017-12-31": "", "2017-09-30": "", "2017-06-30": "", "2017-03-31": "", "2016-12-31": "", "2016-09-30": "", "2016-06-30": "", "2016-03-31": "", "2015-12-31": "", "2015-09-30": "", "2015-06-30": "", "2015-03-31": "", "2014-12-31": "", "2014-09-30": "", "2014-06-30": "", "2014-03-31": "", "2013-12-31": "", "2013-09-30": "", "2013-06-30": "", "2013-03-31": "", "2012-12-31": "", "2012-09-30": "", "2012-06-30": "", "2012-03-31": "", "2011-12-31": "", "2011-09-30": "", "2011-06-30": "", "2011-03-31": "", "2010-12-31": "", "2010-09-30": "", "2010-06-30": "", "2010-03-31": "", "2009-12-31": "", "2009-09-30": "", "2009-06-30": "", "2009-03-31": "", "2008-12-31": "", "2008-09-30": "", "2008-06-30": "", "2008-03-31": "", "2007-12-31": "", "2007-09-30": "", "2007-06-30": "", "2007-03-31": "", "2006-12-31": "", "2006-09-30": "", "2006-06-30": "", "2006-03-31": "", "2005-12-31": "", "2005-09-30": "", "2005-06-30": "", "2005-03-31": ""}, "Pre-Tax Profit Margin": {"2020-09-30": "35.71430", "2020-06-30": "36.23190", "2020-03-31": "22.92490", "2019-12-31": "39.59050", "2019-09-30": "40.26850", "2019-06-30": "40.47620", "2019-03-31": "41.13480", "2018-12-31": "40.35090", "2018-09-30": "41.83670", "2018-06-30": "36.67820", "2018-03-31": "38.70970", "2017-12-31": "40.21270", "2017-09-30": "40.37340", "2017-06-30": "38.85270", "2017-03-31": "13.57630", "2016-12-31": "37.26100", "2016-09-30": "38.27350", "2016-06-30": "31.46400", "2016-03-31": "21.75000", "2015-12-31": "35.83330", "2015-09-30": "36.99630", "2015-06-30": "37.60370", "2015-03-31": "37.71350", "2014-12-31": "36.86040", "2014-09-30": "34.78640", "2014-06-30": "35.24550", "2014-03-31": "34.09850", "2013-12-31": "29.84710", "2013-09-30": "33.34640", "2013-06-30": "32.98790", "2013-03-31": "33.87260", "2012-12-31": "34.47070", "2012-09-30": "35.71950", "2012-06-30": "34.72450", "2012-03-31": "25.34240", "2011-12-31": "31.50790", "2011-09-30": "31.77840", "2011-06-30": "31.21900", "2011-03-31": "23.52110", "2010-12-31": "36.27890", "2010-09-30": "26.74230", "2010-06-30": "28.05610", "2010-03-31": "24.53180", "2009-12-31": "4.73150", "2009-09-30": "16.96180", "2009-06-30": "17.03710", "2009-03-31": "25.41380", "2008-12-31": "-130.66530", "2008-09-30": "36.09750", "2008-06-30": "24.40730", "2008-03-31": "34.32570", "2007-12-31": "37.33140", "2007-09-30": "36.55790", "2007-06-30": "37.47270", "2007-03-31": "37.45840", "2006-12-31": "39.13480", "2006-09-30": "38.40180", "2006-06-30": "36.89630", "2006-03-31": "36.35620", "2005-12-31": "12.32660", "2005-09-30": "39.40290", "2005-06-30": "39.83340", "2005-03-31": "34.93350"}, "Net Profit Margin": {"2020-09-30": "28.92860", "2020-06-30": "29.71010", "2020-03-31": "17.78660", "2019-12-31": "31.74060", "2019-09-30": "33.89260", "2019-06-30": "31.63270", "2019-03-31": "32.62410", "2018-12-31": "34.38600", "2018-09-30": "33.67350", "2018-06-30": "28.71970", "2018-03-31": "30.46600", "2017-12-31": "7.90690", "2017-09-30": "27.55980", "2017-06-30": "27.04000", "2017-03-31": "9.66230", "2016-12-31": "25.07570", "2016-09-30": "25.57690", "2016-06-30": "20.77300", "2016-03-31": "13.81320", "2015-12-31": "23.51980", "2015-09-30": "24.42050", "2015-06-30": "24.64910", "2015-03-31": "25.22460", "2014-12-31": "24.36200", "2014-09-30": "22.71220", "2014-06-30": "22.95540", "2014-03-31": "22.53640", "2013-12-31": "21.66960", "2013-09-30": "25.35100", "2013-06-30": "23.25390", "2013-03-31": "23.94790", "2012-12-31": "24.84130", "2012-09-30": "25.63730", "2012-06-30": "24.22820", "2012-03-31": "18.59010", "2011-12-31": "22.76930", "2011-09-30": "23.43110", "2011-06-30": "22.49680", "2011-03-31": "17.61770", "2010-12-31": "25.70840", "2010-09-30": "19.63170", "2010-06-30": "20.43910", "2010-03-31": "18.42800", "2009-12-31": "6.59830", "2009-09-30": "6.40900", "2009-06-30": "11.42940", "2009-03-31": "17.50280", "2008-12-31": "-74.65350", "2008-09-30": "25.93680", "2008-06-30": "17.68110", "2008-03-31": "24.41300", "2007-12-31": "26.32460", "2007-09-30": "27.08720", "2007-06-30": "26.34630", "2007-03-31": "25.92960", "2006-12-31": "27.18120", "2006-09-30": "26.71570", "2006-06-30": "25.77670", "2006-03-31": "25.28730", "2005-12-31": "10.70330", "2005-09-30": "28.84250", "2005-06-30": "27.61410", "2005-03-31": "24.05030"}, "Asset Turnover": {"2020-09-30": "0.00750", "2020-06-30": "0.00730", "2020-03-31": "0.00720", "2019-12-31": "0.00850", "2019-09-30": "0.00870", "2019-06-30": "0.00870", "2019-03-31": "0.00840", "2018-12-31": "0.00860", "2018-09-30": "0.00900", "2018-06-30": "0.00900", "2018-03-31": "0.00880", "2017-12-31": "0.00880", "2017-09-30": "0.00880", "2017-06-30": "0.00870", "2017-03-31": "0.00720", "2016-12-31": "0.00900", "2016-09-30": "0.00910", "2016-06-30": "0.00890", "2016-03-31": "0.00860", "2015-12-31": "0.00900", "2015-09-30": "0.00930", "2015-06-30": "0.00930", "2015-03-31": "0.00930", "2014-12-31": "0.00950", "2014-09-30": "0.00930", "2014-06-30": "0.00950", "2014-03-31": "0.00990", "2013-12-31": "0.00970", "2013-09-30": "0.00980", "2013-06-30": "0.01000", "2013-03-31": "0.00990", "2012-12-31": "0.00970", "2012-09-30": "0.01000", "2012-06-30": "0.01020", "2012-03-31": "0.00990", "2011-12-31": "0.01070", "2011-09-30": "0.01020", "2011-06-30": "0.01010", "2011-03-31": "0.01000", "2010-12-31": "0.01020", "2010-09-30": "0.00980", "2010-06-30": "0.00990", "2010-03-31": "0.00990", "2009-12-31": "0.00790", "2009-09-30": "0.00870", "2009-06-30": "0.00920", "2009-03-31": "0.00970", "2008-12-31": "0.00300", "2008-09-30": "0.01070", "2008-06-30": "0.01010", "2008-03-31": "0.01100", "2007-12-31": "0.01060", "2007-09-30": "0.01060", "2007-06-30": "0.01100", "2007-03-31": "0.01110", "2006-12-31": "0.01080", "2006-09-30": "0.01090", "2006-06-30": "0.01060", "2006-03-31": "0.01110", "2005-12-31": "0.00790", "2005-09-30": "0.01100", "2005-06-30": "0.01110", "2005-03-31": "0.01110"}, "Inventory Turnover Ratio": {"2020-09-30": "", "2020-06-30": "", "2020-03-31": "", "2019-12-31": "", "2019-09-30": "", "2019-06-30": "", "2019-03-31": "", "2018-12-31": "", "2018-09-30": "", "2018-06-30": "", "2018-03-31": "", "2017-12-31": "", "2017-09-30": "", "2017-06-30": "", "2017-03-31": "", "2016-12-31": "", "2016-09-30": "", "2016-06-30": "", "2016-03-31": "", "2015-12-31": "", "2015-09-30": "", "2015-06-30": "", "2015-03-31": "", "2014-12-31": "", "2014-09-30": "", "2014-06-30": "", "2014-03-31": "", "2013-12-31": "", "2013-09-30": "", "2013-06-30": "", "2013-03-31": "", "2012-12-31": "", "2012-09-30": "", "2012-06-30": "", "2012-03-31": "", "2011-12-31": "", "2011-09-30": "", "2011-06-30": "", "2011-03-31": "", "2010-12-31": "", "2010-09-30": "", "2010-06-30": "", "2010-03-31": "", "2009-12-31": "", "2009-09-30": "", "2009-06-30": "", "2009-03-31": "", "2008-12-31": "", "2008-09-30": "", "2008-06-30": "", "2008-03-31": "", "2007-12-31": "", "2007-09-30": "", "2007-06-30": "", "2007-03-31": "", "2006-12-31": "", "2006-09-30": "", "2006-06-30": "", "2006-03-31": "", "2005-12-31": "", "2005-09-30": "", "2005-06-30": "", "2005-03-31": ""}, "Receiveable Turnover": {"2020-09-30": "", "2020-06-30": "", "2020-03-31": "", "2019-12-31": "", "2019-09-30": "", "2019-06-30": "", "2019-03-31": "", "2018-12-31": "", "2018-09-30": "", "2018-06-30": "", "2018-03-31": "", "2017-12-31": "", "2017-09-30": "", "2017-06-30": "", "2017-03-31": "", "2016-12-31": "", "2016-09-30": "", "2016-06-30": "", "2016-03-31": "", "2015-12-31": "", "2015-09-30": "", "2015-06-30": "", "2015-03-31": "", "2014-12-31": "", "2014-09-30": "", "2014-06-30": "", "2014-03-31": "", "2013-12-31": "", "2013-09-30": "", "2013-06-30": "", "2013-03-31": "", "2012-12-31": "", "2012-09-30": "", "2012-06-30": "", "2012-03-31": "", "2011-12-31": "", "2011-09-30": "", "2011-06-30": "", "2011-03-31": "", "2010-12-31": "", "2010-09-30": "", "2010-06-30": "", "2010-03-31": "", "2009-12-31": "", "2009-09-30": "", "2009-06-30": "", "2009-03-31": "", "2008-12-31": "", "2008-09-30": "", "2008-06-30": "", "2008-03-31": "", "2007-12-31": "", "2007-09-30": "", "2007-06-30": "", "2007-03-31": "", "2006-12-31": "", "2006-09-30": "", "2006-06-30": "", "2006-03-31": "", "2005-12-31": "", "2005-09-30": "", "2005-06-30": "", "2005-03-31": ""}, "Days Sales In Receivables": {"2020-09-30": "", "2020-06-30": "", "2020-03-31": "", "2019-12-31": "", "2019-09-30": "", "2019-06-30": "", "2019-03-31": "", "2018-12-31": "", "2018-09-30": "", "2018-06-30": "", "2018-03-31": "", "2017-12-31": "", "2017-09-30": "", "2017-06-30": "", "2017-03-31": "", "2016-12-31": "", "2016-09-30": "", "2016-06-30": "", "2016-03-31": "", "2015-12-31": "", "2015-09-30": "", "2015-06-30": "", "2015-03-31": "", "2014-12-31": "", "2014-09-30": "", "2014-06-30": "", "2014-03-31": "", "2013-12-31": "", "2013-09-30": "", "2013-06-30": "", "2013-03-31": "", "2012-12-31": "", "2012-09-30": "", "2012-06-30": "", "2012-03-31": "", "2011-12-31": "", "2011-09-30": "", "2011-06-30": "", "2011-03-31": "", "2010-12-31": "", "2010-09-30": "", "2010-06-30": "", "2010-03-31": "", "2009-12-31": "", "2009-09-30": "", "2009-06-30": "", "2009-03-31": "", "2008-12-31": "", "2008-09-30": "", "2008-06-30": "", "2008-03-31": "", "2007-12-31": "", "2007-09-30": "", "2007-06-30": "", "2007-03-31": "", "2006-12-31": "", "2006-09-30": "", "2006-06-30": "", "2006-03-31": "", "2005-12-31": "", "2005-09-30": "", "2005-06-30": "", "2005-03-31": ""}, "ROE - Return On Equity": {"2020-09-30": "1.71350", "2020-06-30": "1.75370", "2020-03-31": "0.99260", "2019-12-31": "1.98910", "2019-09-30": "2.18540", "2019-06-30": "2.04480", "2019-03-31": "2.05550", "2018-12-31": "2.22170", "2018-09-30": "2.28610", "2018-06-30": "1.94670", "2018-03-31": "2.01080", "2017-12-31": "0.55610", "2017-09-30": "1.79470", "2017-06-30": "1.73620", "2017-03-31": "0.54080", "2016-12-31": "2.08540", "2016-09-30": "2.11750", "2016-06-30": "1.69370", "2016-03-31": "1.08380", "2015-12-31": "1.96660", "2015-09-30": "2.01490", "2015-06-30": "2.04870", "2015-03-31": "2.07060", "2014-12-31": "2.05290", "2014-09-30": "1.86440", "2014-06-30": "1.93380", "2014-03-31": "1.94160", "2013-12-31": "1.70550", "2013-09-30": "2.13510", "2013-06-30": "1.98730", "2013-03-31": "2.01930", "2012-12-31": "2.06520", "2012-09-30": "2.20380", "2012-06-30": "2.12240", "2012-03-31": "1.59310", "2011-12-31": "1.96140", "2011-09-30": "1.95740", "2011-06-30": "1.85860", "2011-03-31": "1.52200", "2010-12-31": "2.20730", "2010-09-30": "1.61690", "2010-06-30": "1.69390", "2010-03-31": "1.52570", "2009-12-31": "0.43670", "2009-09-30": "0.97910", "2009-06-30": "1.00390", "2009-03-31": "1.68050", "2008-12-31": "-2.04170", "2008-09-30": "2.42050", "2008-06-30": "1.57760", "2008-03-31": "3.03350", "2007-12-31": "3.13430", "2007-09-30": "3.25410", "2007-06-30": "3.27090", "2007-03-31": "3.22690", "2006-12-31": "3.27390", "2006-09-30": "3.26900", "2006-06-30": "3.11180", "2006-03-31": "3.28340", "2005-12-31": "0.98930", "2005-09-30": "3.87260", "2005-06-30": "3.81480", "2005-03-31": "3.29370"}, "Return On Tangible Equity": {"2020-09-30": "3.15350", "2020-06-30": "3.26340", "2020-03-31": "1.86800", "2019-12-31": "3.71970", "2019-09-30": "4.14150", "2019-06-30": "3.93050", "2019-03-31": "4.00000", "2018-12-31": "4.39750", "2018-09-30": "4.60130", "2018-06-30": "3.97610", "2018-03-31": "4.15410", "2017-12-31": "1.15680", "2017-09-30": "3.78610", "2017-06-30": "3.69070", "2017-03-31": "1.16600", "2016-12-31": "3.45970", "2016-09-30": "3.55630", "2016-06-30": "2.86740", "2016-03-31": "1.82620", "2015-12-31": "3.21340", "2015-09-30": "3.29870", "2015-06-30": "3.37410", "2015-03-31": "3.41880", "2014-12-31": "3.44250", "2014-09-30": "3.14350", "2014-06-30": "3.30380", "2014-03-31": "3.35780", "2013-12-31": "2.95460", "2013-09-30": "4.31720", "2013-06-30": "4.04330", "2013-03-31": "4.06620", "2012-12-31": "4.20450", "2012-09-30": "4.53610", "2012-06-30": "4.43340", "2012-03-31": "3.36940", "2011-12-31": "3.88630", "2011-09-30": "3.87050", "2011-06-30": "3.71960", "2011-03-31": "3.25940", "2010-12-31": "4.66020", "2010-09-30": "3.42950", "2010-06-30": "3.63150", "2010-03-31": "3.32070", "2009-12-31": "0.95820", "2009-09-30": "2.13370", "2009-06-30": "1.82890", "2009-03-31": "3.45450", "2008-12-31": "-5.37900", "2008-09-30": "5.96940", "2008-06-30": "3.68090", "2008-03-31": "5.82440", "2007-12-31": "6.03330", "2007-09-30": "6.31840", "2007-06-30": "6.40850", "2007-03-31": "6.36220", "2006-12-31": "6.49110", "2006-09-30": "5.87770", "2006-06-30": "5.66260", "2006-03-31": "5.54630", "2005-12-31": "1.83380", "2005-09-30": "6.43530", "2005-06-30": "6.50330", "2005-03-31": "5.67640"}, "ROA - Return On Assets": {"2020-09-30": "0.22170", "2020-06-30": "0.22270", "2020-03-31": "0.13410", "2019-12-31": "0.27440", "2019-09-30": "0.30000", "2019-06-30": "0.28020", "2019-03-31": "0.27900", "2018-12-31": "0.30210", "2018-09-30": "0.30960", "2018-06-30": "0.26350", "2018-03-31": "0.27490", "2017-12-31": "0.07610", "2017-09-30": "0.24960", "2017-06-30": "0.24190", "2017-03-31": "0.07610", "2016-12-31": "0.23530", "2016-09-30": "0.24170", "2016-06-30": "0.19470", "2016-03-31": "0.12860", "2015-12-31": "0.22280", "2015-09-30": "0.23790", "2015-06-30": "0.24180", "2015-03-31": "0.24780", "2014-12-31": "0.24370", "2014-09-30": "0.22460", "2014-06-30": "0.23190", "2014-03-31": "0.23850", "2013-12-31": "0.20970", "2013-09-30": "0.24730", "2013-06-30": "0.23220", "2013-03-31": "0.23790", "2012-12-31": "0.24080", "2012-09-30": "0.25650", "2012-06-30": "0.24790", "2012-03-31": "0.18410", "2011-12-31": "0.24250", "2011-09-30": "0.23890", "2011-06-30": "0.22690", "2011-03-31": "0.17610", "2010-12-31": "0.26260", "2010-09-30": "0.19140", "2010-06-30": "0.20290", "2010-03-31": "0.18160", "2009-12-31": "0.05230", "2009-09-30": "0.11990", "2009-06-30": "0.12170", "2009-03-31": "0.18510", "2008-12-31": "-0.22600", "2008-09-30": "0.27790", "2008-06-30": "0.17920", "2008-03-31": "0.26750", "2007-12-31": "0.28030", "2007-09-30": "0.28780", "2007-06-30": "0.29070", "2007-03-31": "0.28870", "2006-12-31": "0.29280", "2006-09-30": "0.29070", "2006-06-30": "0.27390", "2006-03-31": "0.28060", "2005-12-31": "0.08440", "2005-09-30": "0.31710", "2005-06-30": "0.30760", "2005-03-31": "0.26580"}, "ROI - Return On Investment": {"2020-09-30": "1.30750", "2020-06-30": "1.28700", "2020-03-31": "0.72590", "2019-12-31": "1.52660", "2019-09-30": "1.67210", "2019-06-30": "1.55970", "2019-03-31": "1.75600", "2018-12-31": "1.91020", "2018-09-30": "1.96040", "2018-06-30": "1.66600", "2018-03-31": "1.70810", "2017-12-31": "0.47120", "2017-09-30": "1.52500", "2017-06-30": "1.47360", "2017-03-31": "0.45480", "2016-12-31": "1.65210", "2016-09-30": "1.65190", "2016-06-30": "1.28970", "2016-03-31": "0.82290", "2015-12-31": "1.42900", "2015-09-30": "1.51870", "2015-06-30": "1.53860", "2015-03-31": "1.55360", "2014-12-31": "1.53360", "2014-09-30": "1.38980", "2014-06-30": "1.51300", "2014-03-31": "1.57700", "2013-12-31": "1.42660", "2013-09-30": "1.78960", "2013-06-30": "1.66280", "2013-03-31": "1.66980", "2012-12-31": "1.70770", "2012-09-30": "1.81960", "2012-06-30": "1.74730", "2012-03-31": "1.30880", "2011-12-31": "1.58020", "2011-09-30": "1.44850", "2011-06-30": "1.37350", "2011-03-31": "1.12150", "2010-12-31": "1.60940", "2010-09-30": "1.16940", "2010-06-30": "1.22070", "2010-03-31": "1.06370", "2009-12-31": "0.28970", "2009-09-30": "0.62970", "2009-06-30": "0.59110", "2009-03-31": "0.93330", "2008-12-31": "-1.16590", "2008-09-30": "1.40470", "2008-06-30": "0.88960", "2008-03-31": "1.38450", "2007-12-31": "1.44990", "2007-09-30": "1.56470", "2007-06-30": "1.56050", "2007-03-31": "1.45970", "2006-12-31": "1.45600", "2006-09-30": "1.43550", "2006-06-30": "1.33290", "2006-03-31": "1.38190", "2005-12-31": "0.41420", "2005-09-30": "1.51490", "2005-06-30": "1.47740", "2005-03-31": "1.29640"}, "Book Value Per Share": {"2020-09-30": "15.31810", "2020-06-30": "15.15130", "2020-03-31": "15.00590", "2019-12-31": "15.02390", "2019-09-30": "14.83630", "2019-06-30": "14.66680", "2019-03-31": "14.42190", "2018-12-31": "14.20840", "2018-09-30": "13.95380", "2018-06-30": "13.79530", "2018-03-31": "13.69670", "2017-12-31": "13.63050", "2017-09-30": "13.71940", "2017-06-30": "13.58940", "2017-03-31": "13.48930", "2016-12-31": "12.18430", "2016-09-30": "12.22780", "2016-06-30": "12.11370", "2016-03-31": "12.00580", "2015-12-31": "11.94800", "2015-09-30": "11.94520", "2015-06-30": "11.78520", "2015-03-31": "11.76510", "2014-12-31": "11.61810", "2014-09-30": "11.55720", "2014-06-30": "11.45580", "2014-03-31": "11.32960", "2013-12-31": "11.16200", "2013-09-30": "10.19980", "2013-06-30": "10.12040", "2013-03-31": "10.06760", "2012-12-31": "10.01990", "2012-09-30": "9.97900", "2012-06-30": "9.82400", "2012-03-31": "9.71100", "2011-12-31": "9.51260", "2011-09-30": "9.55330", "2011-06-30": "9.47050", "2011-03-31": "9.33570", "2010-12-31": "9.29110", "2010-09-30": "9.28920", "2010-06-30": "9.23750", "2010-03-31": "9.15520", "2009-12-31": "9.14280", "2009-09-30": "9.23400", "2009-06-30": "10.10080", "2009-03-31": "11.43520", "2008-12-31": "10.32310", "2008-09-30": "10.83380", "2008-06-30": "10.68810", "2008-03-31": "8.96860", "2007-12-31": "8.98960", "2007-09-30": "8.94370", "2007-06-30": "8.92020", "2007-03-31": "8.91340", "2006-12-31": "8.89780", "2006-09-30": "8.93830", "2006-06-30": "8.88140", "2006-03-31": "8.36780", "2005-12-31": "8.31090", "2005-09-30": "8.26310", "2005-06-30": "8.16830", "2005-03-31": "8.04400"}, "Operating Cash Flow Per Share": {"2020-09-30": 0.2372, "2020-06-30": 0.1428, "2020-03-31": "-0.62870", "2019-12-31": 0.3742, "2019-09-30": 0.687, "2019-06-30": -0.3191, "2019-03-31": "0.05220", "2018-12-31": 0.2888, "2018-09-30": 0.5162, "2018-06-30": 0.4268, "2018-03-31": "0.64460", "2017-12-31": 0.5326, "2017-09-30": 0.6499, "2017-06-30": -0.3422, "2017-03-31": "0.07790", "2016-12-31": 0.5136, "2016-09-30": 0.4245, "2016-06-30": -0.0096, "2016-03-31": "0.48170", "2015-12-31": 0.2199, "2015-09-30": 0.4507, "2015-06-30": 0.2197, "2015-03-31": "0.37700", "2014-12-31": 0.4015, "2014-09-30": 0.4508, "2014-06-30": 0.3016, "2014-03-31": "1.48880", "2013-12-31": 0.5371, "2013-09-30": 0.4272, "2013-06-30": 1.186, "2013-03-31": "0.19120", "2012-12-31": 0.4587, "2012-09-30": 0.3782, "2012-06-30": 0.4255, "2012-03-31": "2.60580", "2011-12-31": 0.3375, "2011-09-30": 0.3568, "2011-06-30": 0.361, "2011-03-31": "1.26070", "2010-12-31": 0.4421, "2010-09-30": 0.2783, "2010-06-30": 0.4102, "2010-03-31": "0.29420", "2009-12-31": 0.2125, "2009-09-30": 0.3144, "2009-06-30": 0.3477, "2009-03-31": "0.25140", "2008-12-31": 0.8479, "2008-09-30": 1.2938, "2008-06-30": 2.2078, "2008-03-31": "0.30420", "2007-12-31": 0.5385, "2007-09-30": 0.3666, "2007-06-30": 0.3118, "2007-03-31": "0.42960", "2006-12-31": 0.7177, "2006-09-30": 0.2966, "2006-06-30": 0.5002, "2006-03-31": "0.45590", "2005-12-31": 0.5367, "2005-09-30": 0.4189, "2005-06-30": 0.1321, "2005-03-31": "0.15010"}, "Free Cash Flow Per Share": {"2020-09-30": 0.1973, "2020-06-30": 0.1059, "2020-03-31": "-0.65330", "2019-12-31": 0.3282, "2019-09-30": 0.6564, "2019-06-30": -0.3528, "2019-03-31": "0.02150", "2018-12-31": 0.2397, "2018-09-30": 0.4885, "2018-06-30": 0.4237, "2018-03-31": "0.61700", "2017-12-31": 0.4889, "2017-09-30": 0.6132, "2017-06-30": -0.3525, "2017-03-31": "-0.01900", "2016-12-31": 0.3999, "2016-09-30": 0.3784, "2016-06-30": -0.0674, "2016-03-31": "0.41050", "2015-12-31": 0.2062, "2015-09-30": 0.4584, "2015-06-30": 0.2058, "2015-03-31": "0.34180", "2014-12-31": 0.3563, "2014-09-30": 0.4241, "2014-06-30": 0.2906, "2014-03-31": "1.45200", "2013-12-31": 0.4893, "2013-09-30": 0.387, "2013-06-30": 1.1606, "2013-03-31": "0.20390", "2012-12-31": 0.4243, "2012-09-30": 0.3795, "2012-06-30": 0.3844, "2012-03-31": "2.58920", "2011-12-31": 0.2763, "2011-09-30": 0.3362, "2011-06-30": 0.3282, "2011-03-31": "1.23840", "2010-12-31": 0.4026, "2010-09-30": 0.2616, "2010-06-30": 0.3923, "2010-03-31": "0.28240", "2009-12-31": 0.1852, "2009-09-30": 0.3106, "2009-06-30": 0.3332, "2009-03-31": "0.21920", "2008-12-31": 0.8163, "2008-09-30": 1.2525, "2008-06-30": 2.1468, "2008-03-31": "0.26280", "2007-12-31": 0.5457, "2007-09-30": 0.3556, "2007-06-30": 0.279, "2007-03-31": "0.42060", "2006-12-31": 0.6981, "2006-09-30": 0.2788, "2006-06-30": 0.4829, "2006-03-31": "0.43950", "2005-12-31": 0.5106, "2005-09-30": 0.3966, "2005-06-30": 0.0976, "2005-03-31": "0.13260"}}, "revenue": {"F.N.B Annual Revenue (Millions of US $)": {"2020": "$1,425", "2019": "$1,541", "2018": "$1,446", "2017": "$1,232", "2016": "$880", "2015": "$709", "2014": "$667", "2013": "$576", "2012": "$563", "2011": "$511", "2010": "$490", "2009": "$494", "2008": "$496", "2007": "$450", "2006": "$422", "2005": "$353"}, "F.N.B Quarterly Revenue (Millions of US $)": {"2020-12-31": "$339", "2020-09-30": "$353", "2020-06-30": "$358", "2020-03-31": "$375", "2019-12-31": "$380", "2019-09-30": "$394", "2019-06-30": "$392", "2019-03-31": "$375", "2018-12-31": "$374", "2018-09-30": "$373", "2018-06-30": "$359", "2018-03-31": "$340", "2017-12-31": "$335", "2017-09-30": "$330", "2017-06-30": "$317", "2017-03-31": "$250", "2016-12-31": "$228", "2016-09-30": "$228", "2016-06-30": "$222", "2016-03-31": "$202", "2015-12-31": "$184", "2015-09-30": "$179", "2015-06-30": "$175", "2015-03-31": "$172", "2014-12-31": "$175", "2014-09-30": "$169", "2014-06-30": "$164", "2014-03-31": "$160", "2013-12-31": "$150", "2013-09-30": "$143", "2013-06-30": "$145", "2013-03-31": "$139", "2012-12-31": "$139", "2012-09-30": "$143", "2012-06-30": "$142", "2012-03-31": "$139", "2011-12-31": "$129", "2011-09-30": "$128", "2011-06-30": "$127", "2011-03-31": "$126", "2010-12-31": "$122", "2010-09-30": "$122", "2010-06-30": "$123", "2010-03-31": "$123", "2009-12-31": "$121", "2009-09-30": "$120", "2009-06-30": "$125", "2009-03-31": "$126", "2008-12-31": "$115", "2008-09-30": "$137", "2008-06-30": "$133", "2008-03-31": "$111", "2007-12-31": "$113", "2007-09-30": "$114", "2007-06-30": "$112", "2007-03-31": "$111", "2006-12-31": "$110", "2006-09-30": "$111", "2006-06-30": "$104", "2006-03-31": "$97", "2005-12-31": "$78", "2005-09-30": "$95", "2005-06-30": "$93", "2005-03-31": "$88"}}, "gross-profit": {"F.N.B Annual Gross Profit (Millions of US $)": {"2020": "$1,217", "2019": "$1,211", "2018": "$1,208", "2017": "$1,098", "2016": "$813", "2015": "$661", "2014": "$625", "2013": "$532", "2012": "$504", "2011": "$436", "2010": "$401", "2009": "$373", "2008": "$338", "2007": "$276", "2006": "$268", "2005": "$245"}, "F.N.B Quarterly Gross Profit (Millions of US $)": {"2020-12-31": "$303", "2020-09-30": "$307", "2020-06-30": "$306", "2020-03-31": "$301", "2019-12-31": "$300", "2019-09-30": "$310", "2019-06-30": "$305", "2019-03-31": "$296", "2018-12-31": "$300", "2018-09-30": "$310", "2018-06-30": "$305", "2018-03-31": "$293", "2017-12-31": "$294", "2017-09-30": "$291", "2017-06-30": "$284", "2017-03-31": "$228", "2016-12-31": "$210", "2016-09-30": "$211", "2016-06-30": "$206", "2016-03-31": "$186", "2015-12-31": "$170", "2015-09-30": "$167", "2015-06-30": "$164", "2015-03-31": "$160", "2014-12-31": "$163", "2014-09-30": "$158", "2014-06-30": "$153", "2014-03-31": "$150", "2013-12-31": "$140", "2013-09-30": "$132", "2013-06-30": "$133", "2013-03-31": "$127", "2012-12-31": "$126", "2012-09-30": "$128", "2012-06-30": "$127", "2012-03-31": "$123", "2011-12-31": "$113", "2011-09-30": "$110", "2011-06-30": "$108", "2011-03-31": "$106", "2010-12-31": "$102", "2010-09-30": "$100", "2010-06-30": "$100", "2010-03-31": "$99", "2009-12-31": "$95", "2009-09-30": "$92", "2009-06-30": "$94", "2009-03-31": "$92", "2008-12-31": "$77", "2008-09-30": "$97", "2008-06-30": "$93", "2008-03-31": "$71", "2007-12-31": "$70", "2007-09-30": "$69", "2007-06-30": "$69", "2007-03-31": "$69", "2006-12-31": "$67", "2006-09-30": "$68", "2006-06-30": "$67", "2006-03-31": "$65", "2005-12-31": "$48", "2005-09-30": "$66", "2005-06-30": "$66", "2005-03-31": "$64"}}, "operating-income": {"F.N.B Annual Operating Income (Millions of US $)": {"2020": "$343", "2019": "$471", "2018": "$452", "2017": "$413", "2016": "$283", "2015": "$233", "2014": "$216", "2013": "$171", "2012": "$162", "2011": "$124", "2010": "$103", "2009": "$50", "2008": "$48", "2007": "$98", "2006": "$98", "2005": "$78"}, "F.N.B Quarterly Operating Income (Millions of US $)": {"2020-12-31": "$86", "2020-09-30": "$100", "2020-06-30": "$100", "2020-03-31": "$58", "2019-12-31": "$116", "2019-09-30": "$120", "2019-06-30": "$119", "2019-03-31": "$116", "2018-12-31": "$115", "2018-09-30": "$123", "2018-06-30": "$106", "2018-03-31": "$108", "2017-12-31": "$113", "2017-09-30": "$112", "2017-06-30": "$105", "2017-03-31": "$82", "2016-12-31": "$75", "2016-09-30": "$75", "2016-06-30": "$70", "2016-03-31": "$63", "2015-12-31": "$63", "2015-09-30": "$59", "2015-06-30": "$59", "2015-03-31": "$57", "2014-12-31": "$62", "2014-09-30": "$53", "2014-06-30": "$51", "2014-03-31": "$54", "2013-12-31": "$46", "2013-09-30": "$43", "2013-06-30": "$44", "2013-03-31": "$41", "2012-12-31": "$43", "2012-09-30": "$43", "2012-06-30": "$42", "2012-03-31": "$36", "2011-12-31": "$38", "2011-09-30": "$33", "2011-06-30": "$31", "2011-03-31": "$27", "2010-12-31": "$39", "2010-09-30": "$24", "2010-06-30": "$25", "2010-03-31": "$21", "2009-12-31": "$9", "2009-09-30": "$13", "2009-06-30": "$14", "2009-03-31": "$21", "2008-12-31": "$-26", "2008-09-30": "$33", "2008-06-30": "$20", "2008-03-31": "$23", "2007-12-31": "$28", "2007-09-30": "$24", "2007-06-30": "$25", "2007-03-31": "$25", "2006-12-31": "$28", "2006-09-30": "$25", "2006-06-30": "$24", "2006-03-31": "$23", "2005-12-31": "$9", "2005-09-30": "$25", "2005-06-30": "$25", "2005-03-31": "$22"}}, "ebitda": {"F.N.B Annual EBITDA (Millions of US $)": {"2019": "$", "2018": "$", "2017": "$", "2016": "$", "2015": "$", "2014": "$", "2013": "$", "2012": "$", "2011": "$", "2010": "$", "2009": "$", "2008": "$", "2007": "$", "2006": "$", "2005": "$"}, "F.N.B Quarterly EBITDA (Millions of US $)": {"2020-09-30": "", "2020-06-30": "", "2020-03-31": "", "2019-12-31": "", "2019-09-30": "", "2019-06-30": "", "2019-03-31": "", "2018-12-31": "", "2018-09-30": "", "2018-06-30": "", "2018-03-31": "", "2017-12-31": "", "2017-09-30": "", "2017-06-30": "", "2017-03-31": "", "2016-12-31": "", "2016-09-30": "", "2016-06-30": "", "2016-03-31": "", "2015-12-31": "", "2015-09-30": "", "2015-06-30": "", "2015-03-31": "", "2014-12-31": "", "2014-09-30": "", "2014-06-30": "", "2014-03-31": "", "2013-12-31": "", "2013-09-30": "", "2013-06-30": "", "2013-03-31": "", "2012-12-31": "", "2012-09-30": "", "2012-06-30": "", "2012-03-31": "", "2011-12-31": "", "2011-09-30": "", "2011-06-30": "", "2011-03-31": "", "2010-12-31": "", "2010-09-30": "", "2010-06-30": "", "2010-03-31": "", "2009-12-31": "", "2009-09-30": "", "2009-06-30": "", "2009-03-31": "", "2008-12-31": "", "2008-09-30": "", "2008-06-30": "", "2008-03-31": "", "2007-12-31": "", "2007-09-30": "", "2007-06-30": "", "2007-03-31": "", "2006-12-31": "", "2006-09-30": "", "2006-06-30": "", "2006-03-31": "", "2005-12-31": "", "2005-09-30": "", "2005-06-30": "", "2005-03-31": ""}}, "net-income": {"F.N.B Annual Net Income (Millions of US $)": {"2020": "$278", "2019": "$379", "2018": "$365", "2017": "$191", "2016": "$163", "2015": "$152", "2014": "$136", "2013": "$118", "2012": "$110", "2011": "$87", "2010": "$75", "2009": "$33", "2008": "$36", "2007": "$70", "2006": "$68", "2005": "$55"}, "F.N.B Quarterly Net Income (Millions of US $)": {"2020-12-31": "$70", "2020-09-30": "$81", "2020-06-30": "$82", "2020-03-31": "$45", "2019-12-31": "$93", "2019-09-30": "$101", "2019-06-30": "$93", "2019-03-31": "$92", "2018-12-31": "$98", "2018-09-30": "$99", "2018-06-30": "$83", "2018-03-31": "$85", "2017-12-31": "$22", "2017-09-30": "$76", "2017-06-30": "$72", "2017-03-31": "$21", "2016-12-31": "$49", "2016-09-30": "$50", "2016-06-30": "$39", "2016-03-31": "$24", "2015-12-31": "$37", "2015-09-30": "$38", "2015-06-30": "$38", "2015-03-31": "$38", "2014-12-31": "$37", "2014-09-30": "$33", "2014-06-30": "$33", "2014-03-31": "$32", "2013-12-31": "$28", "2013-09-30": "$32", "2013-06-30": "$29", "2013-03-31": "$29", "2012-12-31": "$29", "2012-09-30": "$31", "2012-06-30": "$29", "2012-03-31": "$22", "2011-12-31": "$24", "2011-09-30": "$24", "2011-06-30": "$22", "2011-03-31": "$17", "2010-12-31": "$24", "2010-09-30": "$17", "2010-06-30": "$18", "2010-03-31": "$16", "2009-12-31": "$5", "2009-09-30": "$5", "2009-06-30": "$9", "2009-03-31": "$14", "2008-12-31": "$-19", "2008-09-30": "$24", "2008-06-30": "$15", "2008-03-31": "$16", "2007-12-31": "$17", "2007-09-30": "$18", "2007-06-30": "$18", "2007-03-31": "$17", "2006-12-31": "$18", "2006-09-30": "$18", "2006-06-30": "$17", "2006-03-31": "$16", "2005-12-31": "$5", "2005-09-30": "$18", "2005-06-30": "$18", "2005-03-31": "$15"}}, "eps-earnings-per-share-diluted": {"F.N.B Annual EPS": {"2020": "$0.85", "2019": "$1.16", "2018": "$1.12", "2017": "$0.63", "2016": "$0.78", "2015": "$0.86", "2014": "$0.80", "2013": "$0.80", "2012": "$0.79", "2011": "$0.70", "2010": "$0.65", "2009": "$0.32", "2008": "$0.44", "2007": "$1.15", "2006": "$1.14", "2005": "$0.98"}, "F.N.B Quarterly EPS": {"2020-12-31": "$0.22", "2020-09-30": "$0.25", "2020-06-30": "$0.25", "2020-03-31": "$0.14", "2019-12-31": "$0.28", "2019-09-30": "$0.31", "2019-06-30": "$0.29", "2019-03-31": "$0.28", "2018-12-31": "$0.30", "2018-09-30": "$0.30", "2018-06-30": "$0.26", "2018-03-31": "$0.26", "2017-12-31": "$0.09", "2017-09-30": "$0.23", "2017-06-30": "$0.22", "2017-03-31": "$0.09", "2016-12-31": "$0.23", "2016-09-30": "$0.24", "2016-06-30": "$0.19", "2016-03-31": "$0.12", "2015-12-31": "$0.20", "2015-09-30": "$0.22", "2015-06-30": "$0.22", "2015-03-31": "$0.22", "2014-12-31": "$0.20", "2014-09-30": "$0.20", "2014-06-30": "$0.20", "2014-03-31": "$0.20", "2013-12-31": "$0.18", "2013-09-30": "$0.22", "2013-06-30": "$0.20", "2013-03-31": "$0.20", "2012-12-31": "$0.21", "2012-09-30": "$0.22", "2012-06-30": "$0.21", "2012-03-31": "$0.15", "2011-12-31": "$0.19", "2011-09-30": "$0.19", "2011-06-30": "$0.18", "2011-03-31": "$0.14", "2010-12-31": "$0.20", "2010-09-30": "$0.15", "2010-06-30": "$0.16", "2010-03-31": "$0.14", "2009-12-31": "$0.02", "2009-09-30": "$0.04", "2009-06-30": "$0.10", "2009-03-31": "$0.16", "2008-12-31": "$-0.27", "2008-09-30": "$0.27", "2008-06-30": "$0.17", "2008-03-31": "$0.27", "2007-12-31": "$0.28", "2007-09-30": "$0.29", "2007-06-30": "$0.29", "2007-03-31": "$0.29", "2006-12-31": "$0.30", "2006-09-30": "$0.29", "2006-06-30": "$0.28", "2006-03-31": "$0.27", "2005-12-31": "$0.07", "2005-09-30": "$0.32", "2005-06-30": "$0.31", "2005-03-31": "$0.28"}}, "shares-outstanding": {"F.N.B Annual Shares Outstanding (Millions of Shares)": {"2020": "325", "2019": "326", "2018": "326", "2017": "304", "2016": "208", "2015": "176", "2014": "169", "2013": "148", "2012": "141", "2011": "125", "2010": "114", "2009": "103", "2008": "81", "2007": "61", "2006": "59", "2005": "57"}, "F.N.B Quarterly Shares Outstanding (Millions of Shares)": {"2020-12-31": "325", "2020-09-30": "326", "2020-06-30": "325", "2020-03-31": "326", "2019-12-31": "326", "2019-09-30": "326", "2019-06-30": "326", "2019-03-31": "326", "2018-12-31": "326", "2018-09-30": "326", "2018-06-30": "326", "2018-03-31": "326", "2017-12-31": "304", "2017-09-30": "325", "2017-06-30": "325", "2017-03-31": "239", "2016-12-31": "208", "2016-09-30": "212", "2016-06-30": "212", "2016-03-31": "195", "2015-12-31": "176", "2015-09-30": "177", "2015-06-30": "176", "2015-03-31": "176", "2014-12-31": "169", "2014-09-30": "169", "2014-06-30": "168", "2014-03-31": "164", "2013-12-31": "148", "2013-09-30": "146", "2013-06-30": "146", "2013-03-31": "141", "2012-12-31": "141", "2012-09-30": "141", "2012-06-30": "141", "2012-03-31": "140", "2011-12-31": "125", "2011-09-30": "127", "2011-06-30": "124", "2011-03-31": "121", "2010-12-31": "114", "2010-09-30": "114", "2010-06-30": "114", "2010-03-31": "114", "2009-12-31": "103", "2009-09-30": "114", "2009-06-30": "94", "2009-03-31": "90", "2008-12-31": "81", "2008-09-30": "88", "2008-06-30": "86", "2008-03-31": "61", "2007-12-31": "61", "2007-09-30": "61", "2007-06-30": "61", "2007-03-31": "61", "2006-12-31": "59", "2006-09-30": "61", "2006-06-30": "59", "2006-03-31": "58", "2005-12-31": "57", "2005-09-30": "57", "2005-06-30": "57", "2005-03-31": "54"}}, "total-assets": {"F.N.B Annual Total Assets (Millions of US $)": {"2019": "$34,615", "2018": "$33,102", "2017": "$31,418", "2016": "$21,845", "2015": "$17,558", "2014": "$16,127", "2013": "$13,563", "2012": "$12,024", "2011": "$9,786", "2010": "$8,960", "2009": "$8,709", "2008": "$8,365", "2007": "$6,088", "2006": "$6,008", "2005": "$5,590"}, "F.N.B Quarterly Total Assets (Millions of US $)": {"2020-09-30": "$37,441", "2020-06-30": "$37,721", "2020-03-31": "$35,049", "2019-12-31": "$34,615", "2019-09-30": "$34,329", "2019-06-30": "$33,903", "2019-03-31": "$33,695", "2018-12-31": "$33,102", "2018-09-30": "$32,618", "2018-06-30": "$32,258", "2018-03-31": "$31,652", "2017-12-31": "$31,418", "2017-09-30": "$31,123", "2017-06-30": "$30,754", "2017-03-31": "$30,191", "2016-12-31": "$21,845", "2016-09-30": "$21,584", "2016-06-30": "$21,215", "2016-03-31": "$20,325", "2015-12-31": "$17,558", "2015-09-30": "$16,836", "2015-06-30": "$16,599", "2015-03-31": "$16,279", "2014-12-31": "$16,127", "2014-09-30": "$15,757", "2014-06-30": "$15,019", "2014-03-31": "$14,477", "2013-12-31": "$13,563", "2013-09-30": "$12,790", "2013-06-30": "$12,573", "2013-03-31": "$11,998", "2012-12-31": "$12,024", "2012-09-30": "$11,985", "2012-06-30": "$11,751", "2012-03-31": "$11,726", "2011-12-31": "$9,786", "2011-09-30": "$9,951", "2011-06-30": "$9,857", "2011-03-31": "$9,755", "2010-12-31": "$8,960", "2010-09-30": "$8,993", "2010-06-30": "$8,833", "2010-03-31": "$8,800", "2009-12-31": "$8,709", "2009-09-30": "$8,596", "2009-06-30": "$8,710", "2009-03-31": "$8,455", "2008-12-31": "$8,365", "2008-09-30": "$8,457", "2008-06-30": "$8,096", "2008-03-31": "$6,165", "2007-12-31": "$6,088", "2007-09-30": "$6,124", "2007-06-30": "$6,061", "2007-03-31": "$6,016", "2006-12-31": "$6,008", "2006-09-30": "$6,060", "2006-06-30": "$6,073", "2006-03-31": "$5,631", "2005-12-31": "$5,590", "2005-09-30": "$5,704", "2005-06-30": "$5,702", "2005-03-31": "$5,609"}}, "cash-on-hand": {"F.N.B Annual Cash on Hand (Millions of US $)": {"2019": "$599", "2018": "$488", "2017": "$479", "2016": "$371", "2015": "$489", "2014": "$287", "2013": "$214", "2012": "$239", "2011": "$209", "2010": "$132", "2009": "$311", "2008": "$172", "2007": "$131", "2006": "$124", "2005": "$132"}, "F.N.B Quarterly Cash on Hand (Millions of US $)": {"2020-09-30": "$900", "2020-06-30": "$931", "2020-03-31": "$564", "2019-12-31": "$599", "2019-09-30": "$609", "2019-06-30": "$499", "2019-03-31": "$497", "2018-12-31": "$488", "2018-09-30": "$438", "2018-06-30": "$434", "2018-03-31": "$386", "2017-12-31": "$479", "2017-09-30": "$515", "2017-06-30": "$523", "2017-03-31": "$450", "2016-12-31": "$371", "2016-09-30": "$445", "2016-06-30": "$399", "2016-03-31": "$346", "2015-12-31": "$489", "2015-09-30": "$259", "2015-06-30": "$237", "2015-03-31": "$234", "2014-12-31": "$287", "2014-09-30": "$238", "2014-06-30": "$271", "2014-03-31": "$246", "2013-12-31": "$214", "2013-09-30": "$284", "2013-06-30": "$230", "2013-03-31": "$162", "2012-12-31": "$239", "2012-09-30": "$368", "2012-06-30": "$223", "2012-03-31": "$265", "2011-12-31": "$209", "2011-09-30": "$233", "2011-06-30": "$189", "2011-03-31": "$290", "2010-12-31": "$132", "2010-09-30": "$307", "2010-06-30": "$201", "2010-03-31": "$329", "2009-12-31": "$311", "2009-09-30": "$229", "2009-06-30": "$494", "2009-03-31": "$270", "2008-12-31": "$172", "2008-09-30": "$172", "2008-06-30": "$207", "2008-03-31": "$110", "2007-12-31": "$131", "2007-09-30": "$136", "2007-06-30": "$139", "2007-03-31": "$123", "2006-12-31": "$124", "2006-09-30": "$124", "2006-06-30": "$137", "2006-03-31": "$124", "2005-12-31": "$132", "2005-09-30": "$119", "2005-06-30": "$125", "2005-03-31": "$108"}}, "long-term-debt": {"F.N.B Annual Long Term Debt (Millions of US $)": {"2019": "$1,340", "2018": "$627", "2017": "$668", "2016": "$539", "2015": "$641", "2014": "$541", "2013": "$219", "2012": "$293", "2011": "$292", "2010": "$396", "2009": "$530", "2008": "$696", "2007": "$632", "2006": "$671", "2005": "$663"}, "F.N.B Quarterly Long Term Debt (Millions of US $)": {"2020-09-30": "$1,397", "2020-06-30": "$1,630", "2020-03-31": "$1,633", "2019-12-31": "$1,340", "2019-09-30": "$1,340", "2019-06-30": "$1,338", "2019-03-31": "$673", "2018-12-31": "$627", "2018-09-30": "$627", "2018-06-30": "$629", "2018-03-31": "$660", "2017-12-31": "$668", "2017-09-30": "$659", "2017-06-30": "$657", "2017-03-31": "$696", "2016-12-31": "$539", "2016-09-30": "$588", "2016-06-30": "$657", "2016-03-31": "$657", "2015-12-31": "$641", "2015-09-30": "$543", "2015-06-30": "$543", "2015-03-31": "$541", "2014-12-31": "$541", "2014-09-30": "$541", "2014-06-30": "$394", "2014-03-31": "$304", "2013-12-31": "$219", "2013-09-30": "$286", "2013-06-30": "$287", "2013-03-31": "$296", "2012-12-31": "$293", "2012-09-30": "$295", "2012-06-30": "$295", "2012-03-31": "$294", "2011-12-31": "$292", "2011-09-30": "$427", "2011-06-30": "$425", "2011-03-31": "$403", "2010-12-31": "$396", "2010-09-30": "$407", "2010-06-30": "$410", "2010-03-31": "$455", "2009-12-31": "$530", "2009-09-30": "$584", "2009-06-30": "$642", "2009-03-31": "$650", "2008-12-31": "$696", "2008-09-30": "$702", "2008-06-30": "$711", "2008-03-31": "$647", "2007-12-31": "$632", "2007-09-30": "$585", "2007-06-30": "$590", "2007-03-31": "$652", "2006-12-31": "$671", "2006-09-30": "$688", "2006-06-30": "$713", "2006-03-31": "$662", "2005-12-31": "$663", "2005-09-30": "$727", "2005-06-30": "$727", "2005-03-31": "$697"}}, "total-liabilities": {"F.N.B Annual Total Liabilities (Millions of US $)": {"2019": "$29,732", "2018": "$28,494", "2017": "$27,009", "2016": "$19,273", "2015": "$15,461", "2014": "$14,106", "2013": "$11,789", "2012": "$10,622", "2011": "$8,576", "2010": "$7,894", "2009": "$7,666", "2008": "$7,439", "2007": "$5,544", "2006": "$5,470", "2005": "$5,113"}, "F.N.B Quarterly Total Liabilities (Millions of US $)": {"2020-09-30": "$32,490", "2020-06-30": "$32,824", "2020-03-31": "$30,207", "2019-12-31": "$29,732", "2019-09-30": "$29,509", "2019-06-30": "$29,150", "2019-03-31": "$29,015", "2018-12-31": "$28,494", "2018-09-30": "$28,093", "2018-06-30": "$27,784", "2018-03-31": "$27,219", "2017-12-31": "$27,009", "2017-09-30": "$26,687", "2017-06-30": "$26,361", "2017-03-31": "$25,835", "2016-12-31": "$19,273", "2016-09-30": "$19,013", "2016-06-30": "$18,670", "2016-03-31": "$17,807", "2015-12-31": "$15,461", "2015-09-30": "$14,741", "2015-06-30": "$14,533", "2015-03-31": "$14,224", "2014-12-31": "$14,106", "2014-09-30": "$13,752", "2014-06-30": "$13,111", "2014-03-31": "$12,592", "2013-12-31": "$11,789", "2013-09-30": "$11,309", "2013-06-30": "$11,104", "2013-03-31": "$10,585", "2012-12-31": "$10,622", "2012-09-30": "$10,590", "2012-06-30": "$10,378", "2012-03-31": "$10,371", "2011-12-31": "$8,576", "2011-09-30": "$8,737", "2011-06-30": "$8,654", "2011-03-31": "$8,627", "2010-12-31": "$7,894", "2010-09-30": "$7,928", "2010-06-30": "$7,775", "2010-03-31": "$7,752", "2009-12-31": "$7,666", "2009-09-30": "$7,543", "2009-06-30": "$7,559", "2009-03-31": "$7,428", "2008-12-31": "$7,439", "2008-09-30": "$7,486", "2008-06-30": "$7,176", "2008-03-31": "$5,621", "2007-12-31": "$5,544", "2007-09-30": "$5,583", "2007-06-30": "$5,523", "2007-03-31": "$5,478", "2006-12-31": "$5,470", "2006-09-30": "$5,521", "2006-06-30": "$5,538", "2006-03-31": "$5,150", "2005-12-31": "$5,113", "2005-09-30": "$5,237", "2005-06-30": "$5,242", "2005-03-31": "$5,157"}}, "total-share-holder-equity": {"F.N.B Annual Share Holder Equity (Millions of US $)": {"2019": "$4,883", "2018": "$4,608", "2017": "$4,409", "2016": "$2,572", "2015": "$2,096", "2014": "$2,021", "2013": "$1,774", "2012": "$1,402", "2011": "$1,210", "2010": "$1,066", "2009": "$1,043", "2008": "$926", "2007": "$544", "2006": "$537", "2005": "$477"}, "F.N.B Quarterly Share Holder Equity (Millions of US $)": {"2020-09-30": "$4,951", "2020-06-30": "$4,897", "2020-03-31": "$4,842", "2019-12-31": "$4,883", "2019-09-30": "$4,820", "2019-06-30": "$4,753", "2019-03-31": "$4,680", "2018-12-31": "$4,608", "2018-09-30": "$4,525", "2018-06-30": "$4,473", "2018-03-31": "$4,433", "2017-12-31": "$4,409", "2017-09-30": "$4,436", "2017-06-30": "$4,392", "2017-03-31": "$4,356", "2016-12-31": "$2,572", "2016-09-30": "$2,571", "2016-06-30": "$2,545", "2016-03-31": "$2,518", "2015-12-31": "$2,096", "2015-09-30": "$2,095", "2015-06-30": "$2,066", "2015-03-31": "$2,055", "2014-12-31": "$2,021", "2014-09-30": "$2,005", "2014-06-30": "$1,908", "2014-03-31": "$1,885", "2013-12-31": "$1,774", "2013-09-30": "$1,482", "2013-06-30": "$1,469", "2013-03-31": "$1,413", "2012-12-31": "$1,402", "2012-09-30": "$1,395", "2012-06-30": "$1,372", "2012-03-31": "$1,355", "2011-12-31": "$1,210", "2011-09-30": "$1,214", "2011-06-30": "$1,203", "2011-03-31": "$1,128", "2010-12-31": "$1,066", "2010-09-30": "$1,065", "2010-06-30": "$1,058", "2010-03-31": "$1,047", "2009-12-31": "$1,043", "2009-09-30": "$1,053", "2009-06-30": "$1,151", "2009-03-31": "$1,027", "2008-12-31": "$926", "2008-09-30": "$971", "2008-06-30": "$919", "2008-03-31": "$544", "2007-12-31": "$544", "2007-09-30": "$542", "2007-06-30": "$539", "2007-03-31": "$538", "2006-12-31": "$537", "2006-09-30": "$539", "2006-06-30": "$535", "2006-03-31": "$481", "2005-12-31": "$477", "2005-09-30": "$467", "2005-06-30": "$460", "2005-03-31": "$453"}}, "profit-margins": {"current": "20.07%"}, "gross margin": {"2020-12-31": "85.40%", "2020-09-30": "82.81%", "2020-06-30": "80.76%", "2020-03-31": "78.91%", "2019-12-31": "78.59%", "2019-09-30": "78.89%", "2019-06-30": "79.99%", "2019-03-31": "81.77%", "2018-12-31": "83.54%", "2018-09-30": "85.43%", "2018-06-30": "86.73%", "2018-03-31": "87.90%", "2017-12-31": "89.04%", "2017-09-30": "90.04%", "2017-06-30": "91.20%", "2017-03-31": "92.13%", "2016-12-31": "92.39%", "2016-09-30": "92.46%", "2016-06-30": "92.63%", "2016-03-31": "92.84%", "2015-12-31": "93.10%", "2015-09-30": "93.30%", "2015-06-30": "93.34%", "2015-03-31": "93.24%", "2014-12-31": "93.41%", "2014-09-30": "93.47%", "2014-06-30": "93.19%", "2014-03-31": "92.81%", "2013-12-31": "92.20%", "2013-09-30": "91.52%", "2013-06-30": "90.81%", "2013-03-31": "90.23%", "2012-12-31": "89.52%", "2012-09-30": "88.79%", "2012-06-30": "87.92%", "2012-03-31": "86.81%", "2011-12-31": "85.69%", "2011-09-30": "84.69%", "2011-06-30": "83.70%", "2011-03-31": "82.76%", "2010-12-31": "81.84%", "2010-09-30": "80.57%", "2010-06-30": "79.26%", "2010-03-31": "77.71%", "2009-12-31": "75.81%", "2009-09-30": "73.05%", "2009-06-30": "71.57%", "2009-03-31": "70.25%", "2008-12-31": "68.15%", "2008-09-30": "67.00%", "2008-06-30": "64.33%", "2008-03-31": "62.00%", "2007-12-31": "61.56%", "2007-09-30": "61.30%", "2007-06-30": "61.49%", "2007-03-31": "62.16%", "2006-12-31": "63.27%", "2006-09-30": "63.59%", "2006-06-30": "65.78%", "2006-03-31": "67.49%", "2005-12-31": "68.93%"}, "operating margin": {"2020-12-31": "24.14%", "2020-09-30": "25.51%", "2020-06-30": "26.14%", "2020-03-31": "26.80%", "2019-12-31": "30.56%", "2019-09-30": "30.62%", "2019-06-30": "31.24%", "2019-03-31": "31.06%", "2018-12-31": "31.26%", "2018-09-30": "31.98%", "2018-06-30": "32.18%", "2018-03-31": "33.13%", "2017-12-31": "33.44%", "2017-09-30": "33.24%", "2017-06-30": "32.94%", "2017-03-31": "32.54%", "2016-12-31": "32.16%", "2016-09-30": "32.42%", "2016-06-30": "32.40%", "2016-03-31": "32.97%", "2015-12-31": "33.52%", "2015-09-30": "33.81%", "2015-06-30": "33.43%", "2015-03-31": "32.79%", "2014-12-31": "32.93%", "2014-09-30": "31.73%", "2014-06-30": "31.44%", "2014-03-31": "31.27%", "2013-12-31": "30.16%", "2013-09-30": "30.21%", "2013-06-30": "30.21%", "2013-03-31": "30.02%", "2012-12-31": "29.13%", "2012-09-30": "28.75%", "2012-06-30": "27.70%", "2012-03-31": "26.39%", "2011-12-31": "25.29%", "2011-09-30": "25.84%", "2011-06-30": "24.35%", "2011-03-31": "23.33%", "2010-12-31": "22.24%", "2010-09-30": "16.16%", "2010-06-30": "13.96%", "2010-03-31": "11.66%", "2009-12-31": "11.59%", "2009-09-30": "4.53%", "2009-06-30": "8.35%", "2009-03-31": "9.39%", "2008-12-31": "10.08%", "2008-09-30": "21.05%", "2008-06-30": "20.17%", "2008-03-31": "22.22%", "2007-12-31": "22.67%", "2007-09-30": "22.82%", "2007-06-30": "23.20%", "2007-03-31": "23.39%", "2006-12-31": "23.70%", "2006-09-30": "20.77%", "2006-06-30": "21.66%", "2006-03-31": "22.59%", "2005-12-31": "22.88%"}, "ebitda margin": {"2020-09-30": "0.00%", "2020-06-30": "0.00%", "2020-03-31": "0.00%", "2019-12-31": "0.00%", "2019-09-30": "0.00%", "2019-06-30": "0.00%", "2019-03-31": "0.00%", "2018-12-31": "0.00%", "2018-09-30": "0.00%", "2018-06-30": "0.00%", "2018-03-31": "0.00%", "2017-12-31": "0.00%", "2017-09-30": "0.00%", "2017-06-30": "0.00%", "2017-03-31": "0.00%", "2016-12-31": "0.00%", "2016-09-30": "0.00%", "2016-06-30": "0.00%", "2016-03-31": "0.00%", "2015-12-31": "0.00%", "2015-09-30": "0.00%", "2015-06-30": "0.00%", "2015-03-31": "0.00%", "2014-12-31": "0.00%", "2014-09-30": "0.00%", "2014-06-30": "0.00%", "2014-03-31": "0.00%", "2013-12-31": "0.00%", "2013-09-30": "0.00%", "2013-06-30": "0.00%", "2013-03-31": "0.00%", "2012-12-31": "0.00%", "2012-09-30": "0.00%", "2012-06-30": "0.00%", "2012-03-31": "0.00%", "2011-12-31": "0.00%", "2011-09-30": "0.00%", "2011-06-30": "0.00%", "2011-03-31": "0.00%", "2010-12-31": "0.00%", "2010-09-30": "0.00%", "2010-06-30": "0.00%", "2010-03-31": "0.00%", "2009-12-31": "0.00%", "2009-09-30": "0.00%", "2009-06-30": "0.00%", "2009-03-31": "0.00%", "2008-12-31": "0.00%", "2008-09-30": "0.00%", "2008-06-30": "0.00%", "2008-03-31": "0.00%", "2007-12-31": "0.00%", "2007-09-30": "0.00%", "2007-06-30": "0.00%", "2007-03-31": "0.00%", "2006-12-31": "0.00%", "2006-09-30": "0.00%", "2006-06-30": "0.00%", "2006-03-31": "0.00%", "2005-12-31": "0.00%"}, "pre tax profit margin": {"2020-12-31": "24.14%", "2020-09-30": "25.51%", "2020-06-30": "26.14%", "2020-03-31": "26.80%", "2019-12-31": "30.56%", "2019-09-30": "30.62%", "2019-06-30": "31.24%", "2019-03-31": "31.06%", "2018-12-31": "31.26%", "2018-09-30": "31.91%", "2018-06-30": "32.04%", "2018-03-31": "32.90%", "2017-12-31": "28.90%", "2017-09-30": "28.18%", "2017-06-30": "27.47%", "2017-03-31": "25.54%", "2016-12-31": "27.95%", "2016-09-30": "27.51%", "2016-06-30": "27.06%", "2016-03-31": "28.51%", "2015-12-31": "32.39%", "2015-09-30": "32.67%", "2015-06-30": "32.13%", "2015-03-31": "31.47%", "2014-12-31": "30.84%", "2014-09-30": "29.39%", "2014-06-30": "29.17%", "2014-03-31": "28.60%", "2013-12-31": "28.08%", "2013-09-30": "28.80%", "2013-06-30": "28.98%", "2013-03-31": "29.31%", "2012-12-31": "27.35%", "2012-09-30": "26.58%", "2012-06-30": "25.28%", "2012-03-31": "23.90%", "2011-12-31": "23.33%", "2011-09-30": "23.66%", "2011-06-30": "22.13%", "2011-03-31": "21.10%", "2010-12-31": "20.82%", "2010-09-30": "14.72%", "2010-06-30": "12.73%", "2010-03-31": "10.43%", "2009-12-31": "10.37%", "2009-09-30": "3.09%", "2009-06-30": "6.96%", "2009-03-31": "8.02%", "2008-12-31": "8.67%", "2008-09-30": "20.24%", "2008-06-30": "19.32%", "2008-03-31": "21.33%", "2007-12-31": "21.78%", "2007-09-30": "22.15%", "2007-06-30": "22.52%", "2007-03-31": "22.71%", "2006-12-31": "22.99%", "2006-09-30": "19.74%", "2006-06-30": "20.59%", "2006-03-31": "21.49%", "2005-12-31": "21.75%"}, "net profit margin": {"2020-12-31": "19.51%", "2020-09-30": "20.53%", "2020-06-30": "21.30%", "2020-03-31": "21.54%", "2019-12-31": "24.59%", "2019-09-30": "25.02%", "2019-06-30": "25.23%", "2019-03-31": "25.12%", "2018-12-31": "25.24%", "2018-09-30": "20.54%", "2018-06-30": "19.50%", "2018-03-31": "19.29%", "2017-12-31": "15.50%", "2017-09-30": "19.38%", "2017-06-30": "18.77%", "2017-03-31": "17.13%", "2016-12-31": "18.41%", "2016-09-30": "17.94%", "2016-06-30": "17.53%", "2016-03-31": "18.51%", "2015-12-31": "21.27%", "2015-09-30": "21.54%", "2015-06-30": "21.13%", "2015-03-31": "20.74%", "2014-12-31": "20.21%", "2014-09-30": "19.60%", "2014-06-30": "20.26%", "2014-03-31": "20.23%", "2013-12-31": "20.45%", "2013-09-30": "21.02%", "2013-06-30": "20.85%", "2013-03-31": "20.96%", "2012-12-31": "19.72%", "2012-09-30": "19.17%", "2012-06-30": "18.40%", "2012-03-31": "17.59%", "2011-12-31": "17.06%", "2011-09-30": "17.30%", "2011-06-30": "16.10%", "2011-03-31": "15.42%", "2010-12-31": "15.31%", "2010-09-30": "11.45%", "2010-06-30": "9.03%", "2010-03-31": "7.16%", "2009-12-31": "6.71%", "2009-09-30": "1.85%", "2009-06-30": "5.57%", "2009-03-31": "6.65%", "2008-12-31": "7.26%", "2008-09-30": "14.57%", "2008-06-30": "14.01%", "2008-03-31": "15.33%", "2007-12-31": "15.56%", "2007-09-30": "15.88%", "2007-06-30": "15.99%", "2007-03-31": "16.06%", "2006-12-31": "16.35%", "2006-09-30": "14.36%", "2006-06-30": "14.97%", "2006-03-31": "15.70%", "2005-12-31": "15.82%"}, "pe ratio": {"current": "11.07", "2021-02-05": "16.61", "2020-12-31": "14.84", "2020-09-30": "7.20", "2020-06-30": "7.36", "2020-03-31": "6.84", "2019-12-31": "10.26", "2019-09-30": "9.14", "2019-06-30": "9.31", "2019-03-31": "8.51", "2018-12-31": "7.96", "2018-09-30": "12.83", "2018-06-30": "14.56", "2018-03-31": "15.20", "2017-12-31": "19.81", "2017-09-30": "15.79", "2017-06-30": "15.59", "2017-03-31": "16.87", "2016-12-31": "17.36", "2016-09-30": "13.56", "2016-06-30": "14.06", "2016-03-31": "13.90", "2015-12-31": "12.49", "2015-09-30": "12.03", "2015-06-30": "13.48", "2015-03-31": "12.56", "2014-12-31": "12.92", "2014-09-30": "11.97", "2014-06-30": "12.36", "2014-03-31": "12.79", "2013-12-31": "11.93", "2013-09-30": "10.95", "2013-06-30": "10.79", "2013-03-31": "10.57", "2012-12-31": "9.77", "2012-09-30": "10.46", "2012-06-30": "10.44", "2012-03-31": "11.96", "2011-12-31": "11.24", "2011-09-30": "8.18", "2011-06-30": "10.33", "2011-03-31": "10.71", "2010-12-31": "9.86", "2010-09-30": "11.42", "2010-06-30": "13.60", "2010-03-31": "16.08", "2009-12-31": "12.48", "2009-09-30": "48.44", "2009-06-30": "11.66", "2009-03-31": "11.64", "2008-12-31": "15.34", "2008-09-30": "9.19", "2008-06-30": "6.50", "2008-03-31": "7.58", "2007-12-31": "6.90", "2007-09-30": "7.58", "2007-06-30": "7.56", "2007-03-31": "7.57", "2006-12-31": "8.24"}, "price sales": {"2021-02-05": "2.43", "2020-12-31": "2.17", "2020-09-30": "1.49", "2020-06-30": "1.58", "2020-03-31": "1.49", "2019-12-31": "2.54", "2019-09-30": "2.29", "2019-06-30": "2.34", "2019-03-31": "2.13", "2018-12-31": "2.01", "2018-09-30": "2.60", "2018-06-30": "2.80", "2018-03-31": "2.87", "2017-12-31": "2.92", "2017-09-30": "2.94", "2017-06-30": "2.90", "2017-03-31": "2.97", "2016-12-31": "3.18", "2016-09-30": "2.45", "2016-06-30": "2.51", "2016-03-31": "2.62", "2015-12-31": "2.70", "2015-09-30": "2.61", "2015-06-30": "2.86", "2015-03-31": "2.62", "2014-12-31": "2.63", "2014-09-30": "2.35", "2014-06-30": "2.51", "2014-03-31": "2.59", "2013-12-31": "2.41", "2013-09-30": "2.31", "2013-06-30": "2.25", "2013-03-31": "2.22", "2012-12-31": "1.93", "2012-09-30": "1.99", "2012-06-30": "1.91", "2012-03-31": "2.09", "2011-12-31": "1.92", "2011-09-30": "1.42", "2011-06-30": "1.67", "2011-03-31": "1.66", "2010-12-31": "1.52", "2010-09-30": "1.27", "2010-06-30": "1.18", "2010-03-31": "1.11", "2009-12-31": "0.85", "2009-09-30": "0.83", "2009-06-30": "0.65", "2009-03-31": "0.76", "2008-12-31": "1.21", "2008-09-30": "1.34", "2008-06-30": "0.92", "2008-03-31": "1.15", "2007-12-31": "1.07", "2007-09-30": "1.19", "2007-06-30": "1.19", "2007-03-31": "1.19", "2006-12-31": "1.30"}, "price book": {"current": "0.71", "2021-02-05": "0.69", "2020-09-30": "0.44", "2020-06-30": "0.48", "2020-03-31": "0.47", "2019-12-31": "0.80", "2019-09-30": "0.73", "2019-06-30": "0.74", "2019-03-31": "0.67", "2018-12-31": "0.63", "2018-09-30": "0.82", "2018-06-30": "0.87", "2018-03-31": "0.87", "2017-12-31": "0.89", "2017-09-30": "0.89", "2017-06-30": "0.89", "2017-03-31": "0.94", "2016-12-31": "1.11", "2016-09-30": "0.84", "2016-06-30": "0.86", "2016-03-31": "0.89", "2015-12-31": "0.91", "2015-09-30": "0.88", "2015-06-30": "0.97", "2015-03-31": "0.89", "2014-12-31": "0.90", "2014-09-30": "0.81", "2014-06-30": "0.86", "2014-03-31": "0.90", "2013-12-31": "0.85", "2013-09-30": "0.89", "2013-06-30": "0.89", "2013-03-31": "0.88", "2012-12-31": "0.77", "2012-09-30": "0.81", "2012-06-30": "0.79", "2012-03-31": "0.87", "2011-12-31": "0.83", "2011-09-30": "0.62", "2011-06-30": "0.74", "2011-03-31": "0.76", "2010-12-31": "0.70", "2010-09-30": "0.60", "2010-06-30": "0.56", "2010-03-31": "0.56", "2009-12-31": "0.46", "2009-09-30": "0.47", "2009-06-30": "0.37", "2009-03-31": "0.40", "2008-12-31": "0.74", "2008-09-30": "0.84", "2008-06-30": "0.61", "2008-03-31": "0.95", "2007-12-31": "0.88", "2007-09-30": "0.98", "2007-06-30": "0.98", "2007-03-31": "0.98", "2006-12-31": "1.05", "2006-09-30": "0.94", "2006-06-30": "0.88", "2006-03-31": "1.00"}, "price fcf": {"2021-02-05": "", "2020-09-30": "$-0.02", "2020-06-30": "$0.44", "2020-03-31": "$-0.02", "2019-12-31": "$0.65", "2019-09-30": "$0.56", "2019-06-30": "$0.40", "2019-03-31": "$1.17", "2018-12-31": "$1.77", "2018-09-30": "$2.02", "2018-06-30": "$2.14", "2018-03-31": "$1.37", "2017-12-31": "$0.73", "2017-09-30": "$0.64", "2017-06-30": "$0.41", "2017-03-31": "$0.69", "2016-12-31": "$1.12", "2016-09-30": "$0.93", "2016-06-30": "$1.01", "2016-03-31": "$1.28", "2015-12-31": "$1.21", "2015-09-30": "$1.36", "2015-06-30": "$1.33", "2015-03-31": "$1.41", "2014-12-31": "$2.52", "2014-09-30": "$2.66", "2014-06-30": "$2.62", "2014-03-31": "$3.49", "2013-12-31": "$2.24", "2013-09-30": "$2.18", "2013-06-30": "$2.17", "2013-03-31": "$1.39", "2012-12-31": "$3.78", "2012-09-30": "$3.63", "2012-06-30": "$3.59", "2012-03-31": "$3.53", "2011-12-31": "$2.18", "2011-09-30": "$2.31", "2011-06-30": "$2.23", "2011-03-31": "$2.29", "2010-12-31": "$1.34", "2010-09-30": "$1.12", "2010-06-30": "$1.17", "2010-03-31": "$1.11", "2009-12-31": "$1.05", "2009-09-30": "$1.68", "2009-06-30": "$2.62", "2009-03-31": "$4.43", "2008-12-31": "$4.48", "2008-09-30": "$4.21", "2008-06-30": "$3.31", "2008-03-31": "$1.44", "2007-12-31": "$1.60", "2007-09-30": "$1.75", "2007-06-30": "$1.68", "2007-03-31": "$1.88", "2006-12-31": "$1.90"}, "net worth": {"value": "$3.43B"}, "current ratio": {"2020-12-31": "0.86", "2020-09-30": "0.88", "2020-06-30": "0.87", "2020-03-31": "0.86", "2019-12-31": "0.85", "2019-09-30": "0.85", "2019-06-30": "0.85", "2019-03-31": "0.82", "2018-12-31": "0.82", "2018-09-30": "0.82", "2018-06-30": "0.82", "2018-03-31": "0.82", "2017-12-31": "0.82", "2017-09-30": "0.83", "2017-06-30": "0.83", "2017-03-31": "0.83", "2016-12-31": "0.81", "2016-09-30": "0.83", "2016-06-30": "0.83", "2016-03-31": "0.85", "2015-12-31": "0.86", "2015-09-30": "0.85", "2015-06-30": "0.85", "2015-03-31": "0.85", "2014-12-31": "0.85", "2014-09-30": "0.85", "2014-06-30": "0.84", "2014-03-31": "0.83", "2013-12-31": "0.84", "2013-09-30": "0.83", "2013-06-30": "0.82", "2013-03-31": "0.82", "2012-12-31": "0.82", "2012-09-30": "0.82", "2012-06-30": "0.81", "2012-03-31": "0.80", "2011-12-31": "0.86", "2011-09-30": "0.85", "2011-06-30": "0.84", "2011-03-31": "0.83", "2010-12-31": "0.83", "2010-09-30": "0.84", "2010-06-30": "0.83", "2010-03-31": "0.85", "2009-12-31": "0.86", "2009-09-30": "0.87", "2009-06-30": "0.91", "2009-03-31": "0.90", "2008-12-31": "0.89", "2008-09-30": "0.89", "2008-06-30": "0.90", "2008-03-31": "0.92", "2007-12-31": "0.91", "2007-09-30": "0.90", "2007-06-30": "0.90", "2007-03-31": "0.91", "2006-12-31": "0.91", "2006-09-30": "0.91", "2006-06-30": "0.90", "2006-03-31": "0.88", "2005-12-31": "0.87", "2005-09-30": "0.86", "2005-06-30": "0.86", "2005-03-31": "0.85"}, "quick ratio": {"2020-12-31": "0.00", "2020-09-30": "0.00", "2020-06-30": "0.00", "2020-03-31": "0.00", "2019-12-31": "0.00", "2019-09-30": "0.00", "2019-06-30": "0.00", "2019-03-31": "0.00", "2018-12-31": "0.00", "2018-09-30": "0.00", "2018-06-30": "0.00", "2018-03-31": "0.00", "2017-12-31": "0.00", "2017-09-30": "0.00", "2017-06-30": "0.00", "2017-03-31": "0.00", "2016-12-31": "0.00", "2016-09-30": "0.00", "2016-06-30": "0.00", "2016-03-31": "0.00", "2015-12-31": "0.00", "2015-09-30": "0.00", "2015-06-30": "0.00", "2015-03-31": "0.00", "2014-12-31": "0.00", "2014-09-30": "0.00", "2014-06-30": "0.00", "2014-03-31": "0.00", "2013-12-31": "0.00", "2013-09-30": "0.00", "2013-06-30": "0.00", "2013-03-31": "0.00", "2012-12-31": "0.00", "2012-09-30": "0.00", "2012-06-30": "0.00", "2012-03-31": "0.00", "2011-12-31": "0.00", "2011-09-30": "0.00", "2011-06-30": "0.00", "2011-03-31": "0.00", "2010-12-31": "0.00", "2010-09-30": "0.00", "2010-06-30": "0.00", "2010-03-31": "0.00", "2009-12-31": "0.00", "2009-09-30": "0.00", "2009-06-30": "0.00", "2009-03-31": "0.00", "2008-12-31": "0.00", "2008-09-30": "0.00", "2008-06-30": "0.00", "2008-03-31": "0.00", "2007-12-31": "0.00", "2007-09-30": "0.00", "2007-06-30": "0.00", "2007-03-31": "0.00", "2006-12-31": "0.00", "2006-09-30": "0.00", "2006-06-30": "0.00", "2006-03-31": "0.00", "2005-12-31": "0.00", "2005-09-30": "0.00", "2005-06-30": "0.00", "2005-03-31": "0.00"}, "debt equity ratio": {"current": "0.23", "2020-12-31": "6.53", "2020-09-30": "6.56", "2020-06-30": "6.70", "2020-03-31": "6.24", "2019-12-31": "6.09", "2019-09-30": "6.12", "2019-06-30": "6.13", "2019-03-31": "6.20", "2018-12-31": "6.18", "2018-09-30": "6.21", "2018-06-30": "6.21", "2018-03-31": "6.14", "2017-12-31": "6.13", "2017-09-30": "6.02", "2017-06-30": "6.00", "2017-03-31": "5.93", "2016-12-31": "7.50", "2016-09-30": "7.40", "2016-06-30": "7.34", "2016-03-31": "7.07", "2015-12-31": "7.38", "2015-09-30": "7.04", "2015-06-30": "7.04", "2015-03-31": "6.92", "2014-12-31": "6.98", "2014-09-30": "6.86", "2014-06-30": "6.87", "2014-03-31": "6.68", "2013-12-31": "6.64", "2013-09-30": "7.63", "2013-06-30": "7.56", "2013-03-31": "7.49", "2012-12-31": "7.58", "2012-09-30": "7.59", "2012-06-30": "7.56", "2012-03-31": "7.66", "2011-12-31": "7.09", "2011-09-30": "7.19", "2011-06-30": "7.19", "2011-03-31": "7.65", "2010-12-31": "7.40", "2010-09-30": "7.45", "2010-06-30": "7.35", "2010-03-31": "7.40", "2009-12-31": "7.35", "2009-09-30": "7.17", "2009-06-30": "6.57", "2009-03-31": "7.24", "2008-12-31": "8.03", "2008-09-30": "7.71", "2008-06-30": "7.81", "2008-03-31": "10.34", "2007-12-31": "10.18", "2007-09-30": "10.31", "2007-06-30": "10.25", "2007-03-31": "10.18", "2006-12-31": "10.18", "2006-09-30": "10.24", "2006-06-30": "10.36", "2006-03-31": "10.70", "2005-12-31": "10.72", "2005-09-30": "11.21", "2005-06-30": "11.40", "2005-03-31": "11.39"}, "return on equity": {"2020-12-31": "5.66%", "2020-09-30": "6.15%", "2020-06-30": "6.60%", "2020-03-31": "6.88%", "2019-12-31": "7.92%", "2019-09-30": "8.14%", "2019-06-30": "8.23%", "2019-03-31": "8.14%", "2018-12-31": "8.09%", "2018-09-30": "6.48%", "2018-06-30": "5.99%", "2018-03-31": "5.77%", "2017-12-31": "4.34%", "2017-09-30": "5.53%", "2017-06-30": "5.53%", "2017-03-31": "5.28%", "2016-12-31": "6.35%", "2016-09-30": "6.17%", "2016-06-30": "5.96%", "2016-03-31": "6.25%", "2015-12-31": "7.27%", "2015-09-30": "7.33%", "2015-06-30": "7.17%", "2015-03-31": "7.06%", "2014-12-31": "6.91%", "2014-09-30": "6.66%", "2014-06-30": "7.09%", "2014-03-31": "7.32%", "2013-12-31": "7.69%", "2013-09-30": "8.26%", "2013-06-30": "8.31%", "2013-03-31": "8.46%", "2012-12-31": "8.04%", "2012-09-30": "7.95%", "2012-06-30": "7.69%", "2012-03-31": "7.39%", "2011-12-31": "7.32%", "2011-09-30": "7.55%", "2011-06-30": "7.17%", "2011-03-31": "7.04%", "2010-12-31": "7.08%", "2010-09-30": "5.32%", "2010-06-30": "4.19%", "2010-03-31": "3.26%", "2009-12-31": "3.09%", "2009-09-30": "0.87%", "2009-06-30": "2.75%", "2009-03-31": "3.54%", "2008-12-31": "4.29%", "2008-09-30": "9.67%", "2008-06-30": "10.36%", "2008-03-31": "12.72%", "2007-12-31": "12.94%", "2007-09-30": "13.17%", "2007-06-30": "13.19%", "2007-03-31": "13.03%", "2006-12-31": "13.19%", "2006-09-30": "11.02%", "2006-06-30": "11.43%", "2006-03-31": "12.10%", "2005-12-31": "12.06%"}, "return on assets": {"2020-12-31": "0.75%", "2020-09-30": "0.83%", "2020-06-30": "0.91%", "2020-03-31": "0.96%", "2019-12-31": "1.11%", "2019-09-30": "1.14%", "2019-06-30": "1.15%", "2019-03-31": "1.13%", "2018-12-31": "1.13%", "2018-09-30": "0.90%", "2018-06-30": "0.84%", "2018-03-31": "0.82%", "2017-12-31": "0.62%", "2017-09-30": "0.77%", "2017-06-30": "0.74%", "2017-03-31": "0.67%", "2016-12-31": "0.76%", "2016-09-30": "0.74%", "2016-06-30": "0.73%", "2016-03-31": "0.77%", "2015-12-31": "0.90%", "2015-09-30": "0.92%", "2015-06-30": "0.90%", "2015-03-31": "0.89%", "2014-12-31": "0.88%", "2014-09-30": "0.86%", "2014-06-30": "0.90%", "2014-03-31": "0.91%", "2013-12-31": "0.93%", "2013-09-30": "0.96%", "2013-06-30": "0.97%", "2013-03-31": "0.99%", "2012-12-31": "0.94%", "2012-09-30": "0.94%", "2012-06-30": "0.92%", "2012-03-31": "0.89%", "2011-12-31": "0.88%", "2011-09-30": "0.90%", "2011-06-30": "0.85%", "2011-03-31": "0.83%", "2010-12-31": "0.84%", "2010-09-30": "0.63%", "2010-06-30": "0.50%", "2010-03-31": "0.40%", "2009-12-31": "0.38%", "2009-09-30": "0.11%", "2009-06-30": "0.33%", "2009-03-31": "0.41%", "2008-12-31": "0.46%", "2008-09-30": "1.00%", "2008-06-30": "1.00%", "2008-03-31": "1.13%", "2007-12-31": "1.15%", "2007-09-30": "1.17%", "2007-06-30": "1.18%", "2007-03-31": "1.16%", "2006-12-31": "1.16%", "2006-09-30": "0.96%", "2006-06-30": "0.97%", "2006-03-31": "1.01%", "2005-12-31": "0.99%"}, "return on investments": {"2020-12-31": "5.42%", "2020-09-30": "5.85%", "2020-06-30": "6.21%", "2020-03-31": "6.62%", "2019-12-31": "7.91%", "2019-09-30": "8.23%", "2019-06-30": "8.67%", "2019-03-31": "8.83%", "2018-12-31": "8.78%", "2018-09-30": "8.81%", "2018-06-30": "8.62%", "2018-03-31": "8.62%", "2017-12-31": "8.13%", "2017-09-30": "8.17%", "2017-06-30": "8.23%", "2017-03-31": "8.32%", "2016-12-31": "8.95%", "2016-09-30": "8.83%", "2016-06-30": "8.68%", "2016-03-31": "8.75%", "2015-12-31": "9.00%", "2015-09-30": "9.11%", "2015-06-30": "8.96%", "2015-03-31": "8.91%", "2014-12-31": "9.17%", "2014-09-30": "9.03%", "2014-06-30": "9.40%", "2014-03-31": "9.71%", "2013-12-31": "9.63%", "2013-09-30": "9.87%", "2013-06-30": "9.98%", "2013-03-31": "10.00%", "2012-12-31": "9.79%", "2012-09-30": "9.77%", "2012-06-30": "9.23%", "2012-03-31": "8.60%", "2011-12-31": "8.19%", "2011-09-30": "8.30%", "2011-06-30": "7.94%", "2011-03-31": "7.75%", "2010-12-31": "7.38%", "2010-09-30": "5.25%", "2010-06-30": "4.40%", "2010-03-31": "3.50%", "2009-12-31": "3.41%", "2009-09-30": "1.31%", "2009-06-30": "2.48%", "2009-03-31": "2.91%", "2008-12-31": "3.27%", "2008-09-30": "7.34%", "2008-06-30": "7.42%", "2008-03-31": "8.65%", "2007-12-31": "8.83%", "2007-09-30": "8.77%", "2007-06-30": "8.67%", "2007-03-31": "8.37%", "2006-12-31": "8.29%", "2006-09-30": "6.81%", "2006-06-30": "6.86%", "2006-03-31": "7.03%", "2005-12-31": "6.94%"}, "return on tangible equity": {"2020-09-30": "11.72%", "2020-06-30": "12.67%", "2020-03-31": "13.31%", "2019-12-31": "15.46%", "2019-09-30": "16.12%", "2019-06-30": "16.54%", "2019-03-31": "16.61%", "2018-12-31": "16.78%", "2018-09-30": "13.61%", "2018-06-30": "12.74%", "2018-03-31": "12.39%", "2017-12-31": "9.42%", "2017-09-30": "11.59%", "2017-06-30": "11.07%", "2017-03-31": "9.99%", "2016-12-31": "11.13%", "2016-09-30": "10.80%", "2016-06-30": "10.41%", "2016-03-31": "10.85%", "2015-12-31": "12.58%", "2015-09-30": "12.78%", "2015-06-30": "12.59%", "2015-03-31": "12.53%", "2014-12-31": "12.41%", "2014-09-30": "12.08%", "2014-06-30": "13.23%", "2014-03-31": "14.05%", "2013-12-31": "15.13%", "2013-09-30": "16.73%", "2013-06-30": "16.91%", "2013-03-31": "17.31%", "2012-12-31": "16.66%", "2012-09-30": "16.39%", "2012-06-30": "15.70%", "2012-03-31": "14.92%", "2011-12-31": "14.79%", "2011-09-30": "15.49%", "2011-06-30": "14.99%", "2011-03-31": "14.99%", "2010-12-31": "15.14%", "2010-09-30": "11.48%", "2010-06-30": "9.11%", "2010-03-31": "6.94%", "2009-12-31": "6.63%", "2009-09-30": "1.93%", "2009-06-30": "6.30%", "2009-03-31": "8.54%", "2008-12-31": "10.13%", "2008-09-30": "21.27%", "2008-06-30": "21.31%", "2008-03-31": "24.64%", "2007-12-31": "25.23%", "2007-09-30": "25.87%", "2007-06-30": "25.38%", "2007-03-31": "24.60%", "2006-12-31": "24.00%", "2006-09-30": "19.72%", "2006-06-30": "20.05%", "2006-03-31": "20.86%", "2005-12-31": "20.92%"}, "dividend yield history": {"last payout": "$0.48", "last yield": "4.52%"}}