{"ticker": "FL", "price": {"title": "Foot Locker Historical Annual Stock Price Data", "value": 48.98, "historical": {"2021": {"Average Stock Price": "45.5608", "Year Open": "39.1000", "Year High": "48.9800", "Year Low": "39.1000", "Year Close": "48.9800", "Annual % Change": "21.12%"}, "2020": {"Average Stock Price": "32.4719", "Year Open": "38.0900", "Year High": "42.9900", "Year Low": "18.2200", "Year Close": "40.4400", "Annual % Change": "3.72%"}, "2019": {"Average Stock Price": "48.0232", "Year Open": "52.7600", "Year High": "64.4500", "Year Low": "34.0000", "Year Close": "38.9900", "Annual % Change": "-26.71%"}, "2018": {"Average Stock Price": "48.6927", "Year Open": "47.8900", "Year High": "58.9200", "Year Low": "40.0400", "Year Close": "53.2000", "Annual % Change": "13.48%"}, "2017": {"Average Stock Price": "54.0236", "Year Open": "71.7300", "Year High": "77.3500", "Year Low": "29.2400", "Year Close": "46.8800", "Annual % Change": "-33.87%"}, "2016": {"Average Stock Price": "64.0527", "Year Open": "65.3100", "Year High": "79.2000", "Year Low": "51.7900", "Year Close": "70.8900", "Annual % Change": "8.91%"}, "2015": {"Average Stock Price": "64.2828", "Year Open": "56.0400", "Year High": "75.7600", "Year Low": "51.8400", "Year Close": "65.0900", "Annual % Change": "15.86%"}, "2014": {"Average Stock Price": "49.4616", "Year Open": "40.7800", "Year High": "57.9800", "Year Low": "36.7300", "Year Close": "56.1800", "Annual % Change": "35.57%"}, "2013": {"Average Stock Price": "34.8815", "Year Open": "31.6000", "Year High": "41.4400", "Year Low": "31.6000", "Year Close": "41.4400", "Annual % Change": "29.02%"}, "2012": {"Average Stock Price": "31.7032", "Year Open": "23.9900", "Year High": "37.2700", "Year Low": "23.9900", "Year Close": "32.1200", "Annual % Change": "34.73%"}, "2011": {"Average Stock Price": "21.2518", "Year Open": "19.7500", "Year High": "25.1900", "Year Low": "16.7700", "Year Close": "23.8400", "Annual % Change": "21.51%"}, "2010": {"Average Stock Price": "14.5930", "Year Open": "11.1600", "Year High": "19.8100", "Year Low": "11.1600", "Year Close": "19.6200", "Annual % Change": "76.12%"}, "2009": {"Average Stock Price": "10.3059", "Year Open": "8.1700", "Year High": "12.5700", "Year Low": "7.2800", "Year Close": "11.1400", "Annual % Change": "51.77%"}, "2008": {"Average Stock Price": "12.6444", "Year Open": "13.5500", "Year High": "17.8900", "Year Low": "5.4900", "Year Close": "7.3400", "Annual % Change": "-46.27%"}, "2007": {"Average Stock Price": "19.2251", "Year Open": "22.1100", "Year High": "24.2100", "Year Low": "12.3200", "Year Close": "13.6600", "Annual % Change": "-37.71%"}, "2006": {"Average Stock Price": "23.7906", "Year Open": "23.4300", "Year High": "27.3200", "Year Low": "21.8700", "Year Close": "21.9300", "Annual % Change": "-7.04%"}, "2005": {"Average Stock Price": "24.6419", "Year Open": "26.5300", "Year High": "29.5800", "Year Low": "19.0000", "Year Close": "23.5900", "Annual % Change": "-12.40%"}, "2004": {"Average Stock Price": "24.0020", "Year Open": "23.2000", "Year High": "27.1700", "Year Low": "20.0700", "Year Close": "26.9300", "Annual % Change": "14.84%"}, "2003": {"Average Stock Price": "14.3583", "Year Open": "11.1000", "Year High": "23.4700", "Year Low": "9.5200", "Year Close": "23.4500", "Annual % Change": "123.33%"}, "2002": {"Average Stock Price": "13.1363", "Year Open": "15.5100", "Year High": "17.8400", "Year Low": "8.4900", "Year Close": "10.5000", "Annual % Change": "-32.91%"}, "2001": {"Average Stock Price": "14.6410", "Year Open": "14.8100", "Year High": "18.9800", "Year Low": "10.4400", "Year Close": "15.6500", "Annual % Change": "0.97%"}, "2000": {"Average Stock Price": "11.3520", "Year Open": "7.0000", "Year High": "16.0600", "Year Low": "5.3100", "Year Close": "15.5000", "Annual % Change": "121.43%"}, "1999": {"Average Stock Price": "7.9519", "Year Open": "6.8100", "Year High": "11.7500", "Year Low": "3.5600", "Year Close": "7.0000", "Annual % Change": "7.69%"}, "1998": {"Average Stock Price": "16.3239", "Year Open": "20.3100", "Year High": "26.9400", "Year Low": "5.9400", "Year Close": "6.5000", "Annual % Change": "-68.11%"}, "1997": {"Average Stock Price": "22.3817", "Year Open": "21.2500", "Year High": "28.3800", "Year Low": "18.6200", "Year Close": "20.3800", "Annual % Change": "-7.36%"}, "1996": {"Average Stock Price": "18.9998", "Year Open": "13.1200", "Year High": "24.7500", "Year Low": "9.7500", "Year Close": "22.0000", "Annual % Change": "69.23%"}, "1995": {"Average Stock Price": "15.3311", "Year Open": "15.3800", "Year High": "19.2500", "Year Low": "12.7500", "Year Close": "13.0000", "Annual % Change": "-13.33%"}, "1994": {"Average Stock Price": "17.6037", "Year Open": "26.1200", "Year High": "26.1200", "Year Low": "13.0000", "Year Close": "15.0000", "Annual % Change": "-40.90%"}, "1993": {"Average Stock Price": "26.9964", "Year Open": "32.0000", "Year High": "32.5000", "Year Low": "20.7500", "Year Close": "25.3800", "Annual % Change": "-19.73%"}, "1992": {"Average Stock Price": "29.8737", "Year Open": "27.0000", "Year High": "34.6200", "Year Low": "26.1200", "Year Close": "31.6200", "Annual % Change": "19.32%"}, "1991": {"Average Stock Price": "29.9098", "Year Open": "30.0000", "Year High": "35.3800", "Year Low": "23.6200", "Year Close": "26.5000", "Annual % Change": "-12.40%"}, "1990": {"Average Stock Price": "29.7223", "Year Open": "33.0000", "Year High": "36.3800", "Year Low": "23.3800", "Year Close": "30.2500", "Annual % Change": "-5.29%"}, "1989": {"Average Stock Price": "28.4281", "Year Open": "25.3750", "Year High": "35.8750", "Year Low": "24.2500", "Year Close": "31.9400", "Annual % Change": "23.44%"}, "1988": {"Average Stock Price": "24.8487", "Year Open": "18.1900", "Year High": "30.2500", "Year Low": "17.5000", "Year Close": "25.8750", "Annual % Change": "50.00%"}, "1987": {"Average Stock Price": "23.2791", "Year Open": "19.6900", "Year High": "29.5000", "Year Low": "14.8750", "Year Close": "17.2500", "Annual % Change": "-10.67%"}, "1986": {"Average Stock Price": "19.9410", "Year Open": "14.7800", "Year High": "24.0600", "Year Low": "14.5950", "Year Close": "19.3100", "Annual % Change": "28.73%"}, "1985": {"Average Stock Price": "11.6924", "Year Open": "9.2500", "Year High": "15.5300", "Year Low": "9.1875", "Year Close": "15.0000", "Annual % Change": "62.16%"}, "1984": {"Average Stock Price": "8.6976", "Year Open": "8.8750", "Year High": "9.5625", "Year Low": "7.5000", "Year Close": "9.2500", "Annual % Change": "5.35%"}, "1983": {"Average Stock Price": "8.4041", "Year Open": "6.4375", "Year High": "9.7200", "Year Low": "5.6875", "Year Close": "8.7800", "Annual % Change": "35.70%"}, "1982": {"Average Stock Price": "5.0595", "Year Open": "4.5625", "Year High": "7.0950", "Year Low": "4.0000", "Year Close": "6.4700", "Annual % Change": "43.78%"}, "1981": {"Average Stock Price": "5.6498", "Year Open": "6.2500", "Year High": "6.8750", "Year Low": "4.2800", "Year Close": "4.5000", "Annual % Change": "-27.27%"}, "1980": {"Average Stock Price": "6.2184", "Year Open": "6.0950", "Year High": "7.2800", "Year Low": "5.3125", "Year Close": "6.1875", "Annual % Change": "-1.47%"}, "1979": {"Average Stock Price": "6.3267", "Year Open": "4.8450", "Year High": "7.7800", "Year Low": "4.8125", "Year Close": "6.2800", "Annual % Change": "29.62%"}, "1978": {"Average Stock Price": "4.8575", "Year Open": "4.6250", "Year High": "5.6550", "Year Low": "4.4050", "Year Close": "4.8450", "Annual % Change": "2.65%"}, "1977": {"Average Stock Price": "5.5369", "Year Open": "6.3450", "Year High": "6.6550", "Year Low": "4.5000", "Year Close": "4.7200", "Annual % Change": "-26.68%"}, "1976": {"Average Stock Price": "5.8443", "Year Open": "5.5300", "Year High": "6.6550", "Year Low": "5.1875", "Year Close": "6.4375", "Annual % Change": "17.05%"}, "1975": {"Average Stock Price": "4.0107", "Year Open": "2.4700", "Year High": "5.6550", "Year Low": "2.4700", "Year Close": "5.5000", "Annual % Change": "134.54%"}, "1974": {"Average Stock Price": "3.5531", "Year Open": "4.6250", "Year High": "4.8450", "Year Low": "2.0625", "Year Close": "2.3450", "Annual % Change": "-48.97%"}, "1973": {"Average Stock Price": "5.6353", "Year Open": "7.8450", "Year High": "7.9050", "Year Low": "3.9700", "Year Close": "4.5950", "Annual % Change": "-41.18%"}, "1972": {"Average Stock Price": "9.4921", "Year Open": "11.2200", "Year High": "11.7200", "Year Low": "7.6250", "Year Close": "7.8125", "Annual % Change": "-30.74%"}, "1971": {"Average Stock Price": "12.0709", "Year Open": "8.9050", "Year High": "13.8450", "Year Low": "8.9050", "Year Close": "11.2800", "Annual % Change": "23.62%"}}}, "market cap": {"value": "$5.1B"}, "income statement": {"Revenue": {"2020-01-31": "8005.00000", "2019-01-31": "7939.00000", "2018-01-31": "7782.00000", "2017-01-31": "7766.00000", "2016-01-31": "7412.00000", "2015-01-31": "7151.00000", "2014-01-31": "6505.00000", "2013-01-31": "6182.00000", "2012-01-31": "5623.00000", "2011-01-31": "5049.00000", "2010-01-31": "4854.00000", "2009-01-31": "5237.00000", "2008-01-31": "5437.00000", "2007-01-31": "5750.00000", "2006-01-31": "5653.00000", "2005-01-31": "5355.00000"}, "Cost Of Goods Sold": {"2020-01-31": "5462.00000", "2019-01-31": "5411.00000", "2018-01-31": "5326.00000", "2017-01-31": "5130.00000", "2016-01-31": "4907.00000", "2015-01-31": "4777.00000", "2014-01-31": "4372.00000", "2013-01-31": "4148.00000", "2012-01-31": "3827.00000", "2011-01-31": "3533.00000", "2010-01-31": "3522.00000", "2009-01-31": "3777.00000", "2008-01-31": "4017.00000", "2007-01-31": "4014.00000", "2006-01-31": "3944.00000", "2005-01-31": "3722.00000"}, "Gross Profit": {"2020-01-31": "2543.00000", "2019-01-31": "2528.00000", "2018-01-31": "2456.00000", "2017-01-31": "2636.00000", "2016-01-31": "2505.00000", "2015-01-31": "2374.00000", "2014-01-31": "2133.00000", "2013-01-31": "2034.00000", "2012-01-31": "1796.00000", "2011-01-31": "1516.00000", "2010-01-31": "1332.00000", "2009-01-31": "1460.00000", "2008-01-31": "1420.00000", "2007-01-31": "1736.00000", "2006-01-31": "1709.00000", "2005-01-31": "1633.00000"}, "Research And Development Expenses": {"2020-01-31": "", "2019-01-31": "", "2018-01-31": "", "2017-01-31": "", "2016-01-31": "", "2015-01-31": "", "2014-01-31": "", "2013-01-31": "", "2012-01-31": "", "2011-01-31": "", "2010-01-31": "", "2009-01-31": "", "2008-01-31": "", "2007-01-31": "", "2006-01-31": "", "2005-01-31": ""}, "SG&A Expenses": {"2020-01-31": "1650.00000", "2019-01-31": "1614.00000", "2018-01-31": "1501.00000", "2017-01-31": "1472.00000", "2016-01-31": "1415.00000", "2015-01-31": "1426.00000", "2014-01-31": "1334.00000", "2013-01-31": "1294.00000", "2012-01-31": "1244.00000", "2011-01-31": "1138.00000", "2010-01-31": "1099.00000", "2009-01-31": "1174.00000", "2008-01-31": "1176.00000", "2007-01-31": "1163.00000", "2006-01-31": "1129.00000", "2005-01-31": "1090.00000"}, "Other Operating Income Or Expenses": {"2020-01-31": "-65.00000", "2019-01-31": "-37.00000", "2018-01-31": "-211.00000", "2017-01-31": "-6.00000", "2016-01-31": "-105.00000", "2015-01-31": "", "2014-01-31": "", "2013-01-31": "", "2012-01-31": "", "2011-01-31": "", "2010-01-31": "", "2009-01-31": "", "2008-01-31": "", "2007-01-31": "", "2006-01-31": "", "2005-01-31": ""}, "Operating Expenses": {"2020-01-31": "7356.00000", "2019-01-31": "7240.00000", "2018-01-31": "7211.00000", "2017-01-31": "6766.00000", "2016-01-31": "6575.00000", "2015-01-31": "6342.00000", "2014-01-31": "5839.00000", "2013-01-31": "5560.00000", "2012-01-31": "5181.00000", "2011-01-31": "4777.00000", "2010-01-31": "4733.00000", "2009-01-31": "5081.00000", "2008-01-31": "5359.00000", "2007-01-31": "5352.00000", "2006-01-31": "5244.00000", "2005-01-31": "4966.00000"}, "Operating Income": {"2020-01-31": "649.00000", "2019-01-31": "699.00000", "2018-01-31": "571.00000", "2017-01-31": "1000.00000", "2016-01-31": "837.00000", "2015-01-31": "809.00000", "2014-01-31": "666.00000", "2013-01-31": "622.00000", "2012-01-31": "442.00000", "2011-01-31": "272.00000", "2010-01-31": "121.00000", "2009-01-31": "156.00000", "2008-01-31": "78.00000", "2007-01-31": "398.00000", "2006-01-31": "409.00000", "2005-01-31": "389.00000"}, "Total Non-Operating Income/Expense": {"2020-01-31": "23.00000", "2019-01-31": "14.00000", "2018-01-31": "7.00000", "2017-01-31": "4.00000", "2016-01-31": "", "2015-01-31": "", "2014-01-31": "-3.00000", "2013-01-31": "-15.00000", "2012-01-31": "-7.00000", "2011-01-31": "-15.00000", "2010-01-31": "-48.00000", "2009-01-31": "-256.00000", "2008-01-31": "-128.00000", "2007-01-31": "-6.00000", "2006-01-31": "-4.00000", "2005-01-31": "-15.00000"}, "Pre-Tax Income": {"2020-01-31": "672.00000", "2019-01-31": "713.00000", "2018-01-31": "578.00000", "2017-01-31": "1004.00000", "2016-01-31": "837.00000", "2015-01-31": "809.00000", "2014-01-31": "663.00000", "2013-01-31": "607.00000", "2012-01-31": "435.00000", "2011-01-31": "257.00000", "2010-01-31": "73.00000", "2009-01-31": "-100.00000", "2008-01-31": "-50.00000", "2007-01-31": "392.00000", "2006-01-31": "405.00000", "2005-01-31": "374.00000"}, "Income Taxes": {"2020-01-31": "181.00000", "2019-01-31": "172.00000", "2018-01-31": "294.00000", "2017-01-31": "340.00000", "2016-01-31": "296.00000", "2015-01-31": "289.00000", "2014-01-31": "234.00000", "2013-01-31": "210.00000", "2012-01-31": "157.00000", "2011-01-31": "88.00000", "2010-01-31": "26.00000", "2009-01-31": "-21.00000", "2008-01-31": "-93.00000", "2007-01-31": "145.00000", "2006-01-31": "142.00000", "2005-01-31": "119.00000"}, "Income After Taxes": {"2020-01-31": "491.00000", "2019-01-31": "541.00000", "2018-01-31": "284.00000", "2017-01-31": "664.00000", "2016-01-31": "541.00000", "2015-01-31": "520.00000", "2014-01-31": "429.00000", "2013-01-31": "397.00000", "2012-01-31": "278.00000", "2011-01-31": "169.00000", "2010-01-31": "47.00000", "2009-01-31": "-79.00000", "2008-01-31": "43.00000", "2007-01-31": "247.00000", "2006-01-31": "263.00000", "2005-01-31": "255.00000"}, "Other Income": {"2020-01-31": "", "2019-01-31": "", "2018-01-31": "", "2017-01-31": "", "2016-01-31": "", "2015-01-31": "", "2014-01-31": "", "2013-01-31": "", "2012-01-31": "", "2011-01-31": "", "2010-01-31": "", "2009-01-31": "", "2008-01-31": "", "2007-01-31": "", "2006-01-31": "", "2005-01-31": ""}, "Income From Continuous Operations": {"2020-01-31": "491.00000", "2019-01-31": "541.00000", "2018-01-31": "284.00000", "2017-01-31": "664.00000", "2016-01-31": "541.00000", "2015-01-31": "520.00000", "2014-01-31": "429.00000", "2013-01-31": "397.00000", "2012-01-31": "278.00000", "2011-01-31": "169.00000", "2010-01-31": "47.00000", "2009-01-31": "-79.00000", "2008-01-31": "43.00000", "2007-01-31": "247.00000", "2006-01-31": "263.00000", "2005-01-31": "255.00000"}, "Income From Discontinued Operations": {"2020-01-31": "", "2019-01-31": "", "2018-01-31": "", "2017-01-31": "", "2016-01-31": "", "2015-01-31": "", "2014-01-31": "", "2013-01-31": "", "2012-01-31": "", "2011-01-31": "", "2010-01-31": "1.00000", "2009-01-31": "-1.00000", "2008-01-31": "2.00000", "2007-01-31": "3.00000", "2006-01-31": "1.00000", "2005-01-31": "38.00000"}, "Net Income": {"2020-01-31": "491.00000", "2019-01-31": "541.00000", "2018-01-31": "284.00000", "2017-01-31": "664.00000", "2016-01-31": "541.00000", "2015-01-31": "520.00000", "2014-01-31": "429.00000", "2013-01-31": "397.00000", "2012-01-31": "278.00000", "2011-01-31": "169.00000", "2010-01-31": "48.00000", "2009-01-31": "-80.00000", "2008-01-31": "45.00000", "2007-01-31": "251.00000", "2006-01-31": "264.00000", "2005-01-31": "293.00000"}, "EBITDA": {"2020-01-31": "828.00000", "2019-01-31": "877.00000", "2018-01-31": "744.00000", "2017-01-31": "1158.00000", "2016-01-31": "985.00000", "2015-01-31": "948.00000", "2014-01-31": "799.00000", "2013-01-31": "740.00000", "2012-01-31": "552.00000", "2011-01-31": "378.00000", "2010-01-31": "233.00000", "2009-01-31": "286.00000", "2008-01-31": "244.00000", "2007-01-31": "573.00000", "2006-01-31": "580.00000", "2005-01-31": "543.00000"}, "EBIT": {"2020-01-31": "649.00000", "2019-01-31": "699.00000", "2018-01-31": "571.00000", "2017-01-31": "1000.00000", "2016-01-31": "837.00000", "2015-01-31": "809.00000", "2014-01-31": "666.00000", "2013-01-31": "622.00000", "2012-01-31": "442.00000", "2011-01-31": "272.00000", "2010-01-31": "121.00000", "2009-01-31": "156.00000", "2008-01-31": "78.00000", "2007-01-31": "398.00000", "2006-01-31": "409.00000", "2005-01-31": "389.00000"}, "Basic Shares Outstanding": {"2020-01-31": "108.70000", "2019-01-31": "115.60000", "2018-01-31": "127.20000", "2017-01-31": "134.00000", "2016-01-31": "139.10000", "2015-01-31": "143.90000", "2014-01-31": "148.40000", "2013-01-31": "151.20000", "2012-01-31": "153.00000", "2011-01-31": "155.70000", "2010-01-31": "156.00000", "2009-01-31": "154.00000", "2008-01-31": "154.00000", "2007-01-31": "155.00000", "2006-01-31": "155.10000", "2005-01-31": "150.90000"}, "Shares Outstanding": {"2020-01-31": "109.10000", "2019-01-31": "116.10000", "2018-01-31": "127.90000", "2017-01-31": "135.10000", "2016-01-31": "140.80000", "2015-01-31": "146.00000", "2014-01-31": "150.50000", "2013-01-31": "154.00000", "2012-01-31": "154.40000", "2011-01-31": "156.70000", "2010-01-31": "156.30000", "2009-01-31": "154.00000", "2008-01-31": "155.60000", "2007-01-31": "156.80000", "2006-01-31": "157.60000", "2005-01-31": "157.10000"}, "Basic EPS": {"2020-01-31": "4.52000", "2019-01-31": "4.68000", "2018-01-31": "2.23000", "2017-01-31": "4.95000", "2016-01-31": "3.89000", "2015-01-31": "3.61000", "2014-01-31": "2.89000", "2013-01-31": "2.62000", "2012-01-31": "1.81000", "2011-01-31": "1.08000", "2010-01-31": "0.30000", "2009-01-31": "-0.52000", "2008-01-31": "0.30000", "2007-01-31": "1.62000", "2006-01-31": "1.71000", "2005-01-31": "1.94000"}, "EPS - Earnings Per Share": {"2020-01-31": "4.50000", "2019-01-31": "4.66000", "2018-01-31": "2.22000", "2017-01-31": "4.91000", "2016-01-31": "3.84000", "2015-01-31": "3.56000", "2014-01-31": "2.85000", "2013-01-31": "2.58000", "2012-01-31": "1.80000", "2011-01-31": "1.07000", "2010-01-31": "0.30000", "2009-01-31": "-0.52000", "2008-01-31": "0.29000", "2007-01-31": "1.60000", "2006-01-31": "1.68000", "2005-01-31": "1.88000"}}, "income statement, quarterly": {"Revenue": {"2020-10-31": "2106.00000", "2020-07-31": "2077.00000", "2020-04-30": "1176.00000", "2020-01-31": "2221.00000", "2019-10-31": "1932.00000", "2019-07-31": "1774.00000", "2019-04-30": "2078.00000", "2019-01-31": "2272.00000", "2018-10-31": "1860.00000", "2018-07-31": "1782.00000", "2018-04-30": "2025.00000", "2018-01-31": "2210.00000", "2017-10-31": "1870.00000", "2017-07-31": "1701.00000", "2017-04-30": "2001.00000", "2017-01-31": "2113.00000", "2016-10-31": "1886.00000", "2016-07-31": "1780.00000", "2016-04-30": "1987.00000", "2016-01-31": "2007.00000", "2015-10-31": "1794.00000", "2015-07-31": "1695.00000", "2015-04-30": "1916.00000", "2015-01-31": "1911.00000", "2014-10-31": "1731.00000", "2014-07-31": "1641.00000", "2014-04-30": "1868.00000", "2014-01-31": "1791.00000", "2013-10-31": "1622.00000", "2013-07-31": "1454.00000", "2013-04-30": "1638.00000", "2013-01-31": "1713.00000", "2012-10-31": "1524.00000", "2012-07-31": "1367.00000", "2012-04-30": "1578.00000", "2012-01-31": "1502.00000", "2011-10-31": "1394.00000", "2011-07-31": "1275.00000", "2011-04-30": "1452.00000", "2011-01-31": "1392.00000", "2010-10-31": "1280.00000", "2010-07-31": "1096.00000", "2010-04-30": "1281.00000", "2010-01-31": "1325.00000", "2009-10-31": "1214.00000", "2009-07-31": "1099.00000", "2009-04-30": "1216.00000", "2009-01-31": "1317.00000", "2008-10-31": "1309.00000", "2008-07-31": "1302.00000", "2008-04-30": "1309.00000", "2008-01-31": "1482.00000", "2007-10-31": "1356.00000", "2007-07-31": "1283.00000", "2007-04-30": "1316.00000", "2007-01-31": "1652.00000", "2006-10-31": "1430.00000", "2006-07-31": "1303.00000", "2006-04-30": "1365.00000", "2006-01-31": "1564.00000", "2005-10-31": "1408.00000", "2005-07-31": "1304.00000", "2005-04-30": "1377.00000", "2005-01-31": "1535.00000"}, "Cost Of Goods Sold": {"2020-10-31": "1456.00000", "2020-07-31": "1539.00000", "2020-04-30": "905.00000", "2020-01-31": "1521.00000", "2019-10-31": "1312.00000", "2019-07-31": "1240.00000", "2019-04-30": "1389.00000", "2019-01-31": "1537.00000", "2018-10-31": "1272.00000", "2018-07-31": "1243.00000", "2018-04-30": "1359.00000", "2018-01-31": "1517.00000", "2017-10-31": "1290.00000", "2017-07-31": "1198.00000", "2017-04-30": "1321.00000", "2017-01-31": "1400.00000", "2016-10-31": "1246.00000", "2016-07-31": "1193.00000", "2016-04-30": "1291.00000", "2016-01-31": "1332.00000", "2015-10-31": "1187.00000", "2015-07-31": "1142.00000", "2015-04-30": "1246.00000", "2015-01-31": "1282.00000", "2014-10-31": "1157.00000", "2014-07-31": "1116.00000", "2014-04-30": "1222.00000", "2014-01-31": "1209.00000", "2013-10-31": "1085.00000", "2013-07-31": "1001.00000", "2013-04-30": "1077.00000", "2013-01-31": "1149.00000", "2012-10-31": "1019.00000", "2012-07-31": "939.00000", "2012-04-30": "1041.00000", "2012-01-31": "1022.00000", "2011-10-31": "941.00000", "2011-07-31": "887.00000", "2011-04-30": "977.00000", "2011-01-31": "962.00000", "2010-10-31": "892.00000", "2010-07-31": "791.00000", "2010-04-30": "888.00000", "2010-01-31": "958.00000", "2009-10-31": "885.00000", "2009-07-31": "819.00000", "2009-04-30": "860.00000", "2009-01-31": "939.00000", "2008-10-31": "954.00000", "2008-07-31": "941.00000", "2008-04-30": "943.00000", "2008-01-31": "1105.00000", "2007-10-31": "975.00000", "2007-07-31": "981.00000", "2007-04-30": "956.00000", "2007-01-31": "1118.00000", "2006-10-31": "1008.00000", "2006-07-31": "942.00000", "2006-04-30": "946.00000", "2006-01-31": "1080.00000", "2005-10-31": "978.00000", "2005-07-31": "927.00000", "2005-04-30": "959.00000", "2005-01-31": "1058.00000"}, "Gross Profit": {"2020-10-31": "650.00000", "2020-07-31": "538.00000", "2020-04-30": "271.00000", "2020-01-31": "700.00000", "2019-10-31": "620.00000", "2019-07-31": "534.00000", "2019-04-30": "689.00000", "2019-01-31": "735.00000", "2018-10-31": "588.00000", "2018-07-31": "539.00000", "2018-04-30": "666.00000", "2018-01-31": "693.00000", "2017-10-31": "580.00000", "2017-07-31": "503.00000", "2017-04-30": "680.00000", "2017-01-31": "713.00000", "2016-10-31": "640.00000", "2016-07-31": "587.00000", "2016-04-30": "696.00000", "2016-01-31": "675.00000", "2015-10-31": "607.00000", "2015-07-31": "553.00000", "2015-04-30": "670.00000", "2015-01-31": "629.00000", "2014-10-31": "574.00000", "2014-07-31": "525.00000", "2014-04-30": "646.00000", "2014-01-31": "582.00000", "2013-10-31": "537.00000", "2013-07-31": "453.00000", "2013-04-30": "561.00000", "2013-01-31": "564.00000", "2012-10-31": "505.00000", "2012-07-31": "428.00000", "2012-04-30": "537.00000", "2012-01-31": "480.00000", "2011-10-31": "453.00000", "2011-07-31": "388.00000", "2011-04-30": "475.00000", "2011-01-31": "430.00000", "2010-10-31": "388.00000", "2010-07-31": "305.00000", "2010-04-30": "393.00000", "2010-01-31": "367.00000", "2009-10-31": "329.00000", "2009-07-31": "280.00000", "2009-04-30": "356.00000", "2009-01-31": "378.00000", "2008-10-31": "355.00000", "2008-07-31": "361.00000", "2008-04-30": "366.00000", "2008-01-31": "377.00000", "2007-10-31": "381.00000", "2007-07-31": "302.00000", "2007-04-30": "360.00000", "2007-01-31": "534.00000", "2006-10-31": "422.00000", "2006-07-31": "361.00000", "2006-04-30": "419.00000", "2006-01-31": "484.00000", "2005-10-31": "430.00000", "2005-07-31": "377.00000", "2005-04-30": "418.00000", "2005-01-31": "477.00000"}, "Research And Development Expenses": {"2020-10-31": "", "2020-07-31": "", "2020-04-30": "", "2020-01-31": "", "2019-10-31": "", "2019-07-31": "", "2019-04-30": "", "2019-01-31": "", "2018-10-31": "", "2018-07-31": "", "2018-04-30": "", "2018-01-31": "", "2017-10-31": "", "2017-07-31": "", "2017-04-30": "", "2017-01-31": "", "2016-10-31": "", "2016-07-31": "", "2016-04-30": "", "2016-01-31": "", "2015-10-31": "", "2015-07-31": "", "2015-04-30": "", "2015-01-31": "", "2014-10-31": "", "2014-07-31": "", "2014-04-30": "", "2014-01-31": "", "2013-10-31": "", "2013-07-31": "", "2013-04-30": "", "2013-01-31": "", "2012-10-31": "", "2012-07-31": "", "2012-04-30": "", "2012-01-31": "", "2011-10-31": "", "2011-07-31": "", "2011-04-30": "", "2011-01-31": "", "2010-10-31": "", "2010-07-31": "", "2010-04-30": "", "2010-01-31": "", "2009-10-31": "", "2009-07-31": "", "2009-04-30": "", "2009-01-31": "", "2008-10-31": "", "2008-07-31": "", "2008-04-30": "", "2008-01-31": "", "2007-10-31": "", "2007-07-31": "", "2007-04-30": "", "2007-01-31": "", "2006-10-31": "", "2006-07-31": "", "2006-04-30": "", "2006-01-31": "", "2005-10-31": "", "2005-07-31": "", "2005-04-30": "", "2005-01-31": ""}, "SG&A Expenses": {"2020-10-31": "424.00000", "2020-07-31": "387.00000", "2020-04-30": "316.00000", "2020-01-31": "430.00000", "2019-10-31": "411.00000", "2019-07-31": "393.00000", "2019-04-30": "416.00000", "2019-01-31": "451.00000", "2018-10-31": "398.00000", "2018-07-31": "380.00000", "2018-04-30": "385.00000", "2018-01-31": "423.00000", "2017-10-31": "368.00000", "2017-07-31": "339.00000", "2017-04-30": "371.00000", "2017-01-31": "395.00000", "2016-10-31": "366.00000", "2016-07-31": "350.00000", "2016-04-30": "361.00000", "2016-01-31": "387.00000", "2015-10-31": "352.00000", "2015-07-31": "331.00000", "2015-04-30": "345.00000", "2015-01-31": "375.00000", "2014-10-31": "353.00000", "2014-07-31": "343.00000", "2014-04-30": "355.00000", "2014-01-31": "365.00000", "2013-10-31": "340.00000", "2013-07-31": "314.00000", "2013-04-30": "315.00000", "2013-01-31": "363.00000", "2012-10-31": "319.00000", "2012-07-31": "306.00000", "2012-04-30": "306.00000", "2012-01-31": "325.00000", "2011-10-31": "320.00000", "2011-07-31": "301.00000", "2011-04-30": "298.00000", "2011-01-31": "303.00000", "2010-10-31": "287.00000", "2010-07-31": "268.00000", "2010-04-30": "280.00000", "2010-01-31": "295.00000", "2009-10-31": "274.00000", "2009-07-31": "252.00000", "2009-04-30": "278.00000", "2009-01-31": "289.00000", "2008-10-31": "287.00000", "2008-07-31": "299.00000", "2008-04-30": "299.00000", "2008-01-31": "311.00000", "2007-10-31": "289.00000", "2007-07-31": "286.00000", "2007-04-30": "290.00000", "2007-01-31": "323.00000", "2006-10-31": "284.00000", "2006-07-31": "273.00000", "2006-04-30": "283.00000", "2006-01-31": "301.00000", "2005-10-31": "280.00000", "2005-07-31": "265.00000", "2005-04-30": "283.00000", "2005-01-31": "304.00000"}, "Other Operating Income Or Expenses": {"2020-10-31": "-4.00000", "2020-07-31": "-38.00000", "2020-04-30": "-16.00000", "2020-01-31": "-49.00000", "2019-10-31": "-1.00000", "2019-07-31": "-14.00000", "2019-04-30": "-1.00000", "2019-01-31": "-20.00000", "2018-10-31": "-2.00000", "2018-07-31": "-3.00000", "2018-04-30": "-12.00000", "2018-01-31": "-148.00000", "2017-10-31": "-13.00000", "2017-07-31": "-50.00000", "2017-04-30": "", "2017-01-31": "", "2016-10-31": "-6.00000", "2016-07-31": "", "2016-04-30": "", "2016-01-31": "", "2015-10-31": "", "2015-07-31": "", "2015-04-30": "", "2015-01-31": "", "2014-10-31": "", "2014-07-31": "", "2014-04-30": "", "2014-01-31": "", "2013-10-31": "", "2013-07-31": "", "2013-04-30": "", "2013-01-31": "", "2012-10-31": "", "2012-07-31": "", "2012-04-30": "", "2012-01-31": "", "2011-10-31": "", "2011-07-31": "", "2011-04-30": "", "2011-01-31": "", "2010-10-31": "", "2010-07-31": "", "2010-04-30": "", "2010-01-31": "", "2009-10-31": "", "2009-07-31": "", "2009-04-30": "", "2009-01-31": "", "2008-10-31": "", "2008-07-31": "", "2008-04-30": "", "2008-01-31": "", "2007-10-31": "", "2007-07-31": "", "2007-04-30": "", "2007-01-31": "", "2006-10-31": "", "2006-07-31": "", "2006-04-30": "", "2006-01-31": "", "2005-10-31": "", "2005-07-31": "", "2005-04-30": "", "2005-01-31": ""}, "Operating Expenses": {"2020-10-31": "1928.00000", "2020-07-31": "2008.00000", "2020-04-30": "1281.00000", "2020-01-31": "2045.00000", "2019-10-31": "1768.00000", "2019-07-31": "1693.00000", "2019-04-30": "1850.00000", "2019-01-31": "2053.00000", "2018-10-31": "1716.00000", "2018-07-31": "1670.00000", "2018-04-30": "1801.00000", "2018-01-31": "2134.00000", "2017-10-31": "1715.00000", "2017-07-31": "1629.00000", "2017-04-30": "1733.00000", "2017-01-31": "1835.00000", "2016-10-31": "1658.00000", "2016-07-31": "1582.00000", "2016-04-30": "1691.00000", "2016-01-31": "1863.00000", "2015-10-31": "1577.00000", "2015-07-31": "1509.00000", "2015-04-30": "1626.00000", "2015-01-31": "1690.00000", "2014-10-31": "1544.00000", "2014-07-31": "1495.00000", "2014-04-30": "1613.00000", "2014-01-31": "1610.00000", "2013-10-31": "1460.00000", "2013-07-31": "1346.00000", "2013-04-30": "1423.00000", "2013-01-31": "1542.00000", "2012-10-31": "1368.00000", "2012-07-31": "1274.00000", "2012-04-30": "1376.00000", "2012-01-31": "1375.00000", "2011-10-31": "1288.00000", "2011-07-31": "1216.00000", "2011-04-30": "1302.00000", "2011-01-31": "1292.00000", "2010-10-31": "1206.00000", "2010-07-31": "1085.00000", "2010-04-30": "1194.00000", "2010-01-31": "1280.00000", "2009-10-31": "1188.00000", "2009-07-31": "1099.00000", "2009-04-30": "1166.00000", "2009-01-31": "1261.00000", "2008-10-31": "1273.00000", "2008-07-31": "1273.00000", "2008-04-30": "1274.00000", "2008-01-31": "1450.00000", "2007-10-31": "1309.00000", "2007-07-31": "1311.00000", "2007-04-30": "1289.00000", "2007-01-31": "1485.00000", "2006-10-31": "1336.00000", "2006-07-31": "1259.00000", "2006-04-30": "1272.00000", "2006-01-31": "1424.00000", "2005-10-31": "1304.00000", "2005-07-31": "1233.00000", "2005-04-30": "1283.00000", "2005-01-31": "1402.00000"}, "Operating Income": {"2020-10-31": "178.00000", "2020-07-31": "69.00000", "2020-04-30": "-105.00000", "2020-01-31": "176.00000", "2019-10-31": "164.00000", "2019-07-31": "81.00000", "2019-04-30": "228.00000", "2019-01-31": "219.00000", "2018-10-31": "144.00000", "2018-07-31": "112.00000", "2018-04-30": "224.00000", "2018-01-31": "76.00000", "2017-10-31": "155.00000", "2017-07-31": "72.00000", "2017-04-30": "268.00000", "2017-01-31": "278.00000", "2016-10-31": "228.00000", "2016-07-31": "198.00000", "2016-04-30": "296.00000", "2016-01-31": "144.00000", "2015-10-31": "217.00000", "2015-07-31": "186.00000", "2015-04-30": "290.00000", "2015-01-31": "221.00000", "2014-10-31": "187.00000", "2014-07-31": "146.00000", "2014-04-30": "255.00000", "2014-01-31": "181.00000", "2013-10-31": "162.00000", "2013-07-31": "108.00000", "2013-04-30": "215.00000", "2013-01-31": "171.00000", "2012-10-31": "156.00000", "2012-07-31": "93.00000", "2012-04-30": "202.00000", "2012-01-31": "127.00000", "2011-10-31": "106.00000", "2011-07-31": "59.00000", "2011-04-30": "150.00000", "2011-01-31": "100.00000", "2010-10-31": "74.00000", "2010-07-31": "11.00000", "2010-04-30": "87.00000", "2010-01-31": "45.00000", "2009-10-31": "26.00000", "2009-07-31": "", "2009-04-30": "50.00000", "2009-01-31": "56.00000", "2008-10-31": "36.00000", "2008-07-31": "29.00000", "2008-04-30": "35.00000", "2008-01-31": "32.00000", "2007-10-31": "47.00000", "2007-07-31": "-28.00000", "2007-04-30": "27.00000", "2007-01-31": "167.00000", "2006-10-31": "94.00000", "2006-07-31": "44.00000", "2006-04-30": "93.00000", "2006-01-31": "140.00000", "2005-10-31": "104.00000", "2005-07-31": "71.00000", "2005-04-30": "94.00000", "2005-01-31": "133.00000"}, "Total Non-Operating Income/Expense": {"2020-10-31": "191.00000", "2020-07-31": "1.00000", "2020-04-30": "", "2020-01-31": "6.00000", "2019-10-31": "7.00000", "2019-07-31": "4.00000", "2019-04-30": "6.00000", "2019-01-31": "4.00000", "2018-10-31": "2.00000", "2018-07-31": "3.00000", "2018-04-30": "5.00000", "2018-01-31": "4.00000", "2017-10-31": "1.00000", "2017-07-31": "1.00000", "2017-04-30": "1.00000", "2017-01-31": "3.00000", "2016-10-31": "-1.00000", "2016-07-31": "", "2016-04-30": "2.00000", "2016-01-31": "", "2015-10-31": "-100.00000", "2015-07-31": "-1.00000", "2015-04-30": "", "2015-01-31": "", "2014-10-31": "", "2014-07-31": "-2.00000", "2014-04-30": "-1.00000", "2014-01-31": "", "2013-10-31": "-2.00000", "2013-07-31": "-2.00000", "2013-04-30": "1.00000", "2013-01-31": "-13.00000", "2012-10-31": "-1.00000", "2012-07-31": "", "2012-04-30": "-1.00000", "2012-01-31": "-4.00000", "2011-10-31": "-1.00000", "2011-07-31": "-1.00000", "2011-04-30": "-1.00000", "2011-01-31": "-10.00000", "2010-10-31": "-1.00000", "2010-07-31": "-1.00000", "2010-04-30": "-3.00000", "2010-01-31": "-6.00000", "2009-10-31": "-39.00000", "2009-07-31": "-2.00000", "2009-04-30": "-1.00000", "2009-01-31": "-236.00000", "2008-10-31": "1.00000", "2008-07-31": "-1.00000", "2008-04-30": "-20.00000", "2008-01-31": "-22.00000", "2007-10-31": "-105.00000", "2007-07-31": "-1.00000", "2007-04-30": "", "2007-01-31": "7.00000", "2006-10-31": "7.00000", "2006-07-31": "-19.00000", "2006-04-30": "-1.00000", "2006-01-31": "1.00000", "2005-10-31": "-2.00000", "2005-07-31": "", "2005-04-30": "-3.00000", "2005-01-31": "-3.00000"}, "Pre-Tax Income": {"2020-10-31": "369.00000", "2020-07-31": "70.00000", "2020-04-30": "-105.00000", "2020-01-31": "182.00000", "2019-10-31": "171.00000", "2019-07-31": "85.00000", "2019-04-30": "234.00000", "2019-01-31": "223.00000", "2018-10-31": "146.00000", "2018-07-31": "115.00000", "2018-04-30": "229.00000", "2018-01-31": "80.00000", "2017-10-31": "156.00000", "2017-07-31": "73.00000", "2017-04-30": "269.00000", "2017-01-31": "281.00000", "2016-10-31": "227.00000", "2016-07-31": "198.00000", "2016-04-30": "298.00000", "2016-01-31": "245.00000", "2015-10-31": "117.00000", "2015-07-31": "185.00000", "2015-04-30": "290.00000", "2015-01-31": "224.00000", "2014-10-31": "187.00000", "2014-07-31": "144.00000", "2014-04-30": "254.00000", "2014-01-31": "181.00000", "2013-10-31": "160.00000", "2013-07-31": "106.00000", "2013-04-30": "216.00000", "2013-01-31": "158.00000", "2012-10-31": "155.00000", "2012-07-31": "93.00000", "2012-04-30": "201.00000", "2012-01-31": "123.00000", "2011-10-31": "105.00000", "2011-07-31": "58.00000", "2011-04-30": "149.00000", "2011-01-31": "90.00000", "2010-10-31": "73.00000", "2010-07-31": "10.00000", "2010-04-30": "84.00000", "2010-01-31": "39.00000", "2009-10-31": "-13.00000", "2009-07-31": "-2.00000", "2009-04-30": "49.00000", "2009-01-31": "-180.00000", "2008-10-31": "37.00000", "2008-07-31": "28.00000", "2008-04-30": "15.00000", "2008-01-31": "10.00000", "2007-10-31": "-58.00000", "2007-07-31": "-29.00000", "2007-04-30": "27.00000", "2007-01-31": "174.00000", "2006-10-31": "101.00000", "2006-07-31": "25.00000", "2006-04-30": "92.00000", "2006-01-31": "141.00000", "2005-10-31": "102.00000", "2005-07-31": "71.00000", "2005-04-30": "91.00000", "2005-01-31": "130.00000"}, "Income Taxes": {"2020-10-31": "104.00000", "2020-07-31": "25.00000", "2020-04-30": "5.00000", "2020-01-31": "48.00000", "2019-10-31": "46.00000", "2019-07-31": "25.00000", "2019-04-30": "62.00000", "2019-01-31": "65.00000", "2018-10-31": "16.00000", "2018-07-31": "27.00000", "2018-04-30": "64.00000", "2018-01-31": "129.00000", "2017-10-31": "54.00000", "2017-07-31": "22.00000", "2017-04-30": "89.00000", "2017-01-31": "92.00000", "2016-10-31": "70.00000", "2016-07-31": "71.00000", "2016-04-30": "107.00000", "2016-01-31": "87.00000", "2015-10-31": "37.00000", "2015-07-31": "66.00000", "2015-04-30": "106.00000", "2015-01-31": "78.00000", "2014-10-31": "67.00000", "2014-07-31": "52.00000", "2014-04-30": "92.00000", "2014-01-31": "60.00000", "2013-10-31": "56.00000", "2013-07-31": "40.00000", "2013-04-30": "78.00000", "2013-01-31": "54.00000", "2012-10-31": "49.00000", "2012-07-31": "34.00000", "2012-04-30": "73.00000", "2012-01-31": "42.00000", "2011-10-31": "39.00000", "2011-07-31": "21.00000", "2011-04-30": "55.00000", "2011-01-31": "33.00000", "2010-10-31": "21.00000", "2010-07-31": "4.00000", "2010-04-30": "30.00000", "2010-01-31": "16.00000", "2009-10-31": "-7.00000", "2009-07-31": "-1.00000", "2009-04-30": "18.00000", "2009-01-31": "-56.00000", "2008-10-31": "13.00000", "2008-07-31": "10.00000", "2008-04-30": "12.00000", "2008-01-31": "-68.00000", "2007-10-31": "-24.00000", "2007-07-31": "-11.00000", "2007-04-30": "10.00000", "2007-01-31": "64.00000", "2006-10-31": "36.00000", "2006-07-31": "11.00000", "2006-04-30": "34.00000", "2006-01-31": "45.00000", "2005-10-31": "37.00000", "2005-07-31": "27.00000", "2005-04-30": "33.00000", "2005-01-31": "41.00000"}, "Income After Taxes": {"2020-10-31": "265.00000", "2020-07-31": "45.00000", "2020-04-30": "-110.00000", "2020-01-31": "134.00000", "2019-10-31": "125.00000", "2019-07-31": "60.00000", "2019-04-30": "172.00000", "2019-01-31": "158.00000", "2018-10-31": "130.00000", "2018-07-31": "88.00000", "2018-04-30": "165.00000", "2018-01-31": "-49.00000", "2017-10-31": "102.00000", "2017-07-31": "51.00000", "2017-04-30": "180.00000", "2017-01-31": "189.00000", "2016-10-31": "157.00000", "2016-07-31": "127.00000", "2016-04-30": "191.00000", "2016-01-31": "158.00000", "2015-10-31": "80.00000", "2015-07-31": "119.00000", "2015-04-30": "184.00000", "2015-01-31": "146.00000", "2014-10-31": "120.00000", "2014-07-31": "92.00000", "2014-04-30": "162.00000", "2014-01-31": "121.00000", "2013-10-31": "104.00000", "2013-07-31": "66.00000", "2013-04-30": "138.00000", "2013-01-31": "104.00000", "2012-10-31": "106.00000", "2012-07-31": "59.00000", "2012-04-30": "128.00000", "2012-01-31": "81.00000", "2011-10-31": "66.00000", "2011-07-31": "37.00000", "2011-04-30": "94.00000", "2011-01-31": "57.00000", "2010-10-31": "52.00000", "2010-07-31": "6.00000", "2010-04-30": "54.00000", "2010-01-31": "23.00000", "2009-10-31": "-6.00000", "2009-07-31": "-1.00000", "2009-04-30": "31.00000", "2009-01-31": "-124.00000", "2008-10-31": "24.00000", "2008-07-31": "18.00000", "2008-04-30": "3.00000", "2008-01-31": "78.00000", "2007-10-31": "-34.00000", "2007-07-31": "-18.00000", "2007-04-30": "17.00000", "2007-01-31": "110.00000", "2006-10-31": "65.00000", "2006-07-31": "14.00000", "2006-04-30": "58.00000", "2006-01-31": "96.00000", "2005-10-31": "65.00000", "2005-07-31": "44.00000", "2005-04-30": "58.00000", "2005-01-31": "89.00000"}, "Other Income": {"2020-10-31": "", "2020-07-31": "", "2020-04-30": "", "2020-01-31": "", "2019-10-31": "", "2019-07-31": "", "2019-04-30": "", "2019-01-31": "", "2018-10-31": "", "2018-07-31": "", "2018-04-30": "", "2018-01-31": "", "2017-10-31": "", "2017-07-31": "", "2017-04-30": "", "2017-01-31": "", "2016-10-31": "", "2016-07-31": "", "2016-04-30": "", "2016-01-31": "", "2015-10-31": "", "2015-07-31": "", "2015-04-30": "", "2015-01-31": "", "2014-10-31": "", "2014-07-31": "", "2014-04-30": "", "2014-01-31": "", "2013-10-31": "", "2013-07-31": "", "2013-04-30": "", "2013-01-31": "", "2012-10-31": "", "2012-07-31": "", "2012-04-30": "", "2012-01-31": "", "2011-10-31": "", "2011-07-31": "", "2011-04-30": "", "2011-01-31": "", "2010-10-31": "", "2010-07-31": "", "2010-04-30": "", "2010-01-31": "", "2009-10-31": "", "2009-07-31": "", "2009-04-30": "", "2009-01-31": "", "2008-10-31": "", "2008-07-31": "", "2008-04-30": "", "2008-01-31": "", "2007-10-31": "", "2007-07-31": "", "2007-04-30": "", "2007-01-31": "", "2006-10-31": "", "2006-07-31": "", "2006-04-30": "", "2006-01-31": "", "2005-10-31": "", "2005-07-31": "", "2005-04-30": "", "2005-01-31": ""}, "Income From Continuous Operations": {"2020-10-31": "265.00000", "2020-07-31": "45.00000", "2020-04-30": "-110.00000", "2020-01-31": "134.00000", "2019-10-31": "125.00000", "2019-07-31": "60.00000", "2019-04-30": "172.00000", "2019-01-31": "158.00000", "2018-10-31": "130.00000", "2018-07-31": "88.00000", "2018-04-30": "165.00000", "2018-01-31": "-49.00000", "2017-10-31": "102.00000", "2017-07-31": "51.00000", "2017-04-30": "180.00000", "2017-01-31": "189.00000", "2016-10-31": "157.00000", "2016-07-31": "127.00000", "2016-04-30": "191.00000", "2016-01-31": "158.00000", "2015-10-31": "80.00000", "2015-07-31": "119.00000", "2015-04-30": "184.00000", "2015-01-31": "146.00000", "2014-10-31": "120.00000", "2014-07-31": "92.00000", "2014-04-30": "162.00000", "2014-01-31": "121.00000", "2013-10-31": "104.00000", "2013-07-31": "66.00000", "2013-04-30": "138.00000", "2013-01-31": "104.00000", "2012-10-31": "106.00000", "2012-07-31": "59.00000", "2012-04-30": "128.00000", "2012-01-31": "81.00000", "2011-10-31": "66.00000", "2011-07-31": "37.00000", "2011-04-30": "94.00000", "2011-01-31": "57.00000", "2010-10-31": "52.00000", "2010-07-31": "6.00000", "2010-04-30": "54.00000", "2010-01-31": "23.00000", "2009-10-31": "-6.00000", "2009-07-31": "-1.00000", "2009-04-30": "31.00000", "2009-01-31": "-124.00000", "2008-10-31": "24.00000", "2008-07-31": "18.00000", "2008-04-30": "3.00000", "2008-01-31": "78.00000", "2007-10-31": "-34.00000", "2007-07-31": "-18.00000", "2007-04-30": "17.00000", "2007-01-31": "110.00000", "2006-10-31": "65.00000", "2006-07-31": "14.00000", "2006-04-30": "58.00000", "2006-01-31": "96.00000", "2005-10-31": "65.00000", "2005-07-31": "44.00000", "2005-04-30": "58.00000", "2005-01-31": "89.00000"}, "Income From Discontinued Operations": {"2020-10-31": "", "2020-07-31": "", "2020-04-30": "", "2020-01-31": "", "2019-10-31": "", "2019-07-31": "", "2019-04-30": "", "2019-01-31": "", "2018-10-31": "", "2018-07-31": "", "2018-04-30": "", "2018-01-31": "", "2017-10-31": "", "2017-07-31": "", "2017-04-30": "", "2017-01-31": "", "2016-10-31": "", "2016-07-31": "", "2016-04-30": "", "2016-01-31": "", "2015-10-31": "", "2015-07-31": "", "2015-04-30": "", "2015-01-31": "", "2014-10-31": "", "2014-07-31": "", "2014-04-30": "", "2014-01-31": "", "2013-10-31": "", "2013-07-31": "", "2013-04-30": "", "2013-01-31": "", "2012-10-31": "", "2012-07-31": "", "2012-04-30": "", "2012-01-31": "", "2011-10-31": "", "2011-07-31": "", "2011-04-30": "", "2011-01-31": "", "2010-10-31": "", "2010-07-31": "", "2010-04-30": "", "2010-01-31": "", "2009-10-31": "", "2009-07-31": "1.00000", "2009-04-30": "", "2009-01-31": "", "2008-10-31": "", "2008-07-31": "", "2008-04-30": "", "2008-01-31": "1.00000", "2007-10-31": "1.00000", "2007-07-31": "", "2007-04-30": "", "2007-01-31": "", "2006-10-31": "", "2006-07-31": "", "2006-04-30": "", "2006-01-31": "", "2005-10-31": "1.00000", "2005-07-31": "", "2005-04-30": "", "2005-01-31": ""}, "Net Income": {"2020-10-31": "265.00000", "2020-07-31": "45.00000", "2020-04-30": "-110.00000", "2020-01-31": "134.00000", "2019-10-31": "125.00000", "2019-07-31": "60.00000", "2019-04-30": "172.00000", "2019-01-31": "158.00000", "2018-10-31": "130.00000", "2018-07-31": "88.00000", "2018-04-30": "165.00000", "2018-01-31": "-49.00000", "2017-10-31": "102.00000", "2017-07-31": "51.00000", "2017-04-30": "180.00000", "2017-01-31": "189.00000", "2016-10-31": "157.00000", "2016-07-31": "127.00000", "2016-04-30": "191.00000", "2016-01-31": "158.00000", "2015-10-31": "80.00000", "2015-07-31": "119.00000", "2015-04-30": "184.00000", "2015-01-31": "146.00000", "2014-10-31": "120.00000", "2014-07-31": "92.00000", "2014-04-30": "162.00000", "2014-01-31": "121.00000", "2013-10-31": "104.00000", "2013-07-31": "66.00000", "2013-04-30": "138.00000", "2013-01-31": "104.00000", "2012-10-31": "106.00000", "2012-07-31": "59.00000", "2012-04-30": "128.00000", "2012-01-31": "81.00000", "2011-10-31": "66.00000", "2011-07-31": "37.00000", "2011-04-30": "94.00000", "2011-01-31": "57.00000", "2010-10-31": "52.00000", "2010-07-31": "6.00000", "2010-04-30": "54.00000", "2010-01-31": "23.00000", "2009-10-31": "-6.00000", "2009-07-31": "0.00000", "2009-04-30": "31.00000", "2009-01-31": "-125.00000", "2008-10-31": "24.00000", "2008-07-31": "18.00000", "2008-04-30": "3.00000", "2008-01-31": "79.00000", "2007-10-31": "-33.00000", "2007-07-31": "-18.00000", "2007-04-30": "17.00000", "2007-01-31": "113.00000", "2006-10-31": "65.00000", "2006-07-31": "14.00000", "2006-04-30": "59.00000", "2006-01-31": "96.00000", "2005-10-31": "66.00000", "2005-07-31": "44.00000", "2005-04-30": "58.00000", "2005-01-31": "89.00000"}, "EBITDA": {"2020-10-31": "222.00000", "2020-07-31": "113.00000", "2020-04-30": "-61.00000", "2020-01-31": "221.00000", "2019-10-31": "208.00000", "2019-07-31": "127.00000", "2019-04-30": "272.00000", "2019-01-31": "264.00000", "2018-10-31": "188.00000", "2018-07-31": "156.00000", "2018-04-30": "269.00000", "2018-01-31": "122.00000", "2017-10-31": "199.00000", "2017-07-31": "114.00000", "2017-04-30": "309.00000", "2017-01-31": "318.00000", "2016-10-31": "268.00000", "2016-07-31": "237.00000", "2016-04-30": "335.00000", "2016-01-31": "183.00000", "2015-10-31": "255.00000", "2015-07-31": "222.00000", "2015-04-30": "325.00000", "2015-01-31": "254.00000", "2014-10-31": "221.00000", "2014-07-31": "182.00000", "2014-04-30": "291.00000", "2014-01-31": "217.00000", "2013-10-31": "197.00000", "2013-07-31": "139.00000", "2013-04-30": "246.00000", "2013-01-31": "201.00000", "2012-10-31": "186.00000", "2012-07-31": "122.00000", "2012-04-30": "231.00000", "2012-01-31": "155.00000", "2011-10-31": "133.00000", "2011-07-31": "87.00000", "2011-04-30": "177.00000", "2011-01-31": "127.00000", "2010-10-31": "101.00000", "2010-07-31": "37.00000", "2010-04-30": "113.00000", "2010-01-31": "72.00000", "2009-10-31": "55.00000", "2009-07-31": "28.00000", "2009-04-30": "78.00000", "2009-01-31": "89.00000", "2008-10-31": "68.00000", "2008-07-31": "62.00000", "2008-04-30": "67.00000", "2008-01-31": "66.00000", "2007-10-31": "92.00000", "2007-07-31": "16.00000", "2007-04-30": "70.00000", "2007-01-31": "211.00000", "2006-10-31": "138.00000", "2006-07-31": "88.00000", "2006-04-30": "136.00000", "2006-01-31": "183.00000", "2005-10-31": "150.00000", "2005-07-31": "112.00000", "2005-04-30": "135.00000", "2005-01-31": "175.00000"}, "EBIT": {"2020-10-31": "178.00000", "2020-07-31": "69.00000", "2020-04-30": "-105.00000", "2020-01-31": "176.00000", "2019-10-31": "164.00000", "2019-07-31": "81.00000", "2019-04-30": "228.00000", "2019-01-31": "219.00000", "2018-10-31": "144.00000", "2018-07-31": "112.00000", "2018-04-30": "224.00000", "2018-01-31": "76.00000", "2017-10-31": "155.00000", "2017-07-31": "72.00000", "2017-04-30": "268.00000", "2017-01-31": "278.00000", "2016-10-31": "228.00000", "2016-07-31": "198.00000", "2016-04-30": "296.00000", "2016-01-31": "144.00000", "2015-10-31": "217.00000", "2015-07-31": "186.00000", "2015-04-30": "290.00000", "2015-01-31": "221.00000", "2014-10-31": "187.00000", "2014-07-31": "146.00000", "2014-04-30": "255.00000", "2014-01-31": "181.00000", "2013-10-31": "162.00000", "2013-07-31": "108.00000", "2013-04-30": "215.00000", "2013-01-31": "171.00000", "2012-10-31": "156.00000", "2012-07-31": "93.00000", "2012-04-30": "202.00000", "2012-01-31": "127.00000", "2011-10-31": "106.00000", "2011-07-31": "59.00000", "2011-04-30": "150.00000", "2011-01-31": "100.00000", "2010-10-31": "74.00000", "2010-07-31": "11.00000", "2010-04-30": "87.00000", "2010-01-31": "45.00000", "2009-10-31": "26.00000", "2009-07-31": "", "2009-04-30": "50.00000", "2009-01-31": "56.00000", "2008-10-31": "36.00000", "2008-07-31": "29.00000", "2008-04-30": "35.00000", "2008-01-31": "32.00000", "2007-10-31": "47.00000", "2007-07-31": "-28.00000", "2007-04-30": "27.00000", "2007-01-31": "167.00000", "2006-10-31": "94.00000", "2006-07-31": "44.00000", "2006-04-30": "93.00000", "2006-01-31": "140.00000", "2005-10-31": "104.00000", "2005-07-31": "71.00000", "2005-04-30": "94.00000", "2005-01-31": "133.00000"}, "Basic Shares Outstanding": {"2020-10-31": "104.40000", "2020-07-31": "104.50000", "2020-04-30": "104.30000", "2020-01-31": "108.70000", "2019-10-31": "106.90000", "2019-07-31": "110.80000", "2019-04-30": "112.40000", "2019-01-31": "115.60000", "2018-10-31": "114.50000", "2018-07-31": "116.60000", "2018-04-30": "118.70000", "2018-01-31": "127.20000", "2017-10-31": "126.00000", "2017-07-31": "131.30000", "2017-04-30": "131.40000", "2017-01-31": "134.00000", "2016-10-31": "132.90000", "2016-07-31": "134.40000", "2016-04-30": "136.50000", "2016-01-31": "139.10000", "2015-10-31": "139.30000", "2015-07-31": "139.60000", "2015-04-30": "140.10000", "2015-01-31": "143.90000", "2014-10-31": "143.60000", "2014-07-31": "144.50000", "2014-04-30": "145.40000", "2014-01-31": "148.40000", "2013-10-31": "147.70000", "2013-07-31": "149.50000", "2013-04-30": "150.40000", "2013-01-31": "151.20000", "2012-10-31": "151.00000", "2012-07-31": "151.40000", "2012-04-30": "151.80000", "2012-01-31": "153.00000", "2011-10-31": "152.30000", "2011-07-31": "154.00000", "2011-04-30": "154.40000", "2011-01-31": "155.70000", "2010-10-31": "155.40000", "2010-07-31": "156.10000", "2010-04-30": "156.50000", "2010-01-31": "156.00000", "2009-10-31": "156.40000", "2009-07-31": "155.90000", "2009-04-30": "155.30000", "2009-01-31": "154.00000", "2008-10-31": "154.10000", "2008-07-31": "154.00000", "2008-04-30": "153.80000", "2008-01-31": "154.00000", "2007-10-31": "153.60000", "2007-07-31": "154.00000", "2007-04-30": "154.80000", "2007-01-31": "155.00000", "2006-10-31": "155.00000", "2006-07-31": "154.90000", "2006-04-30": "154.70000", "2006-01-31": "155.10000", "2005-10-31": "155.20000", "2005-07-31": "155.60000", "2005-04-30": "155.10000", "2005-01-31": "150.90000"}, "Shares Outstanding": {"2020-10-31": "105.30000", "2020-07-31": "105.10000", "2020-04-30": "104.30000", "2020-01-31": "109.10000", "2019-10-31": "107.20000", "2019-07-31": "111.10000", "2019-04-30": "113.10000", "2019-01-31": "116.10000", "2018-10-31": "115.00000", "2018-07-31": "117.10000", "2018-04-30": "119.10000", "2018-01-31": "127.90000", "2017-10-31": "126.40000", "2017-07-31": "132.00000", "2017-04-30": "132.60000", "2017-01-31": "135.10000", "2016-10-31": "134.00000", "2016-07-31": "135.50000", "2016-04-30": "137.80000", "2016-01-31": "140.80000", "2015-10-31": "140.90000", "2015-07-31": "141.30000", "2015-04-30": "142.10000", "2015-01-31": "146.00000", "2014-10-31": "145.70000", "2014-07-31": "146.40000", "2014-04-30": "147.60000", "2014-01-31": "150.50000", "2013-10-31": "149.50000", "2013-07-31": "151.40000", "2013-04-30": "152.70000", "2013-01-31": "154.00000", "2012-10-31": "153.90000", "2012-07-31": "153.90000", "2012-04-30": "154.30000", "2012-01-31": "154.40000", "2011-10-31": "153.60000", "2011-07-31": "155.20000", "2011-04-30": "155.70000", "2011-01-31": "156.70000", "2010-10-31": "156.20000", "2010-07-31": "156.90000", "2010-04-30": "157.30000", "2010-01-31": "156.30000", "2009-10-31": "156.40000", "2009-07-31": "155.90000", "2009-04-30": "155.50000", "2009-01-31": "154.00000", "2008-10-31": "155.60000", "2008-07-31": "155.40000", "2008-04-30": "155.00000", "2008-01-31": "155.60000", "2007-10-31": "153.60000", "2007-07-31": "154.00000", "2007-04-30": "156.50000", "2007-01-31": "156.80000", "2006-10-31": "156.80000", "2006-07-31": "156.70000", "2006-04-30": "156.70000", "2006-01-31": "157.60000", "2005-10-31": "157.40000", "2005-07-31": "158.30000", "2005-04-30": "158.10000", "2005-01-31": "157.10000"}, "Basic EPS": {"2020-10-31": "2.54000", "2020-07-31": "0.43000", "2020-04-30": "-1.06000", "2020-01-31": "1.28000", "2019-10-31": "1.16000", "2019-07-31": "0.55000", "2019-04-30": "1.53000", "2019-01-31": "1.39000", "2018-10-31": "1.14000", "2018-07-31": "0.76000", "2018-04-30": "1.39000", "2018-01-31": "-0.34000", "2017-10-31": "0.81000", "2017-07-31": "0.39000", "2017-04-30": "1.37000", "2017-01-31": "1.43000", "2016-10-31": "1.18000", "2016-07-31": "0.94000", "2016-04-30": "1.40000", "2016-01-31": "1.16000", "2015-10-31": "0.57000", "2015-07-31": "0.85000", "2015-04-30": "1.31000", "2015-01-31": "1.02000", "2014-10-31": "0.84000", "2014-07-31": "0.63000", "2014-04-30": "1.12000", "2014-01-31": "0.83000", "2013-10-31": "0.70000", "2013-07-31": "0.44000", "2013-04-30": "0.92000", "2013-01-31": "0.69000", "2012-10-31": "0.70000", "2012-07-31": "0.39000", "2012-04-30": "0.84000", "2012-01-31": "0.53000", "2011-10-31": "0.43000", "2011-07-31": "0.24000", "2011-04-30": "0.61000", "2011-01-31": "0.36000", "2010-10-31": "0.33000", "2010-07-31": "0.04000", "2010-04-30": "0.35000", "2010-01-31": "0.14000", "2009-10-31": "-0.04000", "2009-07-31": "0.00000", "2009-04-30": "0.20000", "2009-01-31": "-0.81000", "2008-10-31": "0.16000", "2008-07-31": "0.11000", "2008-04-30": "0.02000", "2008-01-31": "0.53000", "2007-10-31": "-0.22000", "2007-07-31": "-0.12000", "2007-04-30": "0.11000", "2007-01-31": "0.73000", "2006-10-31": "0.42000", "2006-07-31": "0.09000", "2006-04-30": "0.38000", "2006-01-31": "0.62000", "2005-10-31": "0.43000", "2005-07-31": "0.29000", "2005-04-30": "0.37000", "2005-01-31": "0.59000"}, "EPS - Earnings Per Share": {"2020-10-31": "2.52000", "2020-07-31": "0.43000", "2020-04-30": "-1.06000", "2020-01-31": "1.27000", "2019-10-31": "1.16000", "2019-07-31": "0.55000", "2019-04-30": "1.52000", "2019-01-31": "1.39000", "2018-10-31": "1.14000", "2018-07-31": "0.75000", "2018-04-30": "1.38000", "2018-01-31": "-0.34000", "2017-10-31": "0.81000", "2017-07-31": "0.39000", "2017-04-30": "1.36000", "2017-01-31": "1.41000", "2016-10-31": "1.17000", "2016-07-31": "0.94000", "2016-04-30": "1.39000", "2016-01-31": "1.14000", "2015-10-31": "0.57000", "2015-07-31": "0.84000", "2015-04-30": "1.29000", "2015-01-31": "1.01000", "2014-10-31": "0.82000", "2014-07-31": "0.63000", "2014-04-30": "1.10000", "2014-01-31": "0.81000", "2013-10-31": "0.70000", "2013-07-31": "0.44000", "2013-04-30": "0.90000", "2013-01-31": "0.67000", "2012-10-31": "0.69000", "2012-07-31": "0.39000", "2012-04-30": "0.83000", "2012-01-31": "0.53000", "2011-10-31": "0.43000", "2011-07-31": "0.24000", "2011-04-30": "0.60000", "2011-01-31": "0.36000", "2010-10-31": "0.33000", "2010-07-31": "0.04000", "2010-04-30": "0.34000", "2010-01-31": "0.14000", "2009-10-31": "-0.04000", "2009-07-31": "0.00000", "2009-04-30": "0.20000", "2009-01-31": "-0.81000", "2008-10-31": "0.16000", "2008-07-31": "0.11000", "2008-04-30": "0.02000", "2008-01-31": "0.52000", "2007-10-31": "-0.22000", "2007-07-31": "-0.12000", "2007-04-30": "0.11000", "2007-01-31": "0.71000", "2006-10-31": "0.42000", "2006-07-31": "0.09000", "2006-04-30": "0.38000", "2006-01-31": "0.61000", "2005-10-31": "0.42000", "2005-07-31": "0.28000", "2005-04-30": "0.37000", "2005-01-31": "0.57000"}}, "balance sheet": {"Cash On Hand": {"2020-01-31": "907.00000", "2019-01-31": "891.00000", "2018-01-31": "849.00000", "2017-01-31": "1046.00000", "2016-01-31": "1021.00000", "2015-01-31": "967.00000", "2014-01-31": "867.00000", "2013-01-31": "928.00000", "2012-01-31": "851.00000", "2011-01-31": "696.00000", "2010-01-31": "589.00000", "2009-01-31": "408.00000", "2008-01-31": "493.00000", "2007-01-31": "470.00000", "2006-01-31": "587.00000", "2005-01-31": "492.00000"}, "Receivables": {"2020-01-31": "", "2019-01-31": "", "2018-01-31": "", "2017-01-31": "", "2016-01-31": "", "2015-01-31": "", "2014-01-31": "", "2013-01-31": "", "2012-01-31": "", "2011-01-31": "", "2010-01-31": "", "2009-01-31": "", "2008-01-31": "", "2007-01-31": "", "2006-01-31": "", "2005-01-31": ""}, "Inventory": {"2020-01-31": "1208.00000", "2019-01-31": "1269.00000", "2018-01-31": "1278.00000", "2017-01-31": "1307.00000", "2016-01-31": "1285.00000", "2015-01-31": "1250.00000", "2014-01-31": "1220.00000", "2013-01-31": "1167.00000", "2012-01-31": "1069.00000", "2011-01-31": "1059.00000", "2010-01-31": "1037.00000", "2009-01-31": "1120.00000", "2008-01-31": "1281.00000", "2007-01-31": "1303.00000", "2006-01-31": "1254.00000", "2005-01-31": "1151.00000"}, "Pre-Paid Expenses": {"2020-01-31": "", "2019-01-31": "", "2018-01-31": "", "2017-01-31": "", "2016-01-31": "", "2015-01-31": "", "2014-01-31": "", "2013-01-31": "", "2012-01-31": "", "2011-01-31": "", "2010-01-31": "", "2009-01-31": "", "2008-01-31": "", "2007-01-31": "", "2006-01-31": "", "2005-01-31": ""}, "Other Current Assets": {"2020-01-31": "271.00000", "2019-01-31": "358.00000", "2018-01-31": "424.00000", "2017-01-31": "280.00000", "2016-01-31": "300.00000", "2015-01-31": "239.00000", "2014-01-31": "263.00000", "2013-01-31": "268.00000", "2012-01-31": "159.00000", "2011-01-31": "179.00000", "2010-01-31": "146.00000", "2009-01-31": "236.00000", "2008-01-31": "289.00000", "2007-01-31": "261.00000", "2006-01-31": "173.00000", "2005-01-31": "189.00000"}, "Total Current Assets": {"2020-01-31": "2386.00000", "2019-01-31": "2518.00000", "2018-01-31": "2551.00000", "2017-01-31": "2633.00000", "2016-01-31": "2606.00000", "2015-01-31": "2456.00000", "2014-01-31": "2350.00000", "2013-01-31": "2363.00000", "2012-01-31": "2079.00000", "2011-01-31": "1934.00000", "2010-01-31": "1772.00000", "2009-01-31": "1764.00000", "2008-01-31": "2063.00000", "2007-01-31": "2034.00000", "2006-01-31": "2014.00000", "2005-01-31": "1832.00000"}, "Property, Plant, And Equipment": {"2020-01-31": "824.00000", "2019-01-31": "836.00000", "2018-01-31": "866.00000", "2017-01-31": "765.00000", "2016-01-31": "661.00000", "2015-01-31": "620.00000", "2014-01-31": "590.00000", "2013-01-31": "490.00000", "2012-01-31": "427.00000", "2011-01-31": "386.00000", "2010-01-31": "387.00000", "2009-01-31": "432.00000", "2008-01-31": "521.00000", "2007-01-31": "654.00000", "2006-01-31": "675.00000", "2005-01-31": "715.00000"}, "Long-Term Investments": {"2020-01-31": "", "2019-01-31": "", "2018-01-31": "", "2017-01-31": "", "2016-01-31": "", "2015-01-31": "", "2014-01-31": "", "2013-01-31": "", "2012-01-31": "", "2011-01-31": "", "2010-01-31": "", "2009-01-31": "", "2008-01-31": "", "2007-01-31": "", "2006-01-31": "", "2005-01-31": ""}, "Goodwill And Intangible Assets": {"2020-01-31": "176.00000", "2019-01-31": "181.00000", "2018-01-31": "206.00000", "2017-01-31": "197.00000", "2016-01-31": "201.00000", "2015-01-31": "206.00000", "2014-01-31": "230.00000", "2013-01-31": "185.00000", "2012-01-31": "198.00000", "2011-01-31": "217.00000", "2010-01-31": "244.00000", "2009-01-31": "257.00000", "2008-01-31": "362.00000", "2007-01-31": "369.00000", "2006-01-31": "380.00000", "2005-01-31": "406.00000"}, "Other Long-Term Assets": {"2020-01-31": "223.00000", "2019-01-31": "198.00000", "2018-01-31": "290.00000", "2017-01-31": "84.00000", "2016-01-31": "73.00000", "2015-01-31": "74.00000", "2014-01-31": "76.00000", "2013-01-31": "72.00000", "2012-01-31": "62.00000", "2011-01-31": "63.00000", "2010-01-31": "51.00000", "2009-01-31": "66.00000", "2008-01-31": "58.00000", "2007-01-31": "83.00000", "2006-01-31": "96.00000", "2005-01-31": "104.00000"}, "Total Long-Term Assets": {"2020-01-31": "4203.00000", "2019-01-31": "1302.00000", "2018-01-31": "1410.00000", "2017-01-31": "1207.00000", "2016-01-31": "1169.00000", "2015-01-31": "1121.00000", "2014-01-31": "1137.00000", "2013-01-31": "1004.00000", "2012-01-31": "971.00000", "2011-01-31": "962.00000", "2010-01-31": "1044.00000", "2009-01-31": "1113.00000", "2008-01-31": "1180.00000", "2007-01-31": "1215.00000", "2006-01-31": "1298.00000", "2005-01-31": "1405.00000"}, "Total Assets": {"2020-01-31": "6589.00000", "2019-01-31": "3820.00000", "2018-01-31": "3961.00000", "2017-01-31": "3840.00000", "2016-01-31": "3775.00000", "2015-01-31": "3577.00000", "2014-01-31": "3487.00000", "2013-01-31": "3367.00000", "2012-01-31": "3050.00000", "2011-01-31": "2896.00000", "2010-01-31": "2816.00000", "2009-01-31": "2877.00000", "2008-01-31": "3243.00000", "2007-01-31": "3249.00000", "2006-01-31": "3312.00000", "2005-01-31": "3237.00000"}, "Total Current Liabilities": {"2020-01-31": "1194.00000", "2019-01-31": "764.00000", "2018-01-31": "616.00000", "2017-01-31": "612.00000", "2016-01-31": "700.00000", "2015-01-31": "696.00000", "2014-01-31": "626.00000", "2013-01-31": "636.00000", "2012-01-31": "548.00000", "2011-01-31": "489.00000", "2010-01-31": "433.00000", "2009-01-31": "418.00000", "2008-01-31": "511.00000", "2007-01-31": "516.00000", "2006-01-31": "717.00000", "2005-01-31": "684.00000"}, "Long Term Debt": {"2020-01-31": "122.00000", "2019-01-31": "124.00000", "2018-01-31": "125.00000", "2017-01-31": "127.00000", "2016-01-31": "129.00000", "2015-01-31": "132.00000", "2014-01-31": "136.00000", "2013-01-31": "133.00000", "2012-01-31": "135.00000", "2011-01-31": "137.00000", "2010-01-31": "138.00000", "2009-01-31": "142.00000", "2008-01-31": "221.00000", "2007-01-31": "220.00000", "2006-01-31": "275.00000", "2005-01-31": "347.00000"}, "Other Non-Current Liabilities": {"2020-01-31": "122.00000", "2019-01-31": "426.00000", "2018-01-31": "701.00000", "2017-01-31": "391.00000", "2016-01-31": "393.00000", "2015-01-31": "253.00000", "2014-01-31": "229.00000", "2013-01-31": "221.00000", "2012-01-31": "257.00000", "2011-01-31": "245.00000", "2010-01-31": "297.00000", "2009-01-31": "393.00000", "2008-01-31": "250.00000", "2007-01-31": "218.00000", "2006-01-31": "293.00000", "2005-01-31": "376.00000"}, "Total Long Term Liabilities": {"2020-01-31": "2922.00000", "2019-01-31": "550.00000", "2018-01-31": "826.00000", "2017-01-31": "518.00000", "2016-01-31": "522.00000", "2015-01-31": "385.00000", "2014-01-31": "365.00000", "2013-01-31": "354.00000", "2012-01-31": "392.00000", "2011-01-31": "382.00000", "2010-01-31": "435.00000", "2009-01-31": "535.00000", "2008-01-31": "471.00000", "2007-01-31": "438.00000", "2006-01-31": "568.00000", "2005-01-31": "723.00000"}, "Total Liabilities": {"2020-01-31": "4116.00000", "2019-01-31": "1314.00000", "2018-01-31": "1442.00000", "2017-01-31": "1130.00000", "2016-01-31": "1222.00000", "2015-01-31": "1081.00000", "2014-01-31": "991.00000", "2013-01-31": "990.00000", "2012-01-31": "940.00000", "2011-01-31": "871.00000", "2010-01-31": "868.00000", "2009-01-31": "953.00000", "2008-01-31": "982.00000", "2007-01-31": "954.00000", "2006-01-31": "1285.00000", "2005-01-31": "1407.00000"}, "Common Stock Net": {"2020-01-31": "764.00000", "2019-01-31": "809.00000", "2018-01-31": "842.00000", "2017-01-31": "900.00000", "2016-01-31": "1108.00000", "2015-01-31": "979.00000", "2014-01-31": "921.00000", "2013-01-31": "856.00000", "2012-01-31": "779.00000", "2011-01-31": "735.00000", "2010-01-31": "709.00000", "2009-01-31": "691.00000", "2008-01-31": "676.00000", "2007-01-31": "653.00000", "2006-01-31": "635.00000", "2005-01-31": "608.00000"}, "Retained Earnings (Accumulated Deficit)": {"2020-01-31": "2103.00000", "2019-01-31": "2104.00000", "2018-01-31": "2019.00000", "2017-01-31": "2254.00000", "2016-01-31": "3182.00000", "2015-01-31": "2780.00000", "2014-01-31": "2387.00000", "2013-01-31": "2076.00000", "2012-01-31": "1788.00000", "2011-01-31": "1611.00000", "2010-01-31": "1535.00000", "2009-01-31": "1581.00000", "2008-01-31": "1754.00000", "2007-01-31": "1785.00000", "2006-01-31": "1601.00000", "2005-01-31": "1386.00000"}, "Comprehensive Income": {"2020-01-31": "-394.00000", "2019-01-31": "-370.00000", "2018-01-31": "-279.00000", "2017-01-31": "-363.00000", "2016-01-31": "-366.00000", "2015-01-31": "-319.00000", "2014-01-31": "-186.00000", "2013-01-31": "-171.00000", "2012-01-31": "-204.00000", "2011-01-31": "-169.00000", "2010-01-31": "-193.00000", "2009-01-31": "-246.00000", "2008-01-31": "-70.00000", "2007-01-31": "-96.00000", "2006-01-31": "-171.00000", "2005-01-31": "-162.00000"}, "Other Share Holders Equity": {"2020-01-31": "", "2019-01-31": "", "2018-01-31": "", "2017-01-31": "", "2016-01-31": "", "2015-01-31": "", "2014-01-31": "", "2013-01-31": "", "2012-01-31": "", "2011-01-31": "", "2010-01-31": "", "2009-01-31": "", "2008-01-31": "", "2007-01-31": "", "2006-01-31": "", "2005-01-31": ""}, "Share Holder Equity": {"2020-01-31": "2473.00000", "2019-01-31": "2506.00000", "2018-01-31": "2519.00000", "2017-01-31": "2710.00000", "2016-01-31": "2553.00000", "2015-01-31": "2496.00000", "2014-01-31": "2496.00000", "2013-01-31": "2377.00000", "2012-01-31": "2110.00000", "2011-01-31": "2025.00000", "2010-01-31": "1948.00000", "2009-01-31": "1924.00000", "2008-01-31": "2261.00000", "2007-01-31": "2295.00000", "2006-01-31": "2027.00000", "2005-01-31": "1830.00000"}, "Total Liabilities And Share Holders Equity": {"2020-01-31": "6589.00000", "2019-01-31": "3820.00000", "2018-01-31": "3961.00000", "2017-01-31": "3840.00000", "2016-01-31": "3775.00000", "2015-01-31": "3577.00000", "2014-01-31": "3487.00000", "2013-01-31": "3367.00000", "2012-01-31": "3050.00000", "2011-01-31": "2896.00000", "2010-01-31": "2816.00000", "2009-01-31": "2877.00000", "2008-01-31": "3243.00000", "2007-01-31": "3249.00000", "2006-01-31": "3312.00000", "2005-01-31": "3237.00000"}}, "balance sheet, quarterly": {"Cash On Hand": {"2020-10-31": "1393.00000", "2020-07-31": "1373.00000", "2020-04-30": "1012.00000", "2020-01-31": "907.00000", "2019-10-31": "744.00000", "2019-07-31": "939.00000", "2019-04-30": "1126.00000", "2019-01-31": "891.00000", "2018-10-31": "748.00000", "2018-07-31": "950.00000", "2018-04-30": "1029.00000", "2018-01-31": "849.00000", "2017-10-31": "890.00000", "2017-07-31": "1043.00000", "2017-04-30": "1049.00000", "2017-01-31": "1046.00000", "2016-10-31": "865.00000", "2016-07-31": "945.00000", "2016-04-30": "1062.00000", "2016-01-31": "1021.00000", "2015-10-31": "878.00000", "2015-07-31": "970.00000", "2015-04-30": "986.00000", "2015-01-31": "967.00000", "2014-10-31": "916.00000", "2014-07-31": "957.00000", "2014-04-30": "1007.00000", "2014-01-31": "867.00000", "2013-10-31": "796.00000", "2013-07-31": "836.00000", "2013-04-30": "1105.00000", "2013-01-31": "928.00000", "2012-10-31": "853.00000", "2012-07-31": "820.00000", "2012-04-30": "909.00000", "2012-01-31": "851.00000", "2011-10-31": "698.00000", "2011-07-31": "681.00000", "2011-04-30": "799.00000", "2011-01-31": "696.00000", "2010-10-31": "541.00000", "2010-07-31": "519.00000", "2010-04-30": "616.00000", "2010-01-31": "589.00000", "2009-10-31": "438.00000", "2009-07-31": "415.00000", "2009-04-30": "431.00000", "2009-01-31": "408.00000", "2008-10-31": "400.00000", "2008-07-31": "431.00000", "2008-04-30": "502.00000", "2008-01-31": "493.00000", "2007-10-31": "332.00000", "2007-07-31": "363.00000", "2007-04-30": "418.00000", "2007-01-31": "470.00000", "2006-10-31": "263.00000", "2006-07-31": "318.00000", "2006-04-30": "370.00000", "2006-01-31": "587.00000", "2005-10-31": "390.00000", "2005-07-31": "360.00000", "2005-04-30": "405.00000", "2005-01-31": "492.00000"}, "Receivables": {"2020-10-31": "", "2020-07-31": "", "2020-04-30": "", "2020-01-31": "", "2019-10-31": "", "2019-07-31": "", "2019-04-30": "", "2019-01-31": "", "2018-10-31": "", "2018-07-31": "", "2018-04-30": "", "2018-01-31": "", "2017-10-31": "", "2017-07-31": "", "2017-04-30": "", "2017-01-31": "", "2016-10-31": "", "2016-07-31": "", "2016-04-30": "", "2016-01-31": "", "2015-10-31": "", "2015-07-31": "", "2015-04-30": "", "2015-01-31": "", "2014-10-31": "", "2014-07-31": "", "2014-04-30": "", "2014-01-31": "", "2013-10-31": "", "2013-07-31": "", "2013-04-30": "", "2013-01-31": "", "2012-10-31": "", "2012-07-31": "", "2012-04-30": "", "2012-01-31": "", "2011-10-31": "", "2011-07-31": "", "2011-04-30": "", "2011-01-31": "", "2010-10-31": "", "2010-07-31": "", "2010-04-30": "", "2010-01-31": "", "2009-10-31": "", "2009-07-31": "", "2009-04-30": "", "2009-01-31": "", "2008-10-31": "", "2008-07-31": "", "2008-04-30": "", "2008-01-31": "", "2007-10-31": "", "2007-07-31": "", "2007-04-30": "", "2007-01-31": "", "2006-10-31": "", "2006-07-31": "", "2006-04-30": "", "2006-01-31": "", "2005-10-31": "", "2005-07-31": "", "2005-04-30": "", "2005-01-31": ""}, "Inventory": {"2020-10-31": "1193.00000", "2020-07-31": "1194.00000", "2020-04-30": "1458.00000", "2020-01-31": "1208.00000", "2019-10-31": "1304.00000", "2019-07-31": "1227.00000", "2019-04-30": "1211.00000", "2019-01-31": "1269.00000", "2018-10-31": "1305.00000", "2018-07-31": "1254.00000", "2018-04-30": "1210.00000", "2018-01-31": "1278.00000", "2017-10-31": "1313.00000", "2017-07-31": "1290.00000", "2017-04-30": "1279.00000", "2017-01-31": "1307.00000", "2016-10-31": "1361.00000", "2016-07-31": "1339.00000", "2016-04-30": "1260.00000", "2016-01-31": "1285.00000", "2015-10-31": "1336.00000", "2015-07-31": "1317.00000", "2015-04-30": "1234.00000", "2015-01-31": "1250.00000", "2014-10-31": "1324.00000", "2014-07-31": "1335.00000", "2014-04-30": "1268.00000", "2014-01-31": "1220.00000", "2013-10-31": "1316.00000", "2013-07-31": "1306.00000", "2013-04-30": "1169.00000", "2013-01-31": "1167.00000", "2012-10-31": "1240.00000", "2012-07-31": "1231.00000", "2012-04-30": "1146.00000", "2012-01-31": "1069.00000", "2011-10-31": "1204.00000", "2011-07-31": "1269.00000", "2011-04-30": "1159.00000", "2011-01-31": "1059.00000", "2010-10-31": "1202.00000", "2010-07-31": "1219.00000", "2010-04-30": "1146.00000", "2010-01-31": "1037.00000", "2009-10-31": "1228.00000", "2009-07-31": "1284.00000", "2009-04-30": "1237.00000", "2009-01-31": "1120.00000", "2008-10-31": "1262.00000", "2008-07-31": "1401.00000", "2008-04-30": "1391.00000", "2008-01-31": "1281.00000", "2007-10-31": "1476.00000", "2007-07-31": "1452.00000", "2007-04-30": "1490.00000", "2007-01-31": "1303.00000", "2006-10-31": "1472.00000", "2006-07-31": "1476.00000", "2006-04-30": "1399.00000", "2006-01-31": "1254.00000", "2005-10-31": "1400.00000", "2005-07-31": "1379.00000", "2005-04-30": "1320.00000", "2005-01-31": "1151.00000"}, "Pre-Paid Expenses": {"2020-10-31": "", "2020-07-31": "", "2020-04-30": "", "2020-01-31": "", "2019-10-31": "", "2019-07-31": "", "2019-04-30": "", "2019-01-31": "", "2018-10-31": "", "2018-07-31": "", "2018-04-30": "", "2018-01-31": "", "2017-10-31": "", "2017-07-31": "", "2017-04-30": "", "2017-01-31": "", "2016-10-31": "", "2016-07-31": "", "2016-04-30": "", "2016-01-31": "", "2015-10-31": "", "2015-07-31": "", "2015-04-30": "", "2015-01-31": "", "2014-10-31": "", "2014-07-31": "", "2014-04-30": "", "2014-01-31": "", "2013-10-31": "", "2013-07-31": "", "2013-04-30": "", "2013-01-31": "", "2012-10-31": "", "2012-07-31": "", "2012-04-30": "", "2012-01-31": "", "2011-10-31": "", "2011-07-31": "", "2011-04-30": "", "2011-01-31": "", "2010-10-31": "", "2010-07-31": "", "2010-04-30": "", "2010-01-31": "", "2009-10-31": "", "2009-07-31": "", "2009-04-30": "", "2009-01-31": "", "2008-10-31": "", "2008-07-31": "", "2008-04-30": "", "2008-01-31": "", "2007-10-31": "", "2007-07-31": "", "2007-04-30": "", "2007-01-31": "", "2006-10-31": "", "2006-07-31": "", "2006-04-30": "", "2006-01-31": "", "2005-10-31": "", "2005-07-31": "", "2005-04-30": "", "2005-01-31": ""}, "Other Current Assets": {"2020-10-31": "237.00000", "2020-07-31": "266.00000", "2020-04-30": "268.00000", "2020-01-31": "271.00000", "2019-10-31": "299.00000", "2019-07-31": "280.00000", "2019-04-30": "255.00000", "2019-01-31": "358.00000", "2018-10-31": "325.00000", "2018-07-31": "320.00000", "2018-04-30": "301.00000", "2018-01-31": "424.00000", "2017-10-31": "295.00000", "2017-07-31": "311.00000", "2017-04-30": "294.00000", "2017-01-31": "280.00000", "2016-10-31": "291.00000", "2016-07-31": "301.00000", "2016-04-30": "270.00000", "2016-01-31": "300.00000", "2015-10-31": "277.00000", "2015-07-31": "268.00000", "2015-04-30": "259.00000", "2015-01-31": "239.00000", "2014-10-31": "244.00000", "2014-07-31": "260.00000", "2014-04-30": "243.00000", "2014-01-31": "263.00000", "2013-10-31": "208.00000", "2013-07-31": "243.00000", "2013-04-30": "174.00000", "2013-01-31": "268.00000", "2012-10-31": "202.00000", "2012-07-31": "199.00000", "2012-04-30": "196.00000", "2012-01-31": "159.00000", "2011-10-31": "157.00000", "2011-07-31": "189.00000", "2011-04-30": "182.00000", "2011-01-31": "179.00000", "2010-10-31": "162.00000", "2010-07-31": "161.00000", "2010-04-30": "169.00000", "2010-01-31": "146.00000", "2009-10-31": "216.00000", "2009-07-31": "211.00000", "2009-04-30": "212.00000", "2009-01-31": "236.00000", "2008-10-31": "238.00000", "2008-07-31": "248.00000", "2008-04-30": "260.00000", "2008-01-31": "289.00000", "2007-10-31": "307.00000", "2007-07-31": "290.00000", "2007-04-30": "265.00000", "2007-01-31": "261.00000", "2006-10-31": "216.00000", "2006-07-31": "191.00000", "2006-04-30": "176.00000", "2006-01-31": "173.00000", "2005-10-31": "191.00000", "2005-07-31": "187.00000", "2005-04-30": "165.00000", "2005-01-31": "189.00000"}, "Total Current Assets": {"2020-10-31": "2823.00000", "2020-07-31": "2833.00000", "2020-04-30": "2738.00000", "2020-01-31": "2386.00000", "2019-10-31": "2347.00000", "2019-07-31": "2446.00000", "2019-04-30": "2592.00000", "2019-01-31": "2518.00000", "2018-10-31": "2378.00000", "2018-07-31": "2524.00000", "2018-04-30": "2540.00000", "2018-01-31": "2551.00000", "2017-10-31": "2498.00000", "2017-07-31": "2644.00000", "2017-04-30": "2622.00000", "2017-01-31": "2633.00000", "2016-10-31": "2517.00000", "2016-07-31": "2585.00000", "2016-04-30": "2592.00000", "2016-01-31": "2606.00000", "2015-10-31": "2491.00000", "2015-07-31": "2555.00000", "2015-04-30": "2479.00000", "2015-01-31": "2456.00000", "2014-10-31": "2484.00000", "2014-07-31": "2552.00000", "2014-04-30": "2518.00000", "2014-01-31": "2350.00000", "2013-10-31": "2320.00000", "2013-07-31": "2385.00000", "2013-04-30": "2448.00000", "2013-01-31": "2363.00000", "2012-10-31": "2295.00000", "2012-07-31": "2250.00000", "2012-04-30": "2251.00000", "2012-01-31": "2079.00000", "2011-10-31": "2059.00000", "2011-07-31": "2139.00000", "2011-04-30": "2140.00000", "2011-01-31": "1934.00000", "2010-10-31": "1905.00000", "2010-07-31": "1899.00000", "2010-04-30": "1931.00000", "2010-01-31": "1772.00000", "2009-10-31": "1882.00000", "2009-07-31": "1910.00000", "2009-04-30": "1880.00000", "2009-01-31": "1764.00000", "2008-10-31": "1900.00000", "2008-07-31": "2080.00000", "2008-04-30": "2153.00000", "2008-01-31": "2063.00000", "2007-10-31": "2115.00000", "2007-07-31": "2105.00000", "2007-04-30": "2173.00000", "2007-01-31": "2034.00000", "2006-10-31": "1951.00000", "2006-07-31": "1985.00000", "2006-04-30": "1945.00000", "2006-01-31": "2014.00000", "2005-10-31": "1981.00000", "2005-07-31": "1926.00000", "2005-04-30": "1890.00000", "2005-01-31": "1832.00000"}, "Property, Plant, And Equipment": {"2020-10-31": "773.00000", "2020-07-31": "782.00000", "2020-04-30": "787.00000", "2020-01-31": "824.00000", "2019-10-31": "814.00000", "2019-07-31": "796.00000", "2019-04-30": "810.00000", "2019-01-31": "836.00000", "2018-10-31": "824.00000", "2018-07-31": "842.00000", "2018-04-30": "843.00000", "2018-01-31": "866.00000", "2017-10-31": "835.00000", "2017-07-31": "821.00000", "2017-04-30": "792.00000", "2017-01-31": "765.00000", "2016-10-31": "732.00000", "2016-07-31": "726.00000", "2016-04-30": "706.00000", "2016-01-31": "661.00000", "2015-10-31": "664.00000", "2015-07-31": "644.00000", "2015-04-30": "639.00000", "2015-01-31": "620.00000", "2014-10-31": "613.00000", "2014-07-31": "604.00000", "2014-04-30": "598.00000", "2014-01-31": "590.00000", "2013-10-31": "589.00000", "2013-07-31": "552.00000", "2013-04-30": "504.00000", "2013-01-31": "490.00000", "2012-10-31": "462.00000", "2012-07-31": "447.00000", "2012-04-30": "438.00000", "2012-01-31": "427.00000", "2011-10-31": "421.00000", "2011-07-31": "408.00000", "2011-04-30": "400.00000", "2011-01-31": "386.00000", "2010-10-31": "387.00000", "2010-07-31": "376.00000", "2010-04-30": "378.00000", "2010-01-31": "387.00000", "2009-10-31": "400.00000", "2009-07-31": "433.00000", "2009-04-30": "429.00000", "2009-01-31": "432.00000", "2008-10-31": "505.00000", "2008-07-31": "529.00000", "2008-04-30": "526.00000", "2008-01-31": "521.00000", "2007-10-31": "547.00000", "2007-07-31": "648.00000", "2007-04-30": "659.00000", "2007-01-31": "654.00000", "2006-10-31": "663.00000", "2006-07-31": "667.00000", "2006-04-30": "674.00000", "2006-01-31": "675.00000", "2005-10-31": "686.00000", "2005-07-31": "695.00000", "2005-04-30": "710.00000", "2005-01-31": "715.00000"}, "Long-Term Investments": {"2020-10-31": "340.00000", "2020-07-31": "", "2020-04-30": "", "2020-01-31": "142.00000", "2019-10-31": "151.00000", "2019-07-31": "", "2019-04-30": "", "2019-01-31": "", "2018-10-31": "", "2018-07-31": "", "2018-04-30": "", "2018-01-31": "", "2017-10-31": "", "2017-07-31": "", "2017-04-30": "", "2017-01-31": "", "2016-10-31": "", "2016-07-31": "", "2016-04-30": "", "2016-01-31": "", "2015-10-31": "", "2015-07-31": "", "2015-04-30": "", "2015-01-31": "", "2014-10-31": "", "2014-07-31": "", "2014-04-30": "", "2014-01-31": "", "2013-10-31": "", "2013-07-31": "", "2013-04-30": "", "2013-01-31": "", "2012-10-31": "", "2012-07-31": "", "2012-04-30": "", "2012-01-31": "", "2011-10-31": "", "2011-07-31": "", "2011-04-30": "", "2011-01-31": "", "2010-10-31": "", "2010-07-31": "", "2010-04-30": "", "2010-01-31": "", "2009-10-31": "", "2009-07-31": "", "2009-04-30": "", "2009-01-31": "", "2008-10-31": "", "2008-07-31": "", "2008-04-30": "", "2008-01-31": "", "2007-10-31": "", "2007-07-31": "", "2007-04-30": "", "2007-01-31": "", "2006-10-31": "", "2006-07-31": "", "2006-04-30": "", "2006-01-31": "", "2005-10-31": "", "2005-07-31": "", "2005-04-30": "", "2005-01-31": ""}, "Goodwill And Intangible Assets": {"2020-10-31": "176.00000", "2020-07-31": "177.00000", "2020-04-30": "175.00000", "2020-01-31": "176.00000", "2019-10-31": "177.00000", "2019-07-31": "177.00000", "2019-04-30": "178.00000", "2019-01-31": "181.00000", "2018-10-31": "196.00000", "2018-07-31": "199.00000", "2018-04-30": "201.00000", "2018-01-31": "206.00000", "2017-10-31": "203.00000", "2017-07-31": "203.00000", "2017-04-30": "199.00000", "2017-01-31": "197.00000", "2016-10-31": "199.00000", "2016-07-31": "200.00000", "2016-04-30": "203.00000", "2016-01-31": "201.00000", "2015-10-31": "202.00000", "2015-07-31": "202.00000", "2015-04-30": "204.00000", "2015-01-31": "206.00000", "2014-10-31": "216.00000", "2014-07-31": "223.00000", "2014-04-30": "228.00000", "2014-01-31": "230.00000", "2013-10-31": "233.00000", "2013-07-31": "230.00000", "2013-04-30": "182.00000", "2013-01-31": "185.00000", "2012-10-31": "257.00000", "2012-07-31": "253.00000", "2012-04-30": "261.00000", "2012-01-31": "198.00000", "2011-10-31": "270.00000", "2011-07-31": "274.00000", "2011-04-30": "283.00000", "2011-01-31": "217.00000", "2010-10-31": "296.00000", "2010-07-31": "287.00000", "2010-04-30": "293.00000", "2010-01-31": "244.00000", "2009-10-31": "305.00000", "2009-07-31": "306.00000", "2009-04-30": "307.00000", "2009-01-31": "257.00000", "2008-10-31": "392.00000", "2008-07-31": "413.00000", "2008-04-30": "417.00000", "2008-01-31": "362.00000", "2007-10-31": "452.00000", "2007-07-31": "453.00000", "2007-04-30": "455.00000", "2007-01-31": "369.00000", "2006-10-31": "464.00000", "2006-07-31": "470.00000", "2006-04-30": "472.00000", "2006-01-31": "380.00000", "2005-10-31": "383.00000", "2005-07-31": "387.00000", "2005-04-30": "404.00000", "2005-01-31": "406.00000"}, "Other Long-Term Assets": {"2020-10-31": "85.00000", "2020-07-31": "240.00000", "2020-04-30": "226.00000", "2020-01-31": "81.00000", "2019-10-31": "83.00000", "2019-07-31": "233.00000", "2019-04-30": "234.00000", "2019-01-31": "198.00000", "2018-10-31": "175.00000", "2018-07-31": "159.00000", "2018-04-30": "275.00000", "2018-01-31": "290.00000", "2017-10-31": "113.00000", "2017-07-31": "111.00000", "2017-04-30": "102.00000", "2017-01-31": "84.00000", "2016-10-31": "75.00000", "2016-07-31": "77.00000", "2016-04-30": "75.00000", "2016-01-31": "73.00000", "2015-10-31": "82.00000", "2015-07-31": "81.00000", "2015-04-30": "83.00000", "2015-01-31": "74.00000", "2014-10-31": "68.00000", "2014-07-31": "72.00000", "2014-04-30": "80.00000", "2014-01-31": "76.00000", "2013-10-31": "78.00000", "2013-07-31": "79.00000", "2013-04-30": "68.00000", "2013-01-31": "72.00000", "2012-10-31": "", "2012-07-31": "", "2012-04-30": "", "2012-01-31": "62.00000", "2011-10-31": "", "2011-07-31": "", "2011-04-30": "", "2011-01-31": "63.00000", "2010-10-31": "", "2010-07-31": "", "2010-04-30": "", "2010-01-31": "51.00000", "2009-10-31": "", "2009-07-31": "", "2009-04-30": "", "2009-01-31": "66.00000", "2008-10-31": "", "2008-07-31": "", "2008-04-30": "", "2008-01-31": "58.00000", "2007-10-31": "", "2007-07-31": "", "2007-04-30": "", "2007-01-31": "83.00000", "2006-10-31": "", "2006-07-31": "", "2006-04-30": "", "2006-01-31": "96.00000", "2005-10-31": "96.00000", "2005-07-31": "97.00000", "2005-04-30": "101.00000", "2005-01-31": "104.00000"}, "Total Long-Term Assets": {"2020-10-31": "4195.00000", "2020-07-31": "4079.00000", "2020-04-30": "4058.00000", "2020-01-31": "4203.00000", "2019-10-31": "4274.00000", "2019-07-31": "4274.00000", "2019-04-30": "4336.00000", "2019-01-31": "1302.00000", "2018-10-31": "1302.00000", "2018-07-31": "1308.00000", "2018-04-30": "1423.00000", "2018-01-31": "1410.00000", "2017-10-31": "1315.00000", "2017-07-31": "1302.00000", "2017-04-30": "1255.00000", "2017-01-31": "1207.00000", "2016-10-31": "1177.00000", "2016-07-31": "1177.00000", "2016-04-30": "1166.00000", "2016-01-31": "1169.00000", "2015-10-31": "1204.00000", "2015-07-31": "1149.00000", "2015-04-30": "1152.00000", "2015-01-31": "1121.00000", "2014-10-31": "1134.00000", "2014-07-31": "1146.00000", "2014-04-30": "1151.00000", "2014-01-31": "1137.00000", "2013-10-31": "1157.00000", "2013-07-31": "1126.00000", "2013-04-30": "1017.00000", "2013-01-31": "1004.00000", "2012-10-31": "1004.00000", "2012-07-31": "984.00000", "2012-04-30": "987.00000", "2012-01-31": "971.00000", "2011-10-31": "986.00000", "2011-07-31": "980.00000", "2011-04-30": "980.00000", "2011-01-31": "962.00000", "2010-10-31": "1007.00000", "2010-07-31": "1014.00000", "2010-04-30": "1029.00000", "2010-01-31": "1044.00000", "2009-10-31": "1081.00000", "2009-07-31": "1105.00000", "2009-04-30": "1089.00000", "2009-01-31": "1113.00000", "2008-10-31": "1129.00000", "2008-07-31": "1185.00000", "2008-04-30": "1182.00000", "2008-01-31": "1180.00000", "2007-10-31": "1182.00000", "2007-07-31": "1235.00000", "2007-04-30": "1232.00000", "2007-01-31": "1215.00000", "2006-10-31": "1323.00000", "2006-07-31": "1351.00000", "2006-04-30": "1305.00000", "2006-01-31": "1298.00000", "2005-10-31": "1374.00000", "2005-07-31": "1370.00000", "2005-04-30": "1396.00000", "2005-01-31": "1405.00000"}, "Total Assets": {"2020-10-31": "7018.00000", "2020-07-31": "6912.00000", "2020-04-30": "6796.00000", "2020-01-31": "6589.00000", "2019-10-31": "6621.00000", "2019-07-31": "6720.00000", "2019-04-30": "6928.00000", "2019-01-31": "3820.00000", "2018-10-31": "3680.00000", "2018-07-31": "3832.00000", "2018-04-30": "3963.00000", "2018-01-31": "3961.00000", "2017-10-31": "3813.00000", "2017-07-31": "3946.00000", "2017-04-30": "3877.00000", "2017-01-31": "3840.00000", "2016-10-31": "3694.00000", "2016-07-31": "3762.00000", "2016-04-30": "3758.00000", "2016-01-31": "3775.00000", "2015-10-31": "3695.00000", "2015-07-31": "3704.00000", "2015-04-30": "3631.00000", "2015-01-31": "3577.00000", "2014-10-31": "3618.00000", "2014-07-31": "3698.00000", "2014-04-30": "3669.00000", "2014-01-31": "3487.00000", "2013-10-31": "3477.00000", "2013-07-31": "3511.00000", "2013-04-30": "3465.00000", "2013-01-31": "3367.00000", "2012-10-31": "3299.00000", "2012-07-31": "3234.00000", "2012-04-30": "3238.00000", "2012-01-31": "3050.00000", "2011-10-31": "3045.00000", "2011-07-31": "3119.00000", "2011-04-30": "3120.00000", "2011-01-31": "2896.00000", "2010-10-31": "2912.00000", "2010-07-31": "2913.00000", "2010-04-30": "2960.00000", "2010-01-31": "2816.00000", "2009-10-31": "2963.00000", "2009-07-31": "3015.00000", "2009-04-30": "2969.00000", "2009-01-31": "2877.00000", "2008-10-31": "3029.00000", "2008-07-31": "3265.00000", "2008-04-30": "3335.00000", "2008-01-31": "3243.00000", "2007-10-31": "3297.00000", "2007-07-31": "3340.00000", "2007-04-30": "3405.00000", "2007-01-31": "3249.00000", "2006-10-31": "3274.00000", "2006-07-31": "3336.00000", "2006-04-30": "3250.00000", "2006-01-31": "3312.00000", "2005-10-31": "3355.00000", "2005-07-31": "3296.00000", "2005-04-30": "3286.00000", "2005-01-31": "3237.00000"}, "Total Current Liabilities": {"2020-10-31": "1542.00000", "2020-07-31": "1672.00000", "2020-04-30": "1643.00000", "2020-01-31": "1194.00000", "2019-10-31": "1237.00000", "2019-07-31": "1229.00000", "2019-04-30": "1290.00000", "2019-01-31": "764.00000", "2018-10-31": "695.00000", "2018-07-31": "721.00000", "2018-04-30": "653.00000", "2018-01-31": "616.00000", "2017-10-31": "567.00000", "2017-07-31": "470.00000", "2017-04-30": "535.00000", "2017-01-31": "612.00000", "2016-10-31": "543.00000", "2016-07-31": "675.00000", "2016-04-30": "578.00000", "2016-01-31": "700.00000", "2015-10-31": "660.00000", "2015-07-31": "741.00000", "2015-04-30": "692.00000", "2015-01-31": "696.00000", "2014-10-31": "648.00000", "2014-07-31": "751.00000", "2014-04-30": "712.00000", "2014-01-31": "626.00000", "2013-10-31": "643.00000", "2013-07-31": "730.00000", "2013-04-30": "642.00000", "2013-01-31": "636.00000", "2012-10-31": "625.00000", "2012-07-31": "669.00000", "2012-04-30": "635.00000", "2012-01-31": "548.00000", "2011-10-31": "568.00000", "2011-07-31": "620.00000", "2011-04-30": "606.00000", "2011-01-31": "489.00000", "2010-10-31": "549.00000", "2010-07-31": "581.00000", "2010-04-30": "572.00000", "2010-01-31": "433.00000", "2009-10-31": "478.00000", "2009-07-31": "513.00000", "2009-04-30": "493.00000", "2009-01-31": "418.00000", "2008-10-31": "511.00000", "2008-07-31": "629.00000", "2008-04-30": "598.00000", "2008-01-31": "511.00000", "2007-10-31": "598.00000", "2007-07-31": "636.00000", "2007-04-30": "655.00000", "2007-01-31": "516.00000", "2006-10-31": "608.00000", "2006-07-31": "700.00000", "2006-04-30": "612.00000", "2006-01-31": "717.00000", "2005-10-31": "781.00000", "2005-07-31": "775.00000", "2005-04-30": "757.00000", "2005-01-31": "684.00000"}, "Long Term Debt": {"2020-10-31": "129.00000", "2020-07-31": "124.00000", "2020-04-30": "121.00000", "2020-01-31": "122.00000", "2019-10-31": "122.00000", "2019-07-31": "123.00000", "2019-04-30": "123.00000", "2019-01-31": "124.00000", "2018-10-31": "124.00000", "2018-07-31": "124.00000", "2018-04-30": "125.00000", "2018-01-31": "125.00000", "2017-10-31": "126.00000", "2017-07-31": "126.00000", "2017-04-30": "127.00000", "2017-01-31": "127.00000", "2016-10-31": "127.00000", "2016-07-31": "128.00000", "2016-04-30": "128.00000", "2016-01-31": "129.00000", "2015-10-31": "130.00000", "2015-07-31": "130.00000", "2015-04-30": "131.00000", "2015-01-31": "132.00000", "2014-10-31": "132.00000", "2014-07-31": "134.00000", "2014-04-30": "135.00000", "2014-01-31": "136.00000", "2013-10-31": "137.00000", "2013-07-31": "138.00000", "2013-04-30": "132.00000", "2013-01-31": "133.00000", "2012-10-31": "133.00000", "2012-07-31": "133.00000", "2012-04-30": "135.00000", "2012-01-31": "135.00000", "2011-10-31": "136.00000", "2011-07-31": "136.00000", "2011-04-30": "136.00000", "2011-01-31": "137.00000", "2010-10-31": "137.00000", "2010-07-31": "137.00000", "2010-04-30": "137.00000", "2010-01-31": "138.00000", "2009-10-31": "138.00000", "2009-07-31": "138.00000", "2009-04-30": "142.00000", "2009-01-31": "142.00000", "2008-10-31": "128.00000", "2008-07-31": "125.00000", "2008-04-30": "219.00000", "2008-01-31": "221.00000", "2007-10-31": "220.00000", "2007-07-31": "216.00000", "2007-04-30": "221.00000", "2007-01-31": "220.00000", "2006-10-31": "235.00000", "2006-07-31": "249.00000", "2006-04-30": "272.00000", "2006-01-31": "275.00000", "2005-10-31": "327.00000", "2005-07-31": "330.00000", "2005-04-30": "347.00000", "2005-01-31": "347.00000"}, "Other Non-Current Liabilities": {"2020-10-31": "181.00000", "2020-07-31": "134.00000", "2020-04-30": "127.00000", "2020-01-31": "122.00000", "2019-10-31": "116.00000", "2019-07-31": "106.00000", "2019-04-30": "109.00000", "2019-01-31": "426.00000", "2018-10-31": "410.00000", "2018-07-31": "505.00000", "2018-04-30": "642.00000", "2018-01-31": "701.00000", "2017-10-31": "463.00000", "2017-07-31": "456.00000", "2017-04-30": "393.00000", "2017-01-31": "391.00000", "2016-10-31": "391.00000", "2016-07-31": "381.00000", "2016-04-30": "377.00000", "2016-01-31": "393.00000", "2015-10-31": "358.00000", "2015-07-31": "254.00000", "2015-04-30": "253.00000", "2015-01-31": "253.00000", "2014-10-31": "236.00000", "2014-07-31": "231.00000", "2014-04-30": "229.00000", "2014-01-31": "229.00000", "2013-10-31": "231.00000", "2013-07-31": "217.00000", "2013-04-30": "216.00000", "2013-01-31": "221.00000", "2012-10-31": "252.00000", "2012-07-31": "253.00000", "2012-04-30": "255.00000", "2012-01-31": "257.00000", "2011-10-31": "248.00000", "2011-07-31": "248.00000", "2011-04-30": "244.00000", "2011-01-31": "245.00000", "2010-10-31": "248.00000", "2010-07-31": "279.00000", "2010-04-30": "301.00000", "2010-01-31": "297.00000", "2009-10-31": "365.00000", "2009-07-31": "387.00000", "2009-04-30": "383.00000", "2009-01-31": "393.00000", "2008-10-31": "228.00000", "2008-07-31": "252.00000", "2008-04-30": "255.00000", "2008-01-31": "250.00000", "2007-10-31": "256.00000", "2007-07-31": "245.00000", "2007-04-30": "234.00000", "2007-01-31": "218.00000", "2006-10-31": "299.00000", "2006-07-31": "307.00000", "2006-04-30": "301.00000", "2006-01-31": "293.00000", "2005-10-31": "307.00000", "2005-07-31": "296.00000", "2005-04-30": "299.00000", "2005-01-31": "376.00000"}, "Total Long Term Liabilities": {"2020-10-31": "2824.00000", "2020-07-31": "2837.00000", "2020-04-30": "2839.00000", "2020-01-31": "2922.00000", "2019-10-31": "2957.00000", "2019-07-31": "2979.00000", "2019-04-30": "3036.00000", "2019-01-31": "550.00000", "2018-10-31": "534.00000", "2018-07-31": "629.00000", "2018-04-30": "767.00000", "2018-01-31": "826.00000", "2017-10-31": "589.00000", "2017-07-31": "582.00000", "2017-04-30": "520.00000", "2017-01-31": "518.00000", "2016-10-31": "518.00000", "2016-07-31": "509.00000", "2016-04-30": "505.00000", "2016-01-31": "522.00000", "2015-10-31": "488.00000", "2015-07-31": "384.00000", "2015-04-30": "384.00000", "2015-01-31": "385.00000", "2014-10-31": "368.00000", "2014-07-31": "365.00000", "2014-04-30": "364.00000", "2014-01-31": "365.00000", "2013-10-31": "368.00000", "2013-07-31": "355.00000", "2013-04-30": "348.00000", "2013-01-31": "354.00000", "2012-10-31": "385.00000", "2012-07-31": "386.00000", "2012-04-30": "390.00000", "2012-01-31": "392.00000", "2011-10-31": "384.00000", "2011-07-31": "384.00000", "2011-04-30": "380.00000", "2011-01-31": "382.00000", "2010-10-31": "385.00000", "2010-07-31": "416.00000", "2010-04-30": "438.00000", "2010-01-31": "435.00000", "2009-10-31": "503.00000", "2009-07-31": "525.00000", "2009-04-30": "525.00000", "2009-01-31": "535.00000", "2008-10-31": "356.00000", "2008-07-31": "377.00000", "2008-04-30": "474.00000", "2008-01-31": "471.00000", "2007-10-31": "476.00000", "2007-07-31": "461.00000", "2007-04-30": "455.00000", "2007-01-31": "438.00000", "2006-10-31": "534.00000", "2006-07-31": "556.00000", "2006-04-30": "573.00000", "2006-01-31": "568.00000", "2005-10-31": "634.00000", "2005-07-31": "626.00000", "2005-04-30": "646.00000", "2005-01-31": "723.00000"}, "Total Liabilities": {"2020-10-31": "4366.00000", "2020-07-31": "4509.00000", "2020-04-30": "4482.00000", "2020-01-31": "4116.00000", "2019-10-31": "4194.00000", "2019-07-31": "4208.00000", "2019-04-30": "4326.00000", "2019-01-31": "1314.00000", "2018-10-31": "1229.00000", "2018-07-31": "1350.00000", "2018-04-30": "1420.00000", "2018-01-31": "1442.00000", "2017-10-31": "1156.00000", "2017-07-31": "1052.00000", "2017-04-30": "1055.00000", "2017-01-31": "1130.00000", "2016-10-31": "1061.00000", "2016-07-31": "1184.00000", "2016-04-30": "1083.00000", "2016-01-31": "1222.00000", "2015-10-31": "1148.00000", "2015-07-31": "1125.00000", "2015-04-30": "1076.00000", "2015-01-31": "1081.00000", "2014-10-31": "1016.00000", "2014-07-31": "1116.00000", "2014-04-30": "1076.00000", "2014-01-31": "991.00000", "2013-10-31": "1011.00000", "2013-07-31": "1085.00000", "2013-04-30": "990.00000", "2013-01-31": "990.00000", "2012-10-31": "1010.00000", "2012-07-31": "1055.00000", "2012-04-30": "1025.00000", "2012-01-31": "940.00000", "2011-10-31": "952.00000", "2011-07-31": "1004.00000", "2011-04-30": "986.00000", "2011-01-31": "871.00000", "2010-10-31": "934.00000", "2010-07-31": "997.00000", "2010-04-30": "1010.00000", "2010-01-31": "868.00000", "2009-10-31": "981.00000", "2009-07-31": "1038.00000", "2009-04-30": "1018.00000", "2009-01-31": "953.00000", "2008-10-31": "867.00000", "2008-07-31": "1006.00000", "2008-04-30": "1072.00000", "2008-01-31": "982.00000", "2007-10-31": "1074.00000", "2007-07-31": "1097.00000", "2007-04-30": "1110.00000", "2007-01-31": "954.00000", "2006-10-31": "1142.00000", "2006-07-31": "1256.00000", "2006-04-30": "1185.00000", "2006-01-31": "1285.00000", "2005-10-31": "1415.00000", "2005-07-31": "1401.00000", "2005-04-30": "1403.00000", "2005-01-31": "1407.00000"}, "Common Stock Net": {"2020-10-31": "777.00000", "2020-07-31": "774.00000", "2020-04-30": "767.00000", "2020-01-31": "764.00000", "2019-10-31": "832.00000", "2019-07-31": "825.00000", "2019-04-30": "820.00000", "2019-01-31": "809.00000", "2018-10-31": "864.00000", "2018-07-31": "857.00000", "2018-04-30": "848.00000", "2018-01-31": "842.00000", "2017-10-31": "921.00000", "2017-07-31": "916.00000", "2017-04-30": "914.00000", "2017-01-31": "900.00000", "2016-10-31": "1168.00000", "2016-07-31": "1147.00000", "2016-04-30": "1127.00000", "2016-01-31": "1108.00000", "2015-10-31": "1099.00000", "2015-07-31": "1060.00000", "2015-04-30": "1025.00000", "2015-01-31": "979.00000", "2014-10-31": "971.00000", "2014-07-31": "961.00000", "2014-04-30": "947.00000", "2014-01-31": "921.00000", "2013-10-31": "905.00000", "2013-07-31": "895.00000", "2013-04-30": "877.00000", "2013-01-31": "856.00000", "2012-10-31": "842.00000", "2012-07-31": "819.00000", "2012-04-30": "807.00000", "2012-01-31": "779.00000", "2011-10-31": "761.00000", "2011-07-31": "756.00000", "2011-04-30": "746.00000", "2011-01-31": "735.00000", "2010-10-31": "726.00000", "2010-07-31": "718.00000", "2010-04-30": "716.00000", "2010-01-31": "709.00000", "2009-10-31": "706.00000", "2009-07-31": "702.00000", "2009-04-30": "697.00000", "2009-01-31": "691.00000", "2008-10-31": "689.00000", "2008-07-31": "686.00000", "2008-04-30": "681.00000", "2008-01-31": "676.00000", "2007-10-31": "673.00000", "2007-07-31": "669.00000", "2007-04-30": "663.00000", "2007-01-31": "653.00000", "2006-10-31": "649.00000", "2006-07-31": "645.00000", "2006-04-30": "640.00000", "2006-01-31": "635.00000", "2005-10-31": "626.00000", "2005-07-31": "624.00000", "2005-04-30": "618.00000", "2005-01-31": "608.00000"}, "Retained Earnings (Accumulated Deficit)": {"2020-10-31": "2245.00000", "2020-07-31": "1996.00000", "2020-04-30": "1951.00000", "2020-01-31": "2103.00000", "2019-10-31": "2310.00000", "2019-07-31": "2226.00000", "2019-04-30": "2207.00000", "2019-01-31": "2104.00000", "2018-10-31": "2323.00000", "2018-07-31": "2232.00000", "2018-04-30": "2184.00000", "2018-01-31": "2019.00000", "2017-10-31": "2467.00000", "2017-07-31": "2403.00000", "2017-04-30": "2393.00000", "2017-01-31": "2254.00000", "2016-10-31": "3546.00000", "2016-07-31": "3426.00000", "2016-04-30": "3336.00000", "2016-01-31": "3182.00000", "2015-10-31": "3058.00000", "2015-07-31": "3013.00000", "2015-04-30": "2929.00000", "2015-01-31": "2780.00000", "2014-10-31": "2665.00000", "2014-07-31": "2577.00000", "2014-04-30": "2517.00000", "2014-01-31": "2387.00000", "2013-10-31": "2295.00000", "2013-07-31": "2220.00000", "2013-04-30": "2184.00000", "2013-01-31": "2076.00000", "2012-10-31": "1999.00000", "2012-07-31": "1920.00000", "2012-04-30": "1888.00000", "2012-01-31": "1788.00000", "2011-10-31": "1732.00000", "2011-07-31": "1691.00000", "2011-04-30": "1680.00000", "2011-01-31": "1611.00000", "2010-10-31": "1577.00000", "2010-07-31": "1548.00000", "2010-04-30": "1565.00000", "2010-01-31": "1535.00000", "2009-10-31": "1536.00000", "2009-07-31": "1565.00000", "2009-04-30": "1589.00000", "2009-01-31": "1581.00000", "2008-10-31": "1729.00000", "2008-07-31": "1728.00000", "2008-04-30": "1734.00000", "2008-01-31": "1754.00000", "2007-10-31": "1694.00000", "2007-07-31": "1746.00000", "2007-04-30": "1784.00000", "2007-01-31": "1785.00000", "2006-10-31": "1691.00000", "2006-07-31": "1640.00000", "2006-04-30": "1640.00000", "2006-01-31": "1601.00000", "2005-10-31": "1520.00000", "2005-07-31": "1465.00000", "2005-04-30": "1432.00000", "2005-01-31": "1386.00000"}, "Comprehensive Income": {"2020-10-31": "-365.00000", "2020-07-31": "-367.00000", "2020-04-30": "-404.00000", "2020-01-31": "-394.00000", "2019-10-31": "-382.00000", "2019-07-31": "-384.00000", "2019-04-30": "-384.00000", "2019-01-31": "-370.00000", "2018-10-31": "-361.00000", "2018-07-31": "-340.00000", "2018-04-30": "-313.00000", "2018-01-31": "-279.00000", "2017-10-31": "-286.00000", "2017-07-31": "-284.00000", "2017-04-30": "-357.00000", "2017-01-31": "-363.00000", "2016-10-31": "-353.00000", "2016-07-31": "-343.00000", "2016-04-30": "-323.00000", "2016-01-31": "-366.00000", "2015-10-31": "-343.00000", "2015-07-31": "-338.00000", "2015-04-30": "-318.00000", "2015-01-31": "-319.00000", "2014-10-31": "-221.00000", "2014-07-31": "-182.00000", "2014-04-30": "-164.00000", "2014-01-31": "-186.00000", "2013-10-31": "-170.00000", "2013-07-31": "-192.00000", "2013-04-30": "-189.00000", "2013-01-31": "-171.00000", "2012-10-31": "-203.00000", "2012-07-31": "-241.00000", "2012-04-30": "-196.00000", "2012-01-31": "-204.00000", "2011-10-31": "-154.00000", "2011-07-31": "-125.00000", "2011-04-30": "-107.00000", "2011-01-31": "-169.00000", "2010-10-31": "-187.00000", "2010-07-31": "-228.00000", "2010-04-30": "-216.00000", "2010-01-31": "-193.00000", "2009-10-31": "-157.00000", "2009-07-31": "-187.00000", "2009-04-30": "-232.00000", "2009-01-31": "-246.00000", "2008-10-31": "-154.00000", "2008-07-31": "-55.00000", "2008-04-30": "-52.00000", "2008-01-31": "-70.00000", "2007-10-31": "-45.00000", "2007-07-31": "-73.00000", "2007-04-30": "-77.00000", "2007-01-31": "-96.00000", "2006-10-31": "-161.00000", "2006-07-31": "-158.00000", "2006-04-30": "-166.00000", "2006-01-31": "-171.00000", "2005-10-31": "-184.00000", "2005-07-31": "-190.00000", "2005-04-30": "-165.00000", "2005-01-31": "-162.00000"}, "Other Share Holders Equity": {"2020-10-31": "", "2020-07-31": "", "2020-04-30": "", "2020-01-31": "", "2019-10-31": "", "2019-07-31": "", "2019-04-30": "", "2019-01-31": "", "2018-10-31": "", "2018-07-31": "", "2018-04-30": "", "2018-01-31": "", "2017-10-31": "", "2017-07-31": "", "2017-04-30": "", "2017-01-31": "", "2016-10-31": "", "2016-07-31": "", "2016-04-30": "", "2016-01-31": "", "2015-10-31": "", "2015-07-31": "", "2015-04-30": "", "2015-01-31": "", "2014-10-31": "", "2014-07-31": "", "2014-04-30": "", "2014-01-31": "", "2013-10-31": "", "2013-07-31": "", "2013-04-30": "", "2013-01-31": "", "2012-10-31": "", "2012-07-31": "", "2012-04-30": "", "2012-01-31": "", "2011-10-31": "", "2011-07-31": "", "2011-04-30": "", "2011-01-31": "", "2010-10-31": "", "2010-07-31": "", "2010-04-30": "", "2010-01-31": "", "2009-10-31": "", "2009-07-31": "", "2009-04-30": "", "2009-01-31": "", "2008-10-31": "", "2008-07-31": "", "2008-04-30": "", "2008-01-31": "", "2007-10-31": "", "2007-07-31": "", "2007-04-30": "", "2007-01-31": "", "2006-10-31": "", "2006-07-31": "", "2006-04-30": "", "2006-01-31": "", "2005-10-31": "", "2005-07-31": "", "2005-04-30": "", "2005-01-31": ""}, "Share Holder Equity": {"2020-10-31": "2652.00000", "2020-07-31": "2403.00000", "2020-04-30": "2314.00000", "2020-01-31": "2473.00000", "2019-10-31": "2427.00000", "2019-07-31": "2512.00000", "2019-04-30": "2602.00000", "2019-01-31": "2506.00000", "2018-10-31": "2451.00000", "2018-07-31": "2482.00000", "2018-04-30": "2543.00000", "2018-01-31": "2519.00000", "2017-10-31": "2657.00000", "2017-07-31": "2894.00000", "2017-04-30": "2822.00000", "2017-01-31": "2710.00000", "2016-10-31": "2633.00000", "2016-07-31": "2578.00000", "2016-04-30": "2675.00000", "2016-01-31": "2553.00000", "2015-10-31": "2547.00000", "2015-07-31": "2579.00000", "2015-04-30": "2555.00000", "2015-01-31": "2496.00000", "2014-10-31": "2602.00000", "2014-07-31": "2582.00000", "2014-04-30": "2593.00000", "2014-01-31": "2496.00000", "2013-10-31": "2466.00000", "2013-07-31": "2426.00000", "2013-04-30": "2475.00000", "2013-01-31": "2377.00000", "2012-10-31": "2289.00000", "2012-07-31": "2179.00000", "2012-04-30": "2213.00000", "2012-01-31": "2110.00000", "2011-10-31": "2093.00000", "2011-07-31": "2115.00000", "2011-04-30": "2134.00000", "2011-01-31": "2025.00000", "2010-10-31": "1978.00000", "2010-07-31": "1916.00000", "2010-04-30": "1950.00000", "2010-01-31": "1948.00000", "2009-10-31": "1982.00000", "2009-07-31": "1977.00000", "2009-04-30": "1951.00000", "2009-01-31": "1924.00000", "2008-10-31": "2162.00000", "2008-07-31": "2259.00000", "2008-04-30": "2263.00000", "2008-01-31": "2261.00000", "2007-10-31": "2223.00000", "2007-07-31": "2243.00000", "2007-04-30": "2295.00000", "2007-01-31": "2295.00000", "2006-10-31": "2132.00000", "2006-07-31": "2080.00000", "2006-04-30": "2065.00000", "2006-01-31": "2027.00000", "2005-10-31": "1940.00000", "2005-07-31": "1895.00000", "2005-04-30": "1883.00000", "2005-01-31": "1830.00000"}, "Total Liabilities And Share Holders Equity": {"2020-10-31": "7018.00000", "2020-07-31": "6912.00000", "2020-04-30": "6796.00000", "2020-01-31": "6589.00000", "2019-10-31": "6621.00000", "2019-07-31": "6720.00000", "2019-04-30": "6928.00000", "2019-01-31": "3820.00000", "2018-10-31": "3680.00000", "2018-07-31": "3832.00000", "2018-04-30": "3963.00000", "2018-01-31": "3961.00000", "2017-10-31": "3813.00000", "2017-07-31": "3946.00000", "2017-04-30": "3877.00000", "2017-01-31": "3840.00000", "2016-10-31": "3694.00000", "2016-07-31": "3762.00000", "2016-04-30": "3758.00000", "2016-01-31": "3775.00000", "2015-10-31": "3695.00000", "2015-07-31": "3704.00000", "2015-04-30": "3631.00000", "2015-01-31": "3577.00000", "2014-10-31": "3618.00000", "2014-07-31": "3698.00000", "2014-04-30": "3669.00000", "2014-01-31": "3487.00000", "2013-10-31": "3477.00000", "2013-07-31": "3511.00000", "2013-04-30": "3465.00000", "2013-01-31": "3367.00000", "2012-10-31": "3299.00000", "2012-07-31": "3234.00000", "2012-04-30": "3238.00000", "2012-01-31": "3050.00000", "2011-10-31": "3045.00000", "2011-07-31": "3119.00000", "2011-04-30": "3120.00000", "2011-01-31": "2896.00000", "2010-10-31": "2912.00000", "2010-07-31": "2913.00000", "2010-04-30": "2960.00000", "2010-01-31": "2816.00000", "2009-10-31": "2963.00000", "2009-07-31": "3015.00000", "2009-04-30": "2969.00000", "2009-01-31": "2877.00000", "2008-10-31": "3029.00000", "2008-07-31": "3265.00000", "2008-04-30": "3335.00000", "2008-01-31": "3243.00000", "2007-10-31": "3297.00000", "2007-07-31": "3340.00000", "2007-04-30": "3405.00000", "2007-01-31": "3249.00000", "2006-10-31": "3274.00000", "2006-07-31": "3336.00000", "2006-04-30": "3250.00000", "2006-01-31": "3312.00000", "2005-10-31": "3355.00000", "2005-07-31": "3296.00000", "2005-04-30": "3286.00000", "2005-01-31": "3237.00000"}}, "cash flow statement": {"Net Income/Loss": {"2020-01-31": "491.00000", "2019-01-31": "541.00000", "2018-01-31": "284.00000", "2017-01-31": "664.00000", "2016-01-31": "541.00000", "2015-01-31": "520.00000", "2014-01-31": "429.00000", "2013-01-31": "397.00000", "2012-01-31": "278.00000", "2011-01-31": "169.00000", "2010-01-31": "48.00000", "2009-01-31": "-80.00000", "2008-01-31": "45.00000", "2007-01-31": "251.00000", "2006-01-31": "264.00000", "2005-01-31": "293.00000"}, "Total Depreciation And Amortization - Cash Flow": {"2020-01-31": "179.00000", "2019-01-31": "178.00000", "2018-01-31": "173.00000", "2017-01-31": "158.00000", "2016-01-31": "148.00000", "2015-01-31": "139.00000", "2014-01-31": "133.00000", "2013-01-31": "118.00000", "2012-01-31": "110.00000", "2011-01-31": "106.00000", "2010-01-31": "112.00000", "2009-01-31": "130.00000", "2008-01-31": "166.00000", "2007-01-31": "175.00000", "2006-01-31": "171.00000", "2005-01-31": "154.00000"}, "Other Non-Cash Items": {"2020-01-31": "67.00000", "2019-01-31": "50.00000", "2018-01-31": "140.00000", "2017-01-31": "27.00000", "2016-01-31": "21.00000", "2015-01-31": "32.00000", "2014-01-31": "36.00000", "2013-01-31": "43.00000", "2012-01-31": "47.00000", "2011-01-31": "108.00000", "2010-01-31": "68.00000", "2009-01-31": "225.00000", "2008-01-31": "3.00000", "2007-01-31": "44.00000", "2006-01-31": "29.00000", "2005-01-31": "20.00000"}, "Total Non-Cash Items": {"2020-01-31": "246.00000", "2019-01-31": "228.00000", "2018-01-31": "313.00000", "2017-01-31": "185.00000", "2016-01-31": "169.00000", "2015-01-31": "171.00000", "2014-01-31": "169.00000", "2013-01-31": "161.00000", "2012-01-31": "157.00000", "2011-01-31": "214.00000", "2010-01-31": "180.00000", "2009-01-31": "355.00000", "2008-01-31": "169.00000", "2007-01-31": "219.00000", "2006-01-31": "200.00000", "2005-01-31": "174.00000"}, "Change In Accounts Receivable": {"2020-01-31": "", "2019-01-31": "", "2018-01-31": "", "2017-01-31": "", "2016-01-31": "", "2015-01-31": "", "2014-01-31": "", "2013-01-31": "", "2012-01-31": "", "2011-01-31": "", "2010-01-31": "", "2009-01-31": "", "2008-01-31": "", "2007-01-31": "", "2006-01-31": "", "2005-01-31": ""}, "Change In Inventories": {"2020-01-31": "51.00000", "2019-01-31": "-16.00000", "2018-01-31": "69.00000", "2017-01-31": "-25.00000", "2016-01-31": "-49.00000", "2015-01-31": "-81.00000", "2014-01-31": "-20.00000", "2013-01-31": "-91.00000", "2012-01-31": "-17.00000", "2011-01-31": "-19.00000", "2010-01-31": "111.00000", "2009-01-31": "128.00000", "2008-01-31": "55.00000", "2007-01-31": "-38.00000", "2006-01-31": "-111.00000", "2005-01-31": "-183.00000"}, "Change In Accounts Payable": {"2020-01-31": "", "2019-01-31": "", "2018-01-31": "", "2017-01-31": "", "2016-01-31": "", "2015-01-31": "", "2014-01-31": "", "2013-01-31": "", "2012-01-31": "", "2011-01-31": "", "2010-01-31": "", "2009-01-31": "", "2008-01-31": "", "2007-01-31": "", "2006-01-31": "", "2005-01-31": ""}, "Change In Assets/Liabilities": {"2020-01-31": "-1.00000", "2019-01-31": "-146.00000", "2018-01-31": "177.00000", "2017-01-31": "24.00000", "2016-01-31": "147.00000", "2015-01-31": "18.00000", "2014-01-31": "10.00000", "2013-01-31": "-70.00000", "2012-01-31": "-2.00000", "2011-01-31": "-47.00000", "2010-01-31": "-13.00000", "2009-01-31": "30.00000", "2008-01-31": "36.00000", "2007-01-31": "-137.00000", "2006-01-31": "-10.00000", "2005-01-31": "-169.00000"}, "Total Change In Assets/Liabilities": {"2020-01-31": "-41.00000", "2019-01-31": "12.00000", "2018-01-31": "216.00000", "2017-01-31": "-5.00000", "2016-01-31": "81.00000", "2015-01-31": "21.00000", "2014-01-31": "-68.00000", "2013-01-31": "-142.00000", "2012-01-31": "62.00000", "2011-01-31": "-57.00000", "2010-01-31": "118.00000", "2009-01-31": "108.00000", "2008-01-31": "69.00000", "2007-01-31": "-281.00000", "2006-01-31": "-115.00000", "2005-01-31": "-195.00000"}, "Cash Flow From Operating Activities": {"2020-01-31": "696.00000", "2019-01-31": "781.00000", "2018-01-31": "813.00000", "2017-01-31": "844.00000", "2016-01-31": "791.00000", "2015-01-31": "712.00000", "2014-01-31": "530.00000", "2013-01-31": "416.00000", "2012-01-31": "497.00000", "2011-01-31": "326.00000", "2010-01-31": "346.00000", "2009-01-31": "383.00000", "2008-01-31": "283.00000", "2007-01-31": "189.00000", "2006-01-31": "349.00000", "2005-01-31": "272.00000"}, "Net Change In Property, Plant, And Equipment": {"2020-01-31": "-185.00000", "2019-01-31": "-185.00000", "2018-01-31": "-274.00000", "2017-01-31": "-266.00000", "2016-01-31": "-228.00000", "2015-01-31": "-185.00000", "2014-01-31": "-206.00000", "2013-01-31": "-163.00000", "2012-01-31": "-152.00000", "2011-01-31": "-97.00000", "2010-01-31": "-89.00000", "2009-01-31": "-146.00000", "2008-01-31": "-148.00000", "2007-01-31": "-165.00000", "2006-01-31": "-155.00000", "2005-01-31": "-156.00000"}, "Net Change In Intangible Assets": {"2020-01-31": "", "2019-01-31": "", "2018-01-31": "", "2017-01-31": "", "2016-01-31": "", "2015-01-31": "", "2014-01-31": "", "2013-01-31": "", "2012-01-31": "", "2011-01-31": "", "2010-01-31": "", "2009-01-31": "", "2008-01-31": "", "2007-01-31": "", "2006-01-31": "", "2005-01-31": ""}, "Net Acquisitions/Divestitures": {"2020-01-31": "", "2019-01-31": "", "2018-01-31": "", "2017-01-31": "", "2016-01-31": "-2.00000", "2015-01-31": "", "2014-01-31": "-81.00000", "2013-01-31": "", "2012-01-31": "", "2011-01-31": "", "2010-01-31": "", "2009-01-31": "-106.00000", "2008-01-31": "", "2007-01-31": "", "2006-01-31": "1.00000", "2005-01-31": "-242.00000"}, "Net Change In Short-term Investments": {"2020-01-31": "-50.00000", "2019-01-31": "-89.00000", "2018-01-31": "-15.00000", "2017-01-31": "", "2016-01-31": "", "2015-01-31": "9.00000", "2014-01-31": "37.00000", "2013-01-31": "-49.00000", "2012-01-31": "0.00000", "2011-01-31": "9.00000", "2010-01-31": "16.00000", "2009-01-31": "-23.00000", "2008-01-31": "242.00000", "2007-01-31": "49.00000", "2006-01-31": "-31.00000", "2005-01-31": "-9.00000"}, "Net Change In Long-Term Investments": {"2020-01-31": "", "2019-01-31": "", "2018-01-31": "", "2017-01-31": "", "2016-01-31": "", "2015-01-31": "", "2014-01-31": "", "2013-01-31": "", "2012-01-31": "", "2011-01-31": "", "2010-01-31": "", "2009-01-31": "", "2008-01-31": "21.00000", "2007-01-31": "", "2006-01-31": "", "2005-01-31": ""}, "Net Change In Investments - Total": {"2020-01-31": "-50.00000", "2019-01-31": "-89.00000", "2018-01-31": "-15.00000", "2017-01-31": "", "2016-01-31": "", "2015-01-31": "9.00000", "2014-01-31": "37.00000", "2013-01-31": "-49.00000", "2012-01-31": "", "2011-01-31": "9.00000", "2010-01-31": "16.00000", "2009-01-31": "-23.00000", "2008-01-31": "263.00000", "2007-01-31": "49.00000", "2006-01-31": "-31.00000", "2005-01-31": "-9.00000"}, "Investing Activities - Other": {"2020-01-31": "", "2019-01-31": "", "2018-01-31": "", "2017-01-31": "", "2016-01-31": "", "2015-01-31": "", "2014-01-31": "2.00000", "2013-01-31": "", "2012-01-31": "3.00000", "2011-01-31": "1.00000", "2010-01-31": "1.00000", "2009-01-31": "3.00000", "2008-01-31": "2.00000", "2007-01-31": "8.00000", "2006-01-31": "3.00000", "2005-01-31": ""}, "Cash Flow From Investing Activities": {"2020-01-31": "-235.00000", "2019-01-31": "-274.00000", "2018-01-31": "-289.00000", "2017-01-31": "-266.00000", "2016-01-31": "-230.00000", "2015-01-31": "-176.00000", "2014-01-31": "-248.00000", "2013-01-31": "-212.00000", "2012-01-31": "-149.00000", "2011-01-31": "-87.00000", "2010-01-31": "-72.00000", "2009-01-31": "-272.00000", "2008-01-31": "117.00000", "2007-01-31": "-108.00000", "2006-01-31": "-182.00000", "2005-01-31": "-407.00000"}, "Net Long-Term Debt": {"2020-01-31": "", "2019-01-31": "", "2018-01-31": "", "2017-01-31": "-1.00000", "2016-01-31": "-2.00000", "2015-01-31": "-3.00000", "2014-01-31": "-1.00000", "2013-01-31": "-2.00000", "2012-01-31": "", "2011-01-31": "", "2010-01-31": "-3.00000", "2009-01-31": "-94.00000", "2008-01-31": "-21.00000", "2007-01-31": "-87.00000", "2006-01-31": "-35.00000", "2005-01-31": "175.00000"}, "Net Current Debt": {"2020-01-31": "", "2019-01-31": "", "2018-01-31": "", "2017-01-31": "", "2016-01-31": "", "2015-01-31": "", "2014-01-31": "", "2013-01-31": "", "2012-01-31": "", "2011-01-31": "", "2010-01-31": "", "2009-01-31": "", "2008-01-31": "", "2007-01-31": "", "2006-01-31": "", "2005-01-31": ""}, "Debt Issuance/Retirement Net - Total": {"2020-01-31": "", "2019-01-31": "", "2018-01-31": "", "2017-01-31": "-1.00000", "2016-01-31": "-2.00000", "2015-01-31": "-3.00000", "2014-01-31": "-1.00000", "2013-01-31": "-2.00000", "2012-01-31": "", "2011-01-31": "", "2010-01-31": "-3.00000", "2009-01-31": "-94.00000", "2008-01-31": "-21.00000", "2007-01-31": "-87.00000", "2006-01-31": "-35.00000", "2005-01-31": "175.00000"}, "Net Common Equity Issued/Repurchased": {"2020-01-31": "-329.00000", "2019-01-31": "-369.00000", "2018-01-31": "-459.00000", "2017-01-31": "-406.00000", "2016-01-31": "-359.00000", "2015-01-31": "-283.00000", "2014-01-31": "-199.00000", "2013-01-31": "-81.00000", "2012-01-31": "-82.00000", "2011-01-31": "-37.00000", "2010-01-31": "3.00000", "2009-01-31": "2.00000", "2008-01-31": "-41.00000", "2007-01-31": "4.00000", "2006-01-31": "-21.00000", "2005-01-31": "33.00000"}, "Net Total Equity Issued/Repurchased": {"2020-01-31": "-329.00000", "2019-01-31": "-369.00000", "2018-01-31": "-459.00000", "2017-01-31": "-406.00000", "2016-01-31": "-359.00000", "2015-01-31": "-283.00000", "2014-01-31": "-199.00000", "2013-01-31": "-81.00000", "2012-01-31": "-82.00000", "2011-01-31": "-37.00000", "2010-01-31": "3.00000", "2009-01-31": "2.00000", "2008-01-31": "-41.00000", "2007-01-31": "4.00000", "2006-01-31": "-21.00000", "2005-01-31": "33.00000"}, "Total Common And Preferred Stock Dividends Paid": {"2020-01-31": "-164.00000", "2019-01-31": "-158.00000", "2018-01-31": "-157.00000", "2017-01-31": "-147.00000", "2016-01-31": "-139.00000", "2015-01-31": "-127.00000", "2014-01-31": "-118.00000", "2013-01-31": "-109.00000", "2012-01-31": "-101.00000", "2011-01-31": "-93.00000", "2010-01-31": "-94.00000", "2009-01-31": "-93.00000", "2008-01-31": "-77.00000", "2007-01-31": "-61.00000", "2006-01-31": "-49.00000", "2005-01-31": "-39.00000"}, "Financial Activities - Other": {"2020-01-31": "", "2019-01-31": "", "2018-01-31": "", "2017-01-31": "-2.00000", "2016-01-31": "", "2015-01-31": "12.00000", "2014-01-31": "9.00000", "2013-01-31": "11.00000", "2012-01-31": "5.00000", "2011-01-31": "3.00000", "2010-01-31": "", "2009-01-31": "", "2008-01-31": "1.00000", "2007-01-31": "2.00000", "2006-01-31": "", "2005-01-31": "-2.00000"}, "Cash Flow From Financial Activities": {"2020-01-31": "-493.00000", "2019-01-31": "-527.00000", "2018-01-31": "-616.00000", "2017-01-31": "-556.00000", "2016-01-31": "-500.00000", "2015-01-31": "-401.00000", "2014-01-31": "-309.00000", "2013-01-31": "-181.00000", "2012-01-31": "-178.00000", "2011-01-31": "-127.00000", "2010-01-31": "-94.00000", "2009-01-31": "-185.00000", "2008-01-31": "-138.00000", "2007-01-31": "-142.00000", "2006-01-31": "-105.00000", "2005-01-31": "167.00000"}, "Net Cash Flow": {"2020-01-31": "-39.00000", "2019-01-31": "-50.00000", "2018-01-31": "-42.00000", "2017-01-31": "25.00000", "2016-01-31": "55.00000", "2015-01-31": "109.00000", "2014-01-31": "-22.00000", "2013-01-31": "29.00000", "2012-01-31": "155.00000", "2011-01-31": "114.00000", "2010-01-31": "197.00000", "2009-01-31": "-103.00000", "2008-01-31": "267.00000", "2007-01-31": "-68.00000", "2006-01-31": "64.00000", "2005-01-31": "35.00000"}, "Stock-Based Compensation": {"2020-01-31": "18.00000", "2019-01-31": "22.00000", "2018-01-31": "15.00000", "2017-01-31": "22.00000", "2016-01-31": "22.00000", "2015-01-31": "24.00000", "2014-01-31": "25.00000", "2013-01-31": "20.00000", "2012-01-31": "18.00000", "2011-01-31": "13.00000", "2010-01-31": "12.00000", "2009-01-31": "9.00000", "2008-01-31": "10.00000", "2007-01-31": "10.00000", "2006-01-31": "6.00000", "2005-01-31": "8.00000"}, "Common Stock Dividends Paid": {"2020-01-31": "-164.00000", "2019-01-31": "-158.00000", "2018-01-31": "-157.00000", "2017-01-31": "-147.00000", "2016-01-31": "-139.00000", "2015-01-31": "-127.00000", "2014-01-31": "-118.00000", "2013-01-31": "-109.00000", "2012-01-31": "-101.00000", "2011-01-31": "-93.00000", "2010-01-31": "-94.00000", "2009-01-31": "-93.00000", "2008-01-31": "-77.00000", "2007-01-31": "-61.00000", "2006-01-31": "-49.00000", "2005-01-31": "-39.00000"}}, "cash flow statement, quarterly": {"Net Income/Loss": {"2020-10-31": 265, "2020-07-31": 45, "2020-04-30": "-110.00000", "2020-01-31": 134, "2019-10-31": 125, "2019-07-31": 60, "2019-04-30": "172.00000", "2019-01-31": 158, "2018-10-31": 130, "2018-07-31": 88, "2018-04-30": "165.00000", "2018-01-31": -49, "2017-10-31": 102, "2017-07-31": 51, "2017-04-30": "180.00000", "2017-01-31": 189, "2016-10-31": 157, "2016-07-31": 127, "2016-04-30": "191.00000", "2016-01-31": 158, "2015-10-31": 80, "2015-07-31": 119, "2015-04-30": "184.00000", "2015-01-31": 146, "2014-10-31": 120, "2014-07-31": 92, "2014-04-30": "162.00000", "2014-01-31": 121, "2013-10-31": 104, "2013-07-31": 66, "2013-04-30": "138.00000", "2013-01-31": 104, "2012-10-31": 106, "2012-07-31": 59, "2012-04-30": "128.00000", "2012-01-31": 81, "2011-10-31": 66, "2011-07-31": 37, "2011-04-30": "94.00000", "2011-01-31": 57, "2010-10-31": 52, "2010-07-31": 6, "2010-04-30": "54.00000", "2010-01-31": 23, "2009-10-31": -6, "2009-07-31": 0, "2009-04-30": "31.00000", "2009-01-31": -125, "2008-10-31": 24, "2008-07-31": 18, "2008-04-30": "3.00000", "2008-01-31": 79, "2007-10-31": -33, "2007-07-31": -18, "2007-04-30": "17.00000", "2007-01-31": 113, "2006-10-31": 65, "2006-07-31": 14, "2006-04-30": "59.00000", "2006-01-31": 96, "2005-10-31": 66, "2005-07-31": 44, "2005-04-30": "58.00000", "2005-01-31": 293}, "Total Depreciation And Amortization - Cash Flow": {"2020-10-31": 44, "2020-07-31": 44, "2020-04-30": "44.00000", "2020-01-31": 45, "2019-10-31": 44, "2019-07-31": 46, "2019-04-30": "44.00000", "2019-01-31": 45, "2018-10-31": 44, "2018-07-31": 44, "2018-04-30": "45.00000", "2018-01-31": 46, "2017-10-31": 44, "2017-07-31": 42, "2017-04-30": "41.00000", "2017-01-31": 40, "2016-10-31": 40, "2016-07-31": 39, "2016-04-30": "39.00000", "2016-01-31": 39, "2015-10-31": 38, "2015-07-31": 36, "2015-04-30": "35.00000", "2015-01-31": 33, "2014-10-31": 34, "2014-07-31": 36, "2014-04-30": "36.00000", "2014-01-31": 36, "2013-10-31": 35, "2013-07-31": 31, "2013-04-30": "31.00000", "2013-01-31": 30, "2012-10-31": 30, "2012-07-31": 29, "2012-04-30": "29.00000", "2012-01-31": 28, "2011-10-31": 27, "2011-07-31": 28, "2011-04-30": "27.00000", "2011-01-31": 27, "2010-10-31": 27, "2010-07-31": 26, "2010-04-30": "26.00000", "2010-01-31": 27, "2009-10-31": 29, "2009-07-31": 28, "2009-04-30": "28.00000", "2009-01-31": 33, "2008-10-31": 32, "2008-07-31": 33, "2008-04-30": "32.00000", "2008-01-31": 34, "2007-10-31": 45, "2007-07-31": 44, "2007-04-30": "43.00000", "2007-01-31": 44, "2006-10-31": 44, "2006-07-31": 44, "2006-04-30": "43.00000", "2006-01-31": 43, "2005-10-31": 46, "2005-07-31": 41, "2005-04-30": "41.00000", "2005-01-31": 154}, "Other Non-Cash Items": {"2020-10-31": -136, "2020-07-31": 18, "2020-04-30": "42.00000", "2020-01-31": 57, "2019-10-31": 7, "2019-07-31": -6, "2019-04-30": "9.00000", "2019-01-31": 34, "2018-10-31": 7, "2018-07-31": 4, "2018-04-30": "5.00000", "2018-01-31": 129, "2017-10-31": 3, "2017-07-31": 3, "2017-04-30": "5.00000", "2017-01-31": 4, "2016-10-31": 12, "2016-07-31": 6, "2016-04-30": "5.00000", "2016-01-31": 37, "2015-10-31": -3, "2015-07-31": -5, "2015-04-30": "-8.00000", "2015-01-31": 22, "2014-10-31": 4, "2014-07-31": 6, "2014-04-30": "", "2014-01-31": 24, "2013-10-31": 6, "2013-07-31": 2, "2013-04-30": "4.00000", "2013-01-31": 36, "2012-10-31": 3, "2012-07-31": 3, "2012-04-30": "1.00000", "2012-01-31": 37, "2011-10-31": 5, "2011-07-31": 2, "2011-04-30": "3.00000", "2011-01-31": 98, "2010-10-31": 3, "2010-07-31": 4, "2010-04-30": "3.00000", "2010-01-31": 5, "2009-10-31": 40, "2009-07-31": 2, "2009-04-30": "21.00000", "2009-01-31": 201, "2008-10-31": 3, "2008-07-31": 3, "2008-04-30": "18.00000", "2008-01-31": -65, "2007-10-31": 82, "2007-07-31": -17, "2007-04-30": "3.00000", "2007-01-31": 61, "2006-10-31": 16, "2006-07-31": -34, "2006-04-30": "1.00000", "2006-01-31": 33, "2005-10-31": 2, "2005-07-31": -9, "2005-04-30": "3.00000", "2005-01-31": 20}, "Total Non-Cash Items": {"2020-10-31": -92, "2020-07-31": 62, "2020-04-30": "86.00000", "2020-01-31": 102, "2019-10-31": 51, "2019-07-31": 40, "2019-04-30": "53.00000", "2019-01-31": 79, "2018-10-31": 51, "2018-07-31": 48, "2018-04-30": "50.00000", "2018-01-31": 175, "2017-10-31": 47, "2017-07-31": 45, "2017-04-30": "46.00000", "2017-01-31": 44, "2016-10-31": 52, "2016-07-31": 45, "2016-04-30": "44.00000", "2016-01-31": 76, "2015-10-31": 35, "2015-07-31": 31, "2015-04-30": "27.00000", "2015-01-31": 55, "2014-10-31": 38, "2014-07-31": 42, "2014-04-30": "36.00000", "2014-01-31": 60, "2013-10-31": 41, "2013-07-31": 33, "2013-04-30": "35.00000", "2013-01-31": 66, "2012-10-31": 33, "2012-07-31": 32, "2012-04-30": "30.00000", "2012-01-31": 65, "2011-10-31": 32, "2011-07-31": 30, "2011-04-30": "30.00000", "2011-01-31": 125, "2010-10-31": 30, "2010-07-31": 30, "2010-04-30": "29.00000", "2010-01-31": 32, "2009-10-31": 69, "2009-07-31": 30, "2009-04-30": "49.00000", "2009-01-31": 234, "2008-10-31": 35, "2008-07-31": 36, "2008-04-30": "50.00000", "2008-01-31": -31, "2007-10-31": 127, "2007-07-31": 27, "2007-04-30": "46.00000", "2007-01-31": 105, "2006-10-31": 60, "2006-07-31": 10, "2006-04-30": "44.00000", "2006-01-31": 76, "2005-10-31": 48, "2005-07-31": 32, "2005-04-30": "44.00000", "2005-01-31": 174}, "Change In Accounts Receivable": {"2020-10-31": 0, "2020-07-31": 0, "2020-04-30": "", "2020-01-31": 0, "2019-10-31": 0, "2019-07-31": 0, "2019-04-30": "", "2019-01-31": 0, "2018-10-31": 0, "2018-07-31": 0, "2018-04-30": "", "2018-01-31": 0, "2017-10-31": 0, "2017-07-31": 0, "2017-04-30": "", "2017-01-31": 0, "2016-10-31": 0, "2016-07-31": 0, "2016-04-30": "", "2016-01-31": 0, "2015-10-31": 0, "2015-07-31": 0, "2015-04-30": "", "2015-01-31": 0, "2014-10-31": 0, "2014-07-31": 0, "2014-04-30": "", "2014-01-31": 0, "2013-10-31": 0, "2013-07-31": 0, "2013-04-30": "", "2013-01-31": 0, "2012-10-31": 0, "2012-07-31": 0, "2012-04-30": "", "2012-01-31": 0, "2011-10-31": 0, "2011-07-31": 0, "2011-04-30": "", "2011-01-31": 0, "2010-10-31": 0, "2010-07-31": 0, "2010-04-30": "", "2010-01-31": 0, "2009-10-31": 0, "2009-07-31": 0, "2009-04-30": "", "2009-01-31": 0, "2008-10-31": 0, "2008-07-31": 0, "2008-04-30": "", "2008-01-31": 0, "2007-10-31": 0, "2007-07-31": 0, "2007-04-30": "", "2007-01-31": 0, "2006-10-31": 0, "2006-07-31": 0, "2006-04-30": "", "2006-01-31": 0, "2005-10-31": 0, "2005-07-31": 0, "2005-04-30": "", "2005-01-31": 0}, "Change In Inventories": {"2020-10-31": 1, "2020-07-31": 269, "2020-04-30": "-257.00000", "2020-01-31": 93, "2019-10-31": -74, "2019-07-31": -18, "2019-04-30": "50.00000", "2019-01-31": 41, "2018-10-31": -60, "2018-07-31": -50, "2018-04-30": "53.00000", "2018-01-31": 51, "2017-10-31": -23, "2017-07-31": 10, "2017-04-30": "31.00000", "2017-01-31": 52, "2016-10-31": -27, "2016-07-31": -89, "2016-04-30": "39.00000", "2016-01-31": 47, "2015-10-31": -21, "2015-07-31": -92, "2015-04-30": "17.00000", "2015-01-31": 43, "2014-10-31": -9, "2014-07-31": -75, "2014-04-30": "-40.00000", "2014-01-31": 88, "2013-10-31": 1, "2013-07-31": -101, "2013-04-30": "-8.00000", "2013-01-31": 81, "2012-10-31": 5, "2012-07-31": -103, "2012-04-30": "-74.00000", "2012-01-31": 125, "2011-10-31": 53, "2011-07-31": -115, "2011-04-30": "-80.00000", "2011-01-31": 144, "2010-10-31": 30, "2010-07-31": -77, "2010-04-30": "-116.00000", "2010-01-31": 180, "2009-10-31": 69, "2009-07-31": -28, "2009-04-30": "-110.00000", "2009-01-31": 156, "2008-10-31": 81, "2008-07-31": -10, "2008-04-30": "-99.00000", "2008-01-31": 192, "2007-10-31": -5, "2007-07-31": 42, "2007-04-30": "-174.00000", "2007-01-31": 174, "2006-10-31": 2, "2006-07-31": -74, "2006-04-30": "-140.00000", "2006-01-31": 149, "2005-10-31": -18, "2005-07-31": -71, "2005-04-30": "-171.00000", "2005-01-31": -183}, "Change In Accounts Payable": {"2020-10-31": 0, "2020-07-31": 0, "2020-04-30": "", "2020-01-31": 0, "2019-10-31": 0, "2019-07-31": 0, "2019-04-30": "", "2019-01-31": 0, "2018-10-31": 0, "2018-07-31": 0, "2018-04-30": "", "2018-01-31": 0, "2017-10-31": 0, "2017-07-31": 0, "2017-04-30": "", "2017-01-31": 0, "2016-10-31": 0, "2016-07-31": 0, "2016-04-30": "", "2016-01-31": 0, "2015-10-31": 0, "2015-07-31": 0, "2015-04-30": "", "2015-01-31": 0, "2014-10-31": 0, "2014-07-31": 0, "2014-04-30": "", "2014-01-31": 0, "2013-10-31": 0, "2013-07-31": 0, "2013-04-30": "", "2013-01-31": 0, "2012-10-31": 0, "2012-07-31": 0, "2012-04-30": "", "2012-01-31": 0, "2011-10-31": 0, "2011-07-31": 0, "2011-04-30": "", "2011-01-31": 0, "2010-10-31": 0, "2010-07-31": 0, "2010-04-30": "", "2010-01-31": 0, "2009-10-31": 0, "2009-07-31": 0, "2009-04-30": "", "2009-01-31": 0, "2008-10-31": 0, "2008-07-31": 0, "2008-04-30": "", "2008-01-31": 0, "2007-10-31": 0, "2007-07-31": 0, "2007-04-30": "", "2007-01-31": 0, "2006-10-31": 0, "2006-07-31": 0, "2006-04-30": "", "2006-01-31": 0, "2005-10-31": 0, "2005-07-31": 0, "2005-04-30": "", "2005-01-31": 0}, "Change In Assets/Liabilities": {"2020-10-31": 26, "2020-07-31": 7, "2020-04-30": "71.00000", "2020-01-31": 37, "2019-10-31": -12, "2019-07-31": -24, "2019-04-30": "-2.00000", "2019-01-31": 40, "2018-10-31": -104, "2018-07-31": -145, "2018-04-30": "63.00000", "2018-01-31": 128, "2017-10-31": 30, "2017-07-31": 50, "2017-04-30": "-31.00000", "2017-01-31": 17, "2016-10-31": 33, "2016-07-31": -44, "2016-04-30": "18.00000", "2016-01-31": 62, "2015-10-31": 82, "2015-07-31": 10, "2015-04-30": "-7.00000", "2015-01-31": -34, "2014-10-31": 41, "2014-07-31": -11, "2014-04-30": "22.00000", "2014-01-31": -55, "2013-10-31": 60, "2013-07-31": -72, "2013-04-30": "77.00000", "2013-01-31": -44, "2012-10-31": 10, "2012-07-31": 2, "2012-04-30": "-38.00000", "2012-01-31": -49, "2011-10-31": 33, "2011-07-31": 8, "2011-04-30": "6.00000", "2011-01-31": -33, "2010-10-31": 8, "2010-07-31": -3, "2010-04-30": "-19.00000", "2010-01-31": -8, "2009-10-31": -30, "2009-07-31": 1, "2009-04-30": "24.00000", "2009-01-31": 1, "2008-10-31": -5, "2008-07-31": 8, "2008-04-30": "26.00000", "2008-01-31": 37, "2007-10-31": -3, "2007-07-31": -6, "2007-04-30": "8.00000", "2007-01-31": -26, "2006-10-31": -23, "2006-07-31": -6, "2006-04-30": "-82.00000", "2006-01-31": 41, "2005-10-31": 5, "2005-07-31": -10, "2005-04-30": "-46.00000", "2005-01-31": -169}, "Total Change In Assets/Liabilities": {"2020-10-31": -107, "2020-07-31": 615, "2020-04-30": "-92.00000", "2020-01-31": 63, "2019-10-31": -107, "2019-07-31": -90, "2019-04-30": "93.00000", "2019-01-31": 122, "2018-10-31": -186, "2018-07-31": -124, "2018-04-30": "200.00000", "2018-01-31": 191, "2017-10-31": 96, "2017-07-31": -4, "2017-04-30": "-67.00000", "2017-01-31": 134, "2016-10-31": -117, "2016-07-31": -11, "2016-04-30": "-11.00000", "2016-01-31": 143, "2015-10-31": -35, "2015-07-31": -29, "2015-04-30": "2.00000", "2015-01-31": 72, "2014-10-31": -81, "2014-07-31": -44, "2014-04-30": "74.00000", "2014-01-31": 22, "2013-10-31": -58, "2013-07-31": -110, "2013-04-30": "78.00000", "2013-01-31": -13, "2012-10-31": -41, "2012-07-31": -63, "2012-04-30": "-25.00000", "2012-01-31": 86, "2011-10-31": 40, "2011-07-31": -94, "2011-04-30": "30.00000", "2011-01-31": 23, "2010-10-31": -24, "2010-07-31": -69, "2010-04-30": "13.00000", "2010-01-31": 151, "2009-10-31": -6, "2009-07-31": -14, "2009-04-30": "-13.00000", "2009-01-31": 64, "2008-10-31": -8, "2008-07-31": 32, "2008-04-30": "20.00000", "2008-01-31": 172, "2007-10-31": -84, "2007-07-31": 17, "2007-04-30": "-36.00000", "2007-01-31": 45, "2006-10-31": -86, "2006-07-31": -23, "2006-04-30": "-217.00000", "2006-01-31": 103, "2005-10-31": -20, "2005-07-31": -77, "2005-04-30": "-121.00000", "2005-01-31": -195}, "Cash Flow From Operating Activities": {"2020-10-31": 66, "2020-07-31": 722, "2020-04-30": "-116.00000", "2020-01-31": 299, "2019-10-31": 69, "2019-07-31": 10, "2019-04-30": "318.00000", "2019-01-31": 359, "2018-10-31": -5, "2018-07-31": 12, "2018-04-30": "415.00000", "2018-01-31": 317, "2017-10-31": 245, "2017-07-31": 92, "2017-04-30": "159.00000", "2017-01-31": 367, "2016-10-31": 92, "2016-07-31": 161, "2016-04-30": "224.00000", "2016-01-31": 377, "2015-10-31": 80, "2015-07-31": 121, "2015-04-30": "213.00000", "2015-01-31": 273, "2014-10-31": 77, "2014-07-31": 90, "2014-04-30": "272.00000", "2014-01-31": 203, "2013-10-31": 87, "2013-07-31": -11, "2013-04-30": "251.00000", "2013-01-31": 157, "2012-10-31": 98, "2012-07-31": 28, "2012-04-30": "133.00000", "2012-01-31": 232, "2011-10-31": 138, "2011-07-31": -27, "2011-04-30": "154.00000", "2011-01-31": 205, "2010-10-31": 58, "2010-07-31": -33, "2010-04-30": "96.00000", "2010-01-31": 206, "2009-10-31": 57, "2009-07-31": 16, "2009-04-30": "67.00000", "2009-01-31": 173, "2008-10-31": 51, "2008-07-31": 86, "2008-04-30": "73.00000", "2008-01-31": 220, "2007-10-31": 10, "2007-07-31": 26, "2007-04-30": "27.00000", "2007-01-31": 263, "2006-10-31": 39, "2006-07-31": 1, "2006-04-30": "-114.00000", "2006-01-31": 275, "2005-10-31": 94, "2005-07-31": -1, "2005-04-30": "-19.00000", "2005-01-31": 272}, "Net Change In Property, Plant, And Equipment": {"2020-10-31": -33, "2020-07-31": -31, "2020-04-30": "-52.00000", "2020-01-31": -59, "2019-10-31": -45, "2019-07-31": -36, "2019-04-30": "-45.00000", "2019-01-31": -34, "2018-10-31": -36, "2018-07-31": -52, "2018-04-30": "-63.00000", "2018-01-31": -70, "2017-10-31": -54, "2017-07-31": -75, "2017-04-30": "-75.00000", "2017-01-31": -73, "2016-10-31": -62, "2016-07-31": -66, "2016-04-30": "-65.00000", "2016-01-31": -55, "2015-10-31": -57, "2015-07-31": -56, "2015-04-30": "-60.00000", "2015-01-31": -47, "2014-10-31": -45, "2014-07-31": -44, "2014-04-30": "-49.00000", "2014-01-31": -49, "2013-10-31": -50, "2013-07-31": -57, "2013-04-30": "-50.00000", "2013-01-31": -43, "2012-10-31": -33, "2012-07-31": -48, "2012-04-30": "-39.00000", "2012-01-31": -41, "2011-10-31": -45, "2011-07-31": -37, "2011-04-30": "-29.00000", "2011-01-31": -24, "2010-10-31": -22, "2010-07-31": -26, "2010-04-30": "-25.00000", "2010-01-31": -19, "2009-10-31": -23, "2009-07-31": -21, "2009-04-30": "-26.00000", "2009-01-31": -30, "2008-10-31": -37, "2008-07-31": -39, "2008-04-30": "-40.00000", "2008-01-31": -31, "2007-10-31": -34, "2007-07-31": -40, "2007-04-30": "-43.00000", "2007-01-31": -36, "2006-10-31": -49, "2006-07-31": -46, "2006-04-30": "-34.00000", "2006-01-31": -42, "2005-10-31": -36, "2005-07-31": -39, "2005-04-30": "-38.00000", "2005-01-31": -156}, "Net Change In Intangible Assets": {"2020-10-31": 0, "2020-07-31": 0, "2020-04-30": "", "2020-01-31": 0, "2019-10-31": 0, "2019-07-31": 0, "2019-04-30": "", "2019-01-31": 0, "2018-10-31": 0, "2018-07-31": 0, "2018-04-30": "", "2018-01-31": 0, "2017-10-31": 0, "2017-07-31": 0, "2017-04-30": "", "2017-01-31": 0, "2016-10-31": 0, "2016-07-31": 0, "2016-04-30": "", "2016-01-31": 0, "2015-10-31": 0, "2015-07-31": 0, "2015-04-30": "", "2015-01-31": 0, "2014-10-31": 0, "2014-07-31": 0, "2014-04-30": "", "2014-01-31": 0, "2013-10-31": 0, "2013-07-31": 0, "2013-04-30": "", "2013-01-31": 0, "2012-10-31": 0, "2012-07-31": 0, "2012-04-30": "", "2012-01-31": 0, "2011-10-31": 0, "2011-07-31": 0, "2011-04-30": "", "2011-01-31": 0, "2010-10-31": 0, "2010-07-31": 0, "2010-04-30": "", "2010-01-31": 0, "2009-10-31": 0, "2009-07-31": 0, "2009-04-30": "", "2009-01-31": -3, "2008-10-31": 3, "2008-07-31": 0, "2008-04-30": "", "2008-01-31": 0, "2007-10-31": 0, "2007-07-31": 0, "2007-04-30": "", "2007-01-31": -4, "2006-10-31": 4, "2006-07-31": 0, "2006-04-30": "", "2006-01-31": 6, "2005-10-31": -1, "2005-07-31": 0, "2005-04-30": "-5.00000", "2005-01-31": 0}, "Net Acquisitions/Divestitures": {"2020-10-31": 0, "2020-07-31": 0, "2020-04-30": "", "2020-01-31": 0, "2019-10-31": 0, "2019-07-31": 0, "2019-04-30": "", "2019-01-31": 0, "2018-10-31": 0, "2018-07-31": 0, "2018-04-30": "", "2018-01-31": 0, "2017-10-31": 0, "2017-07-31": 0, "2017-04-30": "", "2017-01-31": 0, "2016-10-31": 0, "2016-07-31": 0, "2016-04-30": "", "2016-01-31": -1, "2015-10-31": -1, "2015-07-31": 0, "2015-04-30": "", "2015-01-31": 0, "2014-10-31": 0, "2014-07-31": 0, "2014-04-30": "", "2014-01-31": 0, "2013-10-31": 3, "2013-07-31": -84, "2013-04-30": "", "2013-01-31": 0, "2012-10-31": 0, "2012-07-31": 0, "2012-04-30": "", "2012-01-31": 0, "2011-10-31": 0, "2011-07-31": 0, "2011-04-30": "", "2011-01-31": 0, "2010-10-31": 0, "2010-07-31": 0, "2010-04-30": "", "2010-01-31": 0, "2009-10-31": 0, "2009-07-31": 0, "2009-04-30": "", "2009-01-31": -106, "2008-10-31": 0, "2008-07-31": 0, "2008-04-30": "", "2008-01-31": 0, "2007-10-31": 0, "2007-07-31": 0, "2007-04-30": "", "2007-01-31": 0, "2006-10-31": 0, "2006-07-31": 0, "2006-04-30": "", "2006-01-31": 0, "2005-10-31": 1, "2005-07-31": 0, "2005-04-30": "", "2005-01-31": -242}, "Net Change In Short-term Investments": {"2020-10-31": 0, "2020-07-31": -2, "2020-04-30": "-6.00000", "2020-01-31": -2, "2019-10-31": -3, "2019-07-31": 0, "2019-04-30": "-45.00000", "2019-01-31": -83, "2018-10-31": -6, "2018-07-31": 0, "2018-04-30": "", "2018-01-31": -15, "2017-10-31": 0, "2017-07-31": 0, "2017-04-30": "", "2017-01-31": 0, "2016-10-31": 0, "2016-07-31": 0, "2016-04-30": "", "2016-01-31": 0, "2015-10-31": 0, "2015-07-31": 0, "2015-04-30": "", "2015-01-31": 0, "2014-10-31": 0, "2014-07-31": 2, "2014-04-30": "7.00000", "2014-01-31": 22, "2013-10-31": 15, "2013-07-31": 0, "2013-04-30": "0.00000", "2013-01-31": 1, "2012-10-31": 0, "2012-07-31": 0, "2012-04-30": "-50.00000", "2012-01-31": 0, "2011-10-31": 0, "2011-07-31": 0, "2011-04-30": "0.00000", "2011-01-31": 9, "2010-10-31": 0, "2010-07-31": 0, "2010-04-30": "", "2010-01-31": 6, "2009-10-31": 0, "2009-07-31": 10, "2009-04-30": "", "2009-01-31": 52, "2008-10-31": -75, "2008-07-31": 0, "2008-04-30": "", "2008-01-31": 119, "2007-10-31": 33, "2007-07-31": 62, "2007-04-30": "28.00000", "2007-01-31": -113, "2006-10-31": -3, "2006-07-31": 97, "2006-04-30": "68.00000", "2006-01-31": -77, "2005-10-31": -60, "2005-07-31": 98, "2005-04-30": "8.00000", "2005-01-31": -9}, "Net Change In Long-Term Investments": {"2020-10-31": 0, "2020-07-31": 0, "2020-04-30": "", "2020-01-31": 0, "2019-10-31": 0, "2019-07-31": 0, "2019-04-30": "", "2019-01-31": 0, "2018-10-31": 0, "2018-07-31": 0, "2018-04-30": "", "2018-01-31": 0, "2017-10-31": 0, "2017-07-31": 0, "2017-04-30": "", "2017-01-31": 0, "2016-10-31": 0, "2016-07-31": 0, "2016-04-30": "", "2016-01-31": 0, "2015-10-31": 0, "2015-07-31": 0, "2015-04-30": "", "2015-01-31": 0, "2014-10-31": 0, "2014-07-31": 0, "2014-04-30": "", "2014-01-31": 0, "2013-10-31": 0, "2013-07-31": 0, "2013-04-30": "", "2013-01-31": 0, "2012-10-31": 0, "2012-07-31": 0, "2012-04-30": "", "2012-01-31": 0, "2011-10-31": 0, "2011-07-31": 0, "2011-04-30": "", "2011-01-31": 0, "2010-10-31": 0, "2010-07-31": 0, "2010-04-30": "", "2010-01-31": 0, "2009-10-31": 0, "2009-07-31": 0, "2009-04-30": "", "2009-01-31": 0, "2008-10-31": 0, "2008-07-31": 0, "2008-04-30": "", "2008-01-31": 21, "2007-10-31": 0, "2007-07-31": 0, "2007-04-30": "", "2007-01-31": 0, "2006-10-31": 0, "2006-07-31": 0, "2006-04-30": "", "2006-01-31": 0, "2005-10-31": 0, "2005-07-31": 0, "2005-04-30": "", "2005-01-31": 0}, "Net Change In Investments - Total": {"2020-10-31": 0, "2020-07-31": -2, "2020-04-30": "-6.00000", "2020-01-31": -2, "2019-10-31": -3, "2019-07-31": 0, "2019-04-30": "-45.00000", "2019-01-31": -83, "2018-10-31": -6, "2018-07-31": 0, "2018-04-30": "", "2018-01-31": -15, "2017-10-31": 0, "2017-07-31": 0, "2017-04-30": "", "2017-01-31": 0, "2016-10-31": 0, "2016-07-31": 0, "2016-04-30": "", "2016-01-31": 0, "2015-10-31": 0, "2015-07-31": 0, "2015-04-30": "", "2015-01-31": 0, "2014-10-31": 0, "2014-07-31": 2, "2014-04-30": "7.00000", "2014-01-31": 22, "2013-10-31": 15, "2013-07-31": 0, "2013-04-30": "", "2013-01-31": 1, "2012-10-31": 0, "2012-07-31": 0, "2012-04-30": "-50.00000", "2012-01-31": 0, "2011-10-31": 0, "2011-07-31": 0, "2011-04-30": "", "2011-01-31": 9, "2010-10-31": 0, "2010-07-31": 0, "2010-04-30": "", "2010-01-31": 6, "2009-10-31": 0, "2009-07-31": 10, "2009-04-30": "", "2009-01-31": 52, "2008-10-31": -75, "2008-07-31": 0, "2008-04-30": "", "2008-01-31": 140, "2007-10-31": 33, "2007-07-31": 62, "2007-04-30": "28.00000", "2007-01-31": -113, "2006-10-31": -3, "2006-07-31": 97, "2006-04-30": "68.00000", "2006-01-31": -77, "2005-10-31": -60, "2005-07-31": 98, "2005-04-30": "8.00000", "2005-01-31": -9}, "Investing Activities - Other": {"2020-10-31": 0, "2020-07-31": 0, "2020-04-30": "", "2020-01-31": 0, "2019-10-31": 0, "2019-07-31": 0, "2019-04-30": "", "2019-01-31": 0, "2018-10-31": -2, "2018-07-31": 2, "2018-04-30": "", "2018-01-31": 0, "2017-10-31": 0, "2017-07-31": 0, "2017-04-30": "", "2017-01-31": 0, "2016-10-31": 0, "2016-07-31": 0, "2016-04-30": "", "2016-01-31": 0, "2015-10-31": 0, "2015-07-31": 0, "2015-04-30": "", "2015-01-31": 0, "2014-10-31": 0, "2014-07-31": 0, "2014-04-30": "", "2014-01-31": 0, "2013-10-31": 0, "2013-07-31": 0, "2013-04-30": "2.00000", "2013-01-31": 0, "2012-10-31": 0, "2012-07-31": 0, "2012-04-30": "", "2012-01-31": 3, "2011-10-31": 0, "2011-07-31": 0, "2011-04-30": "", "2011-01-31": 0, "2010-10-31": 1, "2010-07-31": 0, "2010-04-30": "", "2010-01-31": 0, "2009-10-31": 0, "2009-07-31": 1, "2009-04-30": "", "2009-01-31": 3, "2008-10-31": -2, "2008-07-31": 2, "2008-04-30": "", "2008-01-31": 2, "2007-10-31": 0, "2007-07-31": 0, "2007-04-30": "", "2007-01-31": 8, "2006-10-31": 0, "2006-07-31": 0, "2006-04-30": "", "2006-01-31": 0, "2005-10-31": 0, "2005-07-31": 3, "2005-04-30": "", "2005-01-31": 0}, "Cash Flow From Investing Activities": {"2020-10-31": -33, "2020-07-31": -33, "2020-04-30": "-58.00000", "2020-01-31": -61, "2019-10-31": -48, "2019-07-31": -36, "2019-04-30": "-90.00000", "2019-01-31": -117, "2018-10-31": -44, "2018-07-31": -50, "2018-04-30": "-63.00000", "2018-01-31": -85, "2017-10-31": -54, "2017-07-31": -75, "2017-04-30": "-75.00000", "2017-01-31": -73, "2016-10-31": -62, "2016-07-31": -66, "2016-04-30": "-65.00000", "2016-01-31": -56, "2015-10-31": -58, "2015-07-31": -56, "2015-04-30": "-60.00000", "2015-01-31": -47, "2014-10-31": -45, "2014-07-31": -42, "2014-04-30": "-42.00000", "2014-01-31": -27, "2013-10-31": -32, "2013-07-31": -141, "2013-04-30": "-48.00000", "2013-01-31": -42, "2012-10-31": -33, "2012-07-31": -48, "2012-04-30": "-89.00000", "2012-01-31": -38, "2011-10-31": -45, "2011-07-31": -37, "2011-04-30": "-29.00000", "2011-01-31": -15, "2010-10-31": -21, "2010-07-31": -26, "2010-04-30": "-25.00000", "2010-01-31": -13, "2009-10-31": -23, "2009-07-31": -10, "2009-04-30": "-26.00000", "2009-01-31": -84, "2008-10-31": -111, "2008-07-31": -37, "2008-04-30": "-40.00000", "2008-01-31": 111, "2007-10-31": -1, "2007-07-31": 22, "2007-04-30": "-15.00000", "2007-01-31": -145, "2006-10-31": -48, "2006-07-31": 51, "2006-04-30": "34.00000", "2006-01-31": -113, "2005-10-31": -96, "2005-07-31": 62, "2005-04-30": "-35.00000", "2005-01-31": -407}, "Net Long-Term Debt": {"2020-10-31": 0, "2020-07-31": 0, "2020-04-30": "", "2020-01-31": 0, "2019-10-31": 0, "2019-07-31": 0, "2019-04-30": "", "2019-01-31": 0, "2018-10-31": 0, "2018-07-31": 0, "2018-04-30": "", "2018-01-31": 0, "2017-10-31": 0, "2017-07-31": 0, "2017-04-30": "", "2017-01-31": -1, "2016-10-31": 0, "2016-07-31": 0, "2016-04-30": "", "2016-01-31": 0, "2015-10-31": -1, "2015-07-31": -1, "2015-04-30": "", "2015-01-31": 0, "2014-10-31": -1, "2014-07-31": -1, "2014-04-30": "-1.00000", "2014-01-31": -1, "2013-10-31": 0, "2013-07-31": 0, "2013-04-30": "", "2013-01-31": 0, "2012-10-31": 0, "2012-07-31": -2, "2012-04-30": "", "2012-01-31": 0, "2011-10-31": 0, "2011-07-31": 0, "2011-04-30": "", "2011-01-31": 0, "2010-10-31": 0, "2010-07-31": 0, "2010-04-30": "", "2010-01-31": 0, "2009-10-31": 0, "2009-07-31": -3, "2009-04-30": "", "2009-01-31": 0, "2008-10-31": 0, "2008-07-31": -94, "2008-04-30": "", "2008-01-31": -19, "2007-10-31": 0, "2007-07-31": -2, "2007-04-30": "", "2007-01-31": -1, "2006-10-31": -36, "2006-07-31": 0, "2006-04-30": "-50.00000", "2006-01-31": -17, "2005-10-31": 0, "2005-07-31": 0, "2005-04-30": "-18.00000", "2005-01-31": 175}, "Net Current Debt": {"2020-10-31": 0, "2020-07-31": 0, "2020-04-30": "", "2020-01-31": 0, "2019-10-31": 0, "2019-07-31": 0, "2019-04-30": "", "2019-01-31": 0, "2018-10-31": 0, "2018-07-31": 0, "2018-04-30": "", "2018-01-31": 0, "2017-10-31": 0, "2017-07-31": 0, "2017-04-30": "", "2017-01-31": 0, "2016-10-31": 0, "2016-07-31": 0, "2016-04-30": "", "2016-01-31": 0, "2015-10-31": 0, "2015-07-31": 0, "2015-04-30": "", "2015-01-31": 0, "2014-10-31": 0, "2014-07-31": 0, "2014-04-30": "", "2014-01-31": 0, "2013-10-31": 0, "2013-07-31": 0, "2013-04-30": "", "2013-01-31": 0, "2012-10-31": 0, "2012-07-31": 0, "2012-04-30": "", "2012-01-31": 0, "2011-10-31": 0, "2011-07-31": 0, "2011-04-30": "", "2011-01-31": 0, "2010-10-31": 0, "2010-07-31": 0, "2010-04-30": "", "2010-01-31": 0, "2009-10-31": 0, "2009-07-31": 0, "2009-04-30": "", "2009-01-31": 0, "2008-10-31": 0, "2008-07-31": 0, "2008-04-30": "", "2008-01-31": 0, "2007-10-31": 0, "2007-07-31": 0, "2007-04-30": "", "2007-01-31": 0, "2006-10-31": 0, "2006-07-31": 0, "2006-04-30": "", "2006-01-31": 0, "2005-10-31": 0, "2005-07-31": 0, "2005-04-30": "", "2005-01-31": 0}, "Debt Issuance/Retirement Net - Total": {"2020-10-31": 0, "2020-07-31": 0, "2020-04-30": "", "2020-01-31": 0, "2019-10-31": 0, "2019-07-31": 0, "2019-04-30": "", "2019-01-31": 0, "2018-10-31": 0, "2018-07-31": 0, "2018-04-30": "", "2018-01-31": 0, "2017-10-31": 0, "2017-07-31": 0, "2017-04-30": "", "2017-01-31": -1, "2016-10-31": 0, "2016-07-31": 0, "2016-04-30": "", "2016-01-31": 0, "2015-10-31": -1, "2015-07-31": -1, "2015-04-30": "", "2015-01-31": 0, "2014-10-31": -1, "2014-07-31": -1, "2014-04-30": "-1.00000", "2014-01-31": -1, "2013-10-31": 0, "2013-07-31": 0, "2013-04-30": "", "2013-01-31": 0, "2012-10-31": 0, "2012-07-31": -2, "2012-04-30": "", "2012-01-31": 0, "2011-10-31": 0, "2011-07-31": 0, "2011-04-30": "", "2011-01-31": 0, "2010-10-31": 0, "2010-07-31": 0, "2010-04-30": "", "2010-01-31": 0, "2009-10-31": 0, "2009-07-31": -3, "2009-04-30": "", "2009-01-31": 0, "2008-10-31": 0, "2008-07-31": -94, "2008-04-30": "", "2008-01-31": -19, "2007-10-31": 0, "2007-07-31": -2, "2007-04-30": "", "2007-01-31": -1, "2006-10-31": -36, "2006-07-31": 0, "2006-04-30": "-50.00000", "2006-01-31": -17, "2005-10-31": 0, "2005-07-31": 0, "2005-04-30": "-18.00000", "2005-01-31": 175}, "Net Common Equity Issued/Repurchased": {"2020-10-31": -11, "2020-07-31": 2, "2020-04-30": "", "2020-01-31": -35, "2019-10-31": -177, "2019-07-31": -117, "2019-04-30": "", "2019-01-31": -61, "2018-10-31": -108, "2018-07-31": -87, "2018-04-30": "-113.00000", "2018-01-31": -104, "2017-10-31": -302, "2017-07-31": -15, "2017-04-30": "-38.00000", "2017-01-31": -76, "2016-10-31": -66, "2016-07-31": -177, "2016-04-30": "-87.00000", "2016-01-31": -111, "2015-10-31": -86, "2015-07-31": -56, "2015-04-30": "-106.00000", "2015-01-31": -131, "2014-10-31": -34, "2014-07-31": -58, "2014-04-30": "-60.00000", "2014-01-31": -54, "2013-10-31": -63, "2013-07-31": -88, "2013-04-30": "6.00000", "2013-01-31": -27, "2012-10-31": -14, "2012-07-31": -27, "2012-04-30": "-13.00000", "2012-01-31": 2, "2011-10-31": -37, "2011-07-31": -20, "2011-04-30": "-27.00000", "2011-01-31": -9, "2010-10-31": -12, "2010-07-31": -9, "2010-04-30": "-7.00000", "2010-01-31": 1, "2009-10-31": 1, "2009-07-31": 1, "2009-04-30": "", "2009-01-31": 0, "2008-10-31": 0, "2008-07-31": 2, "2008-04-30": "", "2008-01-31": 0, "2007-10-31": 1, "2007-07-31": -21, "2007-04-30": "-21.00000", "2007-01-31": 4, "2006-10-31": 1, "2006-07-31": 4, "2006-04-30": "-5.00000", "2006-01-31": -12, "2005-10-31": -17, "2005-07-31": 2, "2005-04-30": "6.00000", "2005-01-31": 33}, "Net Total Equity Issued/Repurchased": {"2020-10-31": -11, "2020-07-31": 2, "2020-04-30": "", "2020-01-31": -35, "2019-10-31": -177, "2019-07-31": -117, "2019-04-30": "", "2019-01-31": -61, "2018-10-31": -108, "2018-07-31": -87, "2018-04-30": "-113.00000", "2018-01-31": -104, "2017-10-31": -302, "2017-07-31": -15, "2017-04-30": "-38.00000", "2017-01-31": -76, "2016-10-31": -66, "2016-07-31": -177, "2016-04-30": "-87.00000", "2016-01-31": -111, "2015-10-31": -86, "2015-07-31": -56, "2015-04-30": "-106.00000", "2015-01-31": -131, "2014-10-31": -34, "2014-07-31": -58, "2014-04-30": "-60.00000", "2014-01-31": -54, "2013-10-31": -63, "2013-07-31": -88, "2013-04-30": "6.00000", "2013-01-31": -27, "2012-10-31": -14, "2012-07-31": -27, "2012-04-30": "-13.00000", "2012-01-31": 2, "2011-10-31": -37, "2011-07-31": -20, "2011-04-30": "-27.00000", "2011-01-31": -9, "2010-10-31": -12, "2010-07-31": -9, "2010-04-30": "-7.00000", "2010-01-31": 1, "2009-10-31": 1, "2009-07-31": 1, "2009-04-30": "", "2009-01-31": 0, "2008-10-31": 0, "2008-07-31": 2, "2008-04-30": "", "2008-01-31": 0, "2007-10-31": 1, "2007-07-31": -21, "2007-04-30": "-21.00000", "2007-01-31": 4, "2006-10-31": 1, "2006-07-31": 4, "2006-04-30": "-5.00000", "2006-01-31": -12, "2005-10-31": -17, "2005-07-31": 2, "2005-04-30": "6.00000", "2005-01-31": 33}, "Total Common And Preferred Stock Dividends Paid": {"2020-10-31": -16, "2020-07-31": 0, "2020-04-30": "-42.00000", "2020-01-31": -39, "2019-10-31": -41, "2019-07-31": -41, "2019-04-30": "-43.00000", "2019-01-31": -38, "2018-10-31": -39, "2018-07-31": -40, "2018-04-30": "-41.00000", "2018-01-31": -37, "2017-10-31": -38, "2017-07-31": -41, "2017-04-30": "-41.00000", "2017-01-31": -36, "2016-10-31": -37, "2016-07-31": -37, "2016-04-30": "-37.00000", "2016-01-31": -34, "2015-10-31": -35, "2015-07-31": -35, "2015-04-30": "-35.00000", "2015-01-31": -31, "2014-10-31": -32, "2014-07-31": -32, "2014-04-30": "-32.00000", "2014-01-31": -29, "2013-10-31": -29, "2013-07-31": -30, "2013-04-30": "-30.00000", "2013-01-31": -27, "2012-10-31": -27, "2012-07-31": -27, "2012-04-30": "-28.00000", "2012-01-31": -25, "2011-10-31": -25, "2011-07-31": -26, "2011-04-30": "-25.00000", "2011-01-31": -23, "2010-10-31": -23, "2010-07-31": -23, "2010-04-30": "-24.00000", "2010-01-31": -24, "2009-10-31": -23, "2009-07-31": -24, "2009-04-30": "-23.00000", "2009-01-31": -23, "2008-10-31": -23, "2008-07-31": -24, "2008-04-30": "-23.00000", "2008-01-31": -19, "2007-10-31": -19, "2007-07-31": -20, "2007-04-30": "-19.00000", "2007-01-31": -19, "2006-10-31": -14, "2006-07-31": -14, "2006-04-30": "-14.00000", "2006-01-31": -15, "2005-10-31": -11, "2005-07-31": -11, "2005-04-30": "-12.00000", "2005-01-31": -39}, "Financial Activities - Other": {"2020-10-31": 6, "2020-07-31": -334, "2020-04-30": "330.00000", "2020-01-31": 0, "2019-10-31": 0, "2019-07-31": 0, "2019-04-30": "", "2019-01-31": 0, "2018-10-31": 0, "2018-07-31": 0, "2018-04-30": "", "2018-01-31": 0, "2017-10-31": 0, "2017-07-31": 0, "2017-04-30": "", "2017-01-31": 0, "2016-10-31": 0, "2016-07-31": -2, "2016-04-30": "", "2016-01-31": -33, "2015-10-31": 9, "2015-07-31": 10, "2015-04-30": "14.00000", "2015-01-31": 1, "2014-10-31": 2, "2014-07-31": 2, "2014-04-30": "7.00000", "2014-01-31": 1, "2013-10-31": 1, "2013-07-31": 3, "2013-04-30": "4.00000", "2013-01-31": 2, "2012-10-31": 2, "2012-07-31": 2, "2012-04-30": "5.00000", "2012-01-31": 2, "2011-10-31": 0, "2011-07-31": 2, "2011-04-30": "1.00000", "2011-01-31": 2, "2010-10-31": 1, "2010-07-31": 0, "2010-04-30": "", "2010-01-31": 0, "2009-10-31": 0, "2009-07-31": 0, "2009-04-30": "", "2009-01-31": 0, "2008-10-31": 0, "2008-07-31": 0, "2008-04-30": "", "2008-01-31": 0, "2007-10-31": 0, "2007-07-31": 0, "2007-04-30": "1.00000", "2007-01-31": 0, "2006-10-31": 0, "2006-07-31": 0, "2006-04-30": "2.00000", "2006-01-31": 0, "2005-10-31": 0, "2005-07-31": 0, "2005-04-30": "", "2005-01-31": -2}, "Cash Flow From Financial Activities": {"2020-10-31": -21, "2020-07-31": -332, "2020-04-30": "288.00000", "2020-01-31": -74, "2019-10-31": -218, "2019-07-31": -158, "2019-04-30": "-43.00000", "2019-01-31": -99, "2018-10-31": -147, "2018-07-31": -127, "2018-04-30": "-154.00000", "2018-01-31": -141, "2017-10-31": -340, "2017-07-31": -56, "2017-04-30": "-79.00000", "2017-01-31": -113, "2016-10-31": -103, "2016-07-31": -216, "2016-04-30": "-124.00000", "2016-01-31": -178, "2015-10-31": -113, "2015-07-31": -82, "2015-04-30": "-127.00000", "2015-01-31": -161, "2014-10-31": -65, "2014-07-31": -89, "2014-04-30": "-86.00000", "2014-01-31": -83, "2013-10-31": -91, "2013-07-31": -115, "2013-04-30": "-20.00000", "2013-01-31": -52, "2012-10-31": -39, "2012-07-31": -54, "2012-04-30": "-36.00000", "2012-01-31": -21, "2011-10-31": -62, "2011-07-31": -44, "2011-04-30": "-51.00000", "2011-01-31": -30, "2010-10-31": -34, "2010-07-31": -32, "2010-04-30": "-31.00000", "2010-01-31": -23, "2009-10-31": -22, "2009-07-31": -26, "2009-04-30": "-23.00000", "2009-01-31": -23, "2008-10-31": -23, "2008-07-31": -116, "2008-04-30": "-23.00000", "2008-01-31": -38, "2007-10-31": -18, "2007-07-31": -43, "2007-04-30": "-39.00000", "2007-01-31": -16, "2006-10-31": -49, "2006-07-31": -10, "2006-04-30": "-67.00000", "2006-01-31": -44, "2005-10-31": -28, "2005-07-31": -9, "2005-04-30": "-24.00000", "2005-01-31": 167}, "Net Cash Flow": {"2020-10-31": 20, "2020-07-31": 363, "2020-04-30": "105.00000", "2020-01-31": 163, "2019-10-31": -195, "2019-07-31": -187, "2019-04-30": "180.00000", "2019-01-31": 145, "2018-10-31": -203, "2018-07-31": -172, "2018-04-30": "180.00000", "2018-01-31": 111, "2017-10-31": -153, "2017-07-31": -4, "2017-04-30": "4.00000", "2017-01-31": 180, "2016-10-31": -79, "2016-07-31": -118, "2016-04-30": "42.00000", "2016-01-31": 144, "2015-10-31": -92, "2015-07-31": -16, "2015-04-30": "19.00000", "2015-01-31": 51, "2014-10-31": -41, "2014-07-31": -48, "2014-04-30": "147.00000", "2014-01-31": 94, "2013-10-31": -25, "2013-07-31": -268, "2013-04-30": "177.00000", "2013-01-31": 76, "2012-10-31": 34, "2012-07-31": -89, "2012-04-30": "8.00000", "2012-01-31": 153, "2011-10-31": 17, "2011-07-31": -118, "2011-04-30": "103.00000", "2011-01-31": 162, "2010-10-31": 22, "2010-07-31": -97, "2010-04-30": "27.00000", "2010-01-31": 157, "2009-10-31": 23, "2009-07-31": -6, "2009-04-30": "23.00000", "2009-01-31": 57, "2008-10-31": -103, "2008-07-31": -66, "2008-04-30": "9.00000", "2008-01-31": 282, "2007-10-31": 2, "2007-07-31": 7, "2007-04-30": "-24.00000", "2007-01-31": 94, "2006-10-31": -58, "2006-07-31": 45, "2006-04-30": "-149.00000", "2006-01-31": 120, "2005-10-31": -30, "2005-07-31": 53, "2005-04-30": "-79.00000", "2005-01-31": 35}, "Stock-Based Compensation": {"2020-10-31": 2, "2020-07-31": 4, "2020-04-30": "3.00000", "2020-01-31": -1, "2019-10-31": 6, "2019-07-31": 6, "2019-04-30": "7.00000", "2019-01-31": 6, "2018-10-31": 7, "2018-07-31": 4, "2018-04-30": "5.00000", "2018-01-31": 4, "2017-10-31": 3, "2017-07-31": 3, "2017-04-30": "5.00000", "2017-01-31": 5, "2016-10-31": 6, "2016-07-31": 6, "2016-04-30": "5.00000", "2016-01-31": 5, "2015-10-31": 6, "2015-07-31": 5, "2015-04-30": "6.00000", "2015-01-31": 6, "2014-10-31": 6, "2014-07-31": 6, "2014-04-30": "6.00000", "2014-01-31": 6, "2013-10-31": 6, "2013-07-31": 5, "2013-04-30": "8.00000", "2013-01-31": 5, "2012-10-31": 5, "2012-07-31": 4, "2012-04-30": "6.00000", "2012-01-31": 5, "2011-10-31": 5, "2011-07-31": 4, "2011-04-30": "4.00000", "2011-01-31": 3, "2010-10-31": 3, "2010-07-31": 4, "2010-04-30": "3.00000", "2010-01-31": 3, "2009-10-31": 4, "2009-07-31": 3, "2009-04-30": "2.00000", "2009-01-31": 3, "2008-10-31": 0, "2008-07-31": 3, "2008-04-30": "3.00000", "2008-01-31": 2, "2007-10-31": 3, "2007-07-31": 2, "2007-04-30": "3.00000", "2007-01-31": 3, "2006-10-31": 2, "2006-07-31": 3, "2006-04-30": "2.00000", "2006-01-31": 1, "2005-10-31": 5, "2005-07-31": -2, "2005-04-30": "2.00000", "2005-01-31": 8}, "Common Stock Dividends Paid": {"2020-10-31": -16, "2020-07-31": 0, "2020-04-30": "-42.00000", "2020-01-31": -39, "2019-10-31": -41, "2019-07-31": -41, "2019-04-30": "-43.00000", "2019-01-31": -38, "2018-10-31": -39, "2018-07-31": -40, "2018-04-30": "-41.00000", "2018-01-31": -37, "2017-10-31": -38, "2017-07-31": -41, "2017-04-30": "-41.00000", "2017-01-31": -36, "2016-10-31": -37, "2016-07-31": -37, "2016-04-30": "-37.00000", "2016-01-31": -34, "2015-10-31": -35, "2015-07-31": -35, "2015-04-30": "-35.00000", "2015-01-31": -31, "2014-10-31": -32, "2014-07-31": -32, "2014-04-30": "-32.00000", "2014-01-31": -29, "2013-10-31": -29, "2013-07-31": -30, "2013-04-30": "-30.00000", "2013-01-31": -27, "2012-10-31": -27, "2012-07-31": -27, "2012-04-30": "-28.00000", "2012-01-31": -25, "2011-10-31": -25, "2011-07-31": -26, "2011-04-30": "-25.00000", "2011-01-31": -23, "2010-10-31": -23, "2010-07-31": -23, "2010-04-30": "-24.00000", "2010-01-31": -24, "2009-10-31": -23, "2009-07-31": -24, "2009-04-30": "-23.00000", "2009-01-31": -23, "2008-10-31": -23, "2008-07-31": -24, "2008-04-30": "-23.00000", "2008-01-31": -19, "2007-10-31": -19, "2007-07-31": -20, "2007-04-30": "-19.00000", "2007-01-31": -19, "2006-10-31": -14, "2006-07-31": -14, "2006-04-30": "-14.00000", "2006-01-31": -15, "2005-10-31": -11, "2005-07-31": -11, "2005-04-30": "-12.00000", "2005-01-31": -39}}, "financial ratios": {"Current Ratio": {"2020-01-31": "1.99830", "2019-01-31": "3.29580", "2018-01-31": "4.14120", "2017-01-31": "4.30230", "2016-01-31": "3.72290", "2015-01-31": "3.52870", "2014-01-31": "3.75400", "2013-01-31": "3.71540", "2012-01-31": "3.79380", "2011-01-31": "3.95500", "2010-01-31": "4.09240", "2009-01-31": "4.22010", "2008-01-31": "4.03720", "2007-01-31": "3.94190", "2006-01-31": "2.80890", "2005-01-31": "2.67840"}, "Long-term Debt / Capital": {"2020-01-31": "0.04700", "2019-01-31": "0.04710", "2018-01-31": "0.04730", "2017-01-31": "0.04480", "2016-01-31": "0.04810", "2015-01-31": "0.05020", "2014-01-31": "0.05170", "2013-01-31": "0.05300", "2012-01-31": "0.06010", "2011-01-31": "0.06340", "2010-01-31": "0.06620", "2009-01-31": "0.06870", "2008-01-31": "0.08900", "2007-01-31": "0.08750", "2006-01-31": "0.11950", "2005-01-31": "0.15940"}, "Debt/Equity Ratio": {"2020-01-31": "0.04930", "2019-01-31": "0.04950", "2018-01-31": "0.04960", "2017-01-31": "0.04690", "2016-01-31": "0.05090", "2015-01-31": "0.05370", "2014-01-31": "0.05570", "2013-01-31": "0.05600", "2012-01-31": "0.06400", "2011-01-31": "0.06770", "2010-01-31": "0.07080", "2009-01-31": "0.07380", "2008-01-31": "0.09770", "2007-01-31": "0.10200", "2006-01-31": "0.16080", "2005-01-31": "0.19950"}, "Gross Margin": {"2020-01-31": "31.76760", "2019-01-31": "31.84280", "2018-01-31": "31.56000", "2017-01-31": "33.94280", "2016-01-31": "33.79660", "2015-01-31": "33.19820", "2014-01-31": "32.79020", "2013-01-31": "32.90200", "2012-01-31": "31.94030", "2011-01-31": "30.02580", "2010-01-31": "27.44130", "2009-01-31": "27.87860", "2008-01-31": "26.11730", "2007-01-31": "30.19130", "2006-01-31": "30.23170", "2005-01-31": "30.49490"}, "Operating Margin": {"2020-01-31": "8.10740", "2019-01-31": "8.80460", "2018-01-31": "7.33740", "2017-01-31": "12.87660", "2016-01-31": "11.29250", "2015-01-31": "11.31310", "2014-01-31": "10.23830", "2013-01-31": "10.06150", "2012-01-31": "7.86060", "2011-01-31": "5.38720", "2010-01-31": "2.49280", "2009-01-31": "2.97880", "2008-01-31": "1.43460", "2007-01-31": "6.92170", "2006-01-31": "7.23510", "2005-01-31": "7.26420"}, "EBIT Margin": {"2020-01-31": "8.10740", "2019-01-31": "8.80460", "2018-01-31": "7.33740", "2017-01-31": "12.87660", "2016-01-31": "11.29250", "2015-01-31": "11.31310", "2014-01-31": "10.23830", "2013-01-31": "10.06150", "2012-01-31": "7.86060", "2011-01-31": "5.38720", "2010-01-31": "2.49280", "2009-01-31": "2.97880", "2008-01-31": "1.43460", "2007-01-31": "6.92170", "2006-01-31": "7.23510", "2005-01-31": "7.26420"}, "EBITDA Margin": {"2020-01-31": "10.34350", "2019-01-31": "11.04670", "2018-01-31": "9.56050", "2017-01-31": "14.91120", "2016-01-31": "13.28930", "2015-01-31": "13.25690", "2014-01-31": "12.28290", "2013-01-31": "11.97020", "2012-01-31": "9.81680", "2011-01-31": "7.48660", "2010-01-31": "4.80020", "2009-01-31": "5.46110", "2008-01-31": "4.48780", "2007-01-31": "9.96520", "2006-01-31": "10.26000", "2005-01-31": "10.14010"}, "Pre-Tax Profit Margin": {"2020-01-31": "8.39480", "2019-01-31": "8.98100", "2018-01-31": "7.42740", "2017-01-31": "12.92820", "2016-01-31": "11.29250", "2015-01-31": "11.31310", "2014-01-31": "10.19220", "2013-01-31": "9.81880", "2012-01-31": "7.73610", "2011-01-31": "5.09010", "2010-01-31": "1.50390", "2009-01-31": "-1.90950", "2008-01-31": "-0.91960", "2007-01-31": "6.81740", "2006-01-31": "7.16430", "2005-01-31": "6.98410"}, "Net Profit Margin": {"2020-01-31": "6.13370", "2019-01-31": "6.81450", "2018-01-31": "3.64940", "2017-01-31": "8.55010", "2016-01-31": "7.29900", "2015-01-31": "7.27170", "2014-01-31": "6.59490", "2013-01-31": "6.42190", "2012-01-31": "4.94400", "2011-01-31": "3.34720", "2010-01-31": "0.98890", "2009-01-31": "-1.52760", "2008-01-31": "0.82770", "2007-01-31": "4.36520", "2006-01-31": "4.67010", "2005-01-31": "5.47150"}, "Asset Turnover": {"2020-01-31": "1.21490", "2019-01-31": "2.07830", "2018-01-31": "1.96470", "2017-01-31": "2.02240", "2016-01-31": "1.96340", "2015-01-31": "1.99920", "2014-01-31": "1.86550", "2013-01-31": "1.83610", "2012-01-31": "1.84360", "2011-01-31": "1.74340", "2010-01-31": "1.72370", "2009-01-31": "1.82030", "2008-01-31": "1.67650", "2007-01-31": "1.76980", "2006-01-31": "1.70680", "2005-01-31": "1.65430"}, "Inventory Turnover Ratio": {"2020-01-31": "4.52150", "2019-01-31": "4.26400", "2018-01-31": "4.16740", "2017-01-31": "3.92500", "2016-01-31": "3.81870", "2015-01-31": "3.82160", "2014-01-31": "3.58360", "2013-01-31": "3.55440", "2012-01-31": "3.58000", "2011-01-31": "3.33620", "2010-01-31": "3.39630", "2009-01-31": "3.37230", "2008-01-31": "3.13580", "2007-01-31": "3.08060", "2006-01-31": "3.14510", "2005-01-31": "3.23370"}, "Receiveable Turnover": {"2020-01-31": "", "2019-01-31": "", "2018-01-31": "", "2017-01-31": "", "2016-01-31": "", "2015-01-31": "", "2014-01-31": "", "2013-01-31": "", "2012-01-31": "", "2011-01-31": "", "2010-01-31": "", "2009-01-31": "", "2008-01-31": "", "2007-01-31": "", "2006-01-31": "", "2005-01-31": ""}, "Days Sales In Receivables": {"2020-01-31": "", "2019-01-31": "", "2018-01-31": "", "2017-01-31": "", "2016-01-31": "", "2015-01-31": "", "2014-01-31": "", "2013-01-31": "", "2012-01-31": "", "2011-01-31": "", "2010-01-31": "", "2009-01-31": "", "2008-01-31": "", "2007-01-31": "", "2006-01-31": "", "2005-01-31": ""}, "ROE - Return On Equity": {"2020-01-31": "19.85440", "2019-01-31": "21.58820", "2018-01-31": "11.27430", "2017-01-31": "24.50180", "2016-01-31": "21.19080", "2015-01-31": "20.83330", "2014-01-31": "17.18750", "2013-01-31": "16.70170", "2012-01-31": "13.17540", "2011-01-31": "8.34570", "2010-01-31": "2.41270", "2009-01-31": "-4.10600", "2008-01-31": "1.90180", "2007-01-31": "10.76250", "2006-01-31": "12.97480", "2005-01-31": "13.93440"}, "Return On Tangible Equity": {"2020-01-31": "21.37570", "2019-01-31": "23.26880", "2018-01-31": "12.27840", "2017-01-31": "26.42260", "2016-01-31": "23.00170", "2015-01-31": "22.70740", "2014-01-31": "18.93200", "2013-01-31": "18.11130", "2012-01-31": "14.53980", "2011-01-31": "9.34730", "2010-01-31": "2.75820", "2009-01-31": "-4.73910", "2008-01-31": "2.26440", "2007-01-31": "12.82450", "2006-01-31": "15.96840", "2005-01-31": "17.90730"}, "ROA - Return On Assets": {"2020-01-31": "7.45180", "2019-01-31": "14.16230", "2018-01-31": "7.16990", "2017-01-31": "17.29170", "2016-01-31": "14.33110", "2015-01-31": "14.53730", "2014-01-31": "12.30280", "2013-01-31": "11.79090", "2012-01-31": "9.11480", "2011-01-31": "5.83560", "2010-01-31": "1.66900", "2009-01-31": "-2.74590", "2008-01-31": "1.32590", "2007-01-31": "7.60230", "2006-01-31": "7.94080", "2005-01-31": "7.87770"}, "ROI - Return On Investment": {"2020-01-31": "18.92100", "2019-01-31": "20.57030", "2018-01-31": "10.74130", "2017-01-31": "23.40500", "2016-01-31": "20.17150", "2015-01-31": "19.78690", "2014-01-31": "16.29940", "2013-01-31": "15.81670", "2012-01-31": "12.38310", "2011-01-31": "7.81680", "2010-01-31": "2.25310", "2009-01-31": "-3.82380", "2008-01-31": "1.73250", "2007-01-31": "9.82110", "2006-01-31": "11.42490", "2005-01-31": "11.71340"}, "Book Value Per Share": {"2020-01-31": "23.73590", "2019-01-31": "22.33070", "2018-01-31": "21.02160", "2017-01-31": "20.60900", "2016-01-31": "18.63820", "2015-01-31": "17.71920", "2014-01-31": "17.16330", "2013-01-31": "15.83930", "2012-01-31": "13.91650", "2011-01-31": "13.09660", "2010-01-31": "12.44400", "2009-01-31": "12.41950", "2008-01-31": "14.63680", "2007-01-31": "14.73960", "2006-01-31": "13.03500", "2005-01-31": "11.72390"}, "Operating Cash Flow Per Share": {"2020-01-31": -0.3475, "2019-01-31": 0.3705, "2018-01-31": 0.1093, "2017-01-31": 0.6293, "2016-01-31": 0.7412, "2015-01-31": 1.3551, "2014-01-31": 0.8203, "2013-01-31": -0.5176, "2012-01-31": 1.1385, "2011-01-31": -0.1333, "2010-01-31": -0.2733, "2009-01-31": 0.6682, "2008-01-31": 0.6134, "2007-01-31": -1.0091, "2006-01-31": 0.4831, "2005-01-31": 1.7314}, "Free Cash Flow Per Share": {"2020-01-31": -0.4497, "2019-01-31": 0.9193, "2018-01-31": -0.0641, "2017-01-31": 0.2797, "2016-01-31": 0.389, "2015-01-31": 1.4568, "2014-01-31": 0.5099, "2013-01-31": -0.5916, "2012-01-31": 0.7731, "2011-01-31": -0.1829, "2010-01-31": 0.1053, "2009-01-31": 0.6714, "2008-01-31": 0.7145, "2007-01-31": -1.0779, "2006-01-31": 0.4926, "2005-01-31": 0.7384}}, "financial ratios, quarterly": {"Current Ratio": {"2020-10-31": "1.83070", "2020-07-31": "1.69440", "2020-04-30": "1.66650", "2020-01-31": "1.99830", "2019-10-31": "1.89730", "2019-07-31": "1.99020", "2019-04-30": "2.00930", "2019-01-31": "3.29580", "2018-10-31": "3.42160", "2018-07-31": "3.50070", "2018-04-30": "3.88970", "2018-01-31": "4.14120", "2017-10-31": "4.40560", "2017-07-31": "5.62550", "2017-04-30": "4.90090", "2017-01-31": "4.30230", "2016-10-31": "4.63540", "2016-07-31": "3.82960", "2016-04-30": "4.48440", "2016-01-31": "3.72290", "2015-10-31": "3.77420", "2015-07-31": "3.44800", "2015-04-30": "3.58240", "2015-01-31": "3.52870", "2014-10-31": "3.83330", "2014-07-31": "3.39810", "2014-04-30": "3.53650", "2014-01-31": "3.75400", "2013-10-31": "3.60810", "2013-07-31": "3.26710", "2013-04-30": "3.81310", "2013-01-31": "3.71540", "2012-10-31": "3.67200", "2012-07-31": "3.36320", "2012-04-30": "3.54490", "2012-01-31": "3.79380", "2011-10-31": "3.62500", "2011-07-31": "3.45000", "2011-04-30": "3.53140", "2011-01-31": "3.95500", "2010-10-31": "3.46990", "2010-07-31": "3.26850", "2010-04-30": "3.37590", "2010-01-31": "4.09240", "2009-10-31": "3.93720", "2009-07-31": "3.72320", "2009-04-30": "3.81340", "2009-01-31": "4.22010", "2008-10-31": "3.71820", "2008-07-31": "3.30680", "2008-04-30": "3.60030", "2008-01-31": "4.03720", "2007-10-31": "3.53680", "2007-07-31": "3.30970", "2007-04-30": "3.31760", "2007-01-31": "3.94190", "2006-10-31": "3.20890", "2006-07-31": "2.83570", "2006-04-30": "3.17810", "2006-01-31": "2.80890", "2005-10-31": "2.53650", "2005-07-31": "2.48520", "2005-04-30": "2.49670", "2005-01-31": "2.67840"}, "Long-term Debt / Capital": {"2020-10-31": "0.04640", "2020-07-31": "0.04910", "2020-04-30": "0.04970", "2020-01-31": "0.04700", "2019-10-31": "0.04790", "2019-07-31": "0.04670", "2019-04-30": "0.04510", "2019-01-31": "0.04710", "2018-10-31": "0.04820", "2018-07-31": "0.04760", "2018-04-30": "0.04690", "2018-01-31": "0.04730", "2017-10-31": "0.04530", "2017-07-31": "0.04170", "2017-04-30": "0.04310", "2017-01-31": "0.04480", "2016-10-31": "0.04600", "2016-07-31": "0.04730", "2016-04-30": "0.04570", "2016-01-31": "0.04810", "2015-10-31": "0.04860", "2015-07-31": "0.04800", "2015-04-30": "0.04880", "2015-01-31": "0.05020", "2014-10-31": "0.04830", "2014-07-31": "0.04930", "2014-04-30": "0.04950", "2014-01-31": "0.05170", "2013-10-31": "0.05260", "2013-07-31": "0.05380", "2013-04-30": "0.05060", "2013-01-31": "0.05300", "2012-10-31": "0.05490", "2012-07-31": "0.05750", "2012-04-30": "0.05750", "2012-01-31": "0.06010", "2011-10-31": "0.06100", "2011-07-31": "0.06040", "2011-04-30": "0.05990", "2011-01-31": "0.06340", "2010-10-31": "0.06480", "2010-07-31": "0.06670", "2010-04-30": "0.06560", "2010-01-31": "0.06620", "2009-10-31": "0.06510", "2009-07-31": "0.06520", "2009-04-30": "0.06780", "2009-01-31": "0.06870", "2008-10-31": "0.05590", "2008-07-31": "0.05240", "2008-04-30": "0.08820", "2008-01-31": "0.08900", "2007-10-31": "0.09010", "2007-07-31": "0.08780", "2007-04-30": "0.08780", "2007-01-31": "0.08750", "2006-10-31": "0.09930", "2006-07-31": "0.10690", "2006-04-30": "0.11640", "2006-01-31": "0.11950", "2005-10-31": "0.14420", "2005-07-31": "0.14830", "2005-04-30": "0.15560", "2005-01-31": "0.15940"}, "Debt/Equity Ratio": {"2020-10-31": "0.04940", "2020-07-31": "0.05160", "2020-04-30": "0.19490", "2020-01-31": "0.04930", "2019-10-31": "0.05030", "2019-07-31": "0.04900", "2019-04-30": "0.04730", "2019-01-31": "0.04950", "2018-10-31": "0.05060", "2018-07-31": "0.05000", "2018-04-30": "0.04920", "2018-01-31": "0.04960", "2017-10-31": "0.04740", "2017-07-31": "0.04350", "2017-04-30": "0.04500", "2017-01-31": "0.04690", "2016-10-31": "0.04860", "2016-07-31": "0.05000", "2016-04-30": "0.04820", "2016-01-31": "0.05090", "2015-10-31": "0.05140", "2015-07-31": "0.05120", "2015-04-30": "0.05210", "2015-01-31": "0.05370", "2014-10-31": "0.05190", "2014-07-31": "0.05310", "2014-04-30": "0.05320", "2014-01-31": "0.05570", "2013-10-31": "0.05680", "2013-07-31": "0.05810", "2013-04-30": "0.05330", "2013-01-31": "0.05600", "2012-10-31": "0.05810", "2012-07-31": "0.06100", "2012-04-30": "0.06100", "2012-01-31": "0.06400", "2011-10-31": "0.06500", "2011-07-31": "0.06430", "2011-04-30": "0.06370", "2011-01-31": "0.06770", "2010-10-31": "0.06930", "2010-07-31": "0.07150", "2010-04-30": "0.07030", "2010-01-31": "0.07080", "2009-10-31": "0.06960", "2009-07-31": "0.06980", "2009-04-30": "0.07280", "2009-01-31": "0.07380", "2008-10-31": "0.05920", "2008-07-31": "0.05530", "2008-04-30": "0.09680", "2008-01-31": "0.09770", "2007-10-31": "0.10530", "2007-07-31": "0.10250", "2007-04-30": "0.10240", "2007-01-31": "0.10200", "2006-10-31": "0.11020", "2006-07-31": "0.13030", "2006-04-30": "0.13170", "2006-01-31": "0.16080", "2005-10-31": "0.17780", "2005-07-31": "0.18360", "2005-04-30": "0.18430", "2005-01-31": "0.19950"}, "Gross Margin": {"2020-10-31": "30.86420", "2020-07-31": "25.90270", "2020-04-30": "23.04420", "2020-01-31": "31.51730", "2019-10-31": "32.09110", "2019-07-31": "30.10150", "2019-04-30": "33.15690", "2019-01-31": "32.35040", "2018-10-31": "31.61290", "2018-07-31": "30.24690", "2018-04-30": "32.88890", "2018-01-31": "31.35750", "2017-10-31": "31.01600", "2017-07-31": "29.57080", "2017-04-30": "33.98300", "2017-01-31": "33.74350", "2016-10-31": "33.93430", "2016-07-31": "32.97750", "2016-04-30": "35.02770", "2016-01-31": "33.63230", "2015-10-31": "33.83500", "2015-07-31": "32.62540", "2015-04-30": "34.96870", "2015-01-31": "32.91470", "2014-10-31": "33.16000", "2014-07-31": "31.99270", "2014-04-30": "34.58240", "2014-01-31": "32.49580", "2013-10-31": "33.10730", "2013-07-31": "31.15540", "2013-04-30": "34.24910", "2013-01-31": "32.92470", "2012-10-31": "33.13650", "2012-07-31": "31.30940", "2012-04-30": "34.03040", "2012-01-31": "31.95740", "2011-10-31": "32.49640", "2011-07-31": "30.43140", "2011-04-30": "32.71350", "2011-01-31": "30.89080", "2010-10-31": "30.31250", "2010-07-31": "27.82850", "2010-04-30": "30.67920", "2010-01-31": "27.69810", "2009-10-31": "27.10050", "2009-07-31": "25.47770", "2009-04-30": "29.27630", "2009-01-31": "28.70160", "2008-10-31": "27.11990", "2008-07-31": "27.72660", "2008-04-30": "27.96030", "2008-01-31": "25.43860", "2007-10-31": "28.09740", "2007-07-31": "23.53860", "2007-04-30": "27.35560", "2007-01-31": "32.32450", "2006-10-31": "29.51050", "2006-07-31": "27.70530", "2006-04-30": "30.69600", "2006-01-31": "30.94630", "2005-10-31": "30.53980", "2005-07-31": "28.91100", "2005-04-30": "30.35590", "2005-01-31": "31.07490"}, "Operating Margin": {"2020-10-31": "8.45200", "2020-07-31": "3.32210", "2020-04-30": "-8.92860", "2020-01-31": "7.92440", "2019-10-31": "8.48860", "2019-07-31": "4.56600", "2019-04-30": "10.97210", "2019-01-31": "9.63910", "2018-10-31": "7.74190", "2018-07-31": "6.28510", "2018-04-30": "11.06170", "2018-01-31": "3.43890", "2017-10-31": "8.28880", "2017-07-31": "4.23280", "2017-04-30": "13.39330", "2017-01-31": "13.15670", "2016-10-31": "12.08910", "2016-07-31": "11.12360", "2016-04-30": "14.89680", "2016-01-31": "7.17490", "2015-10-31": "12.09590", "2015-07-31": "10.97350", "2015-04-30": "15.13570", "2015-01-31": "11.56460", "2014-10-31": "10.80300", "2014-07-31": "8.89700", "2014-04-30": "13.65100", "2014-01-31": "10.10610", "2013-10-31": "9.98770", "2013-07-31": "7.42780", "2013-04-30": "13.12580", "2013-01-31": "9.98250", "2012-10-31": "10.23620", "2012-07-31": "6.80320", "2012-04-30": "12.80100", "2012-01-31": "8.45540", "2011-10-31": "7.60400", "2011-07-31": "4.62750", "2011-04-30": "10.33060", "2011-01-31": "7.18390", "2010-10-31": "5.78130", "2010-07-31": "1.00370", "2010-04-30": "6.79160", "2010-01-31": "3.39620", "2009-10-31": "2.14170", "2009-07-31": "", "2009-04-30": "4.11180", "2009-01-31": "4.25210", "2008-10-31": "2.75020", "2008-07-31": "2.22730", "2008-04-30": "2.67380", "2008-01-31": "2.15920", "2007-10-31": "3.46610", "2007-07-31": "-2.18240", "2007-04-30": "2.05170", "2007-01-31": "10.10900", "2006-10-31": "6.57340", "2006-07-31": "3.37680", "2006-04-30": "6.81320", "2006-01-31": "8.95140", "2005-10-31": "7.38640", "2005-07-31": "5.44480", "2005-04-30": "6.82640", "2005-01-31": "8.66450"}, "EBIT Margin": {"2020-10-31": "8.45200", "2020-07-31": "3.32210", "2020-04-30": "-8.92860", "2020-01-31": "7.92440", "2019-10-31": "8.48860", "2019-07-31": "4.56600", "2019-04-30": "10.97210", "2019-01-31": "9.63910", "2018-10-31": "7.74190", "2018-07-31": "6.28510", "2018-04-30": "11.06170", "2018-01-31": "3.43890", "2017-10-31": "8.28880", "2017-07-31": "4.23280", "2017-04-30": "13.39330", "2017-01-31": "13.15670", "2016-10-31": "12.08910", "2016-07-31": "11.12360", "2016-04-30": "14.89680", "2016-01-31": "7.17490", "2015-10-31": "12.09590", "2015-07-31": "10.97350", "2015-04-30": "15.13570", "2015-01-31": "11.56460", "2014-10-31": "10.80300", "2014-07-31": "8.89700", "2014-04-30": "13.65100", "2014-01-31": "10.10610", "2013-10-31": "9.98770", "2013-07-31": "7.42780", "2013-04-30": "13.12580", "2013-01-31": "9.98250", "2012-10-31": "10.23620", "2012-07-31": "6.80320", "2012-04-30": "12.80100", "2012-01-31": "8.45540", "2011-10-31": "7.60400", "2011-07-31": "4.62750", "2011-04-30": "10.33060", "2011-01-31": "7.18390", "2010-10-31": "5.78130", "2010-07-31": "1.00370", "2010-04-30": "6.79160", "2010-01-31": "3.39620", "2009-10-31": "2.14170", "2009-07-31": "", "2009-04-30": "4.11180", "2009-01-31": "4.25210", "2008-10-31": "2.75020", "2008-07-31": "2.22730", "2008-04-30": "2.67380", "2008-01-31": "2.15920", "2007-10-31": "3.46610", "2007-07-31": "-2.18240", "2007-04-30": "2.05170", "2007-01-31": "10.10900", "2006-10-31": "6.57340", "2006-07-31": "3.37680", "2006-04-30": "6.81320", "2006-01-31": "8.95140", "2005-10-31": "7.38640", "2005-07-31": "5.44480", "2005-04-30": "6.82640", "2005-01-31": "8.66450"}, "EBITDA Margin": {"2020-10-31": "", "2020-07-31": "", "2020-04-30": "", "2020-01-31": "", "2019-10-31": "", "2019-07-31": "", "2019-04-30": "", "2019-01-31": "", "2018-10-31": "", "2018-07-31": "", "2018-04-30": "", "2018-01-31": "", "2017-10-31": "", "2017-07-31": "", "2017-04-30": "", "2017-01-31": "", "2016-10-31": "", "2016-07-31": "", "2016-04-30": "", "2016-01-31": "", "2015-10-31": "", "2015-07-31": "", "2015-04-30": "", "2015-01-31": "", "2014-10-31": "", "2014-07-31": "", "2014-04-30": "", "2014-01-31": "", "2013-10-31": "", "2013-07-31": "", "2013-04-30": "", "2013-01-31": "", "2012-10-31": "", "2012-07-31": "", "2012-04-30": "", "2012-01-31": "", "2011-10-31": "", "2011-07-31": "", "2011-04-30": "", "2011-01-31": "", "2010-10-31": "", "2010-07-31": "", "2010-04-30": "", "2010-01-31": "", "2009-10-31": "", "2009-07-31": "", "2009-04-30": "", "2009-01-31": "", "2008-10-31": "", "2008-07-31": "", "2008-04-30": "", "2008-01-31": "", "2007-10-31": "", "2007-07-31": "", "2007-04-30": "", "2007-01-31": "", "2006-10-31": "", "2006-07-31": "", "2006-04-30": "", "2006-01-31": "", "2005-10-31": "", "2005-07-31": "", "2005-04-30": "", "2005-01-31": ""}, "Pre-Tax Profit Margin": {"2020-10-31": "17.52140", "2020-07-31": "3.37020", "2020-04-30": "-8.92860", "2020-01-31": "8.19450", "2019-10-31": "8.85090", "2019-07-31": "4.79140", "2019-04-30": "11.26080", "2019-01-31": "9.81510", "2018-10-31": "7.84950", "2018-07-31": "6.45340", "2018-04-30": "11.30860", "2018-01-31": "3.61990", "2017-10-31": "8.34220", "2017-07-31": "4.29160", "2017-04-30": "13.44330", "2017-01-31": "13.29860", "2016-10-31": "12.03610", "2016-07-31": "11.12360", "2016-04-30": "14.99750", "2016-01-31": "12.20730", "2015-10-31": "6.52170", "2015-07-31": "10.91450", "2015-04-30": "15.13570", "2015-01-31": "11.72160", "2014-10-31": "10.80300", "2014-07-31": "8.77510", "2014-04-30": "13.59740", "2014-01-31": "10.10610", "2013-10-31": "9.86440", "2013-07-31": "7.29020", "2013-04-30": "13.18680", "2013-01-31": "9.22360", "2012-10-31": "10.17060", "2012-07-31": "6.80320", "2012-04-30": "12.73760", "2012-01-31": "8.18910", "2011-10-31": "7.53230", "2011-07-31": "4.54900", "2011-04-30": "10.26170", "2011-01-31": "6.46550", "2010-10-31": "5.70310", "2010-07-31": "0.91240", "2010-04-30": "6.55740", "2010-01-31": "2.94340", "2009-10-31": "-1.07080", "2009-07-31": "-0.18200", "2009-04-30": "4.02960", "2009-01-31": "-13.66740", "2008-10-31": "2.82660", "2008-07-31": "2.15050", "2008-04-30": "1.14590", "2008-01-31": "0.67480", "2007-10-31": "-4.27730", "2007-07-31": "-2.26030", "2007-04-30": "2.05170", "2007-01-31": "10.53270", "2006-10-31": "7.06290", "2006-07-31": "1.91860", "2006-04-30": "6.73990", "2006-01-31": "9.01530", "2005-10-31": "7.24430", "2005-07-31": "5.44480", "2005-04-30": "6.60860", "2005-01-31": "8.46910"}, "Net Profit Margin": {"2020-10-31": "12.58310", "2020-07-31": "2.16660", "2020-04-30": "-9.35370", "2020-01-31": "6.03330", "2019-10-31": "6.47000", "2019-07-31": "3.38220", "2019-04-30": "8.27720", "2019-01-31": "6.95420", "2018-10-31": "6.98920", "2018-07-31": "4.93830", "2018-04-30": "8.14810", "2018-01-31": "-2.21720", "2017-10-31": "5.45450", "2017-07-31": "2.99820", "2017-04-30": "8.99550", "2017-01-31": "8.94460", "2016-10-31": "8.32450", "2016-07-31": "7.13480", "2016-04-30": "9.61250", "2016-01-31": "7.87240", "2015-10-31": "4.45930", "2015-07-31": "7.02060", "2015-04-30": "9.60330", "2015-01-31": "7.64000", "2014-10-31": "6.93240", "2014-07-31": "5.60630", "2014-04-30": "8.67240", "2014-01-31": "6.75600", "2013-10-31": "6.41180", "2013-07-31": "4.53920", "2013-04-30": "8.42490", "2013-01-31": "6.07120", "2012-10-31": "6.95540", "2012-07-31": "4.31600", "2012-04-30": "8.11150", "2012-01-31": "5.39280", "2011-10-31": "4.73460", "2011-07-31": "2.90200", "2011-04-30": "6.47380", "2011-01-31": "4.09480", "2010-10-31": "4.06250", "2010-07-31": "0.54740", "2010-04-30": "4.21550", "2010-01-31": "1.73580", "2009-10-31": "-0.49420", "2009-07-31": "", "2009-04-30": "2.54930", "2009-01-31": "-9.49130", "2008-10-31": "1.83350", "2008-07-31": "1.38250", "2008-04-30": "0.22920", "2008-01-31": "5.33060", "2007-10-31": "-2.43360", "2007-07-31": "-1.40300", "2007-04-30": "1.29180", "2007-01-31": "6.84020", "2006-10-31": "4.54550", "2006-07-31": "1.07440", "2006-04-30": "4.32230", "2006-01-31": "6.13810", "2005-10-31": "4.68750", "2005-07-31": "3.37420", "2005-04-30": "4.21210", "2005-01-31": "5.79800"}, "Asset Turnover": {"2020-10-31": "0.30010", "2020-07-31": "0.30050", "2020-04-30": "0.17300", "2020-01-31": "0.33710", "2019-10-31": "0.29180", "2019-07-31": "0.26400", "2019-04-30": "0.29990", "2019-01-31": "0.59480", "2018-10-31": "0.50540", "2018-07-31": "0.46500", "2018-04-30": "0.51100", "2018-01-31": "0.55790", "2017-10-31": "0.49040", "2017-07-31": "0.43110", "2017-04-30": "0.51610", "2017-01-31": "0.55030", "2016-10-31": "0.51060", "2016-07-31": "0.47320", "2016-04-30": "0.52870", "2016-01-31": "0.53170", "2015-10-31": "0.48550", "2015-07-31": "0.45760", "2015-04-30": "0.52770", "2015-01-31": "0.53420", "2014-10-31": "0.47840", "2014-07-31": "0.44380", "2014-04-30": "0.50910", "2014-01-31": "0.51360", "2013-10-31": "0.46650", "2013-07-31": "0.41410", "2013-04-30": "0.47270", "2013-01-31": "0.50880", "2012-10-31": "0.46200", "2012-07-31": "0.42270", "2012-04-30": "0.48730", "2012-01-31": "0.49250", "2011-10-31": "0.45780", "2011-07-31": "0.40880", "2011-04-30": "0.46540", "2011-01-31": "0.48070", "2010-10-31": "0.43960", "2010-07-31": "0.37620", "2010-04-30": "0.43280", "2010-01-31": "0.47050", "2009-10-31": "0.40970", "2009-07-31": "0.36450", "2009-04-30": "0.40960", "2009-01-31": "0.45780", "2008-10-31": "0.43220", "2008-07-31": "0.39880", "2008-04-30": "0.39250", "2008-01-31": "0.45700", "2007-10-31": "0.41130", "2007-07-31": "0.38410", "2007-04-30": "0.38650", "2007-01-31": "0.50850", "2006-10-31": "0.43680", "2006-07-31": "0.39060", "2006-04-30": "0.42000", "2006-01-31": "0.47220", "2005-10-31": "0.41970", "2005-07-31": "0.39560", "2005-04-30": "0.41910", "2005-01-31": "0.47420"}, "Inventory Turnover Ratio": {"2020-10-31": "1.22050", "2020-07-31": "1.28890", "2020-04-30": "0.62070", "2020-01-31": "1.25910", "2019-10-31": "1.00610", "2019-07-31": "1.01060", "2019-04-30": "1.14700", "2019-01-31": "1.21120", "2018-10-31": "0.97470", "2018-07-31": "0.99120", "2018-04-30": "1.12310", "2018-01-31": "1.18700", "2017-10-31": "0.98250", "2017-07-31": "0.92870", "2017-04-30": "1.03280", "2017-01-31": "1.07120", "2016-10-31": "0.91550", "2016-07-31": "0.89100", "2016-04-30": "1.02460", "2016-01-31": "1.03660", "2015-10-31": "0.88850", "2015-07-31": "0.86710", "2015-04-30": "1.00970", "2015-01-31": "1.02560", "2014-10-31": "0.87390", "2014-07-31": "0.83600", "2014-04-30": "0.96370", "2014-01-31": "0.99100", "2013-10-31": "0.82450", "2013-07-31": "0.76650", "2013-04-30": "0.92130", "2013-01-31": "0.98460", "2012-10-31": "0.82180", "2012-07-31": "0.76280", "2012-04-30": "0.90840", "2012-01-31": "0.95600", "2011-10-31": "0.78160", "2011-07-31": "0.69900", "2011-04-30": "0.84300", "2011-01-31": "0.90840", "2010-10-31": "0.74210", "2010-07-31": "0.64890", "2010-04-30": "0.77490", "2010-01-31": "0.92380", "2009-10-31": "0.72070", "2009-07-31": "0.63790", "2009-04-30": "0.69520", "2009-01-31": "0.83840", "2008-10-31": "0.75590", "2008-07-31": "0.67170", "2008-04-30": "0.67790", "2008-01-31": "0.86260", "2007-10-31": "0.66060", "2007-07-31": "0.67560", "2007-04-30": "0.64160", "2007-01-31": "0.85800", "2006-10-31": "0.68480", "2006-07-31": "0.63820", "2006-04-30": "0.67620", "2006-01-31": "0.86120", "2005-10-31": "0.69860", "2005-07-31": "0.67220", "2005-04-30": "0.72650", "2005-01-31": "0.91920"}, "Receiveable Turnover": {"2020-10-31": "", "2020-07-31": "", "2020-04-30": "", "2020-01-31": "", "2019-10-31": "", "2019-07-31": "", "2019-04-30": "", "2019-01-31": "", "2018-10-31": "", "2018-07-31": "", "2018-04-30": "", "2018-01-31": "", "2017-10-31": "", "2017-07-31": "", "2017-04-30": "", "2017-01-31": "", "2016-10-31": "", "2016-07-31": "", "2016-04-30": "", "2016-01-31": "", "2015-10-31": "", "2015-07-31": "", "2015-04-30": "", "2015-01-31": "", "2014-10-31": "", "2014-07-31": "", "2014-04-30": "", "2014-01-31": "", "2013-10-31": "", "2013-07-31": "", "2013-04-30": "", "2013-01-31": "", "2012-10-31": "", "2012-07-31": "", "2012-04-30": "", "2012-01-31": "", "2011-10-31": "", "2011-07-31": "", "2011-04-30": "", "2011-01-31": "", "2010-10-31": "", "2010-07-31": "", "2010-04-30": "", "2010-01-31": "", "2009-10-31": "", "2009-07-31": "", "2009-04-30": "", "2009-01-31": "", "2008-10-31": "", "2008-07-31": "", "2008-04-30": "", "2008-01-31": "", "2007-10-31": "", "2007-07-31": "", "2007-04-30": "", "2007-01-31": "", "2006-10-31": "", "2006-07-31": "", "2006-04-30": "", "2006-01-31": "", "2005-10-31": "", "2005-07-31": "", "2005-04-30": "", "2005-01-31": ""}, "Days Sales In Receivables": {"2020-10-31": "", "2020-07-31": "", "2020-04-30": "", "2020-01-31": "", "2019-10-31": "", "2019-07-31": "", "2019-04-30": "", "2019-01-31": "", "2018-10-31": "", "2018-07-31": "", "2018-04-30": "", "2018-01-31": "", "2017-10-31": "", "2017-07-31": "", "2017-04-30": "", "2017-01-31": "", "2016-10-31": "", "2016-07-31": "", "2016-04-30": "", "2016-01-31": "", "2015-10-31": "", "2015-07-31": "", "2015-04-30": "", "2015-01-31": "", "2014-10-31": "", "2014-07-31": "", "2014-04-30": "", "2014-01-31": "", "2013-10-31": "", "2013-07-31": "", "2013-04-30": "", "2013-01-31": "", "2012-10-31": "", "2012-07-31": "", "2012-04-30": "", "2012-01-31": "", "2011-10-31": "", "2011-07-31": "", "2011-04-30": "", "2011-01-31": "", "2010-10-31": "", "2010-07-31": "", "2010-04-30": "", "2010-01-31": "", "2009-10-31": "", "2009-07-31": "", "2009-04-30": "", "2009-01-31": "", "2008-10-31": "", "2008-07-31": "", "2008-04-30": "", "2008-01-31": "", "2007-10-31": "", "2007-07-31": "", "2007-04-30": "", "2007-01-31": "", "2006-10-31": "", "2006-07-31": "", "2006-04-30": "", "2006-01-31": "", "2005-10-31": "", "2005-07-31": "", "2005-04-30": "", "2005-01-31": ""}, "ROE - Return On Equity": {"2020-10-31": "9.99250", "2020-07-31": "1.87270", "2020-04-30": "-4.75370", "2020-01-31": "5.41850", "2019-10-31": "5.15040", "2019-07-31": "2.38850", "2019-04-30": "6.61030", "2019-01-31": "6.30490", "2018-10-31": "5.30400", "2018-07-31": "3.54550", "2018-04-30": "6.48840", "2018-01-31": "-1.94520", "2017-10-31": "3.83890", "2017-07-31": "1.76230", "2017-04-30": "6.37850", "2017-01-31": "6.97420", "2016-10-31": "5.96280", "2016-07-31": "4.92630", "2016-04-30": "7.14020", "2016-01-31": "6.18880", "2015-10-31": "3.14100", "2015-07-31": "4.61420", "2015-04-30": "7.20160", "2015-01-31": "5.84940", "2014-10-31": "4.61180", "2014-07-31": "3.56310", "2014-04-30": "6.24760", "2014-01-31": "4.84780", "2013-10-31": "4.21740", "2013-07-31": "2.72050", "2013-04-30": "5.57580", "2013-01-31": "4.37530", "2012-10-31": "4.63080", "2012-07-31": "2.70770", "2012-04-30": "5.78400", "2012-01-31": "3.83890", "2011-10-31": "3.15340", "2011-07-31": "1.74940", "2011-04-30": "4.40490", "2011-01-31": "2.81480", "2010-10-31": "2.62890", "2010-07-31": "0.31320", "2010-04-30": "2.76920", "2010-01-31": "1.18070", "2009-10-31": "-0.30270", "2009-07-31": "-0.05060", "2009-04-30": "1.58890", "2009-01-31": "-6.44490", "2008-10-31": "1.11010", "2008-07-31": "0.79680", "2008-04-30": "0.13260", "2008-01-31": "3.44980", "2007-10-31": "-1.52950", "2007-07-31": "-0.80250", "2007-04-30": "0.74070", "2007-01-31": "4.79300", "2006-10-31": "3.04880", "2006-07-31": "0.67310", "2006-04-30": "2.80870", "2006-01-31": "4.73610", "2005-10-31": "3.35050", "2005-07-31": "2.32190", "2005-04-30": "3.08020", "2005-01-31": "4.86340"}, "Return On Tangible Equity": {"2020-10-31": "10.70280", "2020-07-31": "2.02160", "2020-04-30": "-5.14260", "2020-01-31": "5.83370", "2019-10-31": "5.55560", "2019-07-31": "2.56960", "2019-04-30": "7.09570", "2019-01-31": "6.79570", "2018-10-31": "5.76500", "2018-07-31": "3.85460", "2018-04-30": "7.04530", "2018-01-31": "-2.11850", "2017-10-31": "4.15650", "2017-07-31": "1.89520", "2017-04-30": "6.86240", "2017-01-31": "7.52090", "2016-10-31": "6.45030", "2016-07-31": "5.34060", "2016-04-30": "7.72650", "2016-01-31": "6.71770", "2015-10-31": "3.41150", "2015-07-31": "5.00630", "2015-04-30": "7.82650", "2015-01-31": "6.37550", "2014-10-31": "5.02930", "2014-07-31": "3.90000", "2014-04-30": "6.84990", "2014-01-31": "5.33980", "2013-10-31": "4.65740", "2013-07-31": "3.00550", "2013-04-30": "6.01830", "2013-01-31": "4.74450", "2012-10-31": "5.21650", "2012-07-31": "3.06330", "2012-04-30": "6.55740", "2012-01-31": "4.23640", "2011-10-31": "3.62040", "2011-07-31": "2.00980", "2011-04-30": "5.07830", "2011-01-31": "3.15270", "2010-10-31": "3.09160", "2010-07-31": "0.36830", "2010-04-30": "3.25890", "2010-01-31": "1.34980", "2009-10-31": "-0.35780", "2009-07-31": "-0.05980", "2009-04-30": "1.88560", "2009-01-31": "-7.43850", "2008-10-31": "1.35590", "2008-07-31": "0.97510", "2008-04-30": "0.16250", "2008-01-31": "4.10740", "2007-10-31": "-1.91980", "2007-07-31": "-1.00560", "2007-04-30": "0.92390", "2007-01-31": "5.71130", "2006-10-31": "3.89690", "2006-07-31": "0.86960", "2006-04-30": "3.64090", "2006-01-31": "5.82880", "2005-10-31": "4.17470", "2005-07-31": "2.91780", "2005-04-30": "3.92160", "2005-01-31": "6.25000"}, "ROA - Return On Assets": {"2020-10-31": "3.77600", "2020-07-31": "0.65100", "2020-04-30": "-1.61860", "2020-01-31": "2.03370", "2019-10-31": "1.88790", "2019-07-31": "0.89290", "2019-04-30": "2.48270", "2019-01-31": "4.13610", "2018-10-31": "3.53260", "2018-07-31": "2.29650", "2018-04-30": "4.16350", "2018-01-31": "-1.23710", "2017-10-31": "2.67510", "2017-07-31": "1.29240", "2017-04-30": "4.64280", "2017-01-31": "4.92190", "2016-10-31": "4.25010", "2016-07-31": "3.37590", "2016-04-30": "5.08250", "2016-01-31": "4.18540", "2015-10-31": "2.16510", "2015-07-31": "3.21270", "2015-04-30": "5.06750", "2015-01-31": "4.08160", "2014-10-31": "3.31680", "2014-07-31": "2.48780", "2014-04-30": "4.41540", "2014-01-31": "3.47000", "2013-10-31": "2.99110", "2013-07-31": "1.87980", "2013-04-30": "3.98270", "2013-01-31": "3.08880", "2012-10-31": "3.21310", "2012-07-31": "1.82440", "2012-04-30": "3.95310", "2012-01-31": "2.65570", "2011-10-31": "2.16750", "2011-07-31": "1.18630", "2011-04-30": "3.01280", "2011-01-31": "1.96820", "2010-10-31": "1.78570", "2010-07-31": "0.20600", "2010-04-30": "1.82430", "2010-01-31": "0.81680", "2009-10-31": "-0.20250", "2009-07-31": "-0.03320", "2009-04-30": "1.04410", "2009-01-31": "-4.31000", "2008-10-31": "0.79230", "2008-07-31": "0.55130", "2008-04-30": "0.09000", "2008-01-31": "2.40520", "2007-10-31": "-1.03120", "2007-07-31": "-0.53890", "2007-04-30": "0.49930", "2007-01-31": "3.38570", "2006-10-31": "1.98530", "2006-07-31": "0.41970", "2006-04-30": "1.78460", "2006-01-31": "2.89860", "2005-10-31": "1.93740", "2005-07-31": "1.33500", "2005-04-30": "1.76510", "2005-01-31": "2.74950"}, "ROI - Return On Investment": {"2020-10-31": "9.52890", "2020-07-31": "1.78080", "2020-04-30": "-4.51750", "2020-01-31": "5.16380", "2019-10-31": "4.90390", "2019-07-31": "2.27700", "2019-04-30": "6.31190", "2019-01-31": "6.00760", "2018-10-31": "5.04850", "2018-07-31": "3.37680", "2018-04-30": "6.18440", "2018-01-31": "-1.85330", "2017-10-31": "3.66510", "2017-07-31": "1.68870", "2017-04-30": "6.10380", "2017-01-31": "6.66200", "2016-10-31": "5.68840", "2016-07-31": "4.69330", "2016-04-30": "6.81410", "2016-01-31": "5.89110", "2015-10-31": "2.98840", "2015-07-31": "4.39280", "2015-04-30": "6.85030", "2015-01-31": "5.55560", "2014-10-31": "4.38920", "2014-07-31": "3.38730", "2014-04-30": "5.93840", "2014-01-31": "4.59730", "2013-10-31": "3.99540", "2013-07-31": "2.57410", "2013-04-30": "5.29340", "2013-01-31": "4.14340", "2012-10-31": "4.37650", "2012-07-31": "2.55190", "2012-04-30": "5.45140", "2012-01-31": "3.60800", "2011-10-31": "2.96100", "2011-07-31": "1.64370", "2011-04-30": "4.14100", "2011-01-31": "2.63640", "2010-10-31": "2.45860", "2010-07-31": "0.29230", "2010-04-30": "2.58740", "2010-01-31": "1.10260", "2009-10-31": "-0.28300", "2009-07-31": "-0.04730", "2009-04-30": "1.48110", "2009-01-31": "-6.00190", "2008-10-31": "1.04800", "2008-07-31": "0.75500", "2008-04-30": "0.12090", "2008-01-31": "3.14260", "2007-10-31": "-1.39170", "2007-07-31": "-0.73200", "2007-04-30": "0.67570", "2007-01-31": "4.37380", "2006-10-31": "2.74610", "2006-07-31": "0.60110", "2006-04-30": "2.48180", "2006-01-31": "4.17030", "2005-10-31": "2.86720", "2005-07-31": "1.97750", "2005-04-30": "2.60090", "2005-01-31": "4.08820"}, "Book Value Per Share": {"2020-10-31": "25.46940", "2020-07-31": "23.01900", "2020-04-30": "22.20260", "2020-01-31": "23.73620", "2019-10-31": "23.10000", "2019-07-31": "22.93210", "2019-04-30": "23.15210", "2019-01-31": "22.33070", "2018-10-31": "21.61550", "2018-07-31": "21.46540", "2018-04-30": "21.68670", "2018-01-31": "21.02160", "2017-10-31": "21.67100", "2017-07-31": "22.07480", "2017-04-30": "21.49330", "2017-01-31": "20.60900", "2016-10-31": "19.89260", "2016-07-31": "19.37240", "2016-04-30": "19.67070", "2016-01-31": "18.63820", "2015-10-31": "18.38170", "2015-07-31": "18.51000", "2015-04-30": "18.28410", "2015-01-31": "17.71920", "2014-10-31": "18.17730", "2014-07-31": "17.97160", "2014-04-30": "17.92020", "2014-01-31": "17.16330", "2013-10-31": "16.81680", "2013-07-31": "16.33950", "2013-04-30": "16.42630", "2013-01-31": "15.83930", "2012-10-31": "15.18810", "2012-07-31": "14.44390", "2012-04-30": "14.60350", "2012-01-31": "13.91650", "2011-10-31": "13.84090", "2011-07-31": "13.81390", "2011-04-30": "13.90720", "2011-01-31": "13.09660", "2010-10-31": "12.77220", "2010-07-31": "12.30900", "2010-04-30": "12.49050", "2010-01-31": "12.44400", "2009-10-31": "12.66450", "2009-07-31": "12.68070", "2009-04-30": "12.53120", "2009-01-31": "12.41950", "2008-10-31": "13.95670", "2008-07-31": "14.57760", "2008-04-30": "14.62090", "2008-01-31": "14.63680", "2007-10-31": "14.39080", "2007-07-31": "14.53190", "2007-04-30": "14.77500", "2007-01-31": "14.73960", "2006-10-31": "13.69780", "2006-07-31": "13.36960", "2006-04-30": "13.29630", "2006-01-31": "13.03500", "2005-10-31": "12.43140", "2005-07-31": "12.08050", "2005-04-30": "12.01840", "2005-01-31": "11.72390"}, "Operating Cash Flow Per Share": {"2020-10-31": 0.6159, "2020-07-31": 6.8781, "2020-04-30": "-1.11220", "2020-01-31": 2.6761, "2019-10-31": 0.7511, "2019-07-31": 0.1406, "2019-04-30": "2.81170", "2019-01-31": 3.0574, "2018-10-31": 0.0231, "2018-07-31": 0.162, "2018-04-30": "3.48450", "2018-01-31": 2.4324, "2017-10-31": 2.0226, "2017-07-31": 0.7024, "2017-04-30": "1.19910", "2017-01-31": 2.6875, "2016-10-31": 0.7184, "2016-07-31": 1.2158, "2016-04-30": "1.62550", "2016-01-31": 2.6796, "2015-10-31": 0.5745, "2015-07-31": 0.8649, "2015-04-30": "1.49890", "2015-01-31": 1.8637, "2014-10-31": 0.5403, "2014-07-31": 0.6299, "2014-04-30": "1.84280", "2014-01-31": 1.3343, "2013-10-31": 0.6021, "2013-07-31": -0.0585, "2013-04-30": "1.64370", "2013-01-31": 1.0184, "2012-10-31": 0.6368, "2012-07-31": 0.1841, "2012-04-30": "0.86200", "2012-01-31": 1.4936, "2011-10-31": 0.907, "2011-07-31": -0.1708, "2011-04-30": "0.98910", "2011-01-31": 1.3058, "2010-10-31": 0.3731, "2010-07-31": -0.2088, "2010-04-30": "0.61030", "2010-01-31": 1.3186, "2009-10-31": 0.3627, "2009-07-31": 0.1015, "2009-04-30": "0.43090", "2009-01-31": 1.1374, "2008-10-31": 0.3264, "2008-07-31": 0.5522, "2008-04-30": "0.47100", "2008-01-31": 1.4086, "2007-10-31": 0.066, "2007-07-31": 0.1717, "2007-04-30": "0.17250", "2007-01-31": 1.6773, "2006-10-31": 0.2492, "2006-07-31": 0.0064, "2006-04-30": "-0.72750", "2006-01-31": 1.7444, "2005-10-31": 0.5964, "2005-07-31": -0.0061, "2005-04-30": "-0.12020", "2005-01-31": 1.7314}, "Free Cash Flow Per Share": {"2020-10-31": 0.304, "2020-07-31": 6.5869, "2020-04-30": "-1.61070", "2020-01-31": 2.1558, "2019-10-31": 0.3048, "2019-07-31": -0.1906, "2019-04-30": "2.41380", "2019-01-31": 2.777, "2018-10-31": -0.3079, "2018-07-31": -0.2911, "2018-04-30": "2.95550", "2018-01-31": 1.9041, "2017-10-31": 1.5449, "2017-07-31": 0.1317, "2017-04-30": "0.63350", "2017-01-31": 2.1589, "2016-10-31": 0.2449, "2016-07-31": 0.7207, "2016-04-30": "1.15380", "2016-01-31": 2.2882, "2015-10-31": 0.1676, "2015-07-31": 0.4661, "2015-04-30": "1.07670", "2015-01-31": 1.5437, "2014-10-31": 0.2285, "2014-07-31": 0.3266, "2014-04-30": "1.51080", "2014-01-31": 1.0157, "2013-10-31": 0.2586, "2013-07-31": -0.4378, "2013-04-30": "1.31630", "2013-01-31": 0.7397, "2012-10-31": 0.4224, "2012-07-31": -0.1284, "2012-04-30": "0.60920", "2012-01-31": 1.2319, "2011-10-31": 0.6096, "2011-07-31": -0.4098, "2011-04-30": "0.80280", "2011-01-31": 1.1541, "2010-10-31": 0.2308, "2010-07-31": -0.3749, "2010-04-30": "0.45140", "2010-01-31": 1.1967, "2009-10-31": 0.2167, "2009-07-31": -0.0328, "2009-04-30": "0.26370", "2009-01-31": 0.9349, "2008-10-31": 0.0893, "2008-07-31": 0.3019, "2008-04-30": "0.21290", "2008-01-31": 1.2192, "2007-10-31": -0.1568, "2007-07-31": -0.0926, "2007-04-30": "-0.10220", "2007-01-31": 1.4477, "2006-10-31": -0.0629, "2006-07-31": -0.2872, "2006-04-30": "-0.94450", "2006-01-31": 1.4788, "2005-10-31": 0.365, "2005-07-31": -0.2523, "2005-04-30": "-0.36050", "2005-01-31": 0.7384}}, "revenue": {"Foot Locker Annual Revenue (Millions of US $)": {"2020": "$8,005", "2019": "$7,939", "2018": "$7,782", "2017": "$7,766", "2016": "$7,412", "2015": "$7,151", "2014": "$6,505", "2013": "$6,182", "2012": "$5,623", "2011": "$5,049", "2010": "$4,854", "2009": "$5,237", "2008": "$5,437", "2007": "$5,750", "2006": "$5,653", "2005": "$5,355"}, "Foot Locker Quarterly Revenue (Millions of US $)": {"2020-10-31": "$2,106", "2020-07-31": "$2,077", "2020-04-30": "$1,176", "2020-01-31": "$2,221", "2019-10-31": "$1,932", "2019-07-31": "$1,774", "2019-04-30": "$2,078", "2019-01-31": "$2,272", "2018-10-31": "$1,860", "2018-07-31": "$1,782", "2018-04-30": "$2,025", "2018-01-31": "$2,210", "2017-10-31": "$1,870", "2017-07-31": "$1,701", "2017-04-30": "$2,001", "2017-01-31": "$2,113", "2016-10-31": "$1,886", "2016-07-31": "$1,780", "2016-04-30": "$1,987", "2016-01-31": "$2,007", "2015-10-31": "$1,794", "2015-07-31": "$1,695", "2015-04-30": "$1,916", "2015-01-31": "$1,911", "2014-10-31": "$1,731", "2014-07-31": "$1,641", "2014-04-30": "$1,868", "2014-01-31": "$1,791", "2013-10-31": "$1,622", "2013-07-31": "$1,454", "2013-04-30": "$1,638", "2013-01-31": "$1,713", "2012-10-31": "$1,524", "2012-07-31": "$1,367", "2012-04-30": "$1,578", "2012-01-31": "$1,502", "2011-10-31": "$1,394", "2011-07-31": "$1,275", "2011-04-30": "$1,452", "2011-01-31": "$1,392", "2010-10-31": "$1,280", "2010-07-31": "$1,096", "2010-04-30": "$1,281", "2010-01-31": "$1,325", "2009-10-31": "$1,214", "2009-07-31": "$1,099", "2009-04-30": "$1,216", "2009-01-31": "$1,317", "2008-10-31": "$1,309", "2008-07-31": "$1,302", "2008-04-30": "$1,309", "2008-01-31": "$1,482", "2007-10-31": "$1,356", "2007-07-31": "$1,283", "2007-04-30": "$1,316", "2007-01-31": "$1,652", "2006-10-31": "$1,430", "2006-07-31": "$1,303", "2006-04-30": "$1,365", "2006-01-31": "$1,564", "2005-10-31": "$1,408", "2005-07-31": "$1,304", "2005-04-30": "$1,377", "2005-01-31": "$1,535"}}, "gross-profit": {"Foot Locker Annual Gross Profit (Millions of US $)": {"2020": "$2,543", "2019": "$2,528", "2018": "$2,456", "2017": "$2,636", "2016": "$2,505", "2015": "$2,374", "2014": "$2,133", "2013": "$2,034", "2012": "$1,796", "2011": "$1,516", "2010": "$1,332", "2009": "$1,460", "2008": "$1,420", "2007": "$1,736", "2006": "$1,709", "2005": "$1,633"}, "Foot Locker Quarterly Gross Profit (Millions of US $)": {"2020-10-31": "$650", "2020-07-31": "$538", "2020-04-30": "$271", "2020-01-31": "$700", "2019-10-31": "$620", "2019-07-31": "$534", "2019-04-30": "$689", "2019-01-31": "$735", "2018-10-31": "$588", "2018-07-31": "$539", "2018-04-30": "$666", "2018-01-31": "$693", "2017-10-31": "$580", "2017-07-31": "$503", "2017-04-30": "$680", "2017-01-31": "$713", "2016-10-31": "$640", "2016-07-31": "$587", "2016-04-30": "$696", "2016-01-31": "$675", "2015-10-31": "$607", "2015-07-31": "$553", "2015-04-30": "$670", "2015-01-31": "$629", "2014-10-31": "$574", "2014-07-31": "$525", "2014-04-30": "$646", "2014-01-31": "$582", "2013-10-31": "$537", "2013-07-31": "$453", "2013-04-30": "$561", "2013-01-31": "$564", "2012-10-31": "$505", "2012-07-31": "$428", "2012-04-30": "$537", "2012-01-31": "$480", "2011-10-31": "$453", "2011-07-31": "$388", "2011-04-30": "$475", "2011-01-31": "$430", "2010-10-31": "$388", "2010-07-31": "$305", "2010-04-30": "$393", "2010-01-31": "$367", "2009-10-31": "$329", "2009-07-31": "$280", "2009-04-30": "$356", "2009-01-31": "$378", "2008-10-31": "$355", "2008-07-31": "$361", "2008-04-30": "$366", "2008-01-31": "$377", "2007-10-31": "$381", "2007-07-31": "$302", "2007-04-30": "$360", "2007-01-31": "$534", "2006-10-31": "$422", "2006-07-31": "$361", "2006-04-30": "$419", "2006-01-31": "$484", "2005-10-31": "$430", "2005-07-31": "$377", "2005-04-30": "$418", "2005-01-31": "$477"}}, "operating-income": {"Foot Locker Annual Operating Income (Millions of US $)": {"2020": "$649", "2019": "$699", "2018": "$571", "2017": "$1,000", "2016": "$837", "2015": "$809", "2014": "$666", "2013": "$622", "2012": "$442", "2011": "$272", "2010": "$121", "2009": "$156", "2008": "$78", "2007": "$398", "2006": "$409", "2005": "$389"}, "Foot Locker Quarterly Operating Income (Millions of US $)": {"2020-10-31": "$178", "2020-07-31": "$69", "2020-04-30": "$-105", "2020-01-31": "$176", "2019-10-31": "$164", "2019-07-31": "$81", "2019-04-30": "$228", "2019-01-31": "$219", "2018-10-31": "$144", "2018-07-31": "$112", "2018-04-30": "$224", "2018-01-31": "$76", "2017-10-31": "$155", "2017-07-31": "$72", "2017-04-30": "$268", "2017-01-31": "$278", "2016-10-31": "$228", "2016-07-31": "$198", "2016-04-30": "$296", "2016-01-31": "$144", "2015-10-31": "$217", "2015-07-31": "$186", "2015-04-30": "$290", "2015-01-31": "$221", "2014-10-31": "$187", "2014-07-31": "$146", "2014-04-30": "$255", "2014-01-31": "$181", "2013-10-31": "$162", "2013-07-31": "$108", "2013-04-30": "$215", "2013-01-31": "$171", "2012-10-31": "$156", "2012-07-31": "$93", "2012-04-30": "$202", "2012-01-31": "$127", "2011-10-31": "$106", "2011-07-31": "$59", "2011-04-30": "$150", "2011-01-31": "$100", "2010-10-31": "$74", "2010-07-31": "$11", "2010-04-30": "$87", "2010-01-31": "$45", "2009-10-31": "$26", "2009-07-31": "", "2009-04-30": "$50", "2009-01-31": "$56", "2008-10-31": "$36", "2008-07-31": "$29", "2008-04-30": "$35", "2008-01-31": "$32", "2007-10-31": "$47", "2007-07-31": "$-28", "2007-04-30": "$27", "2007-01-31": "$167", "2006-10-31": "$94", "2006-07-31": "$44", "2006-04-30": "$93", "2006-01-31": "$140", "2005-10-31": "$104", "2005-07-31": "$71", "2005-04-30": "$94", "2005-01-31": "$133"}}, "ebitda": {"Foot Locker Annual EBITDA (Millions of US $)": {"2020": "$828", "2019": "$877", "2018": "$744", "2017": "$1,158", "2016": "$985", "2015": "$948", "2014": "$799", "2013": "$740", "2012": "$552", "2011": "$378", "2010": "$233", "2009": "$286", "2008": "$244", "2007": "$573", "2006": "$580", "2005": "$543"}, "Foot Locker Quarterly EBITDA (Millions of US $)": {"2020-10-31": "$222", "2020-07-31": "$113", "2020-04-30": "$-61", "2020-01-31": "$221", "2019-10-31": "$208", "2019-07-31": "$127", "2019-04-30": "$272", "2019-01-31": "$264", "2018-10-31": "$188", "2018-07-31": "$156", "2018-04-30": "$269", "2018-01-31": "$122", "2017-10-31": "$199", "2017-07-31": "$114", "2017-04-30": "$309", "2017-01-31": "$318", "2016-10-31": "$268", "2016-07-31": "$237", "2016-04-30": "$335", "2016-01-31": "$183", "2015-10-31": "$255", "2015-07-31": "$222", "2015-04-30": "$325", "2015-01-31": "$254", "2014-10-31": "$221", "2014-07-31": "$182", "2014-04-30": "$291", "2014-01-31": "$217", "2013-10-31": "$197", "2013-07-31": "$139", "2013-04-30": "$246", "2013-01-31": "$201", "2012-10-31": "$186", "2012-07-31": "$122", "2012-04-30": "$231", "2012-01-31": "$155", "2011-10-31": "$133", "2011-07-31": "$87", "2011-04-30": "$177", "2011-01-31": "$127", "2010-10-31": "$101", "2010-07-31": "$37", "2010-04-30": "$113", "2010-01-31": "$72", "2009-10-31": "$55", "2009-07-31": "$28", "2009-04-30": "$78", "2009-01-31": "$89", "2008-10-31": "$68", "2008-07-31": "$62", "2008-04-30": "$67", "2008-01-31": "$66", "2007-10-31": "$92", "2007-07-31": "$16", "2007-04-30": "$70", "2007-01-31": "$211", "2006-10-31": "$138", "2006-07-31": "$88", "2006-04-30": "$136", "2006-01-31": "$183", "2005-10-31": "$150", "2005-07-31": "$112", "2005-04-30": "$135", "2005-01-31": "$175"}}, "net-income": {"Foot Locker Annual Net Income (Millions of US $)": {"2020": "$491", "2019": "$541", "2018": "$284", "2017": "$664", "2016": "$541", "2015": "$520", "2014": "$429", "2013": "$397", "2012": "$278", "2011": "$169", "2010": "$48", "2009": "$-80", "2008": "$45", "2007": "$251", "2006": "$264", "2005": "$293"}, "Foot Locker Quarterly Net Income (Millions of US $)": {"2020-10-31": "$265", "2020-07-31": "$45", "2020-04-30": "$-110", "2020-01-31": "$134", "2019-10-31": "$125", "2019-07-31": "$60", "2019-04-30": "$172", "2019-01-31": "$158", "2018-10-31": "$130", "2018-07-31": "$88", "2018-04-30": "$165", "2018-01-31": "$-49", "2017-10-31": "$102", "2017-07-31": "$51", "2017-04-30": "$180", "2017-01-31": "$189", "2016-10-31": "$157", "2016-07-31": "$127", "2016-04-30": "$191", "2016-01-31": "$158", "2015-10-31": "$80", "2015-07-31": "$119", "2015-04-30": "$184", "2015-01-31": "$146", "2014-10-31": "$120", "2014-07-31": "$92", "2014-04-30": "$162", "2014-01-31": "$121", "2013-10-31": "$104", "2013-07-31": "$66", "2013-04-30": "$138", "2013-01-31": "$104", "2012-10-31": "$106", "2012-07-31": "$59", "2012-04-30": "$128", "2012-01-31": "$81", "2011-10-31": "$66", "2011-07-31": "$37", "2011-04-30": "$94", "2011-01-31": "$57", "2010-10-31": "$52", "2010-07-31": "$6", "2010-04-30": "$54", "2010-01-31": "$23", "2009-10-31": "$-6", "2009-07-31": "$0", "2009-04-30": "$31", "2009-01-31": "$-125", "2008-10-31": "$24", "2008-07-31": "$18", "2008-04-30": "$3", "2008-01-31": "$79", "2007-10-31": "$-33", "2007-07-31": "$-18", "2007-04-30": "$17", "2007-01-31": "$113", "2006-10-31": "$65", "2006-07-31": "$14", "2006-04-30": "$59", "2006-01-31": "$96", "2005-10-31": "$66", "2005-07-31": "$44", "2005-04-30": "$58", "2005-01-31": "$89"}}, "eps-earnings-per-share-diluted": {"Foot Locker Annual EPS": {"2020": "$4.50", "2019": "$4.66", "2018": "$2.22", "2017": "$4.91", "2016": "$3.84", "2015": "$3.56", "2014": "$2.85", "2013": "$2.58", "2012": "$1.80", "2011": "$1.07", "2010": "$0.30", "2009": "$-0.52", "2008": "$0.29", "2007": "$1.60", "2006": "$1.68", "2005": "$1.88"}, "Foot Locker Quarterly EPS": {"2020-10-31": "$2.52", "2020-07-31": "$0.43", "2020-04-30": "$-1.06", "2020-01-31": "$1.27", "2019-10-31": "$1.16", "2019-07-31": "$0.55", "2019-04-30": "$1.52", "2019-01-31": "$1.39", "2018-10-31": "$1.14", "2018-07-31": "$0.75", "2018-04-30": "$1.38", "2018-01-31": "$-0.34", "2017-10-31": "$0.81", "2017-07-31": "$0.39", "2017-04-30": "$1.36", "2017-01-31": "$1.41", "2016-10-31": "$1.17", "2016-07-31": "$0.94", "2016-04-30": "$1.39", "2016-01-31": "$1.14", "2015-10-31": "$0.57", "2015-07-31": "$0.84", "2015-04-30": "$1.29", "2015-01-31": "$1.01", "2014-10-31": "$0.82", "2014-07-31": "$0.63", "2014-04-30": "$1.10", "2014-01-31": "$0.81", "2013-10-31": "$0.70", "2013-07-31": "$0.44", "2013-04-30": "$0.90", "2013-01-31": "$0.67", "2012-10-31": "$0.69", "2012-07-31": "$0.39", "2012-04-30": "$0.83", "2012-01-31": "$0.53", "2011-10-31": "$0.43", "2011-07-31": "$0.24", "2011-04-30": "$0.60", "2011-01-31": "$0.36", "2010-10-31": "$0.33", "2010-07-31": "$0.04", "2010-04-30": "$0.34", "2010-01-31": "$0.14", "2009-10-31": "$-0.04", "2009-07-31": "$0.00", "2009-04-30": "$0.20", "2009-01-31": "$-0.81", "2008-10-31": "$0.16", "2008-07-31": "$0.11", "2008-04-30": "$0.02", "2008-01-31": "$0.52", "2007-10-31": "$-0.22", "2007-07-31": "$-0.12", "2007-04-30": "$0.11", "2007-01-31": "$0.71", "2006-10-31": "$0.42", "2006-07-31": "$0.09", "2006-04-30": "$0.38", "2006-01-31": "$0.61", "2005-10-31": "$0.42", "2005-07-31": "$0.28", "2005-04-30": "$0.37", "2005-01-31": "$0.57"}}, "shares-outstanding": {"Foot Locker Annual Shares Outstanding (Millions of Shares)": {"2020": "109", "2019": "116", "2018": "128", "2017": "135", "2016": "141", "2015": "146", "2014": "151", "2013": "154", "2012": "154", "2011": "157", "2010": "156", "2009": "154", "2008": "156", "2007": "157", "2006": "158", "2005": "157"}, "Foot Locker Quarterly Shares Outstanding (Millions of Shares)": {"2020-10-31": "105", "2020-07-31": "105", "2020-04-30": "104", "2020-01-31": "109", "2019-10-31": "107", "2019-07-31": "111", "2019-04-30": "113", "2019-01-31": "116", "2018-10-31": "115", "2018-07-31": "117", "2018-04-30": "119", "2018-01-31": "128", "2017-10-31": "126", "2017-07-31": "132", "2017-04-30": "133", "2017-01-31": "135", "2016-10-31": "134", "2016-07-31": "136", "2016-04-30": "138", "2016-01-31": "141", "2015-10-31": "141", "2015-07-31": "141", "2015-04-30": "142", "2015-01-31": "146", "2014-10-31": "146", "2014-07-31": "146", "2014-04-30": "148", "2014-01-31": "151", "2013-10-31": "150", "2013-07-31": "151", "2013-04-30": "153", "2013-01-31": "154", "2012-10-31": "154", "2012-07-31": "154", "2012-04-30": "154", "2012-01-31": "154", "2011-10-31": "154", "2011-07-31": "155", "2011-04-30": "156", "2011-01-31": "157", "2010-10-31": "156", "2010-07-31": "157", "2010-04-30": "157", "2010-01-31": "156", "2009-10-31": "156", "2009-07-31": "156", "2009-04-30": "156", "2009-01-31": "154", "2008-10-31": "156", "2008-07-31": "155", "2008-04-30": "155", "2008-01-31": "156", "2007-10-31": "154", "2007-07-31": "154", "2007-04-30": "157", "2007-01-31": "157", "2006-10-31": "157", "2006-07-31": "157", "2006-04-30": "157", "2006-01-31": "158", "2005-10-31": "157", "2005-07-31": "158", "2005-04-30": "158", "2005-01-31": "157"}}, "total-assets": {"Foot Locker Annual Total Assets (Millions of US $)": {"2020": "$6,589", "2019": "$3,820", "2018": "$3,961", "2017": "$3,840", "2016": "$3,775", "2015": "$3,577", "2014": "$3,487", "2013": "$3,367", "2012": "$3,050", "2011": "$2,896", "2010": "$2,816", "2009": "$2,877", "2008": "$3,243", "2007": "$3,249", "2006": "$3,312", "2005": "$3,237"}, "Foot Locker Quarterly Total Assets (Millions of US $)": {"2020-10-31": "$7,018", "2020-07-31": "$6,912", "2020-04-30": "$6,796", "2020-01-31": "$6,589", "2019-10-31": "$6,621", "2019-07-31": "$6,720", "2019-04-30": "$6,928", "2019-01-31": "$3,820", "2018-10-31": "$3,680", "2018-07-31": "$3,832", "2018-04-30": "$3,963", "2018-01-31": "$3,961", "2017-10-31": "$3,813", "2017-07-31": "$3,946", "2017-04-30": "$3,877", "2017-01-31": "$3,840", "2016-10-31": "$3,694", "2016-07-31": "$3,762", "2016-04-30": "$3,758", "2016-01-31": "$3,775", "2015-10-31": "$3,695", "2015-07-31": "$3,704", "2015-04-30": "$3,631", "2015-01-31": "$3,577", "2014-10-31": "$3,618", "2014-07-31": "$3,698", "2014-04-30": "$3,669", "2014-01-31": "$3,487", "2013-10-31": "$3,477", "2013-07-31": "$3,511", "2013-04-30": "$3,465", "2013-01-31": "$3,367", "2012-10-31": "$3,299", "2012-07-31": "$3,234", "2012-04-30": "$3,238", "2012-01-31": "$3,050", "2011-10-31": "$3,045", "2011-07-31": "$3,119", "2011-04-30": "$3,120", "2011-01-31": "$2,896", "2010-10-31": "$2,912", "2010-07-31": "$2,913", "2010-04-30": "$2,960", "2010-01-31": "$2,816", "2009-10-31": "$2,963", "2009-07-31": "$3,015", "2009-04-30": "$2,969", "2009-01-31": "$2,877", "2008-10-31": "$3,029", "2008-07-31": "$3,265", "2008-04-30": "$3,335", "2008-01-31": "$3,243", "2007-10-31": "$3,297", "2007-07-31": "$3,340", "2007-04-30": "$3,405", "2007-01-31": "$3,249", "2006-10-31": "$3,274", "2006-07-31": "$3,336", "2006-04-30": "$3,250", "2006-01-31": "$3,312", "2005-10-31": "$3,355", "2005-07-31": "$3,296", "2005-04-30": "$3,286", "2005-01-31": "$3,237"}}, "cash-on-hand": {"Foot Locker Annual Cash on Hand (Millions of US $)": {"2020": "$907", "2019": "$891", "2018": "$849", "2017": "$1,046", "2016": "$1,021", "2015": "$967", "2014": "$867", "2013": "$928", "2012": "$851", "2011": "$696", "2010": "$589", "2009": "$408", "2008": "$493", "2007": "$470", "2006": "$587", "2005": "$492"}, "Foot Locker Quarterly Cash on Hand (Millions of US $)": {"2020-10-31": "$1,393", "2020-07-31": "$1,373", "2020-04-30": "$1,012", "2020-01-31": "$907", "2019-10-31": "$744", "2019-07-31": "$939", "2019-04-30": "$1,126", "2019-01-31": "$891", "2018-10-31": "$748", "2018-07-31": "$950", "2018-04-30": "$1,029", "2018-01-31": "$849", "2017-10-31": "$890", "2017-07-31": "$1,043", "2017-04-30": "$1,049", "2017-01-31": "$1,046", "2016-10-31": "$865", "2016-07-31": "$945", "2016-04-30": "$1,062", "2016-01-31": "$1,021", "2015-10-31": "$878", "2015-07-31": "$970", "2015-04-30": "$986", "2015-01-31": "$967", "2014-10-31": "$916", "2014-07-31": "$957", "2014-04-30": "$1,007", "2014-01-31": "$867", "2013-10-31": "$796", "2013-07-31": "$836", "2013-04-30": "$1,105", "2013-01-31": "$928", "2012-10-31": "$853", "2012-07-31": "$820", "2012-04-30": "$909", "2012-01-31": "$851", "2011-10-31": "$698", "2011-07-31": "$681", "2011-04-30": "$799", "2011-01-31": "$696", "2010-10-31": "$541", "2010-07-31": "$519", "2010-04-30": "$616", "2010-01-31": "$589", "2009-10-31": "$438", "2009-07-31": "$415", "2009-04-30": "$431", "2009-01-31": "$408", "2008-10-31": "$400", "2008-07-31": "$431", "2008-04-30": "$502", "2008-01-31": "$493", "2007-10-31": "$332", "2007-07-31": "$363", "2007-04-30": "$418", "2007-01-31": "$470", "2006-10-31": "$263", "2006-07-31": "$318", "2006-04-30": "$370", "2006-01-31": "$587", "2005-10-31": "$390", "2005-07-31": "$360", "2005-04-30": "$405", "2005-01-31": "$492"}}, "long-term-debt": {"Foot Locker Annual Long Term Debt (Millions of US $)": {"2020": "$122", "2019": "$124", "2018": "$125", "2017": "$127", "2016": "$129", "2015": "$132", "2014": "$136", "2013": "$133", "2012": "$135", "2011": "$137", "2010": "$138", "2009": "$142", "2008": "$221", "2007": "$220", "2006": "$275", "2005": "$347"}, "Foot Locker Quarterly Long Term Debt (Millions of US $)": {"2020-10-31": "$129", "2020-07-31": "$124", "2020-04-30": "$121", "2020-01-31": "$122", "2019-10-31": "$122", "2019-07-31": "$123", "2019-04-30": "$123", "2019-01-31": "$124", "2018-10-31": "$124", "2018-07-31": "$124", "2018-04-30": "$125", "2018-01-31": "$125", "2017-10-31": "$126", "2017-07-31": "$126", "2017-04-30": "$127", "2017-01-31": "$127", "2016-10-31": "$127", "2016-07-31": "$128", "2016-04-30": "$128", "2016-01-31": "$129", "2015-10-31": "$130", "2015-07-31": "$130", "2015-04-30": "$131", "2015-01-31": "$132", "2014-10-31": "$132", "2014-07-31": "$134", "2014-04-30": "$135", "2014-01-31": "$136", "2013-10-31": "$137", "2013-07-31": "$138", "2013-04-30": "$132", "2013-01-31": "$133", "2012-10-31": "$133", "2012-07-31": "$133", "2012-04-30": "$135", "2012-01-31": "$135", "2011-10-31": "$136", "2011-07-31": "$136", "2011-04-30": "$136", "2011-01-31": "$137", "2010-10-31": "$137", "2010-07-31": "$137", "2010-04-30": "$137", "2010-01-31": "$138", "2009-10-31": "$138", "2009-07-31": "$138", "2009-04-30": "$142", "2009-01-31": "$142", "2008-10-31": "$128", "2008-07-31": "$125", "2008-04-30": "$219", "2008-01-31": "$221", "2007-10-31": "$220", "2007-07-31": "$216", "2007-04-30": "$221", "2007-01-31": "$220", "2006-10-31": "$235", "2006-07-31": "$249", "2006-04-30": "$272", "2006-01-31": "$275", "2005-10-31": "$327", "2005-07-31": "$330", "2005-04-30": "$347", "2005-01-31": "$347"}}, "total-liabilities": {"Foot Locker Annual Total Liabilities (Millions of US $)": {"2020": "$4,116", "2019": "$1,314", "2018": "$1,442", "2017": "$1,130", "2016": "$1,222", "2015": "$1,081", "2014": "$991", "2013": "$990", "2012": "$940", "2011": "$871", "2010": "$868", "2009": "$953", "2008": "$982", "2007": "$954", "2006": "$1,285", "2005": "$1,407"}, "Foot Locker Quarterly Total Liabilities (Millions of US $)": {"2020-10-31": "$4,366", "2020-07-31": "$4,509", "2020-04-30": "$4,482", "2020-01-31": "$4,116", "2019-10-31": "$4,194", "2019-07-31": "$4,208", "2019-04-30": "$4,326", "2019-01-31": "$1,314", "2018-10-31": "$1,229", "2018-07-31": "$1,350", "2018-04-30": "$1,420", "2018-01-31": "$1,442", "2017-10-31": "$1,156", "2017-07-31": "$1,052", "2017-04-30": "$1,055", "2017-01-31": "$1,130", "2016-10-31": "$1,061", "2016-07-31": "$1,184", "2016-04-30": "$1,083", "2016-01-31": "$1,222", "2015-10-31": "$1,148", "2015-07-31": "$1,125", "2015-04-30": "$1,076", "2015-01-31": "$1,081", "2014-10-31": "$1,016", "2014-07-31": "$1,116", "2014-04-30": "$1,076", "2014-01-31": "$991", "2013-10-31": "$1,011", "2013-07-31": "$1,085", "2013-04-30": "$990", "2013-01-31": "$990", "2012-10-31": "$1,010", "2012-07-31": "$1,055", "2012-04-30": "$1,025", "2012-01-31": "$940", "2011-10-31": "$952", "2011-07-31": "$1,004", "2011-04-30": "$986", "2011-01-31": "$871", "2010-10-31": "$934", "2010-07-31": "$997", "2010-04-30": "$1,010", "2010-01-31": "$868", "2009-10-31": "$981", "2009-07-31": "$1,038", "2009-04-30": "$1,018", "2009-01-31": "$953", "2008-10-31": "$867", "2008-07-31": "$1,006", "2008-04-30": "$1,072", "2008-01-31": "$982", "2007-10-31": "$1,074", "2007-07-31": "$1,097", "2007-04-30": "$1,110", "2007-01-31": "$954", "2006-10-31": "$1,142", "2006-07-31": "$1,256", "2006-04-30": "$1,185", "2006-01-31": "$1,285", "2005-10-31": "$1,415", "2005-07-31": "$1,401", "2005-04-30": "$1,403", "2005-01-31": "$1,407"}}, "total-share-holder-equity": {"Foot Locker Annual Share Holder Equity (Millions of US $)": {"2020": "$2,473", "2019": "$2,506", "2018": "$2,519", "2017": "$2,710", "2016": "$2,553", "2015": "$2,496", "2014": "$2,496", "2013": "$2,377", "2012": "$2,110", "2011": "$2,025", "2010": "$1,948", "2009": "$1,924", "2008": "$2,261", "2007": "$2,295", "2006": "$2,027", "2005": "$1,830"}, "Foot Locker Quarterly Share Holder Equity (Millions of US $)": {"2020-10-31": "$2,652", "2020-07-31": "$2,403", "2020-04-30": "$2,314", "2020-01-31": "$2,473", "2019-10-31": "$2,427", "2019-07-31": "$2,512", "2019-04-30": "$2,602", "2019-01-31": "$2,506", "2018-10-31": "$2,451", "2018-07-31": "$2,482", "2018-04-30": "$2,543", "2018-01-31": "$2,519", "2017-10-31": "$2,657", "2017-07-31": "$2,894", "2017-04-30": "$2,822", "2017-01-31": "$2,710", "2016-10-31": "$2,633", "2016-07-31": "$2,578", "2016-04-30": "$2,675", "2016-01-31": "$2,553", "2015-10-31": "$2,547", "2015-07-31": "$2,579", "2015-04-30": "$2,555", "2015-01-31": "$2,496", "2014-10-31": "$2,602", "2014-07-31": "$2,582", "2014-04-30": "$2,593", "2014-01-31": "$2,496", "2013-10-31": "$2,466", "2013-07-31": "$2,426", "2013-04-30": "$2,475", "2013-01-31": "$2,377", "2012-10-31": "$2,289", "2012-07-31": "$2,179", "2012-04-30": "$2,213", "2012-01-31": "$2,110", "2011-10-31": "$2,093", "2011-07-31": "$2,115", "2011-04-30": "$2,134", "2011-01-31": "$2,025", "2010-10-31": "$1,978", "2010-07-31": "$1,916", "2010-04-30": "$1,950", "2010-01-31": "$1,948", "2009-10-31": "$1,982", "2009-07-31": "$1,977", "2009-04-30": "$1,951", "2009-01-31": "$1,924", "2008-10-31": "$2,162", "2008-07-31": "$2,259", "2008-04-30": "$2,263", "2008-01-31": "$2,261", "2007-10-31": "$2,223", "2007-07-31": "$2,243", "2007-04-30": "$2,295", "2007-01-31": "$2,295", "2006-10-31": "$2,132", "2006-07-31": "$2,080", "2006-04-30": "$2,065", "2006-01-31": "$2,027", "2005-10-31": "$1,940", "2005-07-31": "$1,895", "2005-04-30": "$1,883", "2005-01-31": "$1,830"}}, "profit-margins": {"current": "4.66%"}, "gross margin": {"2020-10-31": "28.48%", "2020-07-31": "28.75%", "2020-04-30": "29.92%", "2020-01-31": "31.77%", "2019-10-31": "32.00%", "2019-07-31": "31.89%", "2019-04-30": "31.92%", "2019-01-31": "31.84%", "2018-10-31": "31.56%", "2018-07-31": "31.42%", "2018-04-30": "31.28%", "2018-01-31": "31.56%", "2017-10-31": "32.22%", "2017-07-31": "32.93%", "2017-04-30": "33.68%", "2017-01-31": "33.94%", "2016-10-31": "33.92%", "2016-07-31": "33.89%", "2016-04-30": "33.82%", "2016-01-31": "33.80%", "2015-10-31": "33.61%", "2015-07-31": "33.45%", "2015-04-30": "33.31%", "2015-01-31": "33.20%", "2014-10-31": "33.10%", "2014-07-31": "33.08%", "2014-04-30": "32.93%", "2014-01-31": "32.79%", "2013-10-31": "32.91%", "2013-07-31": "32.91%", "2013-04-30": "32.97%", "2013-01-31": "32.90%", "2012-10-31": "32.66%", "2012-07-31": "32.49%", "2012-04-30": "32.32%", "2012-01-31": "31.94%", "2011-10-31": "31.67%", "2011-07-31": "31.14%", "2011-04-30": "30.61%", "2011-01-31": "30.03%", "2010-10-31": "29.16%", "2010-07-31": "28.36%", "2010-04-30": "27.83%", "2010-01-31": "27.44%", "2009-10-31": "27.71%", "2009-07-31": "27.71%", "2009-04-30": "28.19%", "2009-01-31": "27.88%", "2008-10-31": "27.01%", "2008-07-31": "27.25%", "2008-04-30": "26.26%", "2008-01-31": "26.12%", "2007-10-31": "28.13%", "2007-07-31": "28.48%", "2007-04-30": "29.42%", "2007-01-31": "30.19%", "2006-10-31": "29.78%", "2006-07-31": "30.04%", "2006-04-30": "30.31%", "2006-01-31": "30.23%", "2005-10-31": "30.26%"}, "operating margin": {"2020-10-31": "4.20%", "2020-07-31": "4.10%", "2020-04-30": "4.45%", "2020-01-31": "8.11%", "2019-10-31": "8.59%", "2019-07-31": "8.42%", "2019-04-30": "8.80%", "2019-01-31": "8.80%", "2018-10-31": "7.06%", "2018-07-31": "7.19%", "2018-04-30": "6.75%", "2018-01-31": "7.34%", "2017-10-31": "10.06%", "2017-07-31": "10.99%", "2017-04-30": "12.49%", "2017-01-31": "12.88%", "2016-10-31": "11.31%", "2016-07-31": "11.30%", "2016-04-30": "11.27%", "2016-01-31": "11.29%", "2015-10-31": "12.49%", "2015-07-31": "12.19%", "2015-04-30": "11.72%", "2015-01-31": "11.31%", "2014-10-31": "10.94%", "2014-07-31": "10.75%", "2014-04-30": "10.48%", "2014-01-31": "10.24%", "2013-10-31": "10.21%", "2013-07-31": "10.27%", "2013-04-30": "10.17%", "2013-01-31": "10.06%", "2012-10-31": "9.68%", "2012-07-31": "9.04%", "2012-04-30": "8.59%", "2012-01-31": "7.86%", "2011-10-31": "7.53%", "2011-07-31": "7.09%", "2011-04-30": "6.42%", "2011-01-31": "5.39%", "2010-10-31": "4.36%", "2010-07-31": "3.44%", "2010-04-30": "3.21%", "2010-01-31": "2.49%", "2009-10-31": "2.72%", "2009-07-31": "2.87%", "2009-04-30": "3.32%", "2009-01-31": "2.98%", "2008-10-31": "2.44%", "2008-07-31": "2.62%", "2008-04-30": "1.58%", "2008-01-31": "1.43%", "2007-10-31": "3.80%", "2007-07-31": "4.58%", "2007-04-30": "5.82%", "2007-01-31": "6.92%", "2006-10-31": "6.55%", "2006-07-31": "6.76%", "2006-04-30": "7.23%", "2006-01-31": "7.24%", "2005-10-31": "7.15%"}, "ebitda margin": {"2020-10-31": "6.53%", "2020-07-31": "6.49%", "2020-04-30": "6.97%", "2020-01-31": "10.34%", "2019-10-31": "10.81%", "2019-07-31": "10.66%", "2019-04-30": "11.01%", "2019-01-31": "11.05%", "2018-10-31": "9.33%", "2018-07-31": "9.46%", "2018-04-30": "9.02%", "2018-01-31": "9.56%", "2017-10-31": "12.23%", "2017-07-31": "13.10%", "2017-04-30": "14.55%", "2017-01-31": "14.91%", "2016-10-31": "13.36%", "2016-07-31": "13.35%", "2016-04-30": "13.30%", "2016-01-31": "13.29%", "2015-10-31": "14.43%", "2015-07-31": "14.09%", "2015-04-30": "13.64%", "2015-01-31": "13.26%", "2014-10-31": "12.96%", "2014-07-31": "12.81%", "2014-04-30": "12.53%", "2014-01-31": "12.28%", "2013-10-31": "12.18%", "2013-07-31": "12.20%", "2013-04-30": "12.10%", "2013-01-31": "11.97%", "2012-10-31": "11.62%", "2012-07-31": "10.97%", "2012-04-30": "10.54%", "2012-01-31": "9.82%", "2011-10-31": "9.50%", "2011-07-31": "9.11%", "2011-04-30": "8.47%", "2011-01-31": "7.49%", "2010-10-31": "6.48%", "2010-07-31": "5.63%", "2010-04-30": "5.45%", "2010-01-31": "4.80%", "2009-10-31": "5.16%", "2009-07-31": "5.32%", "2009-04-30": "5.77%", "2009-01-31": "5.46%", "2008-10-31": "4.87%", "2008-07-31": "5.27%", "2008-04-30": "4.44%", "2008-01-31": "4.49%", "2007-10-31": "6.94%", "2007-07-31": "7.66%", "2007-04-30": "8.89%", "2007-01-31": "9.97%", "2006-10-31": "9.63%", "2006-07-31": "9.88%", "2006-04-30": "10.30%", "2006-01-31": "10.26%", "2005-10-31": "10.17%"}, "pre tax profit margin": {"2020-10-31": "6.81%", "2020-07-31": "4.29%", "2020-04-30": "4.69%", "2020-01-31": "8.39%", "2019-10-31": "8.85%", "2019-07-31": "8.62%", "2019-04-30": "8.98%", "2019-01-31": "8.98%", "2018-10-31": "7.24%", "2018-07-31": "7.35%", "2018-04-30": "6.89%", "2018-01-31": "7.43%", "2017-10-31": "10.14%", "2017-07-31": "11.04%", "2017-04-30": "12.53%", "2017-01-31": "12.93%", "2016-10-31": "12.64%", "2016-07-31": "11.34%", "2016-04-30": "11.29%", "2016-01-31": "11.29%", "2015-10-31": "11.15%", "2015-07-31": "12.22%", "2015-04-30": "11.74%", "2015-01-31": "11.31%", "2014-10-31": "10.89%", "2014-07-31": "10.68%", "2014-04-30": "10.41%", "2014-01-31": "10.19%", "2013-10-31": "9.96%", "2013-07-31": "10.03%", "2013-04-30": "9.96%", "2013-01-31": "9.82%", "2012-10-31": "9.58%", "2012-07-31": "8.94%", "2012-04-30": "8.47%", "2012-01-31": "7.74%", "2011-10-31": "7.29%", "2011-07-31": "6.85%", "2011-04-30": "6.17%", "2011-01-31": "5.09%", "2010-10-31": "4.13%", "2010-07-31": "2.44%", "2010-04-30": "2.20%", "2010-01-31": "1.50%", "2009-10-31": "-3.01%", "2009-07-31": "-1.94%", "2009-04-30": "-1.28%", "2009-01-31": "-1.91%", "2008-10-31": "1.67%", "2008-07-31": "-0.09%", "2008-04-30": "-1.14%", "2008-01-31": "-0.92%", "2007-10-31": "2.03%", "2007-07-31": "4.81%", "2007-04-30": "5.74%", "2007-01-31": "6.82%", "2006-10-31": "6.34%", "2006-07-31": "6.38%", "2006-04-30": "7.20%", "2006-01-31": "7.16%", "2005-10-31": "7.01%"}, "net profit margin": {"2020-10-31": "4.41%", "2020-07-31": "2.62%", "2020-04-30": "2.94%", "2020-01-31": "6.13%", "2019-10-31": "6.39%", "2019-07-31": "6.51%", "2019-04-30": "6.86%", "2019-01-31": "6.81%", "2018-10-31": "4.24%", "2018-07-31": "3.88%", "2018-04-30": "3.45%", "2018-01-31": "3.65%", "2017-10-31": "6.79%", "2017-07-31": "7.49%", "2017-04-30": "8.39%", "2017-01-31": "8.55%", "2016-10-31": "8.26%", "2016-07-31": "7.35%", "2016-04-30": "7.32%", "2016-01-31": "7.30%", "2015-10-31": "7.23%", "2015-07-31": "7.85%", "2015-04-30": "7.53%", "2015-01-31": "7.27%", "2014-10-31": "7.04%", "2014-07-31": "6.92%", "2014-04-30": "6.73%", "2014-01-31": "6.59%", "2013-10-31": "6.41%", "2013-07-31": "6.54%", "2013-04-30": "6.52%", "2013-01-31": "6.42%", "2012-10-31": "6.26%", "2012-07-31": "5.72%", "2012-04-30": "5.43%", "2012-01-31": "4.94%", "2011-10-31": "4.61%", "2011-07-31": "4.45%", "2011-04-30": "4.00%", "2011-01-31": "3.35%", "2010-10-31": "2.71%", "2010-07-31": "1.57%", "2010-04-30": "1.44%", "2010-01-31": "0.99%", "2009-10-31": "-2.06%", "2009-07-31": "-1.42%", "2009-04-30": "-1.01%", "2009-01-31": "-1.53%", "2008-10-31": "2.30%", "2008-07-31": "1.23%", "2008-04-30": "0.57%", "2008-01-31": "0.83%", "2007-10-31": "1.41%", "2007-07-31": "3.12%", "2007-04-30": "3.67%", "2007-01-31": "4.37%", "2006-10-31": "4.13%", "2006-07-31": "4.17%", "2006-04-30": "4.70%", "2006-01-31": "4.67%", "2005-10-31": "4.57%"}, "pe ratio": {"current": "17.01", "2021-02-05": "14.58", "2020-10-31": "10.94", "2020-07-31": "14.59", "2020-04-30": "12.00", "2020-01-31": "8.10", "2019-10-31": "9.09", "2019-07-31": "8.55", "2019-04-30": "11.31", "2019-01-31": "11.31", "2018-10-31": "15.40", "2018-07-31": "17.89", "2018-04-30": "18.28", "2018-01-31": "20.88", "2017-10-31": "6.89", "2017-07-31": "9.82", "2017-04-30": "14.19", "2017-01-31": "12.44", "2016-10-31": "12.80", "2016-07-31": "13.08", "2016-04-30": "13.75", "2016-01-31": "15.45", "2015-10-31": "15.97", "2015-07-31": "15.52", "2015-04-30": "13.76", "2015-01-31": "12.93", "2014-10-31": "14.35", "2014-07-31": "12.58", "2014-04-30": "13.02", "2014-01-31": "11.50", "2013-10-31": "10.78", "2013-07-31": "11.20", "2013-04-30": "10.95", "2013-01-31": "11.01", "2012-10-31": "11.34", "2012-07-31": "12.45", "2012-04-30": "12.31", "2012-01-31": "11.84", "2011-10-31": "10.82", "2011-07-31": "11.37", "2011-04-30": "12.87", "2011-01-31": "13.17", "2010-10-31": "14.50", "2010-07-31": "21.50", "2010-04-30": "26.15", "2010-01-31": "27.65", "2009-10-31": "0.00", "2009-07-31": "0.00", "2009-04-30": "0.00", "2009-01-31": "0.00", "2008-10-31": "12.14", "2008-07-31": "22.35", "2008-04-30": "36.33", "2008-01-31": "28.23", "2007-10-31": "20.44", "2007-07-31": "10.95", "2007-04-30": "11.77", "2007-01-31": "9.19", "2006-10-31": "10.14"}, "price sales": {"2021-02-05": "0.69", "2020-10-31": "0.51", "2020-07-31": "0.42", "2020-04-30": "0.39", "2020-01-31": "0.51", "2019-10-31": "0.58", "2019-07-31": "0.56", "2019-04-30": "0.78", "2019-01-31": "0.78", "2018-10-31": "0.67", "2018-07-31": "0.71", "2018-04-30": "0.64", "2018-01-31": "0.75", "2017-10-31": "0.47", "2017-07-31": "0.74", "2017-04-30": "1.20", "2017-01-31": "1.07", "2016-10-31": "1.06", "2016-07-31": "0.97", "2016-04-30": "1.01", "2016-01-31": "1.13", "2015-10-31": "1.15", "2015-07-31": "1.22", "2015-04-30": "1.04", "2015-01-31": "0.94", "2014-10-31": "1.01", "2014-07-31": "0.87", "2014-04-30": "0.88", "2014-01-31": "0.76", "2013-10-31": "0.69", "2013-07-31": "0.73", "2013-04-30": "0.72", "2013-01-31": "0.71", "2012-10-31": "0.71", "2012-07-31": "0.72", "2012-04-30": "0.67", "2012-01-31": "0.59", "2011-10-31": "0.50", "2011-07-31": "0.50", "2011-04-30": "0.51", "2011-01-31": "0.44", "2010-10-31": "0.39", "2010-07-31": "0.34", "2010-04-30": "0.37", "2010-01-31": "0.28", "2009-10-31": "0.25", "2009-07-31": "0.26", "2009-04-30": "0.26", "2009-01-31": "0.16", "2008-10-31": "0.30", "2008-07-31": "0.30", "2008-04-30": "0.25", "2008-01-31": "0.27", "2007-10-31": "0.28", "2007-07-31": "0.34", "2007-04-30": "0.43", "2007-01-31": "0.40", "2006-10-31": "0.42"}, "price book": {"current": "1.93", "2021-02-05": "1.92", "2020-10-31": "1.44", "2020-07-31": "1.27", "2020-04-30": "1.15", "2020-01-31": "1.56", "2019-10-31": "1.82", "2019-07-31": "1.71", "2019-04-30": "2.34", "2019-01-31": "2.36", "2018-10-31": "2.04", "2018-07-31": "2.12", "2018-04-30": "1.84", "2018-01-31": "2.15", "2017-10-31": "1.27", "2017-07-31": "1.93", "2017-04-30": "3.23", "2017-01-31": "2.97", "2016-10-31": "2.99", "2016-07-31": "2.73", "2016-04-30": "2.75", "2016-01-31": "3.18", "2015-10-31": "3.22", "2015-07-31": "3.32", "2015-04-30": "2.82", "2015-01-31": "2.60", "2014-10-31": "2.65", "2014-07-31": "2.27", "2014-04-30": "2.22", "2014-01-31": "1.91", "2013-10-31": "1.74", "2013-07-31": "1.86", "2013-04-30": "1.77", "2013-01-31": "1.80", "2012-10-31": "1.82", "2012-07-31": "1.88", "2012-04-30": "1.71", "2012-01-31": "1.53", "2011-10-31": "1.27", "2011-07-31": "1.26", "2011-04-30": "1.23", "2011-01-31": "1.08", "2010-10-31": "0.98", "2010-07-31": "0.86", "2010-04-30": "0.94", "2010-01-31": "0.69", "2009-10-31": "0.62", "2009-07-31": "0.65", "2009-04-30": "0.69", "2009-01-31": "0.43", "2008-10-31": "0.74", "2008-07-31": "0.72", "2008-04-30": "0.60", "2008-01-31": "0.64", "2007-10-31": "0.70", "2007-07-31": "0.85", "2007-04-30": "1.07", "2007-01-31": "1.00", "2006-10-31": "1.11", "2006-07-31": "1.33", "2006-04-30": "1.14", "2006-01-31": "1.13"}, "price fcf": {"2021-02-05": "", "2020-10-31": "$7.44", "2020-07-31": "$7.44", "2020-04-30": "$0.66", "2020-01-31": "$4.68", "2019-10-31": "$5.31", "2019-07-31": "$4.69", "2019-04-30": "$4.59", "2019-01-31": "$5.13", "2018-10-31": "$4.26", "2018-07-31": "$6.11", "2018-04-30": "$6.54", "2018-01-31": "$4.21", "2017-10-31": "$4.47", "2017-07-31": "$3.17", "2017-04-30": "$3.76", "2017-01-31": "$4.28", "2016-10-31": "$4.41", "2016-07-31": "$4.33", "2016-04-30": "$4.08", "2016-01-31": "$4.00", "2015-10-31": "$3.25", "2015-07-31": "$3.32", "2015-04-30": "$3.18", "2015-01-31": "$3.61", "2014-10-31": "$3.08", "2014-07-31": "$3.11", "2014-04-30": "$2.35", "2014-01-31": "$2.15", "2013-10-31": "$1.88", "2013-07-31": "$2.04", "2013-04-30": "$2.35", "2013-01-31": "$1.64", "2012-10-31": "$2.14", "2012-07-31": "$2.32", "2012-04-30": "$2.04", "2012-01-31": "$2.23", "2011-10-31": "$2.16", "2011-07-31": "$1.78", "2011-04-30": "$1.81", "2011-01-31": "$1.46", "2010-10-31": "$1.50", "2010-07-31": "$1.49", "2010-04-30": "$1.83", "2010-01-31": "$1.64", "2009-10-31": "$1.38", "2009-07-31": "$1.26", "2009-04-30": "$1.59", "2009-01-31": "$1.54", "2008-10-31": "$1.82", "2008-07-31": "$1.58", "2008-04-30": "$1.18", "2008-01-31": "$0.87", "2007-10-31": "$1.10", "2007-07-31": "$1.19", "2007-04-30": "$1.00", "2007-01-31": "$0.15", "2006-10-31": "$-0.06"}, "net worth": {"value": "$5.1B"}, "current ratio": {"current": "1.83", "2020-10-31": "1.83", "2020-07-31": "1.69", "2020-04-30": "1.67", "2020-01-31": "2.00", "2019-10-31": "1.90", "2019-07-31": "1.99", "2019-04-30": "2.01", "2019-01-31": "3.30", "2018-10-31": "3.42", "2018-07-31": "3.50", "2018-04-30": "3.89", "2018-01-31": "4.14", "2017-10-31": "4.41", "2017-07-31": "5.63", "2017-04-30": "4.90", "2017-01-31": "4.30", "2016-10-31": "4.64", "2016-07-31": "3.83", "2016-04-30": "4.48", "2016-01-31": "3.72", "2015-10-31": "3.77", "2015-07-31": "3.45", "2015-04-30": "3.58", "2015-01-31": "3.53", "2014-10-31": "3.83", "2014-07-31": "3.40", "2014-04-30": "3.54", "2014-01-31": "3.75", "2013-10-31": "3.61", "2013-07-31": "3.27", "2013-04-30": "3.81", "2013-01-31": "3.72", "2012-10-31": "3.67", "2012-07-31": "3.36", "2012-04-30": "3.55", "2012-01-31": "3.79", "2011-10-31": "3.63", "2011-07-31": "3.45", "2011-04-30": "3.53", "2011-01-31": "3.96", "2010-10-31": "3.47", "2010-07-31": "3.27", "2010-04-30": "3.38", "2010-01-31": "4.09", "2009-10-31": "3.94", "2009-07-31": "3.72", "2009-04-30": "3.81", "2009-01-31": "4.22", "2008-10-31": "3.72", "2008-07-31": "3.31", "2008-04-30": "3.60", "2008-01-31": "4.04", "2007-10-31": "3.54", "2007-07-31": "3.31", "2007-04-30": "3.32", "2007-01-31": "3.94", "2006-10-31": "3.21", "2006-07-31": "2.84", "2006-04-30": "3.18", "2006-01-31": "2.81", "2005-10-31": "2.54", "2005-07-31": "2.49", "2005-04-30": "2.50", "2005-01-31": "2.68"}, "quick ratio": {"2020-10-31": "1.06", "2020-07-31": "0.98", "2020-04-30": "0.78", "2020-01-31": "0.99", "2019-10-31": "0.84", "2019-07-31": "0.99", "2019-04-30": "1.07", "2019-01-31": "1.64", "2018-10-31": "1.54", "2018-07-31": "1.76", "2018-04-30": "2.04", "2018-01-31": "2.07", "2017-10-31": "2.09", "2017-07-31": "2.88", "2017-04-30": "2.51", "2017-01-31": "2.17", "2016-10-31": "2.13", "2016-07-31": "1.85", "2016-04-30": "2.30", "2016-01-31": "1.89", "2015-10-31": "1.75", "2015-07-31": "1.67", "2015-04-30": "1.80", "2015-01-31": "1.73", "2014-10-31": "1.79", "2014-07-31": "1.62", "2014-04-30": "1.76", "2014-01-31": "1.81", "2013-10-31": "1.56", "2013-07-31": "1.48", "2013-04-30": "1.99", "2013-01-31": "1.88", "2012-10-31": "1.69", "2012-07-31": "1.52", "2012-04-30": "1.74", "2012-01-31": "1.84", "2011-10-31": "1.51", "2011-07-31": "1.40", "2011-04-30": "1.62", "2011-01-31": "1.79", "2010-10-31": "1.28", "2010-07-31": "1.17", "2010-04-30": "1.37", "2010-01-31": "1.70", "2009-10-31": "1.37", "2009-07-31": "1.22", "2009-04-30": "1.30", "2009-01-31": "1.54", "2008-10-31": "1.25", "2008-07-31": "1.08", "2008-04-30": "1.27", "2008-01-31": "1.53", "2007-10-31": "1.07", "2007-07-31": "1.03", "2007-04-30": "1.04", "2007-01-31": "1.42", "2006-10-31": "0.79", "2006-07-31": "0.73", "2006-04-30": "0.89", "2006-01-31": "1.06", "2005-10-31": "0.74", "2005-07-31": "0.71", "2005-04-30": "0.75", "2005-01-31": "1.00"}, "debt equity ratio": {"current": "0.05", "2020-10-31": "1.65", "2020-07-31": "1.88", "2020-04-30": "1.94", "2020-01-31": "1.66", "2019-10-31": "1.73", "2019-07-31": "1.68", "2019-04-30": "1.66", "2019-01-31": "0.52", "2018-10-31": "0.50", "2018-07-31": "0.54", "2018-04-30": "0.56", "2018-01-31": "0.57", "2017-10-31": "0.44", "2017-07-31": "0.36", "2017-04-30": "0.37", "2017-01-31": "0.42", "2016-10-31": "0.40", "2016-07-31": "0.46", "2016-04-30": "0.41", "2016-01-31": "0.48", "2015-10-31": "0.45", "2015-07-31": "0.44", "2015-04-30": "0.42", "2015-01-31": "0.43", "2014-10-31": "0.39", "2014-07-31": "0.43", "2014-04-30": "0.42", "2014-01-31": "0.40", "2013-10-31": "0.41", "2013-07-31": "0.45", "2013-04-30": "0.40", "2013-01-31": "0.42", "2012-10-31": "0.44", "2012-07-31": "0.48", "2012-04-30": "0.46", "2012-01-31": "0.45", "2011-10-31": "0.46", "2011-07-31": "0.48", "2011-04-30": "0.46", "2011-01-31": "0.43", "2010-10-31": "0.47", "2010-07-31": "0.52", "2010-04-30": "0.52", "2010-01-31": "0.45", "2009-10-31": "0.50", "2009-07-31": "0.53", "2009-04-30": "0.52", "2009-01-31": "0.50", "2008-10-31": "0.40", "2008-07-31": "0.45", "2008-04-30": "0.47", "2008-01-31": "0.43", "2007-10-31": "0.48", "2007-07-31": "0.49", "2007-04-30": "0.48", "2007-01-31": "0.42", "2006-10-31": "0.54", "2006-07-31": "0.60", "2006-04-30": "0.57", "2006-01-31": "0.63", "2005-10-31": "0.73", "2005-07-31": "0.74", "2005-04-30": "0.75", "2005-01-31": "0.77"}, "return on equity": {"2020-10-31": "13.57%", "2020-07-31": "8.07%", "2020-04-30": "8.60%", "2020-01-31": "19.61%", "2019-10-31": "20.50%", "2019-07-31": "20.65%", "2019-04-30": "21.83%", "2019-01-31": "21.68%", "2018-10-31": "13.37%", "2018-07-31": "12.00%", "2018-04-30": "10.14%", "2018-01-31": "10.43%", "2017-10-31": "18.84%", "2017-07-31": "20.87%", "2017-04-30": "24.31%", "2017-01-31": "25.07%", "2016-10-31": "24.26%", "2016-07-31": "21.48%", "2016-04-30": "21.17%", "2016-01-31": "21.15%", "2015-10-31": "20.79%", "2015-07-31": "22.24%", "2015-04-30": "21.18%", "2015-01-31": "20.25%", "2014-10-31": "19.27%", "2014-07-31": "18.90%", "2014-04-30": "18.15%", "2014-01-31": "17.40%", "2013-10-31": "16.91%", "2013-07-31": "17.31%", "2013-04-30": "17.47%", "2013-01-31": "17.53%", "2012-10-31": "17.02%", "2012-07-31": "15.54%", "2012-04-30": "14.63%", "2012-01-31": "13.16%", "2011-10-31": "12.14%", "2011-07-31": "11.63%", "2011-04-30": "10.38%", "2011-01-31": "8.59%", "2010-10-31": "6.93%", "2010-07-31": "3.95%", "2010-04-30": "3.61%", "2010-01-31": "2.44%", "2009-10-31": "-5.11%", "2009-07-31": "-3.49%", "2009-04-30": "-2.51%", "2009-01-31": "-3.72%", "2008-10-31": "5.54%", "2008-07-31": "2.98%", "2008-04-30": "1.38%", "2008-01-31": "2.00%", "2007-10-31": "3.49%", "2007-07-31": "7.90%", "2007-04-30": "9.50%", "2007-01-31": "11.71%", "2006-10-31": "11.27%", "2006-07-31": "11.59%", "2006-04-30": "13.37%", "2006-01-31": "13.63%", "2005-10-31": "13.62%"}, "return on assets": {"2020-10-31": "4.89%", "2020-07-31": "2.88%", "2020-04-30": "3.13%", "2020-01-31": "7.31%", "2019-10-31": "8.55%", "2019-07-31": "9.84%", "2019-04-30": "12.00%", "2019-01-31": "14.15%", "2018-10-31": "8.66%", "2018-07-31": "7.86%", "2018-04-30": "6.86%", "2018-01-31": "7.28%", "2017-10-31": "13.49%", "2017-07-31": "15.03%", "2017-04-30": "17.21%", "2017-01-31": "17.64%", "2016-10-31": "16.89%", "2016-07-31": "14.84%", "2016-04-30": "14.68%", "2016-01-31": "14.62%", "2015-10-31": "14.49%", "2015-07-31": "15.66%", "2015-04-30": "14.93%", "2015-01-31": "14.28%", "2014-10-31": "13.68%", "2014-07-31": "13.37%", "2014-04-30": "12.81%", "2014-01-31": "12.31%", "2013-10-31": "11.92%", "2013-07-31": "12.14%", "2013-04-30": "12.18%", "2013-01-31": "12.09%", "2012-10-31": "11.67%", "2012-07-31": "10.63%", "2012-04-30": "10.02%", "2012-01-31": "9.02%", "2011-10-31": "8.34%", "2011-07-31": "7.97%", "2011-04-30": "7.06%", "2011-01-31": "5.79%", "2010-10-31": "4.65%", "2010-07-31": "2.64%", "2010-04-30": "2.42%", "2010-01-31": "1.63%", "2009-10-31": "-3.38%", "2009-07-31": "-2.35%", "2009-04-30": "-1.71%", "2009-01-31": "-2.56%", "2008-10-31": "3.85%", "2008-07-31": "2.04%", "2008-04-30": "0.94%", "2008-01-31": "1.35%", "2007-10-31": "2.38%", "2007-07-31": "5.34%", "2007-04-30": "6.30%", "2007-01-31": "7.66%", "2006-10-31": "7.11%", "2006-07-31": "7.09%", "2006-04-30": "8.02%", "2006-01-31": "7.97%", "2005-10-31": "7.80%"}, "return on investments": {"2020-10-31": "12.30%", "2020-07-31": "12.03%", "2020-04-30": "12.38%", "2020-01-31": "24.71%", "2019-10-31": "26.26%", "2019-07-31": "25.44%", "2019-04-30": "26.69%", "2019-01-31": "26.68%", "2018-10-31": "21.20%", "2018-07-31": "21.19%", "2018-04-30": "18.97%", "2018-01-31": "20.04%", "2017-10-31": "26.68%", "2017-07-31": "29.26%", "2017-04-30": "34.55%", "2017-01-31": "36.02%", "2016-10-31": "31.63%", "2016-07-31": "31.47%", "2016-04-30": "31.02%", "2016-01-31": "31.13%", "2015-10-31": "34.17%", "2015-07-31": "32.87%", "2015-04-30": "31.36%", "2015-01-31": "29.95%", "2014-10-31": "28.46%", "2014-07-31": "27.87%", "2014-04-30": "26.83%", "2014-01-31": "25.60%", "2013-10-31": "25.52%", "2013-07-31": "25.73%", "2013-04-30": "25.78%", "2013-01-31": "25.94%", "2012-10-31": "24.79%", "2012-07-31": "23.12%", "2012-04-30": "21.78%", "2012-01-31": "19.66%", "2011-10-31": "18.63%", "2011-07-31": "17.41%", "2011-04-30": "15.58%", "2011-01-31": "12.93%", "2010-10-31": "10.41%", "2010-07-31": "8.10%", "2010-01-31": "5.75%", "2009-10-31": "6.29%", "2009-04-30": "7.74%", "2009-01-31": "6.77%", "2008-10-31": "5.48%", "2008-07-31": "5.84%", "2008-04-30": "3.49%", "2008-01-31": "3.15%", "2007-10-31": "8.58%", "2007-07-31": "10.55%", "2007-04-30": "13.65%", "2007-01-31": "16.67%", "2006-10-31": "15.90%", "2006-07-31": "16.50%", "2006-04-30": "17.87%", "2006-01-31": "18.13%", "2005-10-31": "18.07%"}, "return on tangible equity": {"2020-10-31": "14.62%", "2020-07-31": "8.71%", "2020-04-30": "9.27%", "2020-01-31": "21.10%", "2019-10-31": "22.07%", "2019-07-31": "22.27%", "2019-04-30": "23.60%", "2019-01-31": "23.51%", "2018-10-31": "14.53%", "2018-07-31": "13.03%", "2018-04-30": "10.98%", "2018-01-31": "11.27%", "2017-10-31": "20.31%", "2017-07-31": "22.49%", "2017-04-30": "26.26%", "2017-01-31": "27.11%", "2016-10-31": "26.28%", "2016-07-31": "23.30%", "2016-04-30": "22.96%", "2016-01-31": "22.96%", "2015-10-31": "22.60%", "2015-07-31": "24.20%", "2015-04-30": "23.10%", "2015-01-31": "22.13%", "2014-10-31": "21.12%", "2014-07-31": "20.77%", "2014-04-30": "20.00%", "2014-01-31": "19.09%", "2013-10-31": "18.49%", "2013-07-31": "19.01%", "2013-04-30": "19.28%", "2013-01-31": "19.60%", "2012-10-31": "19.13%", "2012-07-31": "17.55%", "2012-04-30": "16.58%", "2012-01-31": "14.97%", "2011-10-31": "13.87%", "2011-07-31": "13.37%", "2011-04-30": "11.99%", "2011-01-31": "9.98%", "2010-10-31": "8.09%", "2010-07-31": "4.62%", "2010-04-30": "4.23%", "2010-01-31": "2.87%", "2009-10-31": "-6.01%", "2009-07-31": "-4.15%", "2009-04-30": "-3.00%", "2009-01-31": "-4.49%", "2008-10-31": "6.74%", "2008-07-31": "3.64%", "2008-04-30": "1.70%", "2008-01-31": "2.47%", "2007-10-31": "4.31%", "2007-07-31": "9.80%", "2007-04-30": "11.87%", "2007-01-31": "14.77%", "2006-10-31": "14.36%", "2006-07-31": "14.67%", "2006-04-30": "16.81%", "2006-01-31": "17.06%", "2005-10-31": "17.23%"}, "dividend yield history": {"last payout": "$0.60", "last yield": "1.22%"}}