{"ticker": "FTV", "price": {"title": "Fortive Historical Annual Stock Price Data", "value": 68.9, "historical": {"2020": {"Average Stock Price": "68.2502", "Year Open": "77.5500", "Year High": "81.7900", "Year Low": "42.0100", "Year Close": "70.8200", "Annual % Change": "-7.29%"}, "2019": {"Average Stock Price": "76.0353", "Year Open": "67.3500", "Year High": "89.0600", "Year Low": "64.2400", "Year Close": "76.3900", "Annual % Change": "12.90%"}, "2018": {"Average Stock Price": "76.7586", "Year Open": "72.3800", "Year High": "87.3800", "Year Low": "63.6400", "Year Close": "67.6600", "Annual % Change": "-6.48%"}, "2017": {"Average Stock Price": "64.4987", "Year Open": "53.7300", "Year High": "74.6500", "Year Low": "53.6600", "Year Close": "72.3500", "Annual % Change": "34.91%"}, "2016": {"Average Stock Price": "51.6746", "Year Open": "48.6000", "Year High": "55.9700", "Year Low": "47.4900", "Year Close": "53.6300", "Annual % Change": "0.00%"}}}, "market cap": {"value": "$23.23B"}, "income statement": {"Revenue": {"2020-12-31": "4634.40000", "2019-12-31": "7320.00000", "2018-12-31": "6452.70000", "2017-12-31": "5756.10000", "2016-12-31": "5378.20000", "2015-12-31": "6178.80000", "2014-12-31": "6337.20000", "2013-12-31": "5961.90000", "2012-12-31": "5785.30000"}, "Cost Of Goods Sold": {"2020-12-31": "2025.90000", "2019-12-31": "3639.70000", "2018-12-31": "3131.40000", "2017-12-31": "2834.70000", "2016-12-31": "2692.70000", "2015-12-31": "3178.80000", "2014-12-31": "3288.00000", "2013-12-31": "3097.90000", "2012-12-31": "3022.30000"}, "Gross Profit": {"2020-12-31": "2608.50000", "2019-12-31": "3680.30000", "2018-12-31": "3321.30000", "2017-12-31": "2921.40000", "2016-12-31": "2685.50000", "2015-12-31": "3000.00000", "2014-12-31": "3049.20000", "2013-12-31": "2864.00000", "2012-12-31": "2763.00000"}, "Research And Development Expenses": {"2020-12-31": "320.70000", "2019-12-31": "456.70000", "2018-12-31": "414.30000", "2017-12-31": "369.30000", "2016-12-31": "351.00000", "2015-12-31": "377.70000", "2014-12-31": "387.60000", "2013-12-31": "378.30000", "2012-12-31": "352.70000"}, "SG&A Expenses": {"2020-12-31": "1748.40000", "2019-12-31": "2219.50000", "2018-12-31": "1728.60000", "2017-12-31": "1409.10000", "2016-12-31": "1272.80000", "2015-12-31": "1352.60000", "2014-12-31": "1416.30000", "2013-12-31": "1342.50000", "2012-12-31": "1282.50000"}, "Other Operating Income Or Expenses": {"2020-12-31": "", "2019-12-31": "", "2018-12-31": "", "2017-12-31": "", "2016-12-31": "", "2015-12-31": "", "2014-12-31": "", "2013-12-31": "", "2012-12-31": ""}, "Operating Expenses": {"2020-12-31": "4095.00000", "2019-12-31": "6315.90000", "2018-12-31": "5274.30000", "2017-12-31": "4613.10000", "2016-12-31": "4316.50000", "2015-12-31": "4909.10000", "2014-12-31": "5091.90000", "2013-12-31": "4818.70000", "2012-12-31": "4657.50000"}, "Operating Income": {"2020-12-31": "539.39990", "2019-12-31": "1004.10000", "2018-12-31": "1178.40000", "2017-12-31": "1143.00000", "2016-12-31": "1061.70000", "2015-12-31": "1269.70000", "2014-12-31": "1245.30000", "2013-12-31": "1143.20000", "2012-12-31": "1127.80000"}, "Total Non-Operating Income/Expense": {"2020-12-31": "968.29990", "2019-12-31": "-129.60000", "2018-12-31": "-100.00000", "2017-12-31": "-69.40000", "2016-12-31": "-51.20000", "2015-12-31": "", "2014-12-31": "33.90000", "2013-12-31": "", "2012-12-31": ""}, "Pre-Tax Income": {"2020-12-31": "1507.70000", "2019-12-31": "874.50000", "2018-12-31": "1078.40000", "2017-12-31": "1073.60000", "2016-12-31": "1010.50000", "2015-12-31": "1269.70000", "2014-12-31": "1279.20000", "2013-12-31": "1143.20000", "2012-12-31": "1127.80000"}, "Income Taxes": {"2020-12-31": "55.50000", "2019-12-31": "149.10000", "2018-12-31": "160.10000", "2017-12-31": "189.30000", "2016-12-31": "270.30000", "2015-12-31": "405.90000", "2014-12-31": "395.80000", "2013-12-31": "312.30000", "2012-12-31": "364.10000"}, "Income After Taxes": {"2020-12-31": "1452.20000", "2019-12-31": "725.40000", "2018-12-31": "918.30000", "2017-12-31": "884.30000", "2016-12-31": "740.20000", "2015-12-31": "863.79990", "2014-12-31": "883.40000", "2013-12-31": "830.90000", "2012-12-31": "763.70010"}, "Other Income": {"2020-12-31": "", "2019-12-31": "", "2018-12-31": "", "2017-12-31": "", "2016-12-31": "", "2015-12-31": "", "2014-12-31": "", "2013-12-31": "", "2012-12-31": ""}, "Income From Continuous Operations": {"2020-12-31": "1452.20000", "2019-12-31": "725.40000", "2018-12-31": "918.30000", "2017-12-31": "884.30000", "2016-12-31": "740.20000", "2015-12-31": "863.79990", "2014-12-31": "883.40000", "2013-12-31": "830.90000", "2012-12-31": "763.70010"}, "Income From Discontinued Operations": {"2020-12-31": "161.10000", "2019-12-31": "13.50000", "2018-12-31": "1995.50000", "2017-12-31": "160.20000", "2016-12-31": "132.10000", "2015-12-31": "", "2014-12-31": "", "2013-12-31": "", "2012-12-31": ""}, "Net Income": {"2020-12-31": "1544.30000", "2019-12-31": "669.90000", "2018-12-31": "2878.90000", "2017-12-31": "1044.50000", "2016-12-31": "872.30000", "2015-12-31": "863.80000", "2014-12-31": "883.40000", "2013-12-31": "830.90000", "2012-12-31": "763.70000"}, "EBITDA": {"2020-12-31": "923.39990", "2019-12-31": "1430.30000", "2018-12-31": "1440.30000", "2017-12-31": "1303.60000", "2016-12-31": "1227.40000", "2015-12-31": "1458.60000", "2014-12-31": "1423.30000", "2013-12-31": "1302.90000", "2012-12-31": "1272.80000"}, "EBIT": {"2020-12-31": "539.39990", "2019-12-31": "1004.10000", "2018-12-31": "1178.40000", "2017-12-31": "1143.00000", "2016-12-31": "1061.70000", "2015-12-31": "1269.70000", "2014-12-31": "1245.30000", "2013-12-31": "1143.20000", "2012-12-31": "1127.80000"}, "Basic Shares Outstanding": {"2020-12-31": "337.40000", "2019-12-31": "335.80000", "2018-12-31": "345.50000", "2017-12-31": "347.50000", "2016-12-31": "345.70000", "2015-12-31": "345.20000", "2014-12-31": "345.20000", "2013-12-31": "", "2012-12-31": ""}, "Shares Outstanding": {"2020-12-31": "359.00000", "2019-12-31": "340.00000", "2018-12-31": "350.70000", "2017-12-31": "352.60000", "2016-12-31": "347.30000", "2015-12-31": "345.20000", "2014-12-31": "345.20000", "2013-12-31": "", "2012-12-31": ""}, "Basic EPS": {"2020-12-31": "4.58000", "2019-12-31": "1.99000", "2018-12-31": "8.33000", "2017-12-31": "3.01000", "2016-12-31": "2.52000", "2015-12-31": "2.50000", "2014-12-31": "2.56000", "2013-12-31": "", "2012-12-31": ""}, "EPS - Earnings Per Share": {"2020-12-31": "4.49000", "2019-12-31": "1.97000", "2018-12-31": "8.21000", "2017-12-31": "2.96000", "2016-12-31": "2.51000", "2015-12-31": "2.50000", "2014-12-31": "2.56000", "2013-12-31": "0.00000", "2012-12-31": "0.00000"}}, "income statement, quarterly": {"Revenue": {"2020-12-31": "1324.90000", "2020-09-30": "1902.30000", "2020-06-30": "1571.20000", "2020-03-31": "1713.50000", "2019-12-31": "2002.40000", "2019-09-30": "1860.00000", "2019-06-30": "1864.70000", "2019-03-31": "1592.90000", "2018-12-31": "1757.50000", "2018-09-30": "1601.20000", "2018-06-30": "1601.80000", "2018-03-31": "1492.20000", "2017-12-31": "906.80000", "2017-09-30": "1685.30000", "2017-06-30": "1628.80000", "2017-03-31": "1535.20000", "2016-12-31": "781.00020", "2016-09-30": "1567.40000", "2016-06-30": "1555.10000", "2016-03-31": "1474.70000", "2015-12-31": "1575.80000", "2015-09-30": "1524.60000", "2015-06-30": "1564.90000", "2015-03-31": "1513.50000", "2014-12-31": "", "2013-12-31": "", "2012-12-31": ""}, "Cost Of Goods Sold": {"2020-12-31": "562.80000", "2020-09-30": "918.90000", "2020-06-30": "756.90000", "2020-03-31": "837.70000", "2019-12-31": "966.49990", "2019-09-30": "932.30000", "2019-06-30": "960.70000", "2019-03-31": "780.20000", "2018-12-31": "859.19990", "2018-09-30": "775.30000", "2018-06-30": "771.00000", "2018-03-31": "725.90000", "2017-12-31": "373.89980", "2017-09-30": "845.90000", "2017-06-30": "823.70000", "2017-03-31": "791.20000", "2016-12-31": "331.70000", "2016-09-30": "794.50000", "2016-06-30": "787.00000", "2016-03-31": "779.50000", "2015-12-31": "818.50000", "2015-09-30": "777.40000", "2015-06-30": "800.10000", "2015-03-31": "782.80000", "2014-12-31": "", "2013-12-31": "", "2012-12-31": ""}, "Gross Profit": {"2020-12-31": "762.10000", "2020-09-30": "983.40010", "2020-06-30": "814.29990", "2020-03-31": "875.80000", "2019-12-31": "1035.90000", "2019-09-30": "927.70000", "2019-06-30": "903.99990", "2019-03-31": "812.70000", "2018-12-31": "898.30010", "2018-09-30": "825.89990", "2018-06-30": "830.80000", "2018-03-31": "766.30000", "2017-12-31": "532.90020", "2017-09-30": "839.40000", "2017-06-30": "805.10000", "2017-03-31": "743.99990", "2016-12-31": "449.30030", "2016-09-30": "772.90000", "2016-06-30": "768.10000", "2016-03-31": "695.20000", "2015-12-31": "757.30000", "2015-09-30": "747.20000", "2015-06-30": "764.80000", "2015-03-31": "730.70000", "2014-12-31": "", "2013-12-31": "", "2012-12-31": ""}, "Research And Development Expenses": {"2020-12-31": "83.40000", "2020-09-30": "110.70000", "2020-06-30": "106.60000", "2020-03-31": "113.70000", "2019-12-31": "111.20000", "2019-09-30": "119.10000", "2019-06-30": "117.40000", "2019-03-31": "109.00000", "2018-12-31": "108.80000", "2018-09-30": "103.70000", "2018-06-30": "101.90000", "2018-03-31": "99.90000", "2017-12-31": "72.00000", "2017-09-30": "102.00000", "2017-06-30": "99.10000", "2017-03-31": "96.20000", "2016-12-31": "65.40000", "2016-09-30": "95.20000", "2016-06-30": "96.70000", "2016-03-31": "93.70000", "2015-12-31": "91.00000", "2015-09-30": "95.70000", "2015-06-30": "95.90000", "2015-03-31": "95.10000", "2014-12-31": "", "2013-12-31": "", "2012-12-31": ""}, "SG&A Expenses": {"2020-12-31": "494.80000", "2020-09-30": "562.30000", "2020-06-30": "516.60000", "2020-03-31": "557.20000", "2019-12-31": "629.50000", "2019-09-30": "566.50000", "2019-06-30": "537.10000", "2019-03-31": "486.40000", "2018-12-31": "495.00000", "2018-09-30": "440.60000", "2018-06-30": "404.50000", "2018-03-31": "388.50000", "2017-12-31": "319.29990", "2017-09-30": "380.70000", "2017-06-30": "356.90000", "2017-03-31": "352.20000", "2016-12-31": "230.50010", "2016-09-30": "354.50000", "2016-06-30": "349.30000", "2016-03-31": "338.50000", "2015-12-31": "328.20000", "2015-09-30": "349.70000", "2015-06-30": "333.20000", "2015-03-31": "341.50000", "2014-12-31": "", "2013-12-31": "", "2012-12-31": ""}, "Other Operating Income Or Expenses": {"2020-12-31": "", "2020-09-30": "", "2020-06-30": "", "2020-03-31": "", "2019-12-31": "", "2019-09-30": "", "2019-06-30": "", "2019-03-31": "", "2018-12-31": "", "2018-09-30": "", "2018-06-30": "", "2018-03-31": "", "2017-12-31": "", "2017-09-30": "", "2017-06-30": "", "2017-03-31": "", "2016-12-31": "", "2016-09-30": "", "2016-06-30": "", "2016-03-31": "", "2015-12-31": "", "2015-09-30": "", "2015-06-30": "", "2015-03-31": "", "2014-12-31": "", "2013-12-31": "", "2012-12-31": ""}, "Operating Expenses": {"2020-12-31": "1141.00000", "2020-09-30": "1591.90000", "2020-06-30": "1380.10000", "2020-03-31": "1593.90000", "2019-12-31": "1707.20000", "2019-09-30": "1617.90000", "2019-06-30": "1615.20000", "2019-03-31": "1375.60000", "2018-12-31": "1463.00000", "2018-09-30": "1319.60000", "2018-06-30": "1277.40000", "2018-03-31": "1214.30000", "2017-12-31": "765.20000", "2017-09-30": "1328.60000", "2017-06-30": "1279.70000", "2017-03-31": "1239.60000", "2016-12-31": "627.60010", "2016-09-30": "1244.20000", "2016-06-30": "1233.00000", "2016-03-31": "1211.70000", "2015-12-31": "1237.70000", "2015-09-30": "1222.80000", "2015-06-30": "1229.20000", "2015-03-31": "1219.40000", "2014-12-31": "", "2013-12-31": "", "2012-12-31": ""}, "Operating Income": {"2020-12-31": "183.90000", "2020-09-30": "310.40010", "2020-06-30": "191.10000", "2020-03-31": "119.60010", "2019-12-31": "295.20000", "2019-09-30": "242.10000", "2019-06-30": "249.50000", "2019-03-31": "217.30000", "2018-12-31": "294.50020", "2018-09-30": "281.59990", "2018-06-30": "324.40000", "2018-03-31": "277.89990", "2017-12-31": "141.60010", "2017-09-30": "356.70000", "2017-06-30": "349.10010", "2017-03-31": "295.59990", "2016-12-31": "153.40010", "2016-09-30": "323.20010", "2016-06-30": "322.10000", "2016-03-31": "263.00000", "2015-12-31": "338.10010", "2015-09-30": "301.79990", "2015-06-30": "335.70010", "2015-03-31": "294.10010", "2014-12-31": "", "2013-12-31": "", "2012-12-31": ""}, "Total Non-Operating Income/Expense": {"2020-12-31": "1080.20000", "2020-09-30": "-45.30000", "2020-06-30": "-37.90000", "2020-03-31": "-48.20000", "2019-12-31": "-52.50000", "2019-09-30": "-7.00000", "2019-06-30": "-45.20000", "2019-03-31": "-24.90000", "2018-12-31": "-27.10000", "2018-09-30": "-23.90000", "2018-06-30": "-25.00000", "2018-03-31": "-24.00000", "2017-12-31": "-14.20000", "2017-09-30": "-8.40000", "2017-06-30": "-23.50000", "2017-03-31": "-23.30000", "2016-12-31": "-25.10000", "2016-09-30": "-23.40000", "2016-06-30": "-2.70000", "2016-03-31": "", "2015-12-31": "", "2015-09-30": "", "2015-06-30": "", "2015-03-31": "", "2014-12-31": "", "2013-12-31": "", "2012-12-31": ""}, "Pre-Tax Income": {"2020-12-31": "1264.10000", "2020-09-30": "265.10000", "2020-06-30": "153.20000", "2020-03-31": "71.40000", "2019-12-31": "242.70000", "2019-09-30": "235.10000", "2019-06-30": "204.30000", "2019-03-31": "192.40000", "2018-12-31": "267.40010", "2018-09-30": "257.70000", "2018-06-30": "299.40000", "2018-03-31": "253.90000", "2017-12-31": "127.40000", "2017-09-30": "348.30000", "2017-06-30": "325.60000", "2017-03-31": "272.30000", "2016-12-31": "128.30000", "2016-09-30": "299.80000", "2016-06-30": "319.40000", "2016-03-31": "263.00000", "2015-12-31": "338.10000", "2015-09-30": "301.80000", "2015-06-30": "335.70000", "2015-03-31": "294.10000", "2014-12-31": "", "2013-12-31": "", "2012-12-31": ""}, "Income Taxes": {"2020-12-31": "12.50000", "2020-09-30": "39.30000", "2020-06-30": "22.90000", "2020-03-31": "29.10000", "2019-12-31": "63.90000", "2019-09-30": "27.80000", "2019-06-30": "29.00000", "2019-03-31": "28.40000", "2018-12-31": "27.30000", "2018-09-30": "43.70000", "2018-06-30": "49.20000", "2018-03-31": "39.90000", "2017-12-31": "-49.30000", "2017-09-30": "80.50000", "2017-06-30": "85.50000", "2017-03-31": "72.60000", "2016-12-31": "35.90000", "2016-09-30": "72.90000", "2016-06-30": "80.50000", "2016-03-31": "81.00000", "2015-12-31": "102.00000", "2015-09-30": "105.20000", "2015-06-30": "108.30000", "2015-03-31": "90.40000", "2014-12-31": "", "2013-12-31": "", "2012-12-31": ""}, "Income After Taxes": {"2020-12-31": "1251.60000", "2020-09-30": "225.80000", "2020-06-30": "130.30000", "2020-03-31": "42.30000", "2019-12-31": "178.80000", "2019-09-30": "207.30000", "2019-06-30": "175.30000", "2019-03-31": "164.00000", "2018-12-31": "240.10000", "2018-09-30": "214.00000", "2018-06-30": "250.20000", "2018-03-31": "214.00000", "2017-12-31": "176.70000", "2017-09-30": "267.80000", "2017-06-30": "240.10000", "2017-03-31": "199.70000", "2016-12-31": "92.40010", "2016-09-30": "226.90000", "2016-06-30": "238.90000", "2016-03-31": "182.00000", "2015-12-31": "236.10000", "2015-09-30": "196.60000", "2015-06-30": "227.40000", "2015-03-31": "203.70000", "2014-12-31": "", "2013-12-31": "", "2012-12-31": ""}, "Other Income": {"2020-12-31": "", "2020-09-30": "", "2020-06-30": "", "2020-03-31": "", "2019-12-31": "", "2019-09-30": "", "2019-06-30": "", "2019-03-31": "", "2018-12-31": "", "2018-09-30": "", "2018-06-30": "", "2018-03-31": "", "2017-12-31": "", "2017-09-30": "", "2017-06-30": "", "2017-03-31": "", "2016-12-31": "", "2016-09-30": "", "2016-06-30": "", "2016-03-31": "", "2015-12-31": "0.00000", "2015-09-30": "", "2015-06-30": "", "2015-03-31": "", "2014-12-31": "", "2013-12-31": "", "2012-12-31": ""}, "Income From Continuous Operations": {"2020-12-31": "1251.60000", "2020-09-30": "225.80000", "2020-06-30": "130.30000", "2020-03-31": "42.30000", "2019-12-31": "178.80000", "2019-09-30": "207.30000", "2019-06-30": "175.30000", "2019-03-31": "164.00000", "2018-12-31": "240.10000", "2018-09-30": "214.00000", "2018-06-30": "250.20000", "2018-03-31": "214.00000", "2017-12-31": "176.70000", "2017-09-30": "267.80000", "2017-06-30": "240.10000", "2017-03-31": "199.70000", "2016-12-31": "92.40010", "2016-09-30": "226.90000", "2016-06-30": "238.90000", "2016-03-31": "182.00000", "2015-12-31": "236.10000", "2015-09-30": "196.60000", "2015-06-30": "227.40000", "2015-03-31": "203.70000", "2014-12-31": "", "2013-12-31": "", "2012-12-31": ""}, "Income From Discontinued Operations": {"2020-12-31": "-36.00000", "2020-09-30": "", "2020-06-30": "-0.30000", "2020-03-31": "-0.40000", "2019-12-31": "14.00000", "2019-09-30": "-0.20000", "2019-06-30": "-0.70000", "2019-03-31": "0.40000", "2018-12-31": "1872.20000", "2018-09-30": "31.30000", "2018-06-30": "44.80000", "2018-03-31": "47.20000", "2017-12-31": "", "2017-09-30": "", "2017-06-30": "", "2017-03-31": "", "2016-12-31": "", "2016-09-30": "", "2016-06-30": "", "2016-03-31": "", "2015-12-31": "0.00000", "2015-09-30": "", "2015-06-30": "", "2015-03-31": "", "2014-12-31": "", "2013-12-31": "", "2012-12-31": ""}, "Net Income": {"2020-12-31": "1198.40000", "2020-09-30": "208.50000", "2020-06-30": "112.80000", "2020-03-31": "24.60000", "2019-12-31": "175.60000", "2019-09-30": "189.80000", "2019-06-30": "157.40000", "2019-03-31": "147.10000", "2018-12-31": "2095.00000", "2018-09-30": "227.90000", "2018-06-30": "294.80000", "2018-03-31": "261.20000", "2017-12-31": "336.90000", "2017-09-30": "267.80000", "2017-06-30": "240.10000", "2017-03-31": "199.70000", "2016-12-31": "224.50000", "2016-09-30": "226.90000", "2016-06-30": "238.90000", "2016-03-31": "182.00000", "2015-12-31": "236.10000", "2015-09-30": "196.60000", "2015-06-30": "227.40000", "2015-03-31": "203.70000", "2014-12-31": "", "2013-12-31": "", "2012-12-31": ""}, "EBITDA": {"2020-12-31": "", "2020-09-30": "426.30010", "2020-06-30": "310.20000", "2020-03-31": "322.50010", "2019-12-31": "412.30000", "2019-09-30": "358.90000", "2019-06-30": "359.90000", "2019-03-31": "299.20000", "2018-12-31": "383.90030", "2018-09-30": "343.99980", "2018-06-30": "378.60000", "2018-03-31": "333.79990", "2017-12-31": "188.50010", "2017-09-30": "396.59990", "2017-06-30": "386.20010", "2017-03-31": "332.29990", "2016-12-31": "181.70020", "2016-09-30": "371.80000", "2016-06-30": "367.00000", "2016-03-31": "306.90000", "2015-12-31": "382.80010", "2015-09-30": "357.39990", "2015-06-30": "380.60010", "2015-03-31": "337.80010", "2014-12-31": "", "2013-12-31": "", "2012-12-31": ""}, "EBIT": {"2020-12-31": "183.90000", "2020-09-30": "310.40010", "2020-06-30": "191.10000", "2020-03-31": "119.60010", "2019-12-31": "295.20010", "2019-09-30": "242.10000", "2019-06-30": "249.50000", "2019-03-31": "217.30000", "2018-12-31": "294.50060", "2018-09-30": "281.59990", "2018-06-30": "324.40000", "2018-03-31": "277.89990", "2017-12-31": "141.60010", "2017-09-30": "356.70000", "2017-06-30": "349.10010", "2017-03-31": "295.59990", "2016-12-31": "153.40010", "2016-09-30": "323.20010", "2016-06-30": "322.10000", "2016-03-31": "263.00000", "2015-12-31": "338.10010", "2015-09-30": "301.79990", "2015-06-30": "335.70010", "2015-03-31": "294.10010", "2014-12-31": "", "2013-12-31": "", "2012-12-31": ""}, "Basic Shares Outstanding": {"2020-12-31": "338.00000", "2020-09-30": "337.60000", "2020-06-30": "337.30000", "2020-03-31": "336.80000", "2019-12-31": "335.80000", "2019-09-30": "336.10000", "2019-06-30": "335.60000", "2019-03-31": "335.10000", "2018-12-31": "345.50000", "2018-09-30": "349.90000", "2018-06-30": "349.20000", "2018-03-31": "348.60000", "2017-12-31": "347.50000", "2017-09-30": "347.70000", "2017-06-30": "347.20000", "2017-03-31": "347.00000", "2016-12-31": "345.70000", "2016-09-30": "346.00000", "2016-06-30": "345.20000", "2016-03-31": "345.20000", "2015-12-31": "345.20000", "2015-09-30": "345.20000", "2015-06-30": "345.20000", "2015-03-31": "", "2014-12-31": "", "2013-12-31": "", "2012-12-31": ""}, "Shares Outstanding": {"2020-12-31": "360.70000", "2020-09-30": "340.80000", "2020-06-30": "339.70000", "2020-03-31": "340.00000", "2019-12-31": "340.00000", "2019-09-30": "339.90000", "2019-06-30": "339.70000", "2019-03-31": "339.50000", "2018-12-31": "350.70000", "2018-09-30": "355.30000", "2018-06-30": "355.00000", "2018-03-31": "354.40000", "2017-12-31": "352.60000", "2017-09-30": "352.90000", "2017-06-30": "352.20000", "2017-03-31": "351.50000", "2016-12-31": "347.30000", "2016-09-30": "349.20000", "2016-06-30": "345.20000", "2016-03-31": "345.20000", "2015-12-31": "345.20000", "2015-09-30": "345.20000", "2015-06-30": "345.20000", "2015-03-31": "", "2014-12-31": "", "2013-12-31": "", "2012-12-31": ""}, "Basic EPS": {"2020-12-31": "3.55000", "2020-09-30": "0.62000", "2020-06-30": "0.33000", "2020-03-31": "0.07000", "2019-12-31": "0.52000", "2019-09-30": "0.56000", "2019-06-30": "0.47000", "2019-03-31": "0.44000", "2018-12-31": "6.09000", "2018-09-30": "0.65000", "2018-06-30": "0.84000", "2018-03-31": "0.75000", "2017-12-31": "0.97000", "2017-09-30": "0.77000", "2017-06-30": "0.69000", "2017-03-31": "0.58000", "2016-12-31": "0.64000", "2016-09-30": "0.66000", "2016-06-30": "0.69000", "2016-03-31": "0.53000", "2015-12-31": "0.68000", "2015-09-30": "0.57000", "2015-06-30": "0.66000", "2015-03-31": "", "2014-12-31": "", "2013-12-31": "", "2012-12-31": ""}, "EPS - Earnings Per Share": {"2020-12-31": "3.37000", "2020-09-30": "0.61000", "2020-06-30": "0.33000", "2020-03-31": "0.07000", "2019-12-31": "0.52000", "2019-09-30": "0.56000", "2019-06-30": "0.46000", "2019-03-31": "0.43000", "2018-12-31": "6.00000", "2018-09-30": "0.64000", "2018-06-30": "0.83000", "2018-03-31": "0.74000", "2017-12-31": "0.95000", "2017-09-30": "0.76000", "2017-06-30": "0.68000", "2017-03-31": "0.57000", "2016-12-31": "0.64000", "2016-09-30": "0.65000", "2016-06-30": "0.69000", "2016-03-31": "0.53000", "2015-12-31": "0.68000", "2015-09-30": "0.57000", "2015-06-30": "0.66000", "2015-03-31": "0.00000", "2014-12-31": "0.00000", "2013-12-31": "0.00000", "2012-12-31": "0.00000"}}, "balance sheet": {"Cash On Hand": {"2020-12-31": "2944.00000", "2019-12-31": "1205.20000", "2018-12-31": "1178.40000", "2017-12-31": "962.10000", "2016-12-31": "803.20000", "2015-12-31": "", "2014-12-31": "", "2013-12-31": "", "2012-12-31": ""}, "Receivables": {"2020-12-31": "810.30000", "2019-12-31": "1384.50000", "2018-12-31": "1195.10000", "2017-12-31": "1020.50000", "2016-12-31": "945.40000", "2015-12-31": "979.30000", "2014-12-31": "956.30000", "2013-12-31": "911.50000", "2012-12-31": ""}, "Inventory": {"2020-12-31": "455.50000", "2019-12-31": "640.30000", "2018-12-31": "574.50000", "2017-12-31": "506.70000", "2016-12-31": "544.60000", "2015-12-31": "522.90000", "2014-12-31": "511.20000", "2013-12-31": "494.50000", "2012-12-31": ""}, "Pre-Paid Expenses": {"2020-12-31": "206.70000", "2019-12-31": "455.60000", "2018-12-31": "193.20000", "2017-12-31": "243.70000", "2016-12-31": "195.50000", "2015-12-31": "91.90000", "2014-12-31": "215.90000", "2013-12-31": "249.00000", "2012-12-31": ""}, "Other Current Assets": {"2020-12-31": "", "2019-12-31": "", "2018-12-31": "", "2017-12-31": "", "2016-12-31": "", "2015-12-31": "", "2014-12-31": "", "2013-12-31": "", "2012-12-31": ""}, "Total Current Assets": {"2020-12-31": "4446.90000", "2019-12-31": "3688.80000", "2018-12-31": "3171.20000", "2017-12-31": "2936.80000", "2016-12-31": "2488.70000", "2015-12-31": "1594.10000", "2014-12-31": "1683.40000", "2013-12-31": "1655.00000", "2012-12-31": ""}, "Property, Plant, And Equipment": {"2020-12-31": "422.00000", "2019-12-31": "519.50000", "2018-12-31": "576.10000", "2017-12-31": "610.40000", "2016-12-31": "547.60000", "2015-12-31": "514.80000", "2014-12-31": "480.80000", "2013-12-31": "454.80000", "2012-12-31": ""}, "Long-Term Investments": {"2020-12-31": "", "2019-12-31": "", "2018-12-31": "", "2017-12-31": "", "2016-12-31": "", "2015-12-31": "", "2014-12-31": "", "2013-12-31": "", "2012-12-31": ""}, "Goodwill And Intangible Assets": {"2020-12-31": "10649.80000", "2019-12-31": "12244.30000", "2018-12-31": "8609.40000", "2017-12-31": "5816.70000", "2016-12-31": "4726.30000", "2015-12-31": "4708.00000", "2014-12-31": "4852.60000", "2013-12-31": "4841.80000", "2012-12-31": "0.00000"}, "Other Long-Term Assets": {"2020-12-31": "344.10000", "2019-12-31": "779.60000", "2018-12-31": "548.90000", "2017-12-31": "469.50000", "2016-12-31": "427.20000", "2015-12-31": "393.70000", "2014-12-31": "338.80000", "2013-12-31": "288.50000", "2012-12-31": ""}, "Total Long-Term Assets": {"2020-12-31": "11604.60000", "2019-12-31": "13750.20000", "2018-12-31": "9734.40000", "2017-12-31": "7563.80000", "2016-12-31": "5701.10000", "2015-12-31": "5616.50000", "2014-12-31": "5672.20000", "2013-12-31": "5585.10000", "2012-12-31": ""}, "Total Assets": {"2020-12-31": "16051.50000", "2019-12-31": "17439.00000", "2018-12-31": "12905.60000", "2017-12-31": "10500.60000", "2016-12-31": "8189.80000", "2015-12-31": "7210.60000", "2014-12-31": "7355.60000", "2013-12-31": "7240.10000", "2012-12-31": "0.00000"}, "Total Current Liabilities": {"2020-12-31": "2860.80000", "2019-12-31": "3467.20000", "2018-12-31": "2192.10000", "2017-12-31": "1602.30000", "2016-12-31": "1466.50000", "2015-12-31": "1323.50000", "2014-12-31": "1285.00000", "2013-12-31": "1276.90000", "2012-12-31": ""}, "Long Term Debt": {"2020-12-31": "2830.30000", "2019-12-31": "4828.40000", "2018-12-31": "2974.70000", "2017-12-31": "4056.20000", "2016-12-31": "3358.00000", "2015-12-31": "", "2014-12-31": "", "2013-12-31": "", "2012-12-31": ""}, "Other Non-Current Liabilities": {"2020-12-31": "1233.40000", "2019-12-31": "1584.20000", "2018-12-31": "1125.90000", "2017-12-31": "969.70000", "2016-12-31": "674.30000", "2015-12-31": "704.60000", "2014-12-31": "838.10000", "2013-12-31": "838.10000", "2012-12-31": ""}, "Total Long Term Liabilities": {"2020-12-31": "4218.00000", "2019-12-31": "6571.60000", "2018-12-31": "4100.60000", "2017-12-31": "5090.10000", "2016-12-31": "4032.30000", "2015-12-31": "704.60000", "2014-12-31": "838.10000", "2013-12-31": "838.10000", "2012-12-31": ""}, "Total Liabilities": {"2020-12-31": "7078.80000", "2019-12-31": "10038.80000", "2018-12-31": "6292.70000", "2017-12-31": "6692.40000", "2016-12-31": "5498.80000", "2015-12-31": "2028.10000", "2014-12-31": "2123.10000", "2013-12-31": "2115.00000", "2012-12-31": "0.00000"}, "Common Stock Net": {"2020-12-31": "3.40000", "2019-12-31": "3.40000", "2018-12-31": "3.40000", "2017-12-31": "3.50000", "2016-12-31": "3.50000", "2015-12-31": "", "2014-12-31": "", "2013-12-31": "", "2012-12-31": "0.00000"}, "Retained Earnings (Accumulated Deficit)": {"2020-12-31": "5547.40000", "2019-12-31": "4128.80000", "2018-12-31": "3552.70000", "2017-12-31": "1350.30000", "2016-12-31": "403.00000", "2015-12-31": "", "2014-12-31": "", "2013-12-31": "", "2012-12-31": ""}, "Comprehensive Income": {"2020-12-31": "-141.10000", "2019-12-31": "-56.30000", "2018-12-31": "-86.60000", "2017-12-31": "-7.60000", "2016-12-31": "-145.80000", "2015-12-31": "-14.40000", "2014-12-31": "99.50000", "2013-12-31": "272.80000", "2012-12-31": ""}, "Other Share Holders Equity": {"2020-12-31": "", "2019-12-31": "", "2018-12-31": "", "2017-12-31": "", "2016-12-31": "", "2015-12-31": "5193.90000", "2014-12-31": "5129.80000", "2013-12-31": "4850.60000", "2012-12-31": "0.00000"}, "Share Holder Equity": {"2020-12-31": "8972.70000", "2019-12-31": "7400.20000", "2018-12-31": "6612.90000", "2017-12-31": "3808.20000", "2016-12-31": "2691.00000", "2015-12-31": "5182.50000", "2014-12-31": "5232.50000", "2013-12-31": "5125.10000", "2012-12-31": "0.00000"}, "Total Liabilities And Share Holders Equity": {"2020-12-31": "16051.50000", "2019-12-31": "17439.00000", "2018-12-31": "12905.60000", "2017-12-31": "10500.60000", "2016-12-31": "8189.80000", "2015-12-31": "7210.60000", "2014-12-31": "7355.60000", "2013-12-31": "7240.10000", "2012-12-31": "0.00000"}}, "balance sheet, quarterly": {"Cash On Hand": {"2020-12-31": "2944.00000", "2020-09-30": "1489.10000", "2020-06-30": "1063.00000", "2020-03-31": "1040.50000", "2019-12-31": "1205.20000", "2019-09-30": "1060.50000", "2019-06-30": "1092.10000", "2019-03-31": "3728.90000", "2018-12-31": "1178.40000", "2018-09-30": "1145.10000", "2018-06-30": "2368.20000", "2018-03-31": "1015.70000", "2017-12-31": "962.10000", "2017-09-30": "910.90000", "2017-06-30": "968.40000", "2017-03-31": "817.60000", "2016-12-31": "803.20000", "2016-09-30": "724.80000", "2016-06-30": "487.20000", "2016-03-31": "", "2015-12-31": "", "2015-09-30": "", "2015-06-30": "", "2015-03-31": "", "2014-12-31": "", "2013-12-31": "", "2012-12-31": ""}, "Receivables": {"2020-12-31": "810.30000", "2020-09-30": "1207.60000", "2020-06-30": "1129.20000", "2020-03-31": "1317.60000", "2019-12-31": "1384.50000", "2019-09-30": "1332.00000", "2019-06-30": "1315.20000", "2019-03-31": "1146.60000", "2018-12-31": "1195.10000", "2018-09-30": "1295.60000", "2018-06-30": "1187.80000", "2018-03-31": "1172.10000", "2017-12-31": "1020.50000", "2017-09-30": "1075.10000", "2017-06-30": "985.00000", "2017-03-31": "944.10000", "2016-12-31": "945.40000", "2016-09-30": "972.00000", "2016-06-30": "948.20000", "2016-03-31": "929.60000", "2015-12-31": "979.30000", "2015-09-30": "", "2015-06-30": "", "2015-03-31": "", "2014-12-31": "956.30000", "2013-12-31": "911.50000", "2012-12-31": ""}, "Inventory": {"2020-12-31": "455.50000", "2020-09-30": "661.80000", "2020-06-30": "664.50000", "2020-03-31": "650.40000", "2019-12-31": "640.30000", "2019-09-30": "680.70000", "2019-06-30": "693.70000", "2019-03-31": "608.30000", "2018-12-31": "574.50000", "2018-09-30": "649.20000", "2018-06-30": "642.30000", "2018-03-31": "615.90000", "2017-12-31": "506.70000", "2017-09-30": "576.20000", "2017-06-30": "560.60000", "2017-03-31": "571.60000", "2016-12-31": "544.60000", "2016-09-30": "558.10000", "2016-06-30": "557.50000", "2016-03-31": "553.60000", "2015-12-31": "522.90000", "2015-09-30": "", "2015-06-30": "", "2015-03-31": "", "2014-12-31": "511.20000", "2013-12-31": "494.50000", "2012-12-31": ""}, "Pre-Paid Expenses": {"2020-12-31": "206.70000", "2020-09-30": "414.10000", "2020-06-30": "390.40000", "2020-03-31": "433.80000", "2019-12-31": "455.60000", "2019-09-30": "374.90000", "2019-06-30": "313.90000", "2019-03-31": "286.20000", "2018-12-31": "193.20000", "2018-09-30": "324.40000", "2018-06-30": "305.10000", "2018-03-31": "276.00000", "2017-12-31": "243.70000", "2017-09-30": "133.10000", "2017-06-30": "187.70000", "2017-03-31": "184.10000", "2016-12-31": "195.50000", "2016-09-30": "104.30000", "2016-06-30": "169.10000", "2016-03-31": "88.40000", "2015-12-31": "91.90000", "2015-09-30": "", "2015-06-30": "", "2015-03-31": "", "2014-12-31": "", "2013-12-31": "", "2012-12-31": ""}, "Other Current Assets": {"2020-12-31": "", "2020-09-30": "", "2020-06-30": "", "2020-03-31": "", "2019-12-31": "", "2019-09-30": "", "2019-06-30": "", "2019-03-31": "", "2018-12-31": "", "2018-09-30": "", "2018-06-30": "", "2018-03-31": "", "2017-12-31": "", "2017-09-30": "", "2017-06-30": "", "2017-03-31": "", "2016-12-31": "", "2016-09-30": "", "2016-06-30": "", "2016-03-31": "", "2015-12-31": "", "2015-09-30": "", "2015-06-30": "", "2015-03-31": "", "2014-12-31": "215.90000", "2013-12-31": "249.00000", "2012-12-31": ""}, "Total Current Assets": {"2020-12-31": "4446.90000", "2020-09-30": "3774.70000", "2020-06-30": "3250.40000", "2020-03-31": "3445.60000", "2019-12-31": "3688.80000", "2019-09-30": "3465.90000", "2019-06-30": "3436.30000", "2019-03-31": "5796.30000", "2018-12-31": "3171.20000", "2018-09-30": "3414.30000", "2018-06-30": "4503.40000", "2018-03-31": "3079.70000", "2017-12-31": "2936.80000", "2017-09-30": "2695.30000", "2017-06-30": "2701.70000", "2017-03-31": "2517.40000", "2016-12-31": "2488.70000", "2016-09-30": "2359.20000", "2016-06-30": "2162.00000", "2016-03-31": "1571.60000", "2015-12-31": "1594.10000", "2015-09-30": "", "2015-06-30": "", "2015-03-31": "", "2014-12-31": "1683.40000", "2013-12-31": "1655.00000", "2012-12-31": ""}, "Property, Plant, And Equipment": {"2020-12-31": "422.00000", "2020-09-30": "513.60000", "2020-06-30": "519.80000", "2020-03-31": "520.00000", "2019-12-31": "519.50000", "2019-09-30": "519.80000", "2019-06-30": "514.70000", "2019-03-31": "468.30000", "2018-12-31": "576.10000", "2018-09-30": "682.30000", "2018-06-30": "690.40000", "2018-03-31": "709.80000", "2017-12-31": "610.40000", "2017-09-30": "673.20000", "2017-06-30": "562.80000", "2017-03-31": "552.90000", "2016-12-31": "547.60000", "2016-09-30": "538.30000", "2016-06-30": "534.00000", "2016-03-31": "519.10000", "2015-12-31": "514.80000", "2015-09-30": "", "2015-06-30": "", "2015-03-31": "", "2014-12-31": "1419.40000", "2013-12-31": "1362.70000", "2012-12-31": ""}, "Long-Term Investments": {"2020-12-31": "", "2020-09-30": "", "2020-06-30": "", "2020-03-31": "", "2019-12-31": "", "2019-09-30": "", "2019-06-30": "", "2019-03-31": "", "2018-12-31": "", "2018-09-30": "", "2018-06-30": "", "2018-03-31": "", "2017-12-31": "", "2017-09-30": "", "2017-06-30": "", "2017-03-31": "", "2016-12-31": "", "2016-09-30": "", "2016-06-30": "", "2016-03-31": "", "2015-12-31": "", "2015-09-30": "", "2015-06-30": "", "2015-03-31": "", "2014-12-31": "", "2013-12-31": "", "2012-12-31": ""}, "Goodwill And Intangible Assets": {"2020-12-31": "10649.80000", "2020-09-30": "11936.60000", "2020-06-30": "11969.00000", "2020-03-31": "12022.10000", "2019-12-31": "12244.30000", "2019-09-30": "11656.10000", "2019-06-30": "11564.10000", "2019-03-31": "8604.50000", "2018-12-31": "8609.40000", "2018-09-30": "9243.19900", "2018-06-30": "6312.80000", "2018-03-31": "6385.40000", "2017-12-31": "5816.70000", "2017-09-30": "5518.40000", "2017-06-30": "4761.90000", "2017-03-31": "4735.40000", "2016-12-31": "4726.30000", "2016-09-30": "4823.80000", "2016-06-30": "4689.00000", "2016-03-31": "4723.30000", "2015-12-31": "4708.00000", "2015-09-30": "0.00000", "2015-06-30": "0.00000", "2015-03-31": "0.00000", "2014-12-31": "4852.60000", "2013-12-31": "4841.80000", "2012-12-31": "0.00000"}, "Other Long-Term Assets": {"2020-12-31": "344.10000", "2020-09-30": "759.70000", "2020-06-30": "758.70000", "2020-03-31": "744.00000", "2019-12-31": "779.60000", "2019-09-30": "808.40000", "2019-06-30": "755.40000", "2019-03-31": "620.70000", "2018-12-31": "548.90000", "2018-09-30": "523.00000", "2018-06-30": "479.50000", "2018-03-31": "480.50000", "2017-12-31": "469.50000", "2017-09-30": "440.10000", "2017-06-30": "440.70000", "2017-03-31": "428.60000", "2016-12-31": "427.20000", "2016-09-30": "412.00000", "2016-06-30": "402.10000", "2016-03-31": "398.60000", "2015-12-31": "393.70000", "2015-09-30": "", "2015-06-30": "", "2015-03-31": "", "2014-12-31": "338.80000", "2013-12-31": "288.50000", "2012-12-31": ""}, "Total Long-Term Assets": {"2020-12-31": "11604.60000", "2020-09-30": "13425.00000", "2020-06-30": "13455.30000", "2020-03-31": "13486.10000", "2019-12-31": "13750.20000", "2019-09-30": "13194.50000", "2019-06-30": "13031.80000", "2019-03-31": "9859.90000", "2018-12-31": "9734.40000", "2018-09-30": "10448.50000", "2018-06-30": "7482.70000", "2018-03-31": "7575.70000", "2017-12-31": "7563.80000", "2017-09-30": "6631.70000", "2017-06-30": "5765.40000", "2017-03-31": "5716.90000", "2016-12-31": "5701.10000", "2016-09-30": "5774.10000", "2016-06-30": "5625.10000", "2016-03-31": "5641.00000", "2015-12-31": "5616.50000", "2015-09-30": "", "2015-06-30": "", "2015-03-31": "", "2014-12-31": "6610.80000", "2013-12-31": "6493.00000", "2012-12-31": ""}, "Total Assets": {"2020-12-31": "16051.50000", "2020-09-30": "17199.70000", "2020-06-30": "16705.70000", "2020-03-31": "16931.70000", "2019-12-31": "17439.00000", "2019-09-30": "16660.40000", "2019-06-30": "16468.10000", "2019-03-31": "15656.20000", "2018-12-31": "12905.60000", "2018-09-30": "13862.80000", "2018-06-30": "11986.10000", "2018-03-31": "10655.40000", "2017-12-31": "10500.60000", "2017-09-30": "9327.00000", "2017-06-30": "8467.10000", "2017-03-31": "8234.30000", "2016-12-31": "8189.80000", "2016-09-30": "8133.30000", "2016-06-30": "7787.10000", "2016-03-31": "7212.60000", "2015-12-31": "7210.60000", "2015-09-30": "0.00000", "2015-06-30": "0.00000", "2015-03-31": "0.00000", "2014-12-31": "7355.60000", "2013-12-31": "7240.10000", "2012-12-31": "0.00000"}, "Total Current Liabilities": {"2020-12-31": "2860.80000", "2020-09-30": "3041.00000", "2020-06-30": "2876.40000", "2020-03-31": "2121.10000", "2019-12-31": "3467.20000", "2019-09-30": "2916.30000", "2019-06-30": "2791.20000", "2019-03-31": "2639.60000", "2018-12-31": "2192.10000", "2018-09-30": "3479.50000", "2018-06-30": "2298.70000", "2018-03-31": "1461.40000", "2017-12-31": "1602.30000", "2017-09-30": "1379.30000", "2017-06-30": "1370.80000", "2017-03-31": "1401.00000", "2016-12-31": "1466.50000", "2016-09-30": "1369.00000", "2016-06-30": "1350.20000", "2016-03-31": "1244.40000", "2015-12-31": "1323.50000", "2015-09-30": "", "2015-06-30": "", "2015-03-31": "", "2014-12-31": "1285.00000", "2013-12-31": "1276.90000", "2012-12-31": ""}, "Long Term Debt": {"2020-12-31": "2830.30000", "2020-09-30": "4699.20000", "2020-06-30": "4686.20000", "2020-03-31": "5826.10000", "2019-12-31": "4828.40000", "2019-09-30": "5015.60000", "2019-06-30": "5196.50000", "2019-03-31": "4728.30000", "2018-12-31": "2974.70000", "2018-09-30": "3178.00000", "2018-06-30": "2927.40000", "2018-03-31": "3996.90000", "2017-12-31": "4056.20000", "2017-09-30": "3671.90000", "2017-06-30": "3208.10000", "2017-03-31": "3262.70000", "2016-12-31": "3358.00000", "2016-09-30": "3509.10000", "2016-06-30": "3374.80000", "2016-03-31": "", "2015-12-31": "", "2015-09-30": "", "2015-06-30": "", "2015-03-31": "", "2014-12-31": "", "2013-12-31": "", "2012-12-31": ""}, "Other Non-Current Liabilities": {"2020-12-31": "1233.40000", "2020-09-30": "1600.40000", "2020-06-30": "1572.40000", "2020-03-31": "1576.70000", "2019-12-31": "1584.20000", "2019-09-30": "1399.60000", "2019-06-30": "1306.50000", "2019-03-31": "1313.10000", "2018-12-31": "1125.90000", "2018-09-30": "1356.20000", "2018-06-30": "1118.10000", "2018-03-31": "1087.40000", "2017-12-31": "969.70000", "2017-09-30": "797.50000", "2017-06-30": "715.20000", "2017-03-31": "678.70000", "2016-12-31": "674.30000", "2016-09-30": "695.60000", "2016-06-30": "689.70000", "2016-03-31": "706.90000", "2015-12-31": "704.60000", "2015-09-30": "", "2015-06-30": "", "2015-03-31": "", "2014-12-31": "838.10000", "2013-12-31": "838.10000", "2012-12-31": ""}, "Total Long Term Liabilities": {"2020-12-31": "4218.00000", "2020-09-30": "6470.60000", "2020-06-30": "6422.40000", "2020-03-31": "7557.30000", "2019-12-31": "6571.60000", "2019-09-30": "6580.50000", "2019-06-30": "6654.00000", "2019-03-31": "6153.90000", "2018-12-31": "4100.60000", "2018-09-30": "4534.20000", "2018-06-30": "4045.50000", "2018-03-31": "5084.30000", "2017-12-31": "5090.10000", "2017-09-30": "4469.40000", "2017-06-30": "3923.30000", "2017-03-31": "3941.40000", "2016-12-31": "4032.30000", "2016-09-30": "4204.70000", "2016-06-30": "4064.50000", "2016-03-31": "706.90000", "2015-12-31": "704.60000", "2015-09-30": "", "2015-06-30": "", "2015-03-31": "", "2014-12-31": "838.10000", "2013-12-31": "838.10000", "2012-12-31": ""}, "Total Liabilities": {"2020-12-31": "7078.80000", "2020-09-30": "9511.60000", "2020-06-30": "9298.80000", "2020-03-31": "9678.40000", "2019-12-31": "10038.80000", "2019-09-30": "9496.80000", "2019-06-30": "9445.20000", "2019-03-31": "8793.50000", "2018-12-31": "6292.70000", "2018-09-30": "8013.70000", "2018-06-30": "6344.20000", "2018-03-31": "6545.70000", "2017-12-31": "6692.40000", "2017-09-30": "5848.70000", "2017-06-30": "5294.10000", "2017-03-31": "5342.40000", "2016-12-31": "5498.80000", "2016-09-30": "5573.70000", "2016-06-30": "5414.70000", "2016-03-31": "1951.30000", "2015-12-31": "2028.10000", "2015-09-30": "0.00000", "2015-06-30": "0.00000", "2015-03-31": "0.00000", "2014-12-31": "2123.10000", "2013-12-31": "2115.00000", "2012-12-31": "0.00000"}, "Common Stock Net": {"2020-12-31": "3.40000", "2020-09-30": "3.40000", "2020-06-30": "3.40000", "2020-03-31": "3.40000", "2019-12-31": "3.40000", "2019-09-30": "3.40000", "2019-06-30": "3.40000", "2019-03-31": "3.40000", "2018-12-31": "3.40000", "2018-09-30": "3.50000", "2018-06-30": "3.50000", "2018-03-31": "3.50000", "2017-12-31": "3.50000", "2017-09-30": "3.50000", "2017-06-30": "3.50000", "2017-03-31": "3.50000", "2016-12-31": "3.50000", "2016-09-30": "3.50000", "2016-06-30": "3.50000", "2016-03-31": "", "2015-12-31": "", "2015-09-30": "0.00000", "2015-06-30": "0.00000", "2015-03-31": "0.00000", "2014-12-31": "0.00000", "2013-12-31": "0.00000", "2012-12-31": "0.00000"}, "Retained Earnings (Accumulated Deficit)": {"2020-12-31": "5547.40000", "2020-09-30": "4372.70000", "2020-06-30": "4187.80000", "2020-03-31": "4098.60000", "2019-12-31": "4128.80000", "2019-09-30": "3976.70000", "2019-06-30": "3810.40000", "2019-03-31": "3676.40000", "2018-12-31": "3552.70000", "2018-09-30": "2057.10000", "2018-06-30": "1853.90000", "2018-03-31": "1583.30000", "2017-12-31": "1350.30000", "2017-09-30": "1037.80000", "2017-06-30": "794.20000", "2017-03-31": "578.50000", "2016-12-31": "403.00000", "2016-09-30": "202.70000", "2016-06-30": "", "2016-03-31": "", "2015-12-31": "", "2015-09-30": "", "2015-06-30": "", "2015-03-31": "", "2014-12-31": "", "2013-12-31": "", "2012-12-31": ""}, "Comprehensive Income": {"2020-12-31": "-141.10000", "2020-09-30": "-91.70000", "2020-06-30": "-156.60000", "2020-03-31": "-193.60000", "2019-12-31": "-56.30000", "2019-09-30": "-119.60000", "2019-06-30": "-67.60000", "2019-03-31": "-69.40000", "2018-12-31": "-86.60000", "2018-09-30": "-92.80000", "2018-06-30": "-69.60000", "2018-03-31": "29.50000", "2017-12-31": "-7.60000", "2017-09-30": "-16.30000", "2017-06-30": "-55.30000", "2017-03-31": "-101.40000", "2016-12-31": "-145.80000", "2016-09-30": "-25.50000", "2016-06-30": "-0.80000", "2016-03-31": "8.70000", "2015-12-31": "-14.40000", "2015-09-30": "", "2015-06-30": "", "2015-03-31": "", "2014-12-31": "", "2013-12-31": "", "2012-12-31": ""}, "Other Share Holders Equity": {"2020-12-31": "", "2020-09-30": "", "2020-06-30": "", "2020-03-31": "", "2019-12-31": "", "2019-09-30": "", "2019-06-30": "", "2019-03-31": "", "2018-12-31": "", "2018-09-30": "", "2018-06-30": "", "2018-03-31": "", "2017-12-31": "", "2017-09-30": "", "2017-06-30": "", "2017-03-31": "", "2016-12-31": "", "2016-09-30": "", "2016-06-30": "2366.60000", "2016-03-31": "5249.40000", "2015-12-31": "5193.90000", "2015-09-30": "0.00000", "2015-06-30": "0.00000", "2015-03-31": "0.00000", "2014-12-31": "5232.50000", "2013-12-31": "5125.10000", "2012-12-31": "0.00000"}, "Share Holder Equity": {"2020-12-31": "8972.70000", "2020-09-30": "7688.10000", "2020-06-30": "7406.90000", "2020-03-31": "7253.30000", "2019-12-31": "7400.20000", "2019-09-30": "7163.60000", "2019-06-30": "7022.90000", "2019-03-31": "6862.70000", "2018-12-31": "6612.90000", "2018-09-30": "5849.10000", "2018-06-30": "5641.90000", "2018-03-31": "4109.70000", "2017-12-31": "3808.20000", "2017-09-30": "3478.30000", "2017-06-30": "3173.00000", "2017-03-31": "2891.90000", "2016-12-31": "2691.00000", "2016-09-30": "2559.60000", "2016-06-30": "2372.40000", "2016-03-31": "5261.30000", "2015-12-31": "5182.50000", "2015-09-30": "0.00000", "2015-06-30": "0.00000", "2015-03-31": "0.00000", "2014-12-31": "5232.50000", "2013-12-31": "5125.10000", "2012-12-31": "0.00000"}, "Total Liabilities And Share Holders Equity": {"2020-12-31": "16051.50000", "2020-09-30": "17199.70000", "2020-06-30": "16705.70000", "2020-03-31": "16931.70000", "2019-12-31": "17439.00000", "2019-09-30": "16660.40000", "2019-06-30": "16468.10000", "2019-03-31": "15656.20000", "2018-12-31": "12905.60000", "2018-09-30": "13862.80000", "2018-06-30": "11986.10000", "2018-03-31": "10655.40000", "2017-12-31": "10500.60000", "2017-09-30": "9327.00000", "2017-06-30": "8467.10000", "2017-03-31": "8234.30000", "2016-12-31": "8189.80000", "2016-09-30": "8133.30000", "2016-06-30": "7787.10000", "2016-03-31": "7212.60000", "2015-12-31": "7210.60000", "2015-09-30": "0.00000", "2015-06-30": "0.00000", "2015-03-31": "0.00000", "2014-12-31": "7355.60000", "2013-12-31": "7240.10000", "2012-12-31": "0.00000"}}, "cash flow statement": {"Net Income/Loss": {"2020-12-31": "1452.20000", "2019-12-31": "725.40000", "2018-12-31": "918.30000", "2017-12-31": "884.30000", "2016-12-31": "740.20000", "2015-12-31": "863.80000", "2014-12-31": "883.40000", "2013-12-31": "830.90000", "2012-12-31": "763.70000"}, "Total Depreciation And Amortization - Cash Flow": {"2020-12-31": "384.00000", "2019-12-31": "426.20000", "2018-12-31": "261.90000", "2017-12-31": "160.60000", "2016-12-31": "165.70000", "2015-12-31": "188.90000", "2014-12-31": "178.00000", "2013-12-31": "159.70000", "2012-12-31": "145.00000"}, "Other Non-Cash Items": {"2020-12-31": "-687.99990", "2019-12-31": "21.00000", "2018-12-31": "201.60000", "2017-12-31": "116.20000", "2016-12-31": "179.90000", "2015-12-31": "43.20000", "2014-12-31": "-13.90000", "2013-12-31": "41.70000", "2012-12-31": "41.20000"}, "Total Non-Cash Items": {"2020-12-31": "-303.99990", "2019-12-31": "447.20000", "2018-12-31": "463.50000", "2017-12-31": "276.80000", "2016-12-31": "345.60000", "2015-12-31": "232.10000", "2014-12-31": "164.10000", "2013-12-31": "201.40000", "2012-12-31": "186.20000"}, "Change In Accounts Receivable": {"2020-12-31": "82.40000", "2019-12-31": "-166.90000", "2018-12-31": "-105.90000", "2017-12-31": "-55.40000", "2016-12-31": "33.80000", "2015-12-31": "-51.80000", "2014-12-31": "-74.00000", "2013-12-31": "1.70000", "2012-12-31": "-37.20000"}, "Change In Inventories": {"2020-12-31": "-7.30000", "2019-12-31": "118.80000", "2018-12-31": "-73.40000", "2017-12-31": "17.50000", "2016-12-31": "-31.30000", "2015-12-31": "-27.70000", "2014-12-31": "-22.20000", "2013-12-31": "-5.00000", "2012-12-31": "-10.70000"}, "Change In Accounts Payable": {"2020-12-31": "18.10000", "2019-12-31": "53.70000", "2018-12-31": "76.20000", "2017-12-31": "17.70000", "2016-12-31": "12.30000", "2015-12-31": "53.60000", "2014-12-31": "28.80000", "2013-12-31": "-7.90000", "2012-12-31": "-2.20000"}, "Change In Assets/Liabilities": {"2020-12-31": "147.90000", "2019-12-31": "-163.70000", "2018-12-31": "63.30000", "2017-12-31": "-100.50000", "2016-12-31": "-16.70000", "2015-12-31": "-61.30000", "2014-12-31": "-27.80000", "2013-12-31": "-56.10000", "2012-12-31": "3.70000"}, "Total Change In Assets/Liabilities": {"2020-12-31": "288.50000", "2019-12-31": "98.80000", "2018-12-31": "-37.40000", "2017-12-31": "15.30000", "2016-12-31": "51.10000", "2015-12-31": "-86.90000", "2014-12-31": "-100.80000", "2013-12-31": "-2.10000", "2012-12-31": "-5.90000"}, "Cash Flow From Operating Activities": {"2020-12-31": "1436.70000", "2019-12-31": "1271.40000", "2018-12-31": "1344.40000", "2017-12-31": "1176.40000", "2016-12-31": "1136.90000", "2015-12-31": "1009.00000", "2014-12-31": "946.70000", "2013-12-31": "1030.20000", "2012-12-31": "944.00000"}, "Net Change In Property, Plant, And Equipment": {"2020-12-31": "-70.40000", "2019-12-31": "-112.50000", "2018-12-31": "-112.30000", "2017-12-31": "-89.60000", "2016-12-31": "-101.10000", "2015-12-31": "-117.80000", "2014-12-31": "-102.60000", "2013-12-31": "-81.10000", "2012-12-31": "-69.60000"}, "Net Change In Intangible Assets": {"2020-12-31": "", "2019-12-31": "", "2018-12-31": "", "2017-12-31": "", "2016-12-31": "", "2015-12-31": "", "2014-12-31": "", "2013-12-31": "", "2012-12-31": ""}, "Net Acquisitions/Divestitures": {"2020-12-31": "-40.40000", "2019-12-31": "-3943.90000", "2018-12-31": "-2815.10000", "2017-12-31": "-1556.60000", "2016-12-31": "-190.10000", "2015-12-31": "-37.10000", "2014-12-31": "-202.30000", "2013-12-31": "-433.80000", "2012-12-31": "-286.60000"}, "Net Change In Short-term Investments": {"2020-12-31": "", "2019-12-31": "", "2018-12-31": "", "2017-12-31": "", "2016-12-31": "", "2015-12-31": "", "2014-12-31": "", "2013-12-31": "", "2012-12-31": ""}, "Net Change In Long-Term Investments": {"2020-12-31": "", "2019-12-31": "", "2018-12-31": "", "2017-12-31": "", "2016-12-31": "", "2015-12-31": "", "2014-12-31": "", "2013-12-31": "", "2012-12-31": ""}, "Net Change In Investments - Total": {"2020-12-31": "", "2019-12-31": "", "2018-12-31": "", "2017-12-31": "", "2016-12-31": "", "2015-12-31": "", "2014-12-31": "", "2013-12-31": "", "2012-12-31": ""}, "Investing Activities - Other": {"2020-12-31": "-37.60000", "2019-12-31": "1.80000", "2018-12-31": "960.80000", "2017-12-31": "-23.50000", "2016-12-31": "-19.60000", "2015-12-31": "-19.20000", "2014-12-31": "13.80000", "2013-12-31": "3.50000", "2012-12-31": "7.80000"}, "Cash Flow From Investing Activities": {"2020-12-31": "-148.40000", "2019-12-31": "-4054.60000", "2018-12-31": "-1966.60000", "2017-12-31": "-1669.70000", "2016-12-31": "-310.80000", "2015-12-31": "-174.10000", "2014-12-31": "-291.10000", "2013-12-31": "-511.40000", "2012-12-31": "-348.40000"}, "Net Long-Term Debt": {"2020-12-31": "-1141.90000", "2019-12-31": "494.80000", "2018-12-31": "-266.10000", "2017-12-31": "556.20000", "2016-12-31": "373.80000", "2015-12-31": "", "2014-12-31": "", "2013-12-31": "", "2012-12-31": ""}, "Net Current Debt": {"2020-12-31": "-989.10000", "2019-12-31": "2457.90000", "2018-12-31": "-100.00000", "2017-12-31": "125.90000", "2016-12-31": "2978.10000", "2015-12-31": "", "2014-12-31": "", "2013-12-31": "", "2012-12-31": ""}, "Debt Issuance/Retirement Net - Total": {"2020-12-31": "-2131.00000", "2019-12-31": "2952.70000", "2018-12-31": "-366.10000", "2017-12-31": "682.10000", "2016-12-31": "3351.90000", "2015-12-31": "", "2014-12-31": "", "2013-12-31": "", "2012-12-31": ""}, "Net Common Equity Issued/Repurchased": {"2020-12-31": "", "2019-12-31": "", "2018-12-31": "", "2017-12-31": "", "2016-12-31": "", "2015-12-31": "", "2014-12-31": "", "2013-12-31": "", "2012-12-31": ""}, "Net Total Equity Issued/Repurchased": {"2020-12-31": "", "2019-12-31": "", "2018-12-31": "1337.40000", "2017-12-31": "", "2016-12-31": "", "2015-12-31": "", "2014-12-31": "", "2013-12-31": "", "2012-12-31": ""}, "Total Common And Preferred Stock Dividends Paid": {"2020-12-31": "-163.40000", "2019-12-31": "-162.80000", "2018-12-31": "-131.50000", "2017-12-31": "-97.20000", "2016-12-31": "-3048.40000", "2015-12-31": "", "2014-12-31": "", "2013-12-31": "", "2012-12-31": ""}, "Financial Activities - Other": {"2020-12-31": "1598.30000", "2019-12-31": "13.00000", "2018-12-31": "39.30000", "2017-12-31": "14.80000", "2016-12-31": "-299.70000", "2015-12-31": "-834.90000", "2014-12-31": "-655.60000", "2013-12-31": "-518.80000", "2012-12-31": "-595.60000"}, "Cash Flow From Financial Activities": {"2020-12-31": "-696.10000", "2019-12-31": "2802.90000", "2018-12-31": "879.10000", "2017-12-31": "599.70000", "2016-12-31": "3.80000", "2015-12-31": "-834.90000", "2014-12-31": "-655.60000", "2013-12-31": "-518.80000", "2012-12-31": "-595.60000"}, "Net Cash Flow": {"2020-12-31": "619.60000", "2019-12-31": "26.80000", "2018-12-31": "216.30000", "2017-12-31": "158.90000", "2016-12-31": "803.20000", "2015-12-31": "0.00000", "2014-12-31": "0.00000", "2013-12-31": "0.00000", "2012-12-31": "0.00000"}, "Stock-Based Compensation": {"2020-12-31": "62.60000", "2019-12-31": "61.40000", "2018-12-31": "50.80000", "2017-12-31": "44.20000", "2016-12-31": "40.70000", "2015-12-31": "35.20000", "2014-12-31": "30.80000", "2013-12-31": "28.80000", "2012-12-31": "28.60000"}, "Common Stock Dividends Paid": {"2020-12-31": "-94.40000", "2019-12-31": "-93.80000", "2018-12-31": "-96.60000", "2017-12-31": "-97.20000", "2016-12-31": "-3048.40000", "2015-12-31": "0.00000", "2014-12-31": "0.00000", "2013-12-31": "", "2012-12-31": ""}}, "cash flow statement, quarterly": {"Net Income/Loss": {"2020-12-31": 1053.8, "2020-09-30": 225.8, "2020-06-30": 130.3, "2020-03-31": "42.30000", "2019-12-31": 178.8, "2019-09-30": 207.3, "2019-06-30": 175.3, "2019-03-31": "164.00000", "2018-12-31": 240.1, "2018-09-30": 214, "2018-06-30": 250.2, "2018-03-31": "214.00000", "2017-12-31": 176.7, "2017-09-30": 267.8, "2017-06-30": 240.1, "2017-03-31": "199.70000", "2016-12-31": 92.4, "2016-09-30": 226.9, "2016-06-30": 238.9, "2016-03-31": "182.00000", "2015-12-31": 236.1, "2015-09-30": 196.6, "2015-06-30": 227.4, "2015-03-31": "203.70000", "2014-12-31": 52.5, "2013-12-31": 67.2, "2012-12-31": 763.7}, "Total Depreciation And Amortization - Cash Flow": {"2020-12-31": -53.9, "2020-09-30": 115.9, "2020-06-30": 119.1, "2020-03-31": "202.90000", "2019-12-31": 117.1, "2019-09-30": 116.8, "2019-06-30": 110.4, "2019-03-31": "81.90000", "2018-12-31": 89.4, "2018-09-30": 62.4, "2018-06-30": 54.2, "2018-03-31": "55.90000", "2017-12-31": 46.9, "2017-09-30": 39.9, "2017-06-30": 37.1, "2017-03-31": "36.70000", "2016-12-31": 28.3, "2016-09-30": 48.6, "2016-06-30": 44.9, "2016-03-31": "43.90000", "2015-12-31": 44.7, "2015-09-30": 55.6, "2015-06-30": 44.9, "2015-03-31": "43.70000", "2014-12-31": 18.3, "2013-12-31": 14.7, "2012-12-31": 145}, "Other Non-Cash Items": {"2020-12-31": -742.0999, "2020-09-30": 21.4, "2020-06-30": 17, "2020-03-31": "15.70000", "2019-12-31": 21.1, "2019-09-30": -22.5, "2019-06-30": 14.5, "2019-03-31": "7.90000", "2018-12-31": 43.5, "2018-09-30": 43.9, "2018-06-30": 63, "2018-03-31": "51.20000", "2017-12-31": 94.3, "2017-09-30": -3.4, "2017-06-30": 13.3, "2017-03-31": "12.00000", "2016-12-31": 145.5, "2016-09-30": 12, "2016-06-30": 10.9, "2016-03-31": "11.50000", "2015-12-31": 18.9, "2015-09-30": 8.5, "2015-06-30": 6.9, "2015-03-31": "8.90000", "2014-12-31": 0, "2013-12-31": 0, "2012-12-31": 0}, "Total Non-Cash Items": {"2020-12-31": -795.9999, "2020-09-30": 137.3, "2020-06-30": 136.1, "2020-03-31": "218.60000", "2019-12-31": 138.2, "2019-09-30": 94.3, "2019-06-30": 124.9, "2019-03-31": "89.80000", "2018-12-31": 132.9, "2018-09-30": 106.3, "2018-06-30": 117.2, "2018-03-31": "107.10000", "2017-12-31": 141.2, "2017-09-30": 36.5, "2017-06-30": 50.4, "2017-03-31": "48.70000", "2016-12-31": 173.8, "2016-09-30": 60.6, "2016-06-30": 55.8, "2016-03-31": "55.40000", "2015-12-31": 20.4, "2015-09-30": 64.1, "2015-06-30": 51.8, "2015-03-31": "52.60000", "2014-12-31": 18.3, "2013-12-31": 14.7, "2012-12-31": 145}, "Change In Accounts Receivable": {"2020-12-31": -65.4, "2020-09-30": -67, "2020-06-30": 192, "2020-03-31": "22.80000", "2019-12-31": -33.4, "2019-09-30": -31.2, "2019-06-30": -152.2, "2019-03-31": "49.90000", "2018-12-31": -34.1, "2018-09-30": -36.2, "2018-06-30": -31.8, "2018-03-31": "-3.80000", "2017-12-31": -24.6, "2017-09-30": -10.1, "2017-06-30": -30.7, "2017-03-31": "10.00000", "2016-12-31": 23.9, "2016-09-30": -20, "2016-06-30": -31.1, "2016-03-31": "61.00000", "2015-12-31": -15.6, "2015-09-30": -23, "2015-06-30": -18.3, "2015-03-31": "5.10000", "2014-12-31": 0, "2013-12-31": 0, "2012-12-31": 0}, "Change In Inventories": {"2020-12-31": 2.9, "2020-09-30": 18.7, "2020-06-30": -12.3, "2020-03-31": "-16.60000", "2019-12-31": 49.4, "2019-09-30": 23.6, "2019-06-30": 79.1, "2019-03-31": "-33.30000", "2018-12-31": 0, "2018-09-30": -10.6, "2018-06-30": -33, "2018-03-31": "-29.80000", "2017-12-31": 9.3, "2017-09-30": 16.1, "2017-06-30": 16.3, "2017-03-31": "-24.20000", "2016-12-31": 3.6, "2016-09-30": 1.4, "2016-06-30": -11.7, "2016-03-31": "-24.60000", "2015-12-31": 25.1, "2015-09-30": -10.9, "2015-06-30": 0.8, "2015-03-31": "-42.70000", "2014-12-31": 0, "2013-12-31": 0, "2012-12-31": 0}, "Change In Accounts Payable": {"2020-12-31": 4.7, "2020-09-30": 36.8, "2020-06-30": -16.7, "2020-03-31": "-6.70000", "2019-12-31": 61.6, "2019-09-30": 3.8, "2019-06-30": 28.9, "2019-03-31": "-40.60000", "2018-12-31": 48.6, "2018-09-30": -2.9, "2018-06-30": 59.1, "2018-03-31": "-28.60000", "2017-12-31": 68.9, "2017-09-30": -22.4, "2017-06-30": 18.7, "2017-03-31": "-47.50000", "2016-12-31": 49.7, "2016-09-30": -25.4, "2016-06-30": 27, "2016-03-31": "-39.00000", "2015-12-31": 53.1, "2015-09-30": -12.9, "2015-06-30": 27.5, "2015-03-31": "-14.10000", "2014-12-31": 0, "2013-12-31": 0, "2012-12-31": 0}, "Change In Assets/Liabilities": {"2020-12-31": 93.9, "2020-09-30": -1.4, "2020-06-30": 25.2, "2020-03-31": "30.20000", "2019-12-31": -48.6, "2019-09-30": -47.9, "2019-06-30": -6.8, "2019-03-31": "-60.40000", "2018-12-31": 92.5, "2018-09-30": 11.7, "2018-06-30": -35.6, "2018-03-31": "-5.30000", "2017-12-31": -82.6, "2017-09-30": -9.6, "2017-06-30": -7.7, "2017-03-31": "-0.60000", "2016-12-31": -3.4, "2016-09-30": -8, "2016-06-30": -10.7, "2016-03-31": "5.40000", "2015-12-31": 1.8, "2015-09-30": -24.6, "2015-06-30": -19.9, "2015-03-31": "-18.60000", "2014-12-31": 0, "2013-12-31": 0, "2012-12-31": 0}, "Total Change In Assets/Liabilities": {"2020-12-31": 27, "2020-09-30": 118.6, "2020-06-30": 212.8, "2020-03-31": "-69.90000", "2019-12-31": 158.4, "2019-09-30": 79.4, "2019-06-30": -41.4, "2019-03-31": "-97.60000", "2018-12-31": 71.8, "2018-09-30": 66.4, "2018-06-30": -25.5, "2018-03-31": "-150.10000", "2017-12-31": 145.5, "2017-09-30": 14.7, "2017-06-30": -44.8, "2017-03-31": "-100.10000", "2016-12-31": 51.3, "2016-09-30": 44.1, "2016-06-30": 15.9, "2016-03-31": "-60.20000", "2015-12-31": 88.2, "2015-09-30": -24.4, "2015-06-30": 11, "2015-03-31": "-161.70000", "2014-12-31": -98.7, "2013-12-31": 3.8, "2012-12-31": -5.9}, "Cash Flow From Operating Activities": {"2020-12-31": 284.8, "2020-09-30": 481.7, "2020-06-30": 479.2, "2020-03-31": "191.00000", "2019-12-31": 475.4, "2019-09-30": 381, "2019-06-30": 258.8, "2019-03-31": "156.20000", "2018-12-31": 444.8, "2018-09-30": 386.7, "2018-06-30": 341.9, "2018-03-31": "171.00000", "2017-12-31": 463.4, "2017-09-30": 319, "2017-06-30": 245.7, "2017-03-31": "148.30000", "2016-12-31": 317.5, "2016-09-30": 331.6, "2016-06-30": 310.6, "2016-03-31": "177.20000", "2015-12-31": 387.9, "2015-09-30": 236.3, "2015-06-30": 290.2, "2015-03-31": "94.60000", "2014-12-31": -83.5, "2013-12-31": 86.2, "2012-12-31": 944}, "Net Change In Property, Plant, And Equipment": {"2020-12-31": 10.5, "2020-09-30": -26.7, "2020-06-30": -20.4, "2020-03-31": "-33.80000", "2019-12-31": -32.9, "2019-09-30": -31.1, "2019-06-30": -24.5, "2019-03-31": "-24.00000", "2018-12-31": -35.5, "2018-09-30": -29.1, "2018-06-30": -21.8, "2018-03-31": "-25.90000", "2017-12-31": -1.9, "2017-09-30": -32.1, "2017-06-30": -28.8, "2017-03-31": "-26.80000", "2016-12-31": -11.1, "2016-09-30": -28.6, "2016-06-30": -33, "2016-03-31": "-28.40000", "2015-12-31": -33.1, "2015-09-30": -34.6, "2015-06-30": -28.3, "2015-03-31": "-24.10000", "2014-12-31": -21.5, "2013-12-31": -11.5, "2012-12-31": -69.6}, "Net Change In Intangible Assets": {"2020-12-31": 0, "2020-09-30": 0, "2020-06-30": 0, "2020-03-31": "", "2019-12-31": 0, "2019-09-30": 0, "2019-06-30": 0, "2019-03-31": "", "2018-12-31": 0, "2018-09-30": 0, "2018-06-30": 0, "2018-03-31": "", "2017-12-31": 0, "2017-09-30": 0, "2017-06-30": 0, "2017-03-31": "", "2016-12-31": 0, "2016-09-30": 0, "2016-06-30": 0, "2016-03-31": "", "2015-12-31": 0, "2015-09-30": 0, "2015-06-30": 0, "2015-03-31": "", "2014-12-31": 0, "2013-12-31": 0, "2012-12-31": 0}, "Net Acquisitions/Divestitures": {"2020-12-31": -15.7, "2020-09-30": -13.3, "2020-06-30": -0.8, "2020-03-31": "-10.60000", "2019-12-31": -556.2, "2019-09-30": -150.6, "2019-06-30": -3237.1, "2019-03-31": "", "2018-12-31": 10.1, "2018-09-30": -2815.9, "2018-06-30": -1.6, "2018-03-31": "-7.70000", "2017-12-31": -754.5, "2017-09-30": -802.1, "2017-06-30": 0, "2017-03-31": "", "2016-12-31": 0.5, "2016-09-30": -177.8, "2016-06-30": 0, "2016-03-31": "-12.80000", "2015-12-31": -37.1, "2015-09-30": 0, "2015-06-30": 0, "2015-03-31": "", "2014-12-31": 231.5, "2013-12-31": -147.2, "2012-12-31": -286.6}, "Net Change In Short-term Investments": {"2020-12-31": 0, "2020-09-30": 0, "2020-06-30": 0, "2020-03-31": "", "2019-12-31": 0, "2019-09-30": 0, "2019-06-30": 0, "2019-03-31": "", "2018-12-31": 0, "2018-09-30": 0, "2018-06-30": 0, "2018-03-31": "", "2017-12-31": 0, "2017-09-30": 0, "2017-06-30": 0, "2017-03-31": "", "2016-12-31": 0, "2016-09-30": 0, "2016-06-30": 0, "2016-03-31": "", "2015-12-31": 0, "2015-09-30": 0, "2015-06-30": 0, "2015-03-31": "", "2014-12-31": 0, "2013-12-31": 0, "2012-12-31": 0}, "Net Change In Long-Term Investments": {"2020-12-31": 0, "2020-09-30": 0, "2020-06-30": 0, "2020-03-31": "", "2019-12-31": 0, "2019-09-30": 0, "2019-06-30": 0, "2019-03-31": "", "2018-12-31": 0, "2018-09-30": 0, "2018-06-30": 0, "2018-03-31": "", "2017-12-31": 0, "2017-09-30": 0, "2017-06-30": 0, "2017-03-31": "", "2016-12-31": 0, "2016-09-30": 0, "2016-06-30": 0, "2016-03-31": "", "2015-12-31": 0, "2015-09-30": 0, "2015-06-30": 0, "2015-03-31": "", "2014-12-31": 0, "2013-12-31": 0, "2012-12-31": 0}, "Net Change In Investments - Total": {"2020-12-31": 0, "2020-09-30": 0, "2020-06-30": 0, "2020-03-31": "", "2019-12-31": 0, "2019-09-30": 0, "2019-06-30": 0, "2019-03-31": "", "2018-12-31": 0, "2018-09-30": 0, "2018-06-30": 0, "2018-03-31": "", "2017-12-31": 0, "2017-09-30": 0, "2017-06-30": 0, "2017-03-31": "", "2016-12-31": 0, "2016-09-30": 0, "2016-06-30": 0, "2016-03-31": "", "2015-12-31": 0, "2015-09-30": 0, "2015-06-30": 0, "2015-03-31": "", "2014-12-31": 0, "2013-12-31": 0, "2012-12-31": 0}, "Investing Activities - Other": {"2020-12-31": -38.1, "2020-09-30": 0.1, "2020-06-30": 0.2, "2020-03-31": "0.20000", "2019-12-31": 1.8, "2019-09-30": 0, "2019-06-30": 0, "2019-03-31": "", "2018-12-31": 973.6, "2018-09-30": -5.6, "2018-06-30": -1.8, "2018-03-31": "-5.40000", "2017-12-31": -25, "2017-09-30": 4.5, "2017-06-30": -2.4, "2017-03-31": "-0.60000", "2016-12-31": -23.9, "2016-09-30": -0.1, "2016-06-30": 2.4, "2016-03-31": "2.00000", "2015-12-31": -20, "2015-09-30": 0.4, "2015-06-30": 0.1, "2015-03-31": "2.60000", "2014-12-31": 10.3, "2013-12-31": -4.3, "2012-12-31": 7.8}, "Cash Flow From Investing Activities": {"2020-12-31": -43.3, "2020-09-30": -39.9, "2020-06-30": -21, "2020-03-31": "-44.20000", "2019-12-31": -587.3, "2019-09-30": -181.7, "2019-06-30": -3261.6, "2019-03-31": "-24.00000", "2018-12-31": 948.2, "2018-09-30": -2850.6, "2018-06-30": -25.2, "2018-03-31": "-39.00000", "2017-12-31": -781.4, "2017-09-30": -829.7, "2017-06-30": -31.2, "2017-03-31": "-27.40000", "2016-12-31": -34.5, "2016-09-30": -206.5, "2016-06-30": -30.6, "2016-03-31": "-39.20000", "2015-12-31": -90.2, "2015-09-30": -34.2, "2015-06-30": -28.2, "2015-03-31": "-21.50000", "2014-12-31": 220.3, "2013-12-31": -163, "2012-12-31": -348.4}, "Net Long-Term Debt": {"2020-12-31": -1633.6, "2020-09-30": 0, "2020-06-30": 367.9, "2020-03-31": "123.80000", "2019-12-31": -1463.1, "2019-09-30": 0, "2019-06-30": -57, "2019-03-31": "2014.90000", "2018-12-31": -1291.1, "2018-09-30": 1025, "2018-06-30": 74.2, "2018-03-31": "-74.20000", "2017-12-31": 430.3, "2017-09-30": 125.9, "2017-06-30": 0, "2017-03-31": "", "2016-12-31": -2609.2, "2016-09-30": -387.1, "2016-06-30": 3370.1, "2016-03-31": "", "2015-12-31": 0, "2015-09-30": 0, "2015-06-30": 0, "2015-03-31": "", "2014-12-31": 0, "2013-12-31": 0, "2012-12-31": 0}, "Net Current Debt": {"2020-12-31": 152.8, "2020-09-30": 0, "2020-06-30": -759.1, "2020-03-31": "-382.80000", "2019-12-31": 1762.4, "2019-09-30": -196.8, "2019-06-30": 448.5, "2019-03-31": "443.80000", "2018-12-31": -35.7, "2018-09-30": 261.6, "2018-06-30": -325.9, "2018-03-31": "", "2017-12-31": -50.9, "2017-09-30": 335.6, "2017-06-30": -63.3, "2017-03-31": "-95.50000", "2016-12-31": 2452.5, "2016-09-30": 525.6, "2016-06-30": 0, "2016-03-31": "", "2015-12-31": 0, "2015-09-30": 0, "2015-06-30": 0, "2015-03-31": "", "2014-12-31": 0, "2013-12-31": 0, "2012-12-31": 0}, "Debt Issuance/Retirement Net - Total": {"2020-12-31": -1480.8, "2020-09-30": 0, "2020-06-30": -391.2, "2020-03-31": "-259.00000", "2019-12-31": 299.3, "2019-09-30": -196.8, "2019-06-30": 391.5, "2019-03-31": "2458.70000", "2018-12-31": -1326.8, "2018-09-30": 1286.6, "2018-06-30": -251.7, "2018-03-31": "-74.20000", "2017-12-31": 379.4, "2017-09-30": 461.5, "2017-06-30": -63.3, "2017-03-31": "-95.50000", "2016-12-31": -156.7, "2016-09-30": 138.5, "2016-06-30": 3370.1, "2016-03-31": "", "2015-12-31": 0, "2015-09-30": 0, "2015-06-30": 0, "2015-03-31": "", "2014-12-31": 0, "2013-12-31": 0, "2012-12-31": 0}, "Net Common Equity Issued/Repurchased": {"2020-12-31": 0, "2020-09-30": 0, "2020-06-30": 0, "2020-03-31": "", "2019-12-31": 0, "2019-09-30": 0, "2019-06-30": 0, "2019-03-31": "", "2018-12-31": 0, "2018-09-30": 0, "2018-06-30": 0, "2018-03-31": "", "2017-12-31": 0, "2017-09-30": 0, "2017-06-30": 0, "2017-03-31": "", "2016-12-31": 0, "2016-09-30": 0, "2016-06-30": 0, "2016-03-31": "", "2015-12-31": 0, "2015-09-30": 0, "2015-06-30": 0, "2015-03-31": "", "2014-12-31": 0, "2013-12-31": 0, "2012-12-31": 0}, "Net Total Equity Issued/Repurchased": {"2020-12-31": 0, "2020-09-30": 0, "2020-06-30": 0, "2020-03-31": "", "2019-12-31": 0, "2019-09-30": 0, "2019-06-30": 0, "2019-03-31": "", "2018-12-31": 0, "2018-09-30": -0.8, "2018-06-30": 1338.2, "2018-03-31": "", "2017-12-31": 0, "2017-09-30": 0, "2017-06-30": 0, "2017-03-31": "", "2016-12-31": 0, "2016-09-30": 0, "2016-06-30": 0, "2016-03-31": "", "2015-12-31": 0, "2015-09-30": 0, "2015-06-30": 0, "2015-03-31": "", "2014-12-31": 0, "2013-12-31": 0, "2012-12-31": 0}, "Total Common And Preferred Stock Dividends Paid": {"2020-12-31": -58.2, "2020-09-30": -40.8, "2020-06-30": -40.9, "2020-03-31": "-23.50000", "2019-12-31": -58, "2019-09-30": -23.5, "2019-06-30": -40.6, "2019-03-31": "-40.70000", "2018-12-31": -40.7, "2018-09-30": -42.1, "2018-06-30": -24.4, "2018-03-31": "-24.30000", "2017-12-31": -24.4, "2017-09-30": -24.2, "2017-06-30": -24.4, "2017-03-31": "-24.20000", "2016-12-31": -24.2, "2016-09-30": -24.2, "2016-06-30": -3000, "2016-03-31": "", "2015-12-31": 0, "2015-09-30": 0, "2015-06-30": 0, "2015-03-31": "", "2014-12-31": 0, "2013-12-31": 0, "2012-12-31": 0}, "Financial Activities - Other": {"2020-12-31": 1603.1, "2020-09-30": 9, "2020-06-30": -13.1, "2020-03-31": "-0.70000", "2019-12-31": -3.4, "2019-09-30": 8.9, "2019-06-30": 14.3, "2019-03-31": "-6.80000", "2018-12-31": 12.1, "2018-09-30": 12, "2018-06-30": 10.9, "2018-03-31": "4.30000", "2017-12-31": 3.9, "2017-09-30": 3.6, "2017-06-30": 7, "2017-03-31": "0.30000", "2016-12-31": 3.9, "2016-09-30": -2.7, "2016-06-30": -162.9, "2016-03-31": "-138.00000", "2015-12-31": -297.7, "2015-09-30": -202.1, "2015-06-30": -262, "2015-03-31": "-73.10000", "2014-12-31": -136.8, "2013-12-31": 76.8, "2012-12-31": -595.6}, "Cash Flow From Financial Activities": {"2020-12-31": 64.1, "2020-09-30": -31.8, "2020-06-30": -445.2, "2020-03-31": "-283.20000", "2019-12-31": 237.9, "2019-09-30": -211.4, "2019-06-30": 365.2, "2019-03-31": "2411.20000", "2018-12-31": -1355.4, "2018-09-30": 1255.7, "2018-06-30": 1073, "2018-03-31": "-94.20000", "2017-12-31": 358.9, "2017-09-30": 440.9, "2017-06-30": -80.7, "2017-03-31": "-119.40000", "2016-12-31": -177, "2016-09-30": 111.6, "2016-06-30": 207.2, "2016-03-31": "-138.00000", "2015-12-31": -297.7, "2015-09-30": -202.1, "2015-06-30": -262, "2015-03-31": "-73.10000", "2014-12-31": -136.8, "2013-12-31": 76.8, "2012-12-31": -595.6}, "Net Cash Flow": {"2020-12-31": 335.7, "2020-09-30": 426.1, "2020-06-30": 22.5, "2020-03-31": "-164.70000", "2019-12-31": 144.7, "2019-09-30": -31.6, "2019-06-30": -2636.8, "2019-03-31": "2550.50000", "2018-12-31": 33.3, "2018-09-30": -1223.1, "2018-06-30": 1352.5, "2018-03-31": "53.60000", "2017-12-31": 51.2, "2017-09-30": -57.5, "2017-06-30": 150.8, "2017-03-31": "14.40000", "2016-12-31": 78.4, "2016-09-30": 237.6, "2016-06-30": 487.2, "2016-03-31": "0.00000", "2015-12-31": 0, "2015-09-30": 0, "2015-06-30": 0, "2015-03-31": "0.00000", "2014-12-31": 0, "2013-12-31": 0, "2012-12-31": 0}, "Stock-Based Compensation": {"2020-12-31": 2.4, "2020-09-30": 21.4, "2020-06-30": 22.7, "2020-03-31": "16.10000", "2019-12-31": 15.9, "2019-09-30": 16.7, "2019-06-30": 15.9, "2019-03-31": "12.90000", "2018-12-31": 13.4, "2018-09-30": 13, "2018-06-30": 13.4, "2018-03-31": "11.00000", "2017-12-31": 7, "2017-09-30": 11.9, "2017-06-30": 13.3, "2017-03-31": "12.00000", "2016-12-31": 6.3, "2016-09-30": 12, "2016-06-30": 10.9, "2016-03-31": "11.50000", "2015-12-31": 10.9, "2015-09-30": 8.5, "2015-06-30": 6.9, "2015-03-31": "8.90000", "2014-12-31": 0, "2013-12-31": 0, "2012-12-31": 0}, "Common Stock Dividends Paid": {"2020-12-31": -23.7, "2020-09-30": -23.6, "2020-06-30": -23.6, "2020-03-31": "-23.50000", "2019-12-31": -23.5, "2019-09-30": -23.5, "2019-06-30": -23.4, "2019-03-31": "-23.40000", "2018-12-31": -23.4, "2018-09-30": -24.5, "2018-06-30": -24.4, "2018-03-31": "-24.30000", "2017-12-31": -24.4, "2017-09-30": -24.2, "2017-06-30": -24.4, "2017-03-31": "-24.20000", "2016-12-31": -24.2, "2016-09-30": -24.2, "2016-06-30": -3000, "2016-03-31": "", "2015-12-31": 0, "2015-09-30": 0, "2015-06-30": 0, "2015-03-31": "", "2014-12-31": 0, "2013-12-31": 0, "2012-12-31": 0}}, "financial ratios": {"Current Ratio": {"2019-12-31": "1.06390", "2018-12-31": "1.44660", "2017-12-31": "1.83290", "2016-12-31": "1.69700", "2015-12-31": "1.20450", "2014-12-31": "1.31000", "2013-12-31": "1.29610", "2012-12-31": ""}, "Long-term Debt / Capital": {"2019-12-31": "0.39480", "2018-12-31": "0.31030", "2017-12-31": "0.51580", "2016-12-31": "0.55510", "2015-12-31": "", "2014-12-31": "", "2013-12-31": "", "2012-12-31": ""}, "Debt/Equity Ratio": {"2019-12-31": "0.85520", "2018-12-31": "0.51870", "2017-12-31": "1.06510", "2016-12-31": "1.24790", "2015-12-31": "", "2014-12-31": "", "2013-12-31": "", "2012-12-31": ""}, "Gross Margin": {"2019-12-31": "50.27730", "2018-12-31": "51.47150", "2017-12-31": "50.75310", "2016-12-31": "49.93310", "2015-12-31": "48.55310", "2014-12-31": "48.11590", "2013-12-31": "48.03840", "2012-12-31": "47.75900"}, "Operating Margin": {"2019-12-31": "13.71720", "2018-12-31": "18.26210", "2017-12-31": "19.85720", "2016-12-31": "19.74080", "2015-12-31": "20.54930", "2014-12-31": "19.65060", "2013-12-31": "19.17510", "2012-12-31": "19.49420"}, "EBIT Margin": {"2019-12-31": "13.71720", "2018-12-31": "18.26210", "2017-12-31": "19.85720", "2016-12-31": "19.74080", "2015-12-31": "20.54930", "2014-12-31": "19.65060", "2013-12-31": "19.17510", "2012-12-31": "19.49420"}, "EBITDA Margin": {"2019-12-31": "19.53960", "2018-12-31": "22.32090", "2017-12-31": "22.64730", "2016-12-31": "22.82180", "2015-12-31": "23.60650", "2014-12-31": "22.45940", "2013-12-31": "21.85380", "2012-12-31": "22.00060"}, "Pre-Tax Profit Margin": {"2019-12-31": "11.94670", "2018-12-31": "16.71240", "2017-12-31": "18.65150", "2016-12-31": "18.78880", "2015-12-31": "20.54930", "2014-12-31": "20.18560", "2013-12-31": "19.17510", "2012-12-31": "19.49420"}, "Net Profit Margin": {"2019-12-31": "9.15160", "2018-12-31": "44.61540", "2017-12-31": "18.14600", "2016-12-31": "16.21920", "2015-12-31": "13.98010", "2014-12-31": "13.93990", "2013-12-31": "13.93680", "2012-12-31": "13.20070"}, "Asset Turnover": {"2019-12-31": "0.41970", "2018-12-31": "0.50000", "2017-12-31": "0.54820", "2016-12-31": "0.65670", "2015-12-31": "0.85690", "2014-12-31": "0.86150", "2013-12-31": "0.82350", "2012-12-31": ""}, "Inventory Turnover Ratio": {"2019-12-31": "5.68440", "2018-12-31": "5.45070", "2017-12-31": "5.59440", "2016-12-31": "4.94440", "2015-12-31": "6.07920", "2014-12-31": "6.43190", "2013-12-31": "6.26470", "2012-12-31": ""}, "Receiveable Turnover": {"2019-12-31": "5.28710", "2018-12-31": "5.39930", "2017-12-31": "5.64050", "2016-12-31": "5.68880", "2015-12-31": "6.30940", "2014-12-31": "6.62680", "2013-12-31": "6.54080", "2012-12-31": ""}, "Days Sales In Receivables": {"2019-12-31": "69.03590", "2018-12-31": "67.60140", "2017-12-31": "64.71090", "2016-12-31": "64.16110", "2015-12-31": "57.85020", "2014-12-31": "55.07950", "2013-12-31": "55.80390", "2012-12-31": ""}, "ROE - Return On Equity": {"2019-12-31": "9.80240", "2018-12-31": "13.88650", "2017-12-31": "23.22090", "2016-12-31": "27.50650", "2015-12-31": "16.66760", "2014-12-31": "16.88290", "2013-12-31": "16.21240", "2012-12-31": ""}, "Return On Tangible Equity": {"2019-12-31": "-14.97490", "2018-12-31": "-45.99550", "2017-12-31": "-44.02790", "2016-12-31": "-36.36810", "2015-12-31": "182.04430", "2014-12-31": "232.53490", "2013-12-31": "293.29300", "2012-12-31": ""}, "ROA - Return On Assets": {"2019-12-31": "4.15960", "2018-12-31": "7.11550", "2017-12-31": "8.42140", "2016-12-31": "9.03810", "2015-12-31": "11.97960", "2014-12-31": "12.00990", "2013-12-31": "11.47640", "2012-12-31": ""}, "ROI - Return On Investment": {"2019-12-31": "5.93200", "2018-12-31": "9.57800", "2017-12-31": "11.24430", "2016-12-31": "12.23670", "2015-12-31": "16.66760", "2014-12-31": "16.88290", "2013-12-31": "16.21240", "2012-12-31": ""}, "Book Value Per Share": {"2019-12-31": "22.02440", "2018-12-31": "19.76950", "2017-12-31": "10.94940", "2016-12-31": "7.77970", "2015-12-31": "", "2014-12-31": "", "2013-12-31": "", "2012-12-31": ""}, "Operating Cash Flow Per Share": {"2019-12-31": -0.0941, "2018-12-31": 0.4971, "2017-12-31": 0.0629, "2016-12-31": 0.3506, "2015-12-31": 0.1804, "2014-12-31": 2.7425, "2013-12-31": 0, "2012-12-31": 0}, "Free Cash Flow Per Share": {"2019-12-31": -0.1048, "2018-12-31": 0.4311, "2017-12-31": 0.0998, "2016-12-31": 0.4007, "2015-12-31": 0.1365, "2014-12-31": 2.4452, "2013-12-31": 0, "2012-12-31": 0}}, "financial ratios, quarterly": {"Current Ratio": {"2020-09-30": "1.24130", "2020-06-30": "1.13000", "2020-03-31": "1.62440", "2019-12-31": "1.06390", "2019-09-30": "1.18850", "2019-06-30": "1.23110", "2019-03-31": "2.19590", "2018-12-31": "1.44660", "2018-09-30": "0.98130", "2018-06-30": "1.95910", "2018-03-31": "2.10740", "2017-12-31": "1.83290", "2017-09-30": "1.95410", "2017-06-30": "1.97090", "2017-03-31": "1.79690", "2016-12-31": "1.69700", "2016-09-30": "1.72330", "2016-06-30": "1.60120", "2016-03-31": "1.26290", "2015-12-31": "1.20450", "2015-09-30": "", "2015-06-30": "", "2015-03-31": "", "2014-12-31": "", "2013-12-31": "", "2012-12-31": ""}, "Long-term Debt / Capital": {"2020-09-30": "0.37940", "2020-06-30": "0.38750", "2020-03-31": "0.44540", "2019-12-31": "0.39480", "2019-09-30": "0.41180", "2019-06-30": "0.42530", "2019-03-31": "0.40790", "2018-12-31": "0.31030", "2018-09-30": "0.35210", "2018-06-30": "0.34160", "2018-03-31": "0.49300", "2017-12-31": "0.51580", "2017-09-30": "0.51350", "2017-06-30": "0.50280", "2017-03-31": "0.53010", "2016-12-31": "0.55510", "2016-09-30": "0.57820", "2016-06-30": "0.58720", "2016-03-31": "", "2015-12-31": "", "2015-09-30": "", "2015-06-30": "", "2015-03-31": "", "2014-12-31": "", "2013-12-31": "", "2012-12-31": ""}, "Debt/Equity Ratio": {"2020-09-30": "0.74120", "2020-06-30": "0.76750", "2020-03-31": "0.83770", "2019-12-31": "0.85520", "2019-09-30": "0.83970", "2019-06-30": "0.88230", "2019-03-31": "0.84280", "2018-12-31": "0.51870", "2018-09-30": "0.85530", "2018-06-30": "0.66050", "2018-03-31": "0.97260", "2017-12-31": "1.06510", "2017-09-30": "1.05570", "2017-06-30": "1.01110", "2017-03-31": "1.12820", "2016-12-31": "1.24790", "2016-09-30": "1.37100", "2016-06-30": "1.42250", "2016-03-31": "", "2015-12-31": "", "2015-09-30": "", "2015-06-30": "", "2015-03-31": "", "2014-12-31": "", "2013-12-31": "", "2012-12-31": ""}, "Gross Margin": {"2020-09-30": "51.69530", "2020-06-30": "51.82660", "2020-03-31": "51.11180", "2019-12-31": "51.73290", "2019-09-30": "49.87630", "2019-06-30": "48.47970", "2019-03-31": "51.02020", "2018-12-31": "51.11240", "2018-09-30": "51.58010", "2018-06-30": "51.86670", "2018-03-31": "51.35370", "2017-12-31": "58.76710", "2017-09-30": "49.80720", "2017-06-30": "49.42900", "2017-03-31": "48.46270", "2016-12-31": "57.52880", "2016-09-30": "49.31100", "2016-06-30": "49.39230", "2016-03-31": "47.14180", "2015-12-31": "47.75990", "2015-09-30": "49.00960", "2015-06-30": "48.87210", "2015-03-31": "48.27880", "2014-12-31": "", "2013-12-31": "", "2012-12-31": ""}, "Operating Margin": {"2020-09-30": "16.31710", "2020-06-30": "12.16270", "2020-03-31": "6.97990", "2019-12-31": "14.74230", "2019-09-30": "13.01610", "2019-06-30": "13.38020", "2019-03-31": "13.64180", "2018-12-31": "16.75680", "2018-09-30": "17.58680", "2018-06-30": "20.25220", "2018-03-31": "18.62350", "2017-12-31": "15.61540", "2017-09-30": "21.16540", "2017-06-30": "21.43300", "2017-03-31": "19.25480", "2016-12-31": "19.64150", "2016-09-30": "20.62010", "2016-06-30": "20.71250", "2016-03-31": "17.83410", "2015-12-31": "21.45580", "2015-09-30": "19.79540", "2015-06-30": "21.45190", "2015-03-31": "19.43180", "2014-12-31": "", "2013-12-31": "", "2012-12-31": ""}, "EBIT Margin": {"2020-09-30": "16.31710", "2020-06-30": "12.16270", "2020-03-31": "6.97990", "2019-12-31": "14.74230", "2019-09-30": "13.01610", "2019-06-30": "13.38020", "2019-03-31": "13.64180", "2018-12-31": "16.75680", "2018-09-30": "17.58680", "2018-06-30": "20.25220", "2018-03-31": "18.62350", "2017-12-31": "15.61540", "2017-09-30": "21.16540", "2017-06-30": "21.43300", "2017-03-31": "19.25480", "2016-12-31": "19.64150", "2016-09-30": "20.62010", "2016-06-30": "20.71250", "2016-03-31": "17.83410", "2015-12-31": "21.45580", "2015-09-30": "19.79540", "2015-06-30": "21.45190", "2015-03-31": "19.43180", "2014-12-31": "", "2013-12-31": "", "2012-12-31": ""}, "EBITDA Margin": {"2020-09-30": "", "2020-06-30": "", "2020-03-31": "", "2019-12-31": "", "2019-09-30": "", "2019-06-30": "", "2019-03-31": "", "2018-12-31": "", "2018-09-30": "", "2018-06-30": "", "2018-03-31": "", "2017-12-31": "", "2017-09-30": "", "2017-06-30": "", "2017-03-31": "", "2016-12-31": "", "2016-09-30": "", "2016-06-30": "", "2016-03-31": "", "2015-12-31": "", "2015-09-30": "", "2015-06-30": "", "2015-03-31": "", "2014-12-31": "", "2013-12-31": "", "2012-12-31": ""}, "Pre-Tax Profit Margin": {"2020-09-30": "13.93580", "2020-06-30": "9.75050", "2020-03-31": "4.16690", "2019-12-31": "12.12050", "2019-09-30": "12.63980", "2019-06-30": "10.95620", "2019-03-31": "12.07860", "2018-12-31": "15.21480", "2018-09-30": "16.09420", "2018-06-30": "18.69150", "2018-03-31": "17.01520", "2017-12-31": "14.04940", "2017-09-30": "20.66690", "2017-06-30": "19.99020", "2017-03-31": "17.73710", "2016-12-31": "16.42770", "2016-09-30": "19.12720", "2016-06-30": "20.53890", "2016-03-31": "17.83410", "2015-12-31": "21.45580", "2015-09-30": "19.79540", "2015-06-30": "21.45190", "2015-03-31": "19.43180", "2014-12-31": "", "2013-12-31": "", "2012-12-31": ""}, "Net Profit Margin": {"2020-09-30": "10.96040", "2020-06-30": "7.17920", "2020-03-31": "1.43570", "2019-12-31": "8.76950", "2019-09-30": "10.20430", "2019-06-30": "8.44100", "2019-03-31": "9.23470", "2018-12-31": "119.20340", "2018-09-30": "14.23310", "2018-06-30": "18.40430", "2018-03-31": "17.50440", "2017-12-31": "37.15260", "2017-09-30": "15.89030", "2017-06-30": "14.74090", "2017-03-31": "13.00810", "2016-12-31": "28.74520", "2016-09-30": "14.47620", "2016-06-30": "15.36240", "2016-03-31": "12.34150", "2015-12-31": "14.98290", "2015-09-30": "12.89520", "2015-06-30": "14.53130", "2015-03-31": "13.45890", "2014-12-31": "", "2013-12-31": "", "2012-12-31": ""}, "Asset Turnover": {"2020-09-30": "0.11060", "2020-06-30": "0.09410", "2020-03-31": "0.10120", "2019-12-31": "0.11480", "2019-09-30": "0.11160", "2019-06-30": "0.11320", "2019-03-31": "0.10170", "2018-12-31": "0.13620", "2018-09-30": "0.11550", "2018-06-30": "0.13360", "2018-03-31": "0.14000", "2017-12-31": "0.08640", "2017-09-30": "0.18070", "2017-06-30": "0.19240", "2017-03-31": "0.18640", "2016-12-31": "0.09540", "2016-09-30": "0.19270", "2016-06-30": "0.19970", "2016-03-31": "0.20450", "2015-12-31": "0.21850", "2015-09-30": "", "2015-06-30": "", "2015-03-31": "", "2014-12-31": "", "2013-12-31": "", "2012-12-31": ""}, "Inventory Turnover Ratio": {"2020-09-30": "1.38850", "2020-06-30": "1.13910", "2020-03-31": "1.28800", "2019-12-31": "1.50940", "2019-09-30": "1.36960", "2019-06-30": "1.38490", "2019-03-31": "1.28260", "2018-12-31": "1.49560", "2018-09-30": "1.19420", "2018-06-30": "1.20040", "2018-03-31": "1.17860", "2017-12-31": "0.73790", "2017-09-30": "1.46810", "2017-06-30": "1.46930", "2017-03-31": "1.38420", "2016-12-31": "0.60910", "2016-09-30": "1.42360", "2016-06-30": "1.41170", "2016-03-31": "1.40810", "2015-12-31": "1.56530", "2015-09-30": "", "2015-06-30": "", "2015-03-31": "", "2014-12-31": "", "2013-12-31": "", "2012-12-31": ""}, "Receiveable Turnover": {"2020-09-30": "1.57530", "2020-06-30": "1.39140", "2020-03-31": "1.30050", "2019-12-31": "1.44630", "2019-09-30": "1.39640", "2019-06-30": "1.41780", "2019-03-31": "1.38920", "2018-12-31": "1.47060", "2018-09-30": "1.23590", "2018-06-30": "1.34850", "2018-03-31": "1.27310", "2017-12-31": "0.88860", "2017-09-30": "1.56760", "2017-06-30": "1.65360", "2017-03-31": "1.62610", "2016-12-31": "0.82610", "2016-09-30": "1.61260", "2016-06-30": "1.64010", "2016-03-31": "1.58640", "2015-12-31": "1.60910", "2015-09-30": "", "2015-06-30": "", "2015-03-31": "", "2014-12-31": "", "2013-12-31": "", "2012-12-31": ""}, "Days Sales In Receivables": {"2020-09-30": "57.13290", "2020-06-30": "64.68180", "2020-03-31": "69.20570", "2019-12-31": "62.22780", "2019-09-30": "64.45160", "2019-06-30": "63.47830", "2019-03-31": "64.78370", "2018-12-31": "61.20000", "2018-09-30": "72.82290", "2018-06-30": "66.73870", "2018-03-31": "70.69360", "2017-12-31": "101.28470", "2017-09-30": "57.41350", "2017-06-30": "54.42660", "2017-03-31": "55.34720", "2016-12-31": "108.94490", "2016-09-30": "55.81220", "2016-06-30": "54.87620", "2016-03-31": "56.73290", "2015-12-31": "55.93160", "2015-09-30": "", "2015-06-30": "", "2015-03-31": "", "2014-12-31": "", "2013-12-31": "", "2012-12-31": ""}, "ROE - Return On Equity": {"2020-09-30": "2.93700", "2020-06-30": "1.75920", "2020-03-31": "0.58320", "2019-12-31": "2.41620", "2019-09-30": "2.89380", "2019-06-30": "2.49610", "2019-03-31": "2.38970", "2018-12-31": "3.63080", "2018-09-30": "3.65870", "2018-06-30": "4.43470", "2018-03-31": "5.20720", "2017-12-31": "4.64000", "2017-09-30": "7.69920", "2017-06-30": "7.56700", "2017-03-31": "6.90550", "2016-12-31": "3.43370", "2016-09-30": "8.86470", "2016-06-30": "10.07000", "2016-03-31": "3.45920", "2015-12-31": "4.55570", "2015-09-30": "", "2015-06-30": "", "2015-03-31": "", "2014-12-31": "", "2013-12-31": "", "2012-12-31": ""}, "Return On Tangible Equity": {"2020-09-30": "-5.31480", "2020-06-30": "-2.85610", "2020-03-31": "-0.88700", "2019-12-31": "-3.69110", "2019-09-30": "-4.61440", "2019-06-30": "-3.86020", "2019-03-31": "-9.41550", "2018-12-31": "-12.02600", "2018-09-30": "-6.30510", "2018-06-30": "-37.29320", "2018-03-31": "-9.40370", "2017-12-31": "-8.79760", "2017-09-30": "-13.12680", "2017-06-30": "-15.11110", "2017-03-31": "-10.83270", "2016-12-31": "-4.53990", "2016-09-30": "-10.02120", "2016-06-30": "-10.31250", "2016-03-31": "33.82900", "2015-12-31": "49.75760", "2015-09-30": "", "2015-06-30": "", "2015-03-31": "", "2014-12-31": "", "2013-12-31": "", "2012-12-31": ""}, "ROA - Return On Assets": {"2020-09-30": "1.31280", "2020-06-30": "0.78000", "2020-03-31": "0.24980", "2019-12-31": "1.02530", "2019-09-30": "1.24430", "2019-06-30": "1.06450", "2019-03-31": "1.04750", "2018-12-31": "1.86040", "2018-09-30": "1.54370", "2018-06-30": "2.08740", "2018-03-31": "2.00840", "2017-12-31": "1.68280", "2017-09-30": "2.87120", "2017-06-30": "2.83570", "2017-03-31": "2.42520", "2016-12-31": "1.12820", "2016-09-30": "2.78980", "2016-06-30": "3.06790", "2016-03-31": "2.52340", "2015-12-31": "3.27430", "2015-09-30": "", "2015-06-30": "", "2015-03-31": "", "2014-12-31": "", "2013-12-31": "", "2012-12-31": ""}, "ROI - Return On Investment": {"2020-09-30": "1.82280", "2020-06-30": "1.07750", "2020-03-31": "0.32340", "2019-12-31": "1.46210", "2019-09-30": "1.70210", "2019-06-30": "1.43460", "2019-03-31": "1.41490", "2018-12-31": "2.50430", "2018-09-30": "2.37060", "2018-06-30": "2.91970", "2018-03-31": "2.63980", "2017-12-31": "2.24680", "2017-09-30": "3.74530", "2017-06-30": "3.76270", "2017-03-31": "3.24470", "2016-12-31": "1.52750", "2016-09-30": "3.73890", "2016-06-30": "4.15680", "2016-03-31": "3.45920", "2015-12-31": "4.55570", "2015-09-30": "", "2015-06-30": "", "2015-03-31": "", "2014-12-31": "", "2013-12-31": "", "2012-12-31": ""}, "Book Value Per Share": {"2020-09-30": "22.79980", "2020-06-30": "21.97890", "2020-03-31": "21.53590", "2019-12-31": "22.02440", "2019-09-30": "21.33930", "2019-06-30": "20.93890", "2019-03-31": "20.48570", "2018-12-31": "19.76950", "2018-09-30": "16.72130", "2018-06-30": "16.16590", "2018-03-31": "11.79250", "2017-12-31": "10.94940", "2017-09-30": "10.00950", "2017-06-30": "9.14410", "2017-03-31": "8.34360", "2016-12-31": "7.77970", "2016-09-30": "7.40410", "2016-06-30": "6.87250", "2016-03-31": "", "2015-12-31": "", "2015-09-30": "", "2015-06-30": "", "2015-03-31": "", "2014-12-31": "", "2013-12-31": "", "2012-12-31": ""}, "Operating Cash Flow Per Share": {"2020-09-30": 1.4071, "2020-06-30": 1.4111, "2020-03-31": "0.56180", "2019-12-31": 1.3975, "2019-09-30": 1.1202, "2019-06-30": 0.7616, "2019-03-31": "0.46010", "2018-12-31": 1.3016, "2018-09-30": 1.0871, "2018-06-30": 0.9623, "2018-03-31": "0.48250", "2017-12-31": 1.316, "2017-09-30": 0.9017, "2017-06-30": 0.6968, "2017-03-31": "0.42190", "2016-12-31": 0.927, "2016-09-30": 0.9334, "2016-06-30": 0.8998, "2016-03-31": "0.51330", "2015-12-31": 1.1237, "2015-09-30": 0.6845, "2015-06-30": 1.1147, "2015-03-31": "", "2014-12-31": 0, "2013-12-31": 0, "2012-12-31": 0}, "Free Cash Flow Per Share": {"2020-09-30": 1.3292, "2020-06-30": 1.351, "2020-03-31": "0.46240", "2019-12-31": 1.3008, "2019-09-30": 1.0288, "2019-06-30": 0.6895, "2019-03-31": "0.38940", "2018-12-31": 1.1975, "2018-09-30": 1.0054, "2018-06-30": 0.901, "2018-03-31": "0.40940", "2017-12-31": 1.3103, "2017-09-30": 0.8111, "2017-06-30": 0.6151, "2017-03-31": "0.34570", "2016-12-31": 0.8936, "2016-09-30": 0.8536, "2016-06-30": 0.8041, "2016-03-31": "0.43110", "2015-12-31": 1.0278, "2015-09-30": 0.5843, "2015-06-30": 0.9629, "2015-03-31": "", "2014-12-31": 0, "2013-12-31": 0, "2012-12-31": 0}}, "revenue": {"Fortive Annual Revenue (Millions of US $)": {"2020": "$4,634", "2019": "$7,320", "2018": "$6,453", "2017": "$5,756", "2016": "$5,378", "2015": "$6,179", "2014": "$6,337", "2013": "$5,962", "2012": "$5,785"}, "Fortive Quarterly Revenue (Millions of US $)": {"2020-12-31": "$1,325", "2020-09-30": "$1,902", "2020-06-30": "$1,571", "2020-03-31": "$1,714", "2019-12-31": "$2,002", "2019-09-30": "$1,860", "2019-06-30": "$1,865", "2019-03-31": "$1,593", "2018-12-31": "$1,758", "2018-09-30": "$1,601", "2018-06-30": "$1,602", "2018-03-31": "$1,492", "2017-12-31": "$907", "2017-09-30": "$1,685", "2017-06-30": "$1,629", "2017-03-31": "$1,535", "2016-12-31": "$781", "2016-09-30": "$1,567", "2016-06-30": "$1,555", "2016-03-31": "$1,475", "2015-12-31": "$1,576", "2015-09-30": "$1,525", "2015-06-30": "$1,565", "2015-03-31": "$1,514", "2014-12-31": "", "2013-12-31": "", "2012-12-31": ""}}, "gross-profit": {"Fortive Annual Gross Profit (Millions of US $)": {"2020": "$2,609", "2019": "$3,680", "2018": "$3,321", "2017": "$2,921", "2016": "$2,686", "2015": "$3,000", "2014": "$3,049", "2013": "$2,864", "2012": "$2,763"}, "Fortive Quarterly Gross Profit (Millions of US $)": {"2020-12-31": "$762", "2020-09-30": "$983", "2020-06-30": "$814", "2020-03-31": "$876", "2019-12-31": "$1,036", "2019-09-30": "$928", "2019-06-30": "$904", "2019-03-31": "$813", "2018-12-31": "$898", "2018-09-30": "$826", "2018-06-30": "$831", "2018-03-31": "$766", "2017-12-31": "$533", "2017-09-30": "$839", "2017-06-30": "$805", "2017-03-31": "$744", "2016-12-31": "$449", "2016-09-30": "$773", "2016-06-30": "$768", "2016-03-31": "$695", "2015-12-31": "$757", "2015-09-30": "$747", "2015-06-30": "$765", "2015-03-31": "$731", "2014-12-31": "", "2013-12-31": "", "2012-12-31": ""}}, "operating-income": {"Fortive Annual Operating Income (Millions of US $)": {"2020": "$539", "2019": "$1,004", "2018": "$1,178", "2017": "$1,143", "2016": "$1,062", "2015": "$1,270", "2014": "$1,245", "2013": "$1,143", "2012": "$1,128"}, "Fortive Quarterly Operating Income (Millions of US $)": {"2020-12-31": "$184", "2020-09-30": "$310", "2020-06-30": "$191", "2020-03-31": "$120", "2019-12-31": "$295", "2019-09-30": "$242", "2019-06-30": "$250", "2019-03-31": "$217", "2018-12-31": "$295", "2018-09-30": "$282", "2018-06-30": "$324", "2018-03-31": "$278", "2017-12-31": "$142", "2017-09-30": "$357", "2017-06-30": "$349", "2017-03-31": "$296", "2016-12-31": "$153", "2016-09-30": "$323", "2016-06-30": "$322", "2016-03-31": "$263", "2015-12-31": "$338", "2015-09-30": "$302", "2015-06-30": "$336", "2015-03-31": "$294", "2014-12-31": "", "2013-12-31": "", "2012-12-31": ""}}, "ebitda": {"Fortive Annual EBITDA (Millions of US $)": {"2019": "$1,430", "2018": "$1,440", "2017": "$1,304", "2016": "$1,227", "2015": "$1,459", "2014": "$1,423", "2013": "$1,303", "2012": "$1,273"}, "Fortive Quarterly EBITDA (Millions of US $)": {"2020-09-30": "$426", "2020-06-30": "$310", "2020-03-31": "$323", "2019-12-31": "$412", "2019-09-30": "$359", "2019-06-30": "$360", "2019-03-31": "$299", "2018-12-31": "$384", "2018-09-30": "$344", "2018-06-30": "$379", "2018-03-31": "$334", "2017-12-31": "$189", "2017-09-30": "$397", "2017-06-30": "$386", "2017-03-31": "$332", "2016-12-31": "$182", "2016-09-30": "$372", "2016-06-30": "$367", "2016-03-31": "$307", "2015-12-31": "$383", "2015-09-30": "$357", "2015-06-30": "$381", "2015-03-31": "$338", "2014-12-31": "", "2013-12-31": "", "2012-12-31": ""}}, "net-income": {"Fortive Annual Net Income (Millions of US $)": {"2020": "$1,544", "2019": "$670", "2018": "$2,879", "2017": "$1,045", "2016": "$872", "2015": "$864", "2014": "$883", "2013": "$831", "2012": "$764"}, "Fortive Quarterly Net Income (Millions of US $)": {"2020-12-31": "$1,198", "2020-09-30": "$209", "2020-06-30": "$113", "2020-03-31": "$25", "2019-12-31": "$176", "2019-09-30": "$190", "2019-06-30": "$157", "2019-03-31": "$147", "2018-12-31": "$2,095", "2018-09-30": "$228", "2018-06-30": "$295", "2018-03-31": "$261", "2017-12-31": "$337", "2017-09-30": "$268", "2017-06-30": "$240", "2017-03-31": "$200", "2016-12-31": "$225", "2016-09-30": "$227", "2016-06-30": "$239", "2016-03-31": "$182", "2015-12-31": "$236", "2015-09-30": "$197", "2015-06-30": "$227", "2015-03-31": "$204", "2014-12-31": "", "2013-12-31": "", "2012-12-31": ""}}, "eps-earnings-per-share-diluted": {"Fortive Annual EPS": {"2020": "$4.49", "2019": "$1.97", "2018": "$8.21", "2017": "$2.96", "2016": "$2.51", "2015": "$2.50", "2014": "$2.56", "2013": "$0.00", "2012": "$0.00"}, "Fortive Quarterly EPS": {"2020-12-31": "$3.37", "2020-09-30": "$0.61", "2020-06-30": "$0.33", "2020-03-31": "$0.07", "2019-12-31": "$0.52", "2019-09-30": "$0.56", "2019-06-30": "$0.46", "2019-03-31": "$0.43", "2018-12-31": "$6.00", "2018-09-30": "$0.64", "2018-06-30": "$0.83", "2018-03-31": "$0.74", "2017-12-31": "$0.95", "2017-09-30": "$0.76", "2017-06-30": "$0.68", "2017-03-31": "$0.57", "2016-12-31": "$0.64", "2016-09-30": "$0.65", "2016-06-30": "$0.69", "2016-03-31": "$0.53", "2015-12-31": "$0.68", "2015-09-30": "$0.57", "2015-06-30": "$0.66", "2015-03-31": "$0.00", "2014-12-31": "$0.00", "2013-12-31": "$0.00", "2012-12-31": "$0.00"}}, "shares-outstanding": {"Fortive Annual Shares Outstanding (Millions of Shares)": {"2020": "359", "2019": "340", "2018": "351", "2017": "353", "2016": "347", "2015": "345", "2014": "345", "2013": "", "2012": ""}, "Fortive Quarterly Shares Outstanding (Millions of Shares)": {"2020-12-31": "361", "2020-09-30": "341", "2020-06-30": "340", "2020-03-31": "340", "2019-12-31": "340", "2019-09-30": "340", "2019-06-30": "340", "2019-03-31": "340", "2018-12-31": "351", "2018-09-30": "355", "2018-06-30": "355", "2018-03-31": "354", "2017-12-31": "353", "2017-09-30": "353", "2017-06-30": "352", "2017-03-31": "352", "2016-12-31": "347", "2016-09-30": "349", "2016-06-30": "345", "2016-03-31": "345", "2015-12-31": "345", "2015-09-30": "345", "2015-06-30": "345", "2015-03-31": "", "2014-12-31": "", "2013-12-31": "", "2012-12-31": ""}}, "total-assets": {"Fortive Annual Total Assets (Millions of US $)": {"2019": "$17,439", "2018": "$12,906", "2017": "$10,501", "2016": "$8,190", "2015": "$7,211", "2014": "$7,356", "2013": "$7,240", "2012": "$0"}, "Fortive Quarterly Total Assets (Millions of US $)": {"2020-09-30": "$17,200", "2020-06-30": "$16,706", "2020-03-31": "$16,932", "2019-12-31": "$17,439", "2019-09-30": "$16,660", "2019-06-30": "$16,468", "2019-03-31": "$15,656", "2018-12-31": "$12,906", "2018-09-30": "$13,863", "2018-06-30": "$11,986", "2018-03-31": "$10,655", "2017-12-31": "$10,501", "2017-09-30": "$9,327", "2017-06-30": "$8,467", "2017-03-31": "$8,234", "2016-12-31": "$8,190", "2016-09-30": "$8,133", "2016-06-30": "$7,787", "2016-03-31": "$7,213", "2015-12-31": "$7,211", "2015-09-30": "$0", "2015-06-30": "$0", "2015-03-31": "$0", "2014-12-31": "$7,356", "2013-12-31": "$7,240", "2012-12-31": "$0"}}, "cash-on-hand": {"Fortive Annual Cash on Hand (Millions of US $)": {"2019": "$1,205", "2018": "$1,178", "2017": "$962", "2016": "$803", "2015": "$", "2014": "$", "2013": "$", "2012": "$"}, "Fortive Quarterly Cash on Hand (Millions of US $)": {"2020-09-30": "$1,489", "2020-06-30": "$1,063", "2020-03-31": "$1,041", "2019-12-31": "$1,205", "2019-09-30": "$1,061", "2019-06-30": "$1,092", "2019-03-31": "$3,729", "2018-12-31": "$1,178", "2018-09-30": "$1,145", "2018-06-30": "$2,368", "2018-03-31": "$1,016", "2017-12-31": "$962", "2017-09-30": "$911", "2017-06-30": "$968", "2017-03-31": "$818", "2016-12-31": "$803", "2016-09-30": "$725", "2016-06-30": "$487", "2016-03-31": "", "2015-12-31": "", "2015-09-30": "", "2015-06-30": "", "2015-03-31": "", "2014-12-31": "", "2013-12-31": "", "2012-12-31": ""}}, "long-term-debt": {"Fortive Annual Long Term Debt (Millions of US $)": {"2019": "$4,828", "2018": "$2,975", "2017": "$4,056", "2016": "$3,358", "2015": "$", "2014": "$", "2013": "$", "2012": "$"}, "Fortive Quarterly Long Term Debt (Millions of US $)": {"2020-09-30": "$4,699", "2020-06-30": "$4,686", "2020-03-31": "$5,826", "2019-12-31": "$4,828", "2019-09-30": "$5,016", "2019-06-30": "$5,197", "2019-03-31": "$4,728", "2018-12-31": "$2,975", "2018-09-30": "$3,178", "2018-06-30": "$2,927", "2018-03-31": "$3,997", "2017-12-31": "$4,056", "2017-09-30": "$3,672", "2017-06-30": "$3,208", "2017-03-31": "$3,263", "2016-12-31": "$3,358", "2016-09-30": "$3,509", "2016-06-30": "$3,375", "2016-03-31": "", "2015-12-31": "", "2015-09-30": "", "2015-06-30": "", "2015-03-31": "", "2014-12-31": "", "2013-12-31": "", "2012-12-31": ""}}, "total-liabilities": {"Fortive Annual Total Liabilities (Millions of US $)": {"2019": "$10,039", "2018": "$6,293", "2017": "$6,692", "2016": "$5,499", "2015": "$2,028", "2014": "$2,123", "2013": "$2,115", "2012": "$0"}, "Fortive Quarterly Total Liabilities (Millions of US $)": {"2020-09-30": "$9,512", "2020-06-30": "$9,299", "2020-03-31": "$9,678", "2019-12-31": "$10,039", "2019-09-30": "$9,497", "2019-06-30": "$9,445", "2019-03-31": "$8,794", "2018-12-31": "$6,293", "2018-09-30": "$8,014", "2018-06-30": "$6,344", "2018-03-31": "$6,546", "2017-12-31": "$6,692", "2017-09-30": "$5,849", "2017-06-30": "$5,294", "2017-03-31": "$5,342", "2016-12-31": "$5,499", "2016-09-30": "$5,574", "2016-06-30": "$5,415", "2016-03-31": "$1,951", "2015-12-31": "$2,028", "2015-09-30": "$0", "2015-06-30": "$0", "2015-03-31": "$0", "2014-12-31": "$2,123", "2013-12-31": "$2,115", "2012-12-31": "$0"}}, "total-share-holder-equity": {"Fortive Annual Share Holder Equity (Millions of US $)": {"2019": "$7,400", "2018": "$6,613", "2017": "$3,808", "2016": "$2,691", "2015": "$5,183", "2014": "$5,233", "2013": "$5,125", "2012": "$0"}, "Fortive Quarterly Share Holder Equity (Millions of US $)": {"2020-09-30": "$7,688", "2020-06-30": "$7,407", "2020-03-31": "$7,253", "2019-12-31": "$7,400", "2019-09-30": "$7,164", "2019-06-30": "$7,023", "2019-03-31": "$6,863", "2018-12-31": "$6,613", "2018-09-30": "$5,849", "2018-06-30": "$5,642", "2018-03-31": "$4,110", "2017-12-31": "$3,808", "2017-09-30": "$3,478", "2017-06-30": "$3,173", "2017-03-31": "$2,892", "2016-12-31": "$2,691", "2016-09-30": "$2,560", "2016-06-30": "$2,372", "2016-03-31": "$5,261", "2015-12-31": "$5,183", "2015-09-30": "$0", "2015-06-30": "$0", "2015-03-31": "$0", "2014-12-31": "$5,233", "2013-12-31": "$5,125", "2012-12-31": "$0"}}, "profit-margins": {"current": "24.77%"}, "gross margin": {"2020-12-31": "52.75%", "2020-09-30": "51.59%", "2020-06-30": "51.13%", "2020-03-31": "50.32%", "2019-12-31": "50.29%", "2019-09-30": "50.07%", "2019-06-30": "50.48%", "2019-03-31": "51.39%", "2018-12-31": "51.46%", "2018-09-30": "52.77%", "2018-06-30": "52.22%", "2018-03-31": "51.51%", "2017-12-31": "50.75%", "2017-09-30": "50.39%", "2017-06-30": "50.27%", "2017-03-31": "50.28%", "2016-12-31": "49.93%", "2016-09-30": "48.49%", "2016-06-30": "48.39%", "2016-03-31": "48.27%", "2015-12-31": "48.54%"}, "operating margin": {"2020-12-31": "12.36%", "2020-09-30": "12.74%", "2020-06-30": "11.87%", "2020-03-31": "12.19%", "2019-12-31": "13.72%", "2019-09-30": "14.19%", "2019-06-30": "15.31%", "2019-03-31": "17.06%", "2018-12-31": "18.27%", "2018-09-30": "18.31%", "2018-06-30": "19.36%", "2018-03-31": "19.71%", "2017-12-31": "19.87%", "2017-09-30": "20.52%", "2017-06-30": "20.34%", "2017-03-31": "20.12%", "2016-12-31": "19.73%", "2016-09-30": "20.18%", "2016-06-30": "19.98%", "2016-03-31": "20.18%", "2015-12-31": "20.55%"}, "ebitda margin": {"2020-09-30": "20.46%", "2020-06-30": "19.64%", "2020-03-31": "19.54%", "2019-12-31": "19.54%", "2019-09-30": "19.81%", "2019-06-30": "20.35%", "2019-03-31": "21.45%", "2018-12-31": "22.33%", "2018-09-30": "22.24%", "2018-06-30": "22.85%", "2018-03-31": "22.86%", "2017-12-31": "22.65%", "2017-09-30": "23.04%", "2017-06-30": "23.08%", "2017-03-31": "23.04%", "2016-12-31": "22.83%", "2016-09-30": "23.15%", "2016-06-30": "23.06%", "2016-03-31": "23.25%", "2015-12-31": "23.61%"}, "pre tax profit margin": {"2020-12-31": "26.92%", "2020-09-30": "10.18%", "2020-06-30": "9.82%", "2020-03-31": "10.12%", "2019-12-31": "11.94%", "2019-09-30": "12.69%", "2019-06-30": "13.51%", "2019-03-31": "15.50%", "2018-12-31": "16.71%", "2018-09-30": "16.74%", "2018-06-30": "18.08%", "2018-03-31": "18.47%", "2017-12-31": "18.64%", "2017-09-30": "19.08%", "2017-06-30": "18.61%", "2017-03-31": "18.74%", "2016-12-31": "18.78%", "2016-09-30": "19.76%", "2016-06-30": "19.93%", "2016-03-31": "20.18%", "2015-12-31": "20.55%"}, "net profit margin": {"2020-12-31": "23.73%", "2020-09-30": "7.28%", "2020-06-30": "7.05%", "2020-03-31": "7.36%", "2019-12-31": "9.15%", "2019-09-30": "36.59%", "2019-06-30": "38.54%", "2019-03-31": "42.19%", "2018-12-31": "44.61%", "2018-09-30": "20.01%", "2018-06-30": "20.42%", "2018-03-31": "19.36%", "2017-12-31": "18.15%", "2017-09-30": "16.57%", "2017-06-30": "16.18%", "2017-03-31": "16.38%", "2016-12-31": "16.23%", "2016-09-30": "14.32%", "2016-06-30": "13.93%", "2016-03-31": "13.71%", "2015-12-31": "13.98%"}, "pe ratio": {"current": "22.52", "2021-02-05": "68.22", "2020-12-31": "70.12", "2020-09-30": "41.75", "2020-06-30": "38.28", "2020-03-31": "28.67", "2019-12-31": "32.40", "2019-09-30": "7.51", "2019-06-30": "8.83", "2019-03-31": "8.66", "2018-12-31": "6.72", "2018-09-30": "22.18", "2018-06-30": "19.55", "2018-03-31": "20.58", "2017-12-31": "20.29", "2017-09-30": "22.16", "2017-06-30": "20.66"}, "price sales": {"2021-02-05": "3.64", "2020-12-31": "3.74", "2020-09-30": "3.02", "2020-06-30": "2.69", "2020-03-31": "2.11", "2019-12-31": "2.96", "2019-09-30": "2.77", "2019-06-30": "3.45", "2019-03-31": "3.73", "2018-12-31": "3.09", "2018-09-30": "4.44", "2018-06-30": "3.99", "2018-03-31": "3.98", "2017-12-31": "3.68", "2017-09-30": "3.67", "2017-06-30": "3.34"}, "price book": {"current": "3.02", "2021-02-05": "3.02", "2020-09-30": "2.80", "2020-06-30": "2.58", "2020-03-31": "2.14", "2019-12-31": "2.90", "2019-09-30": "2.68", "2019-06-30": "3.25", "2019-03-31": "3.41", "2018-12-31": "2.85", "2018-09-30": "4.19", "2018-06-30": "3.97", "2018-03-31": "5.46", "2017-12-31": "5.49", "2017-09-30": "5.87", "2017-06-30": "5.74", "2017-03-31": "5.97", "2016-12-31": "5.70", "2016-09-30": "5.68"}, "price fcf": {"2021-02-05": "", "2020-09-30": "$4.44", "2020-06-30": "$4.14", "2020-03-31": "$3.48", "2019-12-31": "$3.41", "2019-09-30": "$3.31", "2019-06-30": "$3.28", "2019-03-31": "$3.49", "2018-12-31": "$3.51", "2018-09-30": "$3.63", "2018-06-30": "$3.43", "2018-03-31": "$3.15", "2017-12-31": "$3.08", "2017-09-30": "$2.67", "2017-06-30": "$3.94"}, "net worth": {"value": "$23.23B"}, "current ratio": {"2020-12-31": "1.55", "2020-09-30": "1.24", "2020-06-30": "1.13", "2020-03-31": "1.62", "2019-12-31": "1.06", "2019-09-30": "1.19", "2019-06-30": "1.23", "2019-03-31": "2.20", "2018-12-31": "1.45", "2018-09-30": "0.98", "2018-06-30": "1.96", "2018-03-31": "2.11", "2017-12-31": "1.83", "2017-09-30": "1.95", "2017-06-30": "1.97", "2017-03-31": "1.80", "2016-12-31": "1.70", "2016-09-30": "1.72", "2016-06-30": "1.60", "2016-03-31": "1.26", "2015-12-31": "1.20", "2015-09-30": "0.00", "2015-06-30": "0.00", "2015-03-31": "0.00", "2014-12-31": "1.31", "2013-12-31": "1.30", "2012-12-31": "0.00"}, "quick ratio": {"2020-12-31": "1.40", "2020-09-30": "1.02", "2020-06-30": "0.90", "2020-03-31": "1.32", "2019-12-31": "0.88", "2019-09-30": "0.96", "2019-06-30": "0.98", "2019-03-31": "1.97", "2018-12-31": "1.19", "2018-09-30": "0.80", "2018-06-30": "1.68", "2018-03-31": "1.69", "2017-12-31": "1.52", "2017-09-30": "1.54", "2017-06-30": "1.56", "2017-03-31": "1.39", "2016-12-31": "1.33", "2016-09-30": "1.32", "2016-06-30": "1.19", "2016-03-31": "0.82", "2015-12-31": "0.81", "2015-09-30": "0.00", "2015-06-30": "0.00", "2015-03-31": "0.00", "2014-12-31": "0.91", "2013-12-31": "0.91", "2012-12-31": "0.00"}, "debt equity ratio": {"current": "0.61", "2020-12-31": "0.79", "2020-09-30": "1.24", "2020-06-30": "1.26", "2020-03-31": "1.33", "2019-12-31": "1.36", "2019-09-30": "1.33", "2019-06-30": "1.35", "2019-03-31": "1.28", "2018-12-31": "0.95", "2018-09-30": "1.37", "2018-06-30": "1.12", "2018-03-31": "1.59", "2017-12-31": "1.76", "2017-09-30": "1.68", "2017-06-30": "1.67", "2017-03-31": "1.85", "2016-12-31": "2.04", "2016-09-30": "2.18", "2016-06-30": "2.28", "2016-03-31": "0.37", "2015-12-31": "0.39", "2015-09-30": "0.00", "2015-06-30": "0.00", "2015-03-31": "0.00", "2014-12-31": "0.41", "2013-12-31": "0.41", "2012-12-31": "0.00"}, "return on equity": {"2020-12-31": "19.73%", "2020-09-30": "7.03%", "2020-06-30": "6.90%", "2020-03-31": "7.60%", "2019-12-31": "9.42%", "2019-09-30": "37.44%", "2019-06-30": "39.88%", "2019-03-31": "44.30%", "2018-12-31": "51.84%", "2018-09-30": "23.10%", "2018-06-30": "27.26%", "2018-03-31": "30.37%", "2017-12-31": "31.31%", "2017-09-30": "30.51%", "2017-06-30": "31.53%", "2017-03-31": "33.89%", "2016-12-31": "27.10%", "2016-09-30": "23.00%", "2016-06-30": "26.65%", "2016-03-31": "32.25%", "2015-12-31": "66.68%"}, "return on assets": {"2020-12-31": "9.24%", "2020-09-30": "3.06%", "2020-06-30": "2.98%", "2020-03-31": "3.25%", "2019-12-31": "4.05%", "2019-09-30": "16.79%", "2019-06-30": "17.84%", "2019-03-31": "20.33%", "2018-12-31": "23.31%", "2018-09-30": "9.54%", "2018-06-30": "10.94%", "2018-03-31": "11.36%", "2017-12-31": "11.44%", "2017-09-30": "10.91%", "2017-06-30": "10.80%", "2017-03-31": "11.02%", "2016-12-31": "11.15%", "2016-09-30": "11.65%", "2016-06-30": "15.38%", "2016-03-31": "23.35%", "2015-12-31": "47.93%"}, "return on investments": {"2020-12-31": "6.52%", "2020-09-30": "7.36%", "2020-06-30": "6.84%", "2020-03-31": "7.30%", "2019-12-31": "8.33%", "2019-09-30": "8.81%", "2019-06-30": "9.84%", "2019-03-31": "11.53%", "2018-12-31": "13.36%", "2018-09-30": "12.23%", "2018-06-30": "13.90%", "2018-03-31": "15.27%", "2017-12-31": "16.61%", "2017-09-30": "17.95%", "2017-06-30": "18.19%", "2017-03-31": "18.22%", "2016-12-31": "23.76%", "2016-09-30": "42.18%", "2016-06-30": "85.26%", "2016-03-31": "inf%", "2015-12-31": "inf%"}, "return on tangible equity": {"2020-09-30": "-11.35%", "2020-06-30": "-10.80%", "2020-03-31": "-11.76%", "2019-12-31": "-17.16%", "2019-09-30": "-81.08%", "2019-06-30": "-90.01%", "2019-03-31": "-141.72%", "2018-12-31": "-138.11%", "2018-09-30": "-53.70%", "2018-06-30": "-66.38%", "2018-03-31": "-55.90%", "2017-12-31": "-55.87%", "2017-09-30": "-49.71%", "2017-06-30": "-46.15%", "2017-03-31": "-42.13%", "2016-12-31": "-57.45%", "2016-09-30": "-99.10%", "2016-06-30": "-261.96%", "2016-03-31": "332.48%", "2015-12-31": "727.58%"}, "dividend yield history": {"last payout": "$0.28", "last yield": "0.41%"}}