{"ticker": "FOX", "price": {"title": "Fox Historical Annual Stock Price Data", "value": 30.75, "historical": {"2021": {"Average Stock Price": "30.1109", "Year Open": "28.8800", "Year High": "33.4000", "Year Low": "28.4100", "Year Close": "30.7500", "Annual % Change": "6.48%"}, "2020": {"Average Stock Price": "28.2597", "Year Open": "36.4600", "Year High": "38.5750", "Year Low": "19.8100", "Year Close": "28.8800", "Annual % Change": "-20.66%"}, "2019": {"Average Stock Price": "37.8920", "Year Open": "47.4700", "Year High": "51.7200", "Year Low": "30.0350", "Year Close": "36.4000", "Annual % Change": "-23.82%"}, "2018": {"Average Stock Price": "42.0264", "Year Open": "35.3600", "Year High": "49.3900", "Year Low": "34.0900", "Year Close": "47.7800", "Annual % Change": "40.04%"}, "2017": {"Average Stock Price": "28.6856", "Year Open": "28.0000", "Year High": "34.7200", "Year Low": "24.4300", "Year Close": "34.1200", "Annual % Change": "25.21%"}, "2016": {"Average Stock Price": "27.2436", "Year Open": "26.6100", "Year High": "30.9300", "Year Low": "24.1200", "Year Close": "27.2500", "Annual % Change": "0.07%"}, "2015": {"Average Stock Price": "31.4128", "Year Open": "36.5200", "Year High": "36.5200", "Year Low": "25.4100", "Year Close": "27.2300", "Annual % Change": "-26.19%"}, "2014": {"Average Stock Price": "33.2463", "Year Open": "35.0400", "Year High": "37.4950", "Year Low": "30.2100", "Year Close": "36.8900", "Annual % Change": "6.62%"}, "2013": {"Average Stock Price": "31.4989", "Year Open": "27.1900", "Year High": "34.8500", "Year Low": "26.6600", "Year Close": "34.6000", "Annual % Change": "31.86%"}, "2012": {"Average Stock Price": "22.0647", "Year Open": "18.6700", "Year High": "26.2400", "Year Low": "18.5500", "Year Close": "26.2400", "Annual % Change": "44.33%"}, "2011": {"Average Stock Price": "17.3513", "Year Open": "16.4800", "Year High": "18.9900", "Year Low": "14.0100", "Year Close": "18.1800", "Annual % Change": "10.72%"}, "2010": {"Average Stock Price": "15.7952", "Year Open": "16.3100", "Year High": "18.6000", "Year Low": "13.4800", "Year Close": "16.4200", "Annual % Change": "3.14%"}, "2009": {"Average Stock Price": "11.1683", "Year Open": "10.1700", "Year High": "16.1700", "Year Low": "5.6500", "Year Close": "15.9200", "Annual % Change": "66.18%"}, "2008": {"Average Stock Price": "15.2420", "Year Open": "20.7000", "Year High": "20.7000", "Year Low": "5.9100", "Year Close": "9.5800", "Annual % Change": "-54.92%"}, "2007": {"Average Stock Price": "23.2639", "Year Open": "22.2500", "Year High": "25.3400", "Year Low": "20.4900", "Year Close": "21.2500", "Annual % Change": "-4.54%"}, "2006": {"Average Stock Price": "19.4597", "Year Open": "16.4400", "Year High": "22.7400", "Year Low": "16.3000", "Year Close": "22.2600", "Annual % Change": "34.02%"}, "2005": {"Average Stock Price": "16.8557", "Year Open": "19.2000", "Year High": "19.2000", "Year Low": "14.9700", "Year Close": "16.6100", "Annual % Change": "-13.49%"}, "2004": {"Average Stock Price": "17.6882", "Year Open": "18.3850", "Year High": "19.7400", "Year Low": "15.3800", "Year Close": "19.2000", "Annual % Change": "6.37%"}, "2003": {"Average Stock Price": "15.3458", "Year Open": "13.6050", "Year High": "18.8000", "Year Low": "11.4200", "Year Close": "18.0500", "Annual % Change": "37.52%"}, "2002": {"Average Stock Price": "12.6762", "Year Open": "15.7450", "Year High": "16.2050", "Year Low": "9.0150", "Year Close": "13.1250", "Annual % Change": "-17.48%"}, "2001": {"Average Stock Price": "16.9543", "Year Open": "16.1250", "Year High": "20.7500", "Year Low": "11.7750", "Year Close": "15.9050", "Annual % Change": "-1.36%"}, "2000": {"Average Stock Price": "24.4319", "Year Open": "18.9050", "Year High": "32.9050", "Year Low": "15.2200", "Year Close": "16.1250", "Annual % Change": "-15.69%"}, "1999": {"Average Stock Price": "16.0411", "Year Open": "13.1250", "Year High": "20.2200", "Year Low": "12.5000", "Year Close": "19.1250", "Annual % Change": "44.67%"}, "1998": {"Average Stock Price": "13.2703", "Year Open": "11.2200", "Year High": "16.6550", "Year Low": "10.4050", "Year Close": "13.2200", "Annual % Change": "18.51%"}, "1997": {"Average Stock Price": "9.7561", "Year Open": "10.4400", "Year High": "11.4700", "Year Low": "8.6250", "Year Close": "11.1550", "Annual % Change": "6.85%"}, "1996": {"Average Stock Price": "10.9141", "Year Open": "10.9350", "Year High": "12.0000", "Year Low": "9.4350", "Year Close": "10.4400", "Annual % Change": "-2.29%"}, "1995": {"Average Stock Price": "10.2845", "Year Open": "7.7500", "Year High": "12.3750", "Year Low": "7.2500", "Year Close": "10.6850", "Annual % Change": "36.81%"}, "1994": {"Average Stock Price": "8.6136", "Year Open": "8.6667", "Year High": "10.0000", "Year Low": "7.6250", "Year Close": "7.8100", "Annual % Change": "-11.17%"}, "1993": {"Average Stock Price": "7.8025", "Year Open": "6.7283", "Year High": "10.3967", "Year Low": "6.0217", "Year Close": "8.7917", "Annual % Change": "29.45%"}, "1992": {"Average Stock Price": "5.2980", "Year Open": "3.7700", "Year High": "7.0833", "Year Low": "3.5417", "Year Close": "6.7917", "Annual % Change": "76.26%"}, "1991": {"Average Stock Price": "2.4988", "Year Open": "1.3533", "Year High": "4.1667", "Year Low": "0.9367", "Year Close": "3.8533", "Annual % Change": "193.76%"}, "1990": {"Average Stock Price": "2.5646", "Year Open": "3.7083", "Year High": "3.8533", "Year Low": "1.1667", "Year Close": "1.3117", "Annual % Change": "-64.63%"}, "1989": {"Average Stock Price": "3.5972", "Year Open": "2.7917", "Year High": "4.4783", "Year Low": "2.7917", "Year Close": "3.7083", "Annual % Change": "34.85%"}, "1988": {"Average Stock Price": "2.9587", "Year Open": "2.9367", "Year High": "3.6033", "Year Low": "2.5200", "Year Close": "2.7500", "Annual % Change": "-2.19%"}}}, "market cap": {"value": "$17.68B"}, "income statement": {"Revenue": {"2020-06-30": "12303.00000", "2019-06-30": "11389.00000", "2018-06-30": "10153.00000", "2017-06-30": "9921.00000"}, "Cost Of Goods Sold": {"2020-06-30": "7807.00000", "2019-06-30": "7327.00000", "2018-06-30": "6505.00000", "2017-06-30": "6100.00000"}, "Gross Profit": {"2020-06-30": "4496.00000", "2019-06-30": "4062.00000", "2018-06-30": "3648.00000", "2017-06-30": "3821.00000"}, "Research And Development Expenses": {"2020-06-30": "", "2019-06-30": "", "2018-06-30": "", "2017-06-30": ""}, "SG&A Expenses": {"2020-06-30": "1741.00000", "2019-06-30": "1419.00000", "2018-06-30": "1209.00000", "2017-06-30": "1092.00000"}, "Other Operating Income Or Expenses": {"2020-06-30": "", "2019-06-30": "", "2018-06-30": "", "2017-06-30": ""}, "Operating Expenses": {"2020-06-30": "9806.00000", "2019-06-30": "8958.00000", "2018-06-30": "7885.00000", "2017-06-30": "7361.00000"}, "Operating Income": {"2020-06-30": "2497.00000", "2019-06-30": "2431.00000", "2018-06-30": "2268.00000", "2017-06-30": "2560.00000"}, "Total Non-Operating Income/Expense": {"2020-06-30": "-1033.00000", "2019-06-30": "-207.00000", "2018-06-30": "-98.00000", "2017-06-30": "-319.00000"}, "Pre-Tax Income": {"2020-06-30": "1464.00000", "2019-06-30": "2224.00000", "2018-06-30": "2170.00000", "2017-06-30": "2241.00000"}, "Income Taxes": {"2020-06-30": "402.00000", "2019-06-30": "581.00000", "2018-06-30": "-58.00000", "2017-06-30": "832.00000"}, "Income After Taxes": {"2020-06-30": "1062.00000", "2019-06-30": "1643.00000", "2018-06-30": "2228.00000", "2017-06-30": "1409.00000"}, "Other Income": {"2020-06-30": "", "2019-06-30": "", "2018-06-30": "", "2017-06-30": ""}, "Income From Continuous Operations": {"2020-06-30": "1062.00000", "2019-06-30": "1643.00000", "2018-06-30": "2228.00000", "2017-06-30": "1409.00000"}, "Income From Discontinued Operations": {"2020-06-30": "", "2019-06-30": "", "2018-06-30": "", "2017-06-30": ""}, "Net Income": {"2020-06-30": "999.00000", "2019-06-30": "1595.00000", "2018-06-30": "2187.00000", "2017-06-30": "1372.00000"}, "EBITDA": {"2020-06-30": "2779.00000", "2019-06-30": "2681.00000", "2018-06-30": "2492.00000", "2017-06-30": "2786.00000"}, "EBIT": {"2020-06-30": "2497.00000", "2019-06-30": "2431.00000", "2018-06-30": "2268.00000", "2017-06-30": "2560.00000"}, "Basic Shares Outstanding": {"2020-06-30": "613.00000", "2019-06-30": "621.00000", "2018-06-30": "621.00000", "2017-06-30": "621.00000"}, "Shares Outstanding": {"2020-06-30": "616.00000", "2019-06-30": "621.00000", "2018-06-30": "621.00000", "2017-06-30": "621.00000"}, "Basic EPS": {"2020-06-30": "1.63000", "2019-06-30": "2.57000", "2018-06-30": "3.52000", "2017-06-30": "2.21000"}, "EPS - Earnings Per Share": {"2020-06-30": "1.62000", "2019-06-30": "2.57000", "2018-06-30": "3.52000", "2017-06-30": "2.21000"}}, "income statement, quarterly": {"Revenue": {"2020-09-30": "2717.00000", "2020-06-30": "2418.00000", "2020-03-31": "3440.00000", "2019-12-31": "3778.00000", "2019-09-30": "2667.00000", "2019-06-30": "2513.00000", "2019-03-31": "2752.00000", "2018-12-31": "3583.00000", "2018-09-30": "2541.00000", "2018-06-30": "", "2018-03-31": "2463.00000", "2017-12-31": "3108.00000", "2017-06-30": ""}, "Cost Of Goods Sold": {"2020-09-30": "1168.00000", "2020-06-30": "1187.00000", "2020-03-31": "2061.00000", "2019-12-31": "3091.00000", "2019-09-30": "1468.00000", "2019-06-30": "1358.00000", "2019-03-31": "1660.00000", "2018-12-31": "2818.00000", "2018-09-30": "1491.00000", "2018-06-30": "", "2018-03-31": "1444.00000", "2017-12-31": "2346.00000", "2017-06-30": ""}, "Gross Profit": {"2020-09-30": "1549.00000", "2020-06-30": "1231.00000", "2020-03-31": "1379.00000", "2019-12-31": "687.00000", "2019-09-30": "1199.00000", "2019-06-30": "1155.00000", "2019-03-31": "1092.00000", "2018-12-31": "765.00000", "2018-09-30": "1050.00000", "2018-06-30": "", "2018-03-31": "1019.00000", "2017-12-31": "762.00000", "2017-06-30": ""}, "Research And Development Expenses": {"2020-09-30": "", "2020-06-30": "", "2020-03-31": "", "2019-12-31": "", "2019-09-30": "", "2019-06-30": "", "2019-03-31": "", "2018-12-31": "", "2018-09-30": "", "2018-06-30": "", "2018-03-31": "", "2017-12-31": "", "2017-06-30": ""}, "SG&A Expenses": {"2020-09-30": "388.00000", "2020-06-30": "494.00000", "2020-03-31": "464.00000", "2019-12-31": "431.00000", "2019-09-30": "352.00000", "2019-06-30": "455.00000", "2019-03-31": "336.00000", "2018-12-31": "329.00000", "2018-09-30": "299.00000", "2018-06-30": "", "2018-03-31": "324.00000", "2017-12-31": "309.00000", "2017-06-30": ""}, "Other Operating Income Or Expenses": {"2020-09-30": "", "2020-06-30": "", "2020-03-31": "", "2019-12-31": "", "2019-09-30": "", "2019-06-30": "", "2019-03-31": "", "2018-12-31": "", "2018-09-30": "", "2018-06-30": "", "2018-03-31": "", "2017-12-31": "", "2017-06-30": ""}, "Operating Expenses": {"2020-09-30": "1624.00000", "2020-06-30": "1775.00000", "2020-03-31": "2582.00000", "2019-12-31": "3579.00000", "2019-09-30": "1870.00000", "2019-06-30": "1873.00000", "2019-03-31": "2054.00000", "2018-12-31": "3198.00000", "2018-09-30": "1833.00000", "2018-06-30": "", "2018-03-31": "1811.00000", "2017-12-31": "2697.00000", "2017-06-30": ""}, "Operating Income": {"2020-09-30": "1093.00000", "2020-06-30": "643.00000", "2020-03-31": "858.00000", "2019-12-31": "199.00000", "2019-09-30": "797.00000", "2019-06-30": "640.00000", "2019-03-31": "698.00000", "2018-12-31": "385.00000", "2018-09-30": "708.00000", "2018-06-30": "", "2018-03-31": "652.00000", "2017-12-31": "411.00000", "2017-06-30": ""}, "Total Non-Operating Income/Expense": {"2020-09-30": "386.00000", "2020-06-30": "-443.00000", "2020-03-31": "-713.00000", "2019-12-31": "220.00000", "2019-09-30": "-97.00000", "2019-06-30": "16.00000", "2019-03-31": "8.00000", "2018-12-31": "-354.00000", "2018-09-30": "123.00000", "2018-06-30": "", "2018-03-31": "2.00000", "2017-12-31": "-99.00000", "2017-06-30": ""}, "Pre-Tax Income": {"2020-09-30": "1479.00000", "2020-06-30": "200.00000", "2020-03-31": "145.00000", "2019-12-31": "419.00000", "2019-09-30": "700.00000", "2019-06-30": "656.00000", "2019-03-31": "706.00000", "2018-12-31": "31.00000", "2018-09-30": "831.00000", "2018-06-30": "", "2018-03-31": "654.00000", "2017-12-31": "312.00000", "2017-06-30": ""}, "Income Taxes": {"2020-09-30": "362.00000", "2020-06-30": "55.00000", "2020-03-31": "55.00000", "2019-12-31": "105.00000", "2019-09-30": "187.00000", "2019-06-30": "191.00000", "2019-03-31": "167.00000", "2018-12-31": "7.00000", "2018-09-30": "216.00000", "2018-06-30": "", "2018-03-31": "188.00000", "2017-12-31": "-570.00000", "2017-06-30": ""}, "Income After Taxes": {"2020-09-30": "1117.00000", "2020-06-30": "145.00000", "2020-03-31": "90.00000", "2019-12-31": "314.00000", "2019-09-30": "513.00000", "2019-06-30": "465.00000", "2019-03-31": "539.00000", "2018-12-31": "24.00000", "2018-09-30": "615.00000", "2018-06-30": "", "2018-03-31": "466.00000", "2017-12-31": "882.00000", "2017-06-30": ""}, "Other Income": {"2020-09-30": "", "2020-06-30": "", "2020-03-31": "", "2019-12-31": "", "2019-09-30": "", "2019-06-30": "", "2019-03-31": "", "2018-12-31": "", "2018-09-30": "", "2018-06-30": "", "2018-03-31": "", "2017-12-31": "", "2017-06-30": ""}, "Income From Continuous Operations": {"2020-09-30": "1117.00000", "2020-06-30": "145.00000", "2020-03-31": "90.00000", "2019-12-31": "314.00000", "2019-09-30": "513.00000", "2019-06-30": "465.00000", "2019-03-31": "539.00000", "2018-12-31": "24.00000", "2018-09-30": "615.00000", "2018-06-30": "", "2018-03-31": "466.00000", "2017-12-31": "882.00000", "2017-06-30": ""}, "Income From Discontinued Operations": {"2020-09-30": "", "2020-06-30": "", "2020-03-31": "", "2019-12-31": "", "2019-09-30": "", "2019-06-30": "", "2019-03-31": "", "2018-12-31": "", "2018-09-30": "", "2018-06-30": "", "2018-03-31": "", "2017-12-31": "", "2017-06-30": ""}, "Net Income": {"2020-09-30": "1106.00000", "2020-06-30": "122.00000", "2020-03-31": "78.00000", "2019-12-31": "300.00000", "2019-09-30": "499.00000", "2019-06-30": "454.00000", "2019-03-31": "529.00000", "2018-12-31": "8.00000", "2018-09-30": "604.00000", "2018-06-30": "", "2018-03-31": "457.00000", "2017-12-31": "869.00000", "2017-06-30": ""}, "EBITDA": {"2020-09-30": "1166.00000", "2020-06-30": "742.00000", "2020-03-31": "920.00000", "2019-12-31": "261.00000", "2019-09-30": "856.00000", "2019-06-30": "709.00000", "2019-03-31": "766.00000", "2018-12-31": "445.00000", "2018-09-30": "761.00000", "2018-06-30": "", "2018-03-31": "706.00000", "2017-12-31": "411.00000", "2017-06-30": ""}, "EBIT": {"2020-09-30": "1093.00000", "2020-06-30": "643.00000", "2020-03-31": "858.00000", "2019-12-31": "199.00000", "2019-09-30": "797.00000", "2019-06-30": "640.00000", "2019-03-31": "698.00000", "2018-12-31": "385.00000", "2018-09-30": "708.00000", "2018-06-30": "", "2018-03-31": "652.00000", "2017-12-31": "411.00000", "2017-06-30": ""}, "Basic Shares Outstanding": {"2020-09-30": "603.00000", "2020-06-30": "613.00000", "2020-03-31": "608.00000", "2019-12-31": "617.00000", "2019-09-30": "622.00000", "2019-06-30": "621.00000", "2019-03-31": "621.00000", "2018-12-31": "621.00000", "2018-09-30": "621.00000", "2018-06-30": "", "2018-03-31": "621.00000", "2017-12-31": "", "2017-06-30": ""}, "Shares Outstanding": {"2020-09-30": "605.00000", "2020-06-30": "616.00000", "2020-03-31": "612.00000", "2019-12-31": "620.00000", "2019-09-30": "624.00000", "2019-06-30": "621.00000", "2019-03-31": "621.00000", "2018-12-31": "621.00000", "2018-09-30": "621.00000", "2018-06-30": "", "2018-03-31": "621.00000", "2017-12-31": "", "2017-06-30": ""}, "Basic EPS": {"2020-09-30": "1.83000", "2020-06-30": "0.21000", "2020-03-31": "0.13000", "2019-12-31": "0.49000", "2019-09-30": "0.80000", "2019-06-30": "0.74000", "2019-03-31": "0.85000", "2018-12-31": "0.01000", "2018-09-30": "0.97000", "2018-06-30": "", "2018-03-31": "0.74000", "2017-12-31": "", "2017-06-30": ""}, "EPS - Earnings Per Share": {"2020-09-30": "1.83000", "2020-06-30": "0.21000", "2020-03-31": "0.13000", "2019-12-31": "0.48000", "2019-09-30": "0.80000", "2019-06-30": "0.74000", "2019-03-31": "0.85000", "2018-12-31": "0.01000", "2018-09-30": "0.97000", "2018-06-30": "0.00000", "2018-03-31": "0.74000", "2017-12-31": "0.00000", "2017-06-30": "0.00000"}}, "balance sheet": {"Cash On Hand": {"2020-06-30": "4645.00000", "2019-06-30": "3234.00000", "2018-06-30": "2500.00000", "2017-06-30": ""}, "Receivables": {"2020-06-30": "1888.00000", "2019-06-30": "1967.00000", "2018-06-30": "1833.00000", "2017-06-30": ""}, "Inventory": {"2020-06-30": "856.00000", "2019-06-30": "1129.00000", "2018-06-30": "1180.00000", "2017-06-30": ""}, "Pre-Paid Expenses": {"2020-06-30": "", "2019-06-30": "", "2018-06-30": "", "2017-06-30": ""}, "Other Current Assets": {"2020-06-30": "97.00000", "2019-06-30": "148.00000", "2018-06-30": "67.00000", "2017-06-30": ""}, "Total Current Assets": {"2020-06-30": "7486.00000", "2019-06-30": "6478.00000", "2018-06-30": "5580.00000", "2017-06-30": ""}, "Property, Plant, And Equipment": {"2020-06-30": "1498.00000", "2019-06-30": "1313.00000", "2018-06-30": "1169.00000", "2017-06-30": ""}, "Long-Term Investments": {"2020-06-30": "", "2019-06-30": "", "2018-06-30": "", "2017-06-30": ""}, "Goodwill And Intangible Assets": {"2020-06-30": "6607.00000", "2019-06-30": "5542.00000", "2018-06-30": "5613.00000", "2017-06-30": "0.00000"}, "Other Long-Term Assets": {"2020-06-30": "1801.00000", "2019-06-30": "1525.00000", "2018-06-30": "759.00000", "2017-06-30": ""}, "Total Long-Term Assets": {"2020-06-30": "14264.00000", "2019-06-30": "13031.00000", "2018-06-30": "7541.00000", "2017-06-30": ""}, "Total Assets": {"2020-06-30": "21750.00000", "2019-06-30": "19509.00000", "2018-06-30": "13121.00000", "2017-06-30": "0.00000"}, "Total Current Liabilities": {"2020-06-30": "1906.00000", "2019-06-30": "1712.00000", "2018-06-30": "1759.00000", "2017-06-30": ""}, "Long Term Debt": {"2020-06-30": "7946.00000", "2019-06-30": "6751.00000", "2018-06-30": "", "2017-06-30": ""}, "Other Non-Current Liabilities": {"2020-06-30": "1482.00000", "2019-06-30": "899.00000", "2018-06-30": "422.00000", "2017-06-30": ""}, "Total Long Term Liabilities": {"2020-06-30": "9733.00000", "2019-06-30": "7839.00000", "2018-06-30": "1768.00000", "2017-06-30": ""}, "Total Liabilities": {"2020-06-30": "11639.00000", "2019-06-30": "9551.00000", "2018-06-30": "3527.00000", "2017-06-30": "0.00000"}, "Common Stock Net": {"2020-06-30": "6.00000", "2019-06-30": "7.00000", "2018-06-30": "", "2017-06-30": "0.00000"}, "Retained Earnings (Accumulated Deficit)": {"2020-06-30": "674.00000", "2019-06-30": "357.00000", "2018-06-30": "", "2017-06-30": ""}, "Comprehensive Income": {"2020-06-30": "-417.00000", "2019-06-30": "-308.00000", "2018-06-30": "81.00000", "2017-06-30": ""}, "Other Share Holders Equity": {"2020-06-30": "", "2019-06-30": "", "2018-06-30": "", "2017-06-30": "0.00000"}, "Share Holder Equity": {"2020-06-30": "10111.00000", "2019-06-30": "9958.00000", "2018-06-30": "9594.00000", "2017-06-30": "0.00000"}, "Total Liabilities And Share Holders Equity": {"2020-06-30": "21750.00000", "2019-06-30": "19509.00000", "2018-06-30": "13121.00000", "2017-06-30": "0.00000"}}, "balance sheet, quarterly": {"Cash On Hand": {"2020-09-30": "5061.00000", "2020-06-30": "4645.00000", "2020-03-31": "3196.00000", "2019-12-31": "1991.00000", "2019-09-30": "3340.00000", "2019-06-30": "3234.00000", "2019-03-31": "2818.00000", "2018-12-31": "1951.00000", "2018-09-30": "", "2018-06-30": "", "2018-03-31": "", "2017-12-31": "", "2017-06-30": ""}, "Receivables": {"2020-09-30": "1997.00000", "2020-06-30": "1888.00000", "2020-03-31": "2453.00000", "2019-12-31": "2733.00000", "2019-09-30": "2108.00000", "2019-06-30": "1967.00000", "2019-03-31": "1949.00000", "2018-12-31": "2438.00000", "2018-09-30": "", "2018-06-30": "", "2018-03-31": "", "2017-12-31": "", "2017-06-30": ""}, "Inventory": {"2020-09-30": "1271.00000", "2020-06-30": "856.00000", "2020-03-31": "971.00000", "2019-12-31": "1544.00000", "2019-09-30": "1463.00000", "2019-06-30": "1129.00000", "2019-03-31": "1074.00000", "2018-12-31": "1422.00000", "2018-09-30": "", "2018-06-30": "", "2018-03-31": "", "2017-12-31": "", "2017-06-30": ""}, "Pre-Paid Expenses": {"2020-09-30": "", "2020-06-30": "", "2020-03-31": "", "2019-12-31": "", "2019-09-30": "", "2019-06-30": "", "2019-03-31": "", "2018-12-31": "", "2018-09-30": "", "2018-06-30": "", "2018-03-31": "", "2017-12-31": "", "2017-06-30": ""}, "Other Current Assets": {"2020-09-30": "134.00000", "2020-06-30": "97.00000", "2020-03-31": "124.00000", "2019-12-31": "130.00000", "2019-09-30": "138.00000", "2019-06-30": "148.00000", "2019-03-31": "123.00000", "2018-12-31": "66.00000", "2018-09-30": "", "2018-06-30": "", "2018-03-31": "", "2017-12-31": "", "2017-06-30": ""}, "Total Current Assets": {"2020-09-30": "8463.00000", "2020-06-30": "7486.00000", "2020-03-31": "6744.00000", "2019-12-31": "6398.00000", "2019-09-30": "7049.00000", "2019-06-30": "6478.00000", "2019-03-31": "5964.00000", "2018-12-31": "5877.00000", "2018-09-30": "", "2018-06-30": "", "2018-03-31": "", "2017-12-31": "", "2017-06-30": ""}, "Property, Plant, And Equipment": {"2020-09-30": "1539.00000", "2020-06-30": "1498.00000", "2020-03-31": "1386.00000", "2019-12-31": "1330.00000", "2019-09-30": "1314.00000", "2019-06-30": "1313.00000", "2019-03-31": "1286.00000", "2018-12-31": "1150.00000", "2018-09-30": "", "2018-06-30": "", "2018-03-31": "", "2017-12-31": "", "2017-06-30": ""}, "Long-Term Investments": {"2020-09-30": "", "2020-06-30": "", "2020-03-31": "", "2019-12-31": "", "2019-09-30": "", "2019-06-30": "", "2019-03-31": "", "2018-12-31": "", "2018-09-30": "", "2018-06-30": "", "2018-03-31": "", "2017-12-31": "", "2017-06-30": ""}, "Goodwill And Intangible Assets": {"2020-09-30": "6592.00000", "2020-06-30": "6607.00000", "2020-03-31": "6173.00000", "2019-12-31": "5902.00000", "2019-09-30": "5555.00000", "2019-06-30": "5542.00000", "2019-03-31": "5546.00000", "2018-12-31": "5606.00000", "2018-09-30": "0.00000", "2018-06-30": "", "2018-03-31": "0.00000", "2017-12-31": "0.00000", "2017-06-30": "0.00000"}, "Other Long-Term Assets": {"2020-09-30": "1940.00000", "2020-06-30": "1801.00000", "2020-03-31": "1548.00000", "2019-12-31": "2422.00000", "2019-09-30": "2131.00000", "2019-06-30": "1525.00000", "2019-03-31": "1176.00000", "2018-12-31": "833.00000", "2018-09-30": "", "2018-06-30": "", "2018-03-31": "", "2017-12-31": "", "2017-06-30": ""}, "Total Long-Term Assets": {"2020-09-30": "14034.00000", "2020-06-30": "14264.00000", "2020-03-31": "13493.00000", "2019-12-31": "14052.00000", "2019-09-30": "13485.00000", "2019-06-30": "13031.00000", "2019-03-31": "11693.00000", "2018-12-31": "7589.00000", "2018-09-30": "", "2018-06-30": "", "2018-03-31": "", "2017-12-31": "", "2017-06-30": ""}, "Total Assets": {"2020-09-30": "22497.00000", "2020-06-30": "21750.00000", "2020-03-31": "20237.00000", "2019-12-31": "20450.00000", "2019-09-30": "20534.00000", "2019-06-30": "19509.00000", "2019-03-31": "17657.00000", "2018-12-31": "13466.00000", "2018-09-30": "0.00000", "2018-06-30": "0.00000", "2018-03-31": "0.00000", "2017-12-31": "0.00000", "2017-06-30": "0.00000"}, "Total Current Liabilities": {"2020-09-30": "2012.00000", "2020-06-30": "1906.00000", "2020-03-31": "1780.00000", "2019-12-31": "1816.00000", "2019-09-30": "1890.00000", "2019-06-30": "1712.00000", "2019-03-31": "1297.00000", "2018-12-31": "1241.00000", "2018-09-30": "", "2018-06-30": "", "2018-03-31": "", "2017-12-31": "", "2017-06-30": ""}, "Long Term Debt": {"2020-09-30": "7947.00000", "2020-06-30": "7946.00000", "2020-03-31": "6754.00000", "2019-12-31": "6753.00000", "2019-09-30": "6752.00000", "2019-06-30": "6751.00000", "2019-03-31": "6750.00000", "2018-12-31": "", "2018-09-30": "", "2018-06-30": "", "2018-03-31": "", "2017-12-31": "", "2017-06-30": ""}, "Other Non-Current Liabilities": {"2020-09-30": "1422.00000", "2020-06-30": "1482.00000", "2020-03-31": "1312.00000", "2019-12-31": "1312.00000", "2019-09-30": "1355.00000", "2019-06-30": "899.00000", "2019-03-31": "863.00000", "2018-12-31": "607.00000", "2018-09-30": "", "2018-06-30": "", "2018-03-31": "", "2017-12-31": "", "2017-06-30": ""}, "Total Long Term Liabilities": {"2020-09-30": "9679.00000", "2020-06-30": "9733.00000", "2020-03-31": "8324.00000", "2019-12-31": "8281.00000", "2019-09-30": "8314.00000", "2019-06-30": "7839.00000", "2019-03-31": "7749.00000", "2018-12-31": "1819.00000", "2018-09-30": "", "2018-06-30": "", "2018-03-31": "", "2017-12-31": "", "2017-06-30": ""}, "Total Liabilities": {"2020-09-30": "11691.00000", "2020-06-30": "11639.00000", "2020-03-31": "10104.00000", "2019-12-31": "10097.00000", "2019-09-30": "10204.00000", "2019-06-30": "9551.00000", "2019-03-31": "9046.00000", "2018-12-31": "3060.00000", "2018-09-30": "0.00000", "2018-06-30": "", "2018-03-31": "0.00000", "2017-12-31": "0.00000", "2017-06-30": "0.00000"}, "Common Stock Net": {"2020-09-30": "6.00000", "2020-06-30": "6.00000", "2020-03-31": "6.00000", "2019-12-31": "6.00000", "2019-09-30": "7.00000", "2019-06-30": "7.00000", "2019-03-31": "7.00000", "2018-12-31": "", "2018-09-30": "0.00000", "2018-06-30": "", "2018-03-31": "0.00000", "2017-12-31": "0.00000", "2017-06-30": "0.00000"}, "Retained Earnings (Accumulated Deficit)": {"2020-09-30": "1525.00000", "2020-06-30": "674.00000", "2020-03-31": "589.00000", "2019-12-31": "775.00000", "2019-09-30": "696.00000", "2019-06-30": "357.00000", "2019-03-31": "101.00000", "2018-12-31": "", "2018-09-30": "", "2018-06-30": "", "2018-03-31": "", "2017-12-31": "", "2017-06-30": ""}, "Comprehensive Income": {"2020-09-30": "-408.00000", "2020-06-30": "-417.00000", "2020-03-31": "-291.00000", "2019-12-31": "-296.00000", "2019-09-30": "-304.00000", "2019-06-30": "-308.00000", "2019-03-31": "-214.00000", "2018-12-31": "-202.00000", "2018-09-30": "", "2018-06-30": "", "2018-03-31": "", "2017-12-31": "", "2017-06-30": ""}, "Other Share Holders Equity": {"2020-09-30": "", "2020-06-30": "", "2020-03-31": "", "2019-12-31": "", "2019-09-30": "", "2019-06-30": "", "2019-03-31": "", "2018-12-31": "", "2018-09-30": "0.00000", "2018-06-30": "", "2018-03-31": "0.00000", "2017-12-31": "0.00000", "2017-06-30": "0.00000"}, "Share Holder Equity": {"2020-09-30": "10806.00000", "2020-06-30": "10111.00000", "2020-03-31": "10133.00000", "2019-12-31": "10353.00000", "2019-09-30": "10330.00000", "2019-06-30": "9958.00000", "2019-03-31": "8611.00000", "2018-12-31": "10406.00000", "2018-09-30": "0.00000", "2018-06-30": "", "2018-03-31": "0.00000", "2017-12-31": "0.00000", "2017-06-30": "0.00000"}, "Total Liabilities And Share Holders Equity": {"2020-09-30": "22497.00000", "2020-06-30": "21750.00000", "2020-03-31": "20237.00000", "2019-12-31": "20450.00000", "2019-09-30": "20534.00000", "2019-06-30": "19509.00000", "2019-03-31": "17657.00000", "2018-12-31": "13466.00000", "2018-09-30": "0.00000", "2018-06-30": "", "2018-03-31": "0.00000", "2017-12-31": "0.00000", "2017-06-30": "0.00000"}}, "cash flow statement": {"Net Income/Loss": {"2020-06-30": "1062.00000", "2019-06-30": "1643.00000", "2018-06-30": "2228.00000", "2017-06-30": "1409.00000"}, "Total Depreciation And Amortization - Cash Flow": {"2020-06-30": "282.00000", "2019-06-30": "250.00000", "2018-06-30": "224.00000", "2017-06-30": "226.00000"}, "Other Non-Cash Items": {"2020-06-30": "801.00000", "2019-06-30": "467.00000", "2018-06-30": "-548.00000", "2017-06-30": "388.00000"}, "Total Non-Cash Items": {"2020-06-30": "1083.00000", "2019-06-30": "717.00000", "2018-06-30": "-324.00000", "2017-06-30": "614.00000"}, "Change In Accounts Receivable": {"2020-06-30": "345.00000", "2019-06-30": "-166.00000", "2018-06-30": "-166.00000", "2017-06-30": "-172.00000"}, "Change In Inventories": {"2020-06-30": "181.00000", "2019-06-30": "197.00000", "2018-06-30": "-228.00000", "2017-06-30": "21.00000"}, "Change In Accounts Payable": {"2020-06-30": "-306.00000", "2019-06-30": "133.00000", "2018-06-30": "-193.00000", "2017-06-30": "-217.00000"}, "Change In Assets/Liabilities": {"2020-06-30": "", "2019-06-30": "", "2018-06-30": "", "2017-06-30": ""}, "Total Change In Assets/Liabilities": {"2020-06-30": "220.00000", "2019-06-30": "164.00000", "2018-06-30": "-587.00000", "2017-06-30": "-368.00000"}, "Cash Flow From Operating Activities": {"2020-06-30": "2365.00000", "2019-06-30": "2524.00000", "2018-06-30": "1317.00000", "2017-06-30": "1655.00000"}, "Net Change In Property, Plant, And Equipment": {"2020-06-30": "-359.00000", "2019-06-30": "-235.00000", "2018-06-30": "-215.00000", "2017-06-30": "-191.00000"}, "Net Change In Intangible Assets": {"2020-06-30": "", "2019-06-30": "", "2018-06-30": "", "2017-06-30": ""}, "Net Acquisitions/Divestitures": {"2020-06-30": "-1061.00000", "2019-06-30": "", "2018-06-30": "354.00000", "2017-06-30": ""}, "Net Change In Short-term Investments": {"2020-06-30": "", "2019-06-30": "", "2018-06-30": "", "2017-06-30": ""}, "Net Change In Long-Term Investments": {"2020-06-30": "246.00000", "2019-06-30": "-338.00000", "2018-06-30": "", "2017-06-30": "-13.00000"}, "Net Change In Investments - Total": {"2020-06-30": "246.00000", "2019-06-30": "-338.00000", "2018-06-30": "", "2017-06-30": "-13.00000"}, "Investing Activities - Other": {"2020-06-30": "74.00000", "2019-06-30": "-64.00000", "2018-06-30": "-11.00000", "2017-06-30": "-38.00000"}, "Cash Flow From Investing Activities": {"2020-06-30": "-1100.00000", "2019-06-30": "-637.00000", "2018-06-30": "128.00000", "2017-06-30": "-242.00000"}, "Net Long-Term Debt": {"2020-06-30": "1191.00000", "2019-06-30": "6750.00000", "2018-06-30": "", "2017-06-30": ""}, "Net Current Debt": {"2020-06-30": "", "2019-06-30": "", "2018-06-30": "", "2017-06-30": ""}, "Debt Issuance/Retirement Net - Total": {"2020-06-30": "1191.00000", "2019-06-30": "6750.00000", "2018-06-30": "", "2017-06-30": ""}, "Net Common Equity Issued/Repurchased": {"2020-06-30": "-600.00000", "2019-06-30": "", "2018-06-30": "", "2017-06-30": ""}, "Net Total Equity Issued/Repurchased": {"2020-06-30": "-600.00000", "2019-06-30": "", "2018-06-30": "", "2017-06-30": ""}, "Total Common And Preferred Stock Dividends Paid": {"2020-06-30": "-335.00000", "2019-06-30": "-6688.00000", "2018-06-30": "-41.00000", "2017-06-30": "-35.00000"}, "Financial Activities - Other": {"2020-06-30": "-110.00000", "2019-06-30": "-1215.00000", "2018-06-30": "1077.00000", "2017-06-30": "-1396.00000"}, "Cash Flow From Financial Activities": {"2020-06-30": "146.00000", "2019-06-30": "-1153.00000", "2018-06-30": "1036.00000", "2017-06-30": "-1431.00000"}, "Net Cash Flow": {"2020-06-30": "1411.00000", "2019-06-30": "734.00000", "2018-06-30": "2481.00000", "2017-06-30": "-18.00000"}, "Stock-Based Compensation": {"2020-06-30": "137.00000", "2019-06-30": "36.00000", "2018-06-30": "0.00000", "2017-06-30": "0.00000"}, "Common Stock Dividends Paid": {"2020-06-30": "-335.00000", "2019-06-30": "-6688.00000", "2018-06-30": "-41.00000", "2017-06-30": "-35.00000"}}, "cash flow statement, quarterly": {"Net Income/Loss": {"2020-09-30": "1117.00000", "2020-06-30": 145, "2020-03-31": 90, "2019-12-31": 314, "2019-09-30": "513.00000", "2019-06-30": 465, "2019-03-31": 539, "2018-12-31": 24, "2018-09-30": "615.00000", "2018-06-30": 480, "2018-03-31": 466, "2017-12-31": -127, "2017-06-30": 1409}, "Total Depreciation And Amortization - Cash Flow": {"2020-09-30": "73.00000", "2020-06-30": 99, "2020-03-31": 62, "2019-12-31": 62, "2019-09-30": "59.00000", "2019-06-30": 69, "2019-03-31": 68, "2018-12-31": 60, "2018-09-30": "53.00000", "2018-06-30": 55, "2018-03-31": 54, "2017-12-31": -111, "2017-06-30": 226}, "Other Non-Cash Items": {"2020-09-30": "-62.00000", "2020-06-30": 91, "2020-03-31": 677, "2019-12-31": -183, "2019-09-30": "216.00000", "2019-06-30": 10, "2019-03-31": 200, "2018-12-31": 324, "2018-09-30": "-67.00000", "2018-06-30": 477, "2018-03-31": 8, "2017-12-31": -485, "2017-06-30": 0}, "Total Non-Cash Items": {"2020-09-30": "11.00000", "2020-06-30": 190, "2020-03-31": 739, "2019-12-31": -121, "2019-09-30": "275.00000", "2019-06-30": 79, "2019-03-31": 268, "2018-12-31": 384, "2018-09-30": "-14.00000", "2018-06-30": 532, "2018-03-31": 62, "2017-12-31": -596, "2017-06-30": 226}, "Change In Accounts Receivable": {"2020-09-30": "-193.00000", "2020-06-30": 644, "2020-03-31": 341, "2019-12-31": -530, "2019-09-30": "-110.00000", "2019-06-30": 30, "2019-03-31": 391, "2018-12-31": -487, "2018-09-30": "-100.00000", "2018-06-30": 118, "2018-03-31": 456, "2017-12-31": -574, "2017-06-30": 0}, "Change In Inventories": {"2020-09-30": "-440.00000", "2020-06-30": 14, "2020-03-31": 521, "2019-12-31": 4, "2019-09-30": "-358.00000", "2019-06-30": 60, "2019-03-31": 305, "2018-12-31": 34, "2018-09-30": "-202.00000", "2018-06-30": 300, "2018-03-31": -57, "2017-12-31": -243, "2017-06-30": 0}, "Change In Accounts Payable": {"2020-09-30": "-62.00000", "2020-06-30": 27, "2020-03-31": -90, "2019-12-31": -130, "2019-09-30": "-113.00000", "2019-06-30": 266, "2019-03-31": 85, "2018-12-31": -166, "2018-09-30": "-52.00000", "2018-06-30": 237, "2018-03-31": -107, "2017-12-31": -130, "2017-06-30": 0}, "Change In Assets/Liabilities": {"2020-09-30": "-166.00000", "2020-06-30": 0, "2020-03-31": 0, "2019-12-31": 5, "2019-09-30": "-5.00000", "2019-06-30": 0, "2019-03-31": 0, "2018-12-31": 0, "2018-09-30": "", "2018-06-30": 0, "2018-03-31": 0, "2017-12-31": 0, "2017-06-30": 0}, "Total Change In Assets/Liabilities": {"2020-09-30": "-861.00000", "2020-06-30": 685, "2020-03-31": 772, "2019-12-31": -651, "2019-09-30": "-586.00000", "2019-06-30": 356, "2019-03-31": 781, "2018-12-31": -619, "2018-09-30": "-354.00000", "2018-06-30": 68, "2018-03-31": 292, "2017-12-31": -579, "2017-06-30": -368}, "Cash Flow From Operating Activities": {"2020-09-30": "267.00000", "2020-06-30": 1020, "2020-03-31": 1601, "2019-12-31": -458, "2019-09-30": "202.00000", "2019-06-30": 900, "2019-03-31": 1588, "2018-12-31": -211, "2018-09-30": "247.00000", "2018-06-30": 532, "2018-03-31": 820, "2017-12-31": -1690, "2017-06-30": 1655}, "Net Change In Property, Plant, And Equipment": {"2020-09-30": "-117.00000", "2020-06-30": -167, "2020-03-31": -82, "2019-12-31": -71, "2019-09-30": "-39.00000", "2019-06-30": -88, "2019-03-31": -59, "2018-12-31": -46, "2018-09-30": "-42.00000", "2018-06-30": -67, "2018-03-31": -36, "2017-12-31": 79, "2017-06-30": -191}, "Net Change In Intangible Assets": {"2020-09-30": "", "2020-06-30": 0, "2020-03-31": 0, "2019-12-31": 0, "2019-09-30": "", "2019-06-30": 0, "2019-03-31": 0, "2018-12-31": 0, "2018-09-30": "", "2018-06-30": 0, "2018-03-31": 0, "2017-12-31": 0, "2017-06-30": 0}, "Net Acquisitions/Divestitures": {"2020-09-30": "", "2020-06-30": -450, "2020-03-31": -351, "2019-12-31": -260, "2019-09-30": "", "2019-06-30": 0, "2019-03-31": 0, "2018-12-31": 0, "2018-09-30": "", "2018-06-30": 0, "2018-03-31": 0, "2017-12-31": 354, "2017-06-30": 0}, "Net Change In Short-term Investments": {"2020-09-30": "", "2020-06-30": 0, "2020-03-31": 0, "2019-12-31": 0, "2019-09-30": "", "2019-06-30": 0, "2019-03-31": 0, "2018-12-31": 0, "2018-09-30": "", "2018-06-30": 0, "2018-03-31": 0, "2017-12-31": 0, "2017-06-30": 0}, "Net Change In Long-Term Investments": {"2020-09-30": "-31.00000", "2020-06-30": -103, "2020-03-31": 349, "2019-12-31": 0, "2019-09-30": "", "2019-06-30": -238, "2019-03-31": 0, "2018-12-31": 0, "2018-09-30": "-100.00000", "2018-06-30": 0, "2018-03-31": 0, "2017-12-31": 0, "2017-06-30": 0}, "Net Change In Investments - Total": {"2020-09-30": "-31.00000", "2020-06-30": -103, "2020-03-31": 349, "2019-12-31": 0, "2019-09-30": "", "2019-06-30": -238, "2019-03-31": 0, "2018-12-31": 0, "2018-09-30": "-100.00000", "2018-06-30": 0, "2018-03-31": 0, "2017-12-31": 13, "2017-06-30": -13}, "Investing Activities - Other": {"2020-09-30": "-1.00000", "2020-06-30": 17, "2020-03-31": 36, "2019-12-31": 22, "2019-09-30": "-1.00000", "2019-06-30": 0, "2019-03-31": -1, "2018-12-31": 2, "2018-09-30": "-65.00000", "2018-06-30": -2, "2018-03-31": -6, "2017-12-31": 35, "2017-06-30": -38}, "Cash Flow From Investing Activities": {"2020-09-30": "-149.00000", "2020-06-30": -703, "2020-03-31": -48, "2019-12-31": -309, "2019-09-30": "-40.00000", "2019-06-30": -326, "2019-03-31": -60, "2018-12-31": -44, "2018-09-30": "-207.00000", "2018-06-30": -69, "2018-03-31": -42, "2017-12-31": 481, "2017-06-30": -242}, "Net Long-Term Debt": {"2020-09-30": "", "2020-06-30": 1191, "2020-03-31": 0, "2019-12-31": 0, "2019-09-30": "", "2019-06-30": 0, "2019-03-31": 6750, "2018-12-31": 0, "2018-09-30": "", "2018-06-30": 0, "2018-03-31": 0, "2017-12-31": 0, "2017-06-30": 0}, "Net Current Debt": {"2020-09-30": "", "2020-06-30": 0, "2020-03-31": 0, "2019-12-31": 0, "2019-09-30": "", "2019-06-30": 0, "2019-03-31": 0, "2018-12-31": 0, "2018-09-30": "", "2018-06-30": 0, "2018-03-31": 0, "2017-12-31": 0, "2017-06-30": 0}, "Debt Issuance/Retirement Net - Total": {"2020-09-30": "", "2020-06-30": 1191, "2020-03-31": 0, "2019-12-31": 0, "2019-09-30": "", "2019-06-30": 0, "2019-03-31": 6750, "2018-12-31": 0, "2018-09-30": "", "2018-06-30": 0, "2018-03-31": 0, "2017-12-31": 0, "2017-06-30": 0}, "Net Common Equity Issued/Repurchased": {"2020-09-30": "-267.00000", "2020-06-30": 0, "2020-03-31": -179, "2019-12-31": -421, "2019-09-30": "", "2019-06-30": 0, "2019-03-31": 0, "2018-12-31": 0, "2018-09-30": "", "2018-06-30": 0, "2018-03-31": 0, "2017-12-31": 0, "2017-06-30": 0}, "Net Total Equity Issued/Repurchased": {"2020-09-30": "-267.00000", "2020-06-30": 0, "2020-03-31": -179, "2019-12-31": -421, "2019-09-30": "", "2019-06-30": 0, "2019-03-31": 0, "2018-12-31": 0, "2018-09-30": "", "2018-06-30": 0, "2018-03-31": 0, "2017-12-31": 0, "2017-06-30": 0}, "Total Common And Preferred Stock Dividends Paid": {"2020-09-30": "-15.00000", "2020-06-30": -14, "2020-03-31": -152, "2019-12-31": -155, "2019-09-30": "-14.00000", "2019-06-30": -155, "2019-03-31": -6511, "2018-12-31": -22, "2018-09-30": "", "2018-06-30": -41, "2018-03-31": 0, "2017-12-31": 35, "2017-06-30": -35}, "Financial Activities - Other": {"2020-09-30": "580.00000", "2020-06-30": -45, "2020-03-31": -17, "2019-12-31": -6, "2019-09-30": "-42.00000", "2019-06-30": -3, "2019-03-31": -900, "2018-12-31": -528, "2018-09-30": "216.00000", "2018-06-30": 297, "2018-03-31": 947, "2017-12-31": 1229, "2017-06-30": -1396}, "Cash Flow From Financial Activities": {"2020-09-30": "298.00000", "2020-06-30": 1132, "2020-03-31": -348, "2019-12-31": -582, "2019-09-30": "-56.00000", "2019-06-30": -158, "2019-03-31": -661, "2018-12-31": -550, "2018-09-30": "216.00000", "2018-06-30": 256, "2018-03-31": 947, "2017-12-31": 1264, "2017-06-30": -1431}, "Net Cash Flow": {"2020-09-30": "416.00000", "2020-06-30": 1449, "2020-03-31": 1205, "2019-12-31": -1349, "2019-09-30": "106.00000", "2019-06-30": 416, "2019-03-31": 867, "2018-12-31": -805, "2018-09-30": "256.00000", "2018-06-30": 719, "2018-03-31": 1725, "2017-12-31": 55, "2017-06-30": -18}, "Stock-Based Compensation": {"2020-09-30": "31.00000", "2020-06-30": 36, "2020-03-31": 36, "2019-12-31": 38, "2019-09-30": "27.00000", "2019-06-30": 31, "2019-03-31": 5, "2018-12-31": 0, "2018-09-30": "0.00000", "2018-06-30": 0, "2018-03-31": 0, "2017-12-31": 0, "2017-06-30": 0}, "Common Stock Dividends Paid": {"2020-09-30": "-15.00000", "2020-06-30": -14, "2020-03-31": -152, "2019-12-31": -155, "2019-09-30": "-14.00000", "2019-06-30": -155, "2019-03-31": -6511, "2018-12-31": -22, "2018-09-30": "", "2018-06-30": 0, "2018-03-31": 0, "2017-12-31": 0, "2017-06-30": 0}}, "financial ratios": {"Current Ratio": {"2020-06-30": "3.92760", "2019-06-30": "3.78390", "2018-06-30": "3.17230", "2017-06-30": ""}, "Long-term Debt / Capital": {"2020-06-30": "0.44010", "2019-06-30": "0.40400", "2018-06-30": "", "2017-06-30": ""}, "Debt/Equity Ratio": {"2020-06-30": "0.78590", "2019-06-30": "0.67790", "2018-06-30": "", "2017-06-30": ""}, "Gross Margin": {"2020-06-30": "36.54390", "2019-06-30": "35.66600", "2018-06-30": "35.93030", "2017-06-30": "38.51430"}, "Operating Margin": {"2020-06-30": "20.29590", "2019-06-30": "21.34520", "2018-06-30": "22.33820", "2017-06-30": "25.80390"}, "EBIT Margin": {"2020-06-30": "20.29590", "2019-06-30": "21.34520", "2018-06-30": "22.33820", "2017-06-30": "25.80390"}, "EBITDA Margin": {"2020-06-30": "22.58800", "2019-06-30": "23.54030", "2018-06-30": "24.54450", "2017-06-30": "28.08190"}, "Pre-Tax Profit Margin": {"2020-06-30": "11.89950", "2019-06-30": "19.52760", "2018-06-30": "21.37300", "2017-06-30": "22.58850"}, "Net Profit Margin": {"2020-06-30": "8.12000", "2019-06-30": "14.00470", "2018-06-30": "21.54040", "2017-06-30": "13.82930"}, "Asset Turnover": {"2020-06-30": "0.56570", "2019-06-30": "0.58380", "2018-06-30": "0.77380", "2017-06-30": ""}, "Inventory Turnover Ratio": {"2020-06-30": "9.12030", "2019-06-30": "6.48980", "2018-06-30": "5.51270", "2017-06-30": ""}, "Receiveable Turnover": {"2020-06-30": "6.51640", "2019-06-30": "5.79000", "2018-06-30": "5.53900", "2017-06-30": ""}, "Days Sales In Receivables": {"2020-06-30": "56.01240", "2019-06-30": "63.03930", "2018-06-30": "65.89630", "2017-06-30": ""}, "ROE - Return On Equity": {"2020-06-30": "10.50340", "2019-06-30": "16.49930", "2018-06-30": "23.22290", "2017-06-30": ""}, "Return On Tangible Equity": {"2020-06-30": "30.30820", "2019-06-30": "37.20560", "2018-06-30": "55.96580", "2017-06-30": ""}, "ROA - Return On Assets": {"2020-06-30": "4.88280", "2019-06-30": "8.42180", "2018-06-30": "16.98040", "2017-06-30": ""}, "ROI - Return On Investment": {"2020-06-30": "5.88140", "2019-06-30": "9.83300", "2018-06-30": "23.22290", "2017-06-30": ""}, "Book Value Per Share": {"2020-06-30": "16.72110", "2019-06-30": "16.04590", "2018-06-30": "", "2017-06-30": ""}, "Operating Cash Flow Per Share": {"2020-06-30": -0.2251, "2019-06-30": 1.9436, "2018-06-30": -0.5443, "2017-06-30": 2.6651}, "Free Cash Flow Per Share": {"2020-06-30": -0.4295, "2019-06-30": 1.9114, "2018-06-30": -0.5829, "2017-06-30": 2.3575}}, "financial ratios, quarterly": {"Current Ratio": {"2020-09-30": "4.20630", "2020-06-30": "3.92760", "2020-03-31": "3.78880", "2019-12-31": "3.52310", "2019-09-30": "3.72960", "2019-06-30": "3.78390", "2019-03-31": "4.59830", "2018-12-31": "4.73570", "2018-09-30": "", "2018-06-30": "", "2018-03-31": "", "2017-12-31": "", "2017-06-30": ""}, "Long-term Debt / Capital": {"2020-09-30": "0.42380", "2020-06-30": "0.44010", "2020-03-31": "0.40000", "2019-12-31": "0.39480", "2019-09-30": "0.39530", "2019-06-30": "0.40400", "2019-03-31": "0.43940", "2018-12-31": "", "2018-09-30": "", "2018-06-30": "", "2018-03-31": "", "2017-12-31": "", "2017-06-30": ""}, "Debt/Equity Ratio": {"2020-09-30": "0.73540", "2020-06-30": "0.78590", "2020-03-31": "0.66650", "2019-12-31": "0.65230", "2019-09-30": "0.65360", "2019-06-30": "0.67790", "2019-03-31": "0.78390", "2018-12-31": "", "2018-09-30": "", "2018-06-30": "", "2018-03-31": "", "2017-12-31": "", "2017-06-30": ""}, "Gross Margin": {"2020-09-30": "57.01140", "2020-06-30": "50.90980", "2020-03-31": "40.08720", "2019-12-31": "18.18420", "2019-09-30": "44.95690", "2019-06-30": "45.96100", "2019-03-31": "39.68020", "2018-12-31": "21.35080", "2018-09-30": "41.32230", "2018-06-30": "", "2018-03-31": "41.37230", "2017-12-31": "24.51740", "2017-06-30": ""}, "Operating Margin": {"2020-09-30": "40.22820", "2020-06-30": "26.59220", "2020-03-31": "24.94190", "2019-12-31": "5.26730", "2019-09-30": "29.88380", "2019-06-30": "25.46760", "2019-03-31": "25.36340", "2018-12-31": "10.74520", "2018-09-30": "27.86310", "2018-06-30": "", "2018-03-31": "26.47180", "2017-12-31": "13.22390", "2017-06-30": ""}, "EBIT Margin": {"2020-09-30": "40.22820", "2020-06-30": "26.59220", "2020-03-31": "24.94190", "2019-12-31": "5.26730", "2019-09-30": "29.88380", "2019-06-30": "25.46760", "2019-03-31": "25.36340", "2018-12-31": "10.74520", "2018-09-30": "27.86310", "2018-06-30": "", "2018-03-31": "26.47180", "2017-12-31": "13.22390", "2017-06-30": ""}, "EBITDA Margin": {"2020-09-30": "", "2020-06-30": "", "2020-03-31": "", "2019-12-31": "", "2019-09-30": "", "2019-06-30": "", "2019-03-31": "", "2018-12-31": "", "2018-09-30": "", "2018-06-30": "", "2018-03-31": "", "2017-12-31": "", "2017-06-30": ""}, "Pre-Tax Profit Margin": {"2020-09-30": "54.43500", "2020-06-30": "8.27130", "2020-03-31": "4.21510", "2019-12-31": "11.09050", "2019-09-30": "26.24670", "2019-06-30": "26.10430", "2019-03-31": "25.65410", "2018-12-31": "0.86520", "2018-09-30": "32.70370", "2018-06-30": "", "2018-03-31": "26.55300", "2017-12-31": "10.03860", "2017-06-30": ""}, "Net Profit Margin": {"2020-09-30": "40.70670", "2020-06-30": "5.04550", "2020-03-31": "2.26740", "2019-12-31": "7.94070", "2019-09-30": "18.71020", "2019-06-30": "18.06610", "2019-03-31": "19.22240", "2018-12-31": "0.22330", "2018-09-30": "23.77020", "2018-06-30": "", "2018-03-31": "18.55460", "2017-12-31": "27.96010", "2017-06-30": ""}, "Asset Turnover": {"2020-09-30": "0.12080", "2020-06-30": "0.11120", "2020-03-31": "0.17000", "2019-12-31": "0.18470", "2019-09-30": "0.12990", "2019-06-30": "0.12880", "2019-03-31": "0.15590", "2018-12-31": "0.26610", "2018-09-30": "", "2018-06-30": "", "2018-03-31": "", "2017-12-31": "", "2017-06-30": ""}, "Inventory Turnover Ratio": {"2020-09-30": "0.91900", "2020-06-30": "1.38670", "2020-03-31": "2.12260", "2019-12-31": "2.00190", "2019-09-30": "1.00340", "2019-06-30": "1.20280", "2019-03-31": "1.54560", "2018-12-31": "1.98170", "2018-09-30": "", "2018-06-30": "", "2018-03-31": "", "2017-12-31": "", "2017-06-30": ""}, "Receiveable Turnover": {"2020-09-30": "1.36050", "2020-06-30": "1.28070", "2020-03-31": "1.40240", "2019-12-31": "1.38240", "2019-09-30": "1.26520", "2019-06-30": "1.27760", "2019-03-31": "1.41200", "2018-12-31": "1.46960", "2018-09-30": "", "2018-06-30": "", "2018-03-31": "", "2017-12-31": "", "2017-06-30": ""}, "Days Sales In Receivables": {"2020-09-30": "66.15020", "2020-06-30": "70.27300", "2020-03-31": "64.17730", "2019-12-31": "65.10590", "2019-09-30": "71.13610", "2019-06-30": "70.44570", "2019-03-31": "63.73910", "2018-12-31": "61.23920", "2018-09-30": "", "2018-06-30": "", "2018-03-31": "", "2017-12-31": "", "2017-06-30": ""}, "ROE - Return On Equity": {"2020-09-30": "10.33690", "2020-06-30": "1.43410", "2020-03-31": "0.88820", "2019-12-31": "3.03290", "2019-09-30": "4.96610", "2019-06-30": "4.66960", "2019-03-31": "6.25940", "2018-12-31": "0.23060", "2018-09-30": "", "2018-06-30": "", "2018-03-31": "", "2017-12-31": "", "2017-06-30": ""}, "Return On Tangible Equity": {"2020-09-30": "26.50690", "2020-06-30": "4.13810", "2020-03-31": "2.27270", "2019-12-31": "7.05460", "2019-09-30": "10.74350", "2019-06-30": "10.52990", "2019-03-31": "17.58560", "2018-12-31": "0.50000", "2018-09-30": "", "2018-06-30": "", "2018-03-31": "", "2017-12-31": "", "2017-06-30": ""}, "ROA - Return On Assets": {"2020-09-30": "4.96510", "2020-06-30": "0.66670", "2020-03-31": "0.44470", "2019-12-31": "1.53550", "2019-09-30": "2.49830", "2019-06-30": "2.38350", "2019-03-31": "3.05260", "2018-12-31": "0.17820", "2018-09-30": "", "2018-06-30": "", "2018-03-31": "", "2017-12-31": "", "2017-06-30": ""}, "ROI - Return On Investment": {"2020-09-30": "5.95640", "2020-06-30": "0.80300", "2020-03-31": "0.53300", "2019-12-31": "1.83560", "2019-09-30": "3.00320", "2019-06-30": "2.78290", "2019-03-31": "3.50890", "2018-12-31": "0.23060", "2018-09-30": "", "2018-06-30": "", "2018-03-31": "", "2017-12-31": "", "2017-06-30": ""}, "Book Value Per Share": {"2020-09-30": "18.11120", "2020-06-30": "16.72110", "2020-03-31": "16.78430", "2019-12-31": "16.95760", "2019-09-30": "16.64390", "2019-06-30": "16.04590", "2019-03-31": "13.87750", "2018-12-31": "", "2018-09-30": "", "2018-06-30": "", "2018-03-31": "", "2017-12-31": "", "2017-06-30": ""}, "Operating Cash Flow Per Share": {"2020-09-30": "0.44130", "2020-06-30": 1.6416, "2020-03-31": 2.6106, "2019-12-31": -0.7366, "2019-09-30": "0.32370", "2019-06-30": 1.4493, "2019-03-31": 2.5571, "2018-12-31": -0.3397, "2018-09-30": "0.39770", "2018-06-30": -1.2641, "2018-03-31": 1.2641, "2017-12-31": 0, "2017-06-30": 0}, "Free Cash Flow Per Share": {"2020-09-30": "0.24790", "2020-06-30": 1.3725, "2020-03-31": 2.4743, "2019-12-31": -0.8515, "2019-09-30": "0.26120", "2019-06-30": 1.3076, "2019-03-31": 2.4621, "2018-12-31": -0.4138, "2018-09-30": "0.33010", "2018-06-30": -1.0258, "2018-03-31": 1.0258, "2017-12-31": 0, "2017-06-30": 0}}, "revenue": {"Fox Annual Revenue (Millions of US $)": {"2020": "$12,303", "2019": "$11,389", "2018": "$10,153", "2017": "$9,921"}, "Fox Quarterly Revenue (Millions of US $)": {"2020-09-30": "$2,717", "2020-06-30": "$2,418", "2020-03-31": "$3,440", "2019-12-31": "$3,778", "2019-09-30": "$2,667", "2019-06-30": "$2,513", "2019-03-31": "$2,752", "2018-12-31": "$3,583", "2018-09-30": "$2,541", "2018-06-30": "", "2018-03-31": "$2,463", "2017-12-31": "$3,108", "2017-06-30": ""}}, "gross-profit": {"Fox Annual Gross Profit (Millions of US $)": {"2020": "$4,496", "2019": "$4,062", "2018": "$3,648", "2017": "$3,821"}, "Fox Quarterly Gross Profit (Millions of US $)": {"2020-09-30": "$1,549", "2020-06-30": "$1,231", "2020-03-31": "$1,379", "2019-12-31": "$687", "2019-09-30": "$1,199", "2019-06-30": "$1,155", "2019-03-31": "$1,092", "2018-12-31": "$765", "2018-09-30": "$1,050", "2018-06-30": "", "2018-03-31": "$1,019", "2017-12-31": "$762", "2017-06-30": ""}}, "operating-income": {"Fox Annual Operating Income (Millions of US $)": {"2020": "$2,497", "2019": "$2,431", "2018": "$2,268", "2017": "$2,560"}, "Fox Quarterly Operating Income (Millions of US $)": {"2020-09-30": "$1,093", "2020-06-30": "$643", "2020-03-31": "$858", "2019-12-31": "$199", "2019-09-30": "$797", "2019-06-30": "$640", "2019-03-31": "$698", "2018-12-31": "$385", "2018-09-30": "$708", "2018-06-30": "", "2018-03-31": "$652", "2017-12-31": "$411", "2017-06-30": ""}}, "ebitda": {"Fox Annual EBITDA (Millions of US $)": {"2020": "$2,779", "2019": "$2,681", "2018": "$2,492", "2017": "$2,786"}, "Fox Quarterly EBITDA (Millions of US $)": {"2020-09-30": "$1,166", "2020-06-30": "$742", "2020-03-31": "$920", "2019-12-31": "$261", "2019-09-30": "$856", "2019-06-30": "$709", "2019-03-31": "$766", "2018-12-31": "$445", "2018-09-30": "$761", "2018-06-30": "", "2018-03-31": "$706", "2017-12-31": "$411", "2017-06-30": ""}}, "net-income": {"Fox Annual Net Income (Millions of US $)": {"2020": "$999", "2019": "$1,595", "2018": "$2,187", "2017": "$1,372"}, "Fox Quarterly Net Income (Millions of US $)": {"2020-09-30": "$1,106", "2020-06-30": "$122", "2020-03-31": "$78", "2019-12-31": "$300", "2019-09-30": "$499", "2019-06-30": "$454", "2019-03-31": "$529", "2018-12-31": "$8", "2018-09-30": "$604", "2018-06-30": "", "2018-03-31": "$457", "2017-12-31": "$869", "2017-06-30": ""}}, "eps-earnings-per-share-diluted": {"Fox Annual EPS": {"2020": "$1.62", "2019": "$2.57", "2018": "$3.52", "2017": "$2.21"}, "Fox Quarterly EPS": {"2020-09-30": "$1.83", "2020-06-30": "$0.21", "2020-03-31": "$0.13", "2019-12-31": "$0.48", "2019-09-30": "$0.80", "2019-06-30": "$0.74", "2019-03-31": "$0.85", "2018-12-31": "$0.01", "2018-09-30": "$0.97", "2018-06-30": "$0.00", "2018-03-31": "$0.74", "2017-12-31": "$0.00", "2017-06-30": "$0.00"}}, "shares-outstanding": {"Fox Annual Shares Outstanding (Millions of Shares)": {"2020": "616", "2019": "621", "2018": "621", "2017": "621"}, "Fox Quarterly Shares Outstanding (Millions of Shares)": {"2020-09-30": "605", "2020-06-30": "616", "2020-03-31": "612", "2019-12-31": "620", "2019-09-30": "624", "2019-06-30": "621", "2019-03-31": "621", "2018-12-31": "621", "2018-09-30": "621", "2018-06-30": "", "2018-03-31": "621", "2017-12-31": "", "2017-06-30": ""}}, "total-assets": {"Fox Annual Total Assets (Millions of US $)": {"2020": "$21,750", "2019": "$19,509", "2018": "$13,121", "2017": "$0"}, "Fox Quarterly Total Assets (Millions of US $)": {"2020-09-30": "$22,497", "2020-06-30": "$21,750", "2020-03-31": "$20,237", "2019-12-31": "$20,450", "2019-09-30": "$20,534", "2019-06-30": "$19,509", "2019-03-31": "$17,657", "2018-12-31": "$13,466", "2018-09-30": "$0", "2018-06-30": "$0", "2018-03-31": "$0", "2017-12-31": "$0", "2017-06-30": "$0"}}, "cash-on-hand": {"Fox Annual Cash on Hand (Millions of US $)": {"2020": "$4,645", "2019": "$3,234", "2018": "$2,500", "2017": "$"}, "Fox Quarterly Cash on Hand (Millions of US $)": {"2020-09-30": "$5,061", "2020-06-30": "$4,645", "2020-03-31": "$3,196", "2019-12-31": "$1,991", "2019-09-30": "$3,340", "2019-06-30": "$3,234", "2019-03-31": "$2,818", "2018-12-31": "$1,951", "2018-09-30": "", "2018-06-30": "", "2018-03-31": "", "2017-12-31": "", "2017-06-30": ""}}, "long-term-debt": {"Fox Annual Long Term Debt (Millions of US $)": {"2020": "$7,946", "2019": "$6,751", "2018": "$", "2017": "$"}, "Fox Quarterly Long Term Debt (Millions of US $)": {"2020-09-30": "$7,947", "2020-06-30": "$7,946", "2020-03-31": "$6,754", "2019-12-31": "$6,753", "2019-09-30": "$6,752", "2019-06-30": "$6,751", "2019-03-31": "$6,750", "2018-12-31": "", "2018-09-30": "", "2018-06-30": "", "2018-03-31": "", "2017-12-31": "", "2017-06-30": ""}}, "total-liabilities": {"Fox Annual Total Liabilities (Millions of US $)": {"2020": "$11,639", "2019": "$9,551", "2018": "$3,527", "2017": "$0"}, "Fox Quarterly Total Liabilities (Millions of US $)": {"2020-09-30": "$11,691", "2020-06-30": "$11,639", "2020-03-31": "$10,104", "2019-12-31": "$10,097", "2019-09-30": "$10,204", "2019-06-30": "$9,551", "2019-03-31": "$9,046", "2018-12-31": "$3,060", "2018-09-30": "$0", "2018-06-30": "", "2018-03-31": "$0", "2017-12-31": "$0", "2017-06-30": "$0"}}, "total-share-holder-equity": {"Fox Annual Share Holder Equity (Millions of US $)": {"2020": "$10,111", "2019": "$9,958", "2018": "$9,594", "2017": "$0"}, "Fox Quarterly Share Holder Equity (Millions of US $)": {"2020-09-30": "$10,806", "2020-06-30": "$10,111", "2020-03-31": "$10,133", "2019-12-31": "$10,353", "2019-09-30": "$10,330", "2019-06-30": "$9,958", "2019-03-31": "$8,611", "2018-12-31": "$10,406", "2018-09-30": "$0", "2018-06-30": "", "2018-03-31": "$0", "2017-12-31": "$0", "2017-06-30": "$0"}}, "profit-margins": {"current": "12.08%"}, "gross margin": {"2020-09-30": "39.23%", "2020-06-30": "36.54%", "2020-03-31": "35.65%", "2019-12-31": "35.29%", "2019-09-30": "36.57%", "2019-06-30": "35.67%", "2018-12-31": "33.00%", "2018-09-30": "34.90%"}, "operating margin": {"2020-09-30": "22.61%", "2020-06-30": "20.30%", "2020-03-31": "20.12%", "2019-12-31": "19.93%", "2019-09-30": "21.88%", "2019-06-30": "21.35%", "2018-12-31": "20.32%", "2018-09-30": "21.83%"}, "ebitda margin": {"2020-09-30": "25.01%", "2020-06-30": "22.59%", "2020-03-31": "22.15%", "2019-12-31": "22.13%", "2019-09-30": "24.11%", "2019-06-30": "23.54%", "2018-12-31": "22.27%", "2018-09-30": "23.15%"}, "pre tax profit margin": {"2020-09-30": "18.16%", "2020-06-30": "11.90%", "2020-03-31": "15.49%", "2019-12-31": "21.19%", "2019-09-30": "18.18%", "2019-06-30": "19.53%", "2018-12-31": "17.65%", "2018-09-30": "22.15%"}, "net profit margin": {"2020-09-30": "13.00%", "2020-06-30": "8.12%", "2020-03-31": "10.74%", "2019-12-31": "15.22%", "2019-09-30": "12.94%", "2019-06-30": "14.00%", "2018-12-31": "12.45%", "2018-09-30": "23.79%"}, "pe ratio": {"current": "10.27", "2021-02-11": "11.65", "2020-09-30": "10.59", "2020-06-30": "16.53", "2020-03-31": "10.60", "2019-12-31": "12.53", "2019-09-30": "13.04", "2019-06-30": "22.60", "2019-03-31": "41.00", "2018-12-31": "0.00", "2018-09-30": "0.00", "2018-06-30": "0.00"}, "price sales": {"2021-02-11": "1.53", "2020-09-30": "1.39", "2020-06-30": "1.34", "2020-03-31": "1.13", "2019-12-31": "1.90", "2019-09-30": "1.68", "2019-06-30": "1.95", "2019-03-31": "2.44", "2018-12-31": "3.36", "2018-09-30": "5.52", "2018-06-30": "12.07"}, "price book": {"current": "1.64", "2021-02-11": "1.70", "2020-09-30": "1.54", "2020-06-30": "1.59", "2020-03-31": "1.35", "2019-12-31": "2.11", "2019-09-30": "1.87", "2019-06-30": "2.23", "2019-03-31": "2.51", "2018-12-31": "0.00", "2018-09-30": "0.00", "2018-06-30": "0.00", "2018-03-31": "0.00", "2017-12-31": "0.00", "2017-06-30": "0.00"}, "price fcf": {"2021-02-11": "", "2020-09-30": "$3.24", "2020-06-30": "$3.26", "2020-03-31": "$3.19", "2019-12-31": "$3.18", "2019-09-30": "$3.62", "2019-06-30": "$3.69", "2019-03-31": "$1.35", "2018-12-31": "$-0.08", "2018-09-30": "$0.33", "2018-06-30": "0"}, "net worth": {"value": "$17.68B"}, "current ratio": {"current": "4.21", "2020-09-30": "4.21", "2020-06-30": "3.93", "2020-03-31": "3.79", "2019-12-31": "3.52", "2019-09-30": "3.73", "2019-06-30": "3.78", "2019-03-31": "4.60", "2018-12-31": "4.74", "2018-09-30": "0.00", "2018-06-30": "0.00", "2018-03-31": "0.00", "2017-12-31": "0.00", "2017-06-30": "0.00"}, "quick ratio": {"2020-09-30": "3.58", "2020-06-30": "3.48", "2020-03-31": "3.24", "2019-12-31": "2.67", "2019-09-30": "2.96", "2019-06-30": "3.12", "2019-03-31": "3.77", "2018-12-31": "3.59", "2018-09-30": "0.00", "2018-06-30": "0.00", "2018-03-31": "0.00", "2017-12-31": "0.00", "2017-06-30": "0.00"}, "debt equity ratio": {"current": "0.74", "2020-09-30": "1.08", "2020-06-30": "1.15", "2020-03-31": "1.00", "2019-12-31": "0.98", "2019-09-30": "0.99", "2019-06-30": "0.96", "2019-03-31": "1.05", "2018-12-31": "0.29", "2018-09-30": "0.00", "2018-06-30": "0.00", "2018-03-31": "0.00", "2017-12-31": "0.00", "2017-06-30": "0.00"}, "return on equity": {"2020-09-30": "15.52%", "2020-06-30": "9.76%", "2020-03-31": "13.06%", "2019-12-31": "18.16%", "2019-09-30": "15.16%", "2019-06-30": "22.02%", "2018-12-31": "41.09%", "2018-09-30": "inf%"}, "return on assets": {"2020-09-30": "7.56%", "2020-06-30": "4.82%", "2020-03-31": "6.59%", "2019-12-31": "9.12%", "2019-09-30": "8.37%", "2019-06-30": "12.60%", "2018-12-31": "31.75%", "2018-09-30": "inf%"}, "return on investments": {"2020-09-30": "15.78%", "2020-06-30": "14.45%", "2020-03-31": "14.72%", "2019-12-31": "14.09%", "2019-09-30": "20.51%", "2019-06-30": "30.32%", "2018-12-31": "inf%", "2018-09-30": "inf%"}, "return on tangible equity": {"2020-09-30": "39.83%", "2020-06-30": "23.94%", "2020-03-31": "30.25%", "2019-12-31": "42.66%", "2019-09-30": "34.94%", "2019-06-30": "51.95%", "2018-12-31": "89.08%", "2018-09-30": "inf%"}, "dividend yield history": {"last payout": "$0.46", "last yield": "1.55%"}}