{"ticker": "FRC", "price": {"title": "First Republic Bank Historical Annual Stock Price Data", "value": 155.0, "historical": {"2020": {"Average Stock Price": "112.5030", "Year Open": "117.9800", "Year High": "146.9300", "Year Low": "75.6000", "Year Close": "146.9300", "Annual % Change": "25.10%"}, "2019": {"Average Stock Price": "100.5247", "Year Open": "87.5000", "Year High": "117.9000", "Year Low": "84.3400", "Year Close": "117.4500", "Annual % Change": "35.16%"}, "2018": {"Average Stock Price": "95.2172", "Year Open": "84.9600", "Year High": "106.2000", "Year Low": "80.2300", "Year Close": "86.9000", "Annual % Change": "0.30%"}, "2017": {"Average Stock Price": "95.6864", "Year Open": "92.5800", "Year High": "105.1700", "Year Low": "86.6200", "Year Close": "86.6400", "Annual % Change": "-5.97%"}, "2016": {"Average Stock Price": "72.1877", "Year Open": "64.2800", "Year High": "92.1400", "Year Low": "56.5900", "Year Close": "92.1400", "Annual % Change": "39.48%"}, "2015": {"Average Stock Price": "60.9608", "Year Open": "52.1000", "Year High": "69.2800", "Year Low": "47.6200", "Year Close": "66.0600", "Annual % Change": "26.75%"}, "2014": {"Average Stock Price": "50.8368", "Year Open": "51.3800", "Year High": "55.6200", "Year Low": "45.7700", "Year Close": "52.1200", "Annual % Change": "-0.44%"}, "2013": {"Average Stock Price": "42.2697", "Year Open": "33.1500", "Year High": "52.7200", "Year Low": "33.1500", "Year Close": "52.3500", "Annual % Change": "59.70%"}, "2012": {"Average Stock Price": "32.5596", "Year Open": "30.8600", "Year High": "35.0200", "Year Low": "29.5300", "Year Close": "32.7800", "Annual % Change": "7.09%"}, "2011": {"Average Stock Price": "28.9369", "Year Open": "28.9800", "Year High": "34.6000", "Year Low": "22.4800", "Year Close": "30.6100", "Annual % Change": "5.12%"}, "2010": {"Average Stock Price": "28.3744", "Year Open": "27.9200", "Year High": "29.4500", "Year Low": "27.3100", "Year Close": "29.1200", "Annual % Change": "0.00%"}}}, "market cap": {"value": "$26.74B"}, "income statement": {"Revenue": {"2020-12-31": "4506.90600", "2019-12-31": "4156.69900", "2018-12-31": "3575.05100", "2017-12-31": "2912.07900", "2016-12-31": "2375.68500", "2015-12-31": "1989.14500", "2014-12-31": "1801.36400", "2013-12-31": "1600.36800", "2012-12-31": "1455.94000", "2011-12-31": "1300.88700", "2010-12-31": "1151.54300", "2009-12-31": "1330.96100", "2008-12-31": "988.42300"}, "Cost Of Goods Sold": {"2020-12-31": "590.12100", "2019-12-31": "815.31200", "2018-12-31": "530.49800", "2017-12-31": "300.15500", "2016-12-31": "163.71100", "2015-12-31": "147.42900", "2014-12-31": "152.24900", "2013-12-31": "131.84300", "2012-12-31": "114.18600", "2011-12-31": "117.21800", "2010-12-31": "149.53600", "2009-12-31": "258.44300", "2008-12-31": "394.28400"}, "Gross Profit": {"2020-12-31": "3916.78500", "2019-12-31": "3341.38700", "2018-12-31": "3044.55300", "2017-12-31": "2611.92400", "2016-12-31": "2211.97400", "2015-12-31": "1841.71600", "2014-12-31": "1649.11500", "2013-12-31": "1468.52500", "2012-12-31": "1341.75400", "2011-12-31": "1183.66900", "2010-12-31": "1002.00700", "2009-12-31": "1072.51800", "2008-12-31": "594.13900"}, "Research And Development Expenses": {"2020-12-31": "", "2019-12-31": "", "2018-12-31": "", "2017-12-31": "", "2016-12-31": "", "2015-12-31": "", "2014-12-31": "", "2013-12-31": "", "2012-12-31": "", "2011-12-31": "", "2010-12-31": "", "2009-12-31": "", "2008-12-31": ""}, "SG&A Expenses": {"2020-12-31": "2582.82000", "2019-12-31": "2208.15100", "2018-12-31": "1992.81100", "2017-12-31": "1699.72200", "2016-12-31": "1384.37800", "2015-12-31": "1129.28800", "2014-12-31": "956.48800", "2013-12-31": "778.81900", "2012-12-31": "719.93510", "2011-12-31": "596.29410", "2010-12-31": "520.05800", "2009-12-31": "466.74000", "2008-12-31": "531.34200"}, "Other Operating Income Or Expenses": {"2020-12-31": "", "2019-12-31": "", "2018-12-31": "", "2017-12-31": "", "2016-12-31": "", "2015-12-31": "", "2014-12-31": "", "2013-12-31": "", "2012-12-31": "", "2011-12-31": "", "2010-12-31": "", "2009-12-31": "", "2008-12-31": ""}, "Operating Expenses": {"2020-12-31": "3172.94100", "2019-12-31": "3023.46300", "2018-12-31": "2523.30900", "2017-12-31": "1999.87700", "2016-12-31": "1548.08900", "2015-12-31": "1298.47700", "2014-12-31": "1131.48100", "2013-12-31": "936.80900", "2012-12-31": "854.59300", "2011-12-31": "736.23510", "2010-12-31": "681.89700", "2009-12-31": "725.18300", "2008-12-31": "967.89700"}, "Operating Income": {"2020-12-31": "1333.96500", "2019-12-31": "1133.23600", "2018-12-31": "1051.74200", "2017-12-31": "912.20180", "2016-12-31": "827.59590", "2015-12-31": "690.66800", "2014-12-31": "669.88290", "2013-12-31": "663.55900", "2012-12-31": "601.34700", "2011-12-31": "564.65200", "2010-12-31": "469.64600", "2009-12-31": "605.77800", "2008-12-31": "20.52590"}, "Total Non-Operating Income/Expense": {"2020-12-31": "", "2019-12-31": "", "2018-12-31": "", "2017-12-31": "", "2016-12-31": "", "2015-12-31": "", "2014-12-31": "", "2013-12-31": "", "2012-12-31": "", "2011-12-31": "", "2010-12-31": "", "2009-12-31": "", "2008-12-31": ""}, "Pre-Tax Income": {"2020-12-31": "1333.96500", "2019-12-31": "1133.23600", "2018-12-31": "1051.74200", "2017-12-31": "912.20200", "2016-12-31": "827.59600", "2015-12-31": "690.66800", "2014-12-31": "669.88300", "2013-12-31": "663.55900", "2012-12-31": "601.34700", "2011-12-31": "564.65200", "2010-12-31": "469.64600", "2009-12-31": "605.77800", "2008-12-31": "20.52600"}, "Income Taxes": {"2020-12-31": "269.81400", "2019-12-31": "202.90700", "2018-12-31": "197.91400", "2017-12-31": "154.54200", "2016-12-31": "154.16800", "2015-12-31": "168.52300", "2014-12-31": "182.87700", "2013-12-31": "201.48900", "2012-12-31": "198.64500", "2011-12-31": "205.65900", "2010-12-31": "193.64500", "2009-12-31": "254.31600", "2008-12-31": "5.73300"}, "Income After Taxes": {"2020-12-31": "1064.15100", "2019-12-31": "930.32900", "2018-12-31": "853.82790", "2017-12-31": "757.66000", "2016-12-31": "673.42800", "2015-12-31": "522.14500", "2014-12-31": "487.00600", "2013-12-31": "462.07000", "2012-12-31": "402.70200", "2011-12-31": "358.99300", "2010-12-31": "276.00100", "2009-12-31": "351.46200", "2008-12-31": "14.79300"}, "Other Income": {"2020-12-31": "", "2019-12-31": "", "2018-12-31": "", "2017-12-31": "", "2016-12-31": "", "2015-12-31": "", "2014-12-31": "", "2013-12-31": "", "2012-12-31": "", "2011-12-31": "", "2010-12-31": "", "2009-12-31": "", "2008-12-31": ""}, "Income From Continuous Operations": {"2020-12-31": "1064.15100", "2019-12-31": "930.32900", "2018-12-31": "853.82790", "2017-12-31": "757.66000", "2016-12-31": "673.42800", "2015-12-31": "522.14500", "2014-12-31": "487.00600", "2013-12-31": "462.07000", "2012-12-31": "402.70200", "2011-12-31": "358.99300", "2010-12-31": "276.00100", "2009-12-31": "351.46200", "2008-12-31": "14.79300"}, "Income From Discontinued Operations": {"2020-12-31": "", "2019-12-31": "", "2018-12-31": "", "2017-12-31": "", "2016-12-31": "", "2015-12-31": "", "2014-12-31": "", "2013-12-31": "", "2012-12-31": "", "2011-12-31": "", "2010-12-31": "", "2009-12-31": "", "2008-12-31": ""}, "Net Income": {"2020-12-31": "1005.42600", "2019-12-31": "881.25900", "2018-12-31": "796.10300", "2017-12-31": "699.62000", "2016-12-31": "604.83900", "2015-12-31": "463.21700", "2014-12-31": "431.45000", "2013-12-31": "421.39900", "2012-12-31": "369.22100", "2011-12-31": "354.38800", "2010-12-31": "271.20900", "2009-12-31": "346.64300", "2008-12-31": "10.00000"}, "EBITDA": {"2020-12-31": "", "2019-12-31": "", "2018-12-31": "", "2017-12-31": "", "2016-12-31": "", "2015-12-31": "", "2014-12-31": "", "2013-12-31": "", "2012-12-31": "", "2011-12-31": "", "2010-12-31": "", "2009-12-31": "", "2008-12-31": ""}, "EBIT": {"2020-12-31": "", "2019-12-31": "", "2018-12-31": "", "2017-12-31": "", "2016-12-31": "", "2015-12-31": "", "2014-12-31": "", "2013-12-31": "", "2012-12-31": "", "2011-12-31": "", "2010-12-31": "", "2009-12-31": "", "2008-12-31": ""}, "Basic Shares Outstanding": {"2020-12-31": "171.93300", "2019-12-31": "167.90800", "2018-12-31": "162.94800", "2017-12-31": "157.62400", "2016-12-31": "148.75200", "2015-12-31": "141.68900", "2014-12-31": "136.42000", "2013-12-31": "131.32600", "2012-12-31": "130.05100", "2011-12-31": "129.06100", "2010-12-31": "124.62100", "2009-12-31": "", "2008-12-31": ""}, "Shares Outstanding": {"2020-12-31": "173.05300", "2019-12-31": "169.55100", "2018-12-31": "165.61200", "2017-12-31": "162.34000", "2016-12-31": "154.09500", "2015-12-31": "145.51000", "2014-12-31": "140.49700", "2013-12-31": "135.94900", "2012-12-31": "134.18900", "2011-12-31": "132.72400", "2010-12-31": "126.77600", "2009-12-31": "", "2008-12-31": ""}, "Basic EPS": {"2020-12-31": "5.85000", "2019-12-31": "5.25000", "2018-12-31": "4.89000", "2017-12-31": "4.44000", "2016-12-31": "4.07000", "2015-12-31": "3.27000", "2014-12-31": "3.16000", "2013-12-31": "3.21000", "2012-12-31": "2.84000", "2011-12-31": "2.75000", "2010-12-31": "2.17600", "2009-12-31": "", "2008-12-31": ""}, "EPS - Earnings Per Share": {"2020-12-31": "5.81000", "2019-12-31": "5.20000", "2018-12-31": "4.81000", "2017-12-31": "4.31000", "2016-12-31": "3.93000", "2015-12-31": "3.18000", "2014-12-31": "3.07000", "2013-12-31": "3.10000", "2012-12-31": "2.75000", "2011-12-31": "2.67000", "2010-12-31": "2.13900", "2009-12-31": "0.00000", "2008-12-31": "0.00000"}}, "income statement, quarterly": {"Revenue": {"2020-12-31": "1178.78900", "2020-09-30": "1132.95900", "2020-06-30": "1074.99300", "2020-03-31": "1120.16500", "2019-12-31": "1094.29900", "2019-09-30": "1051.98300", "2019-06-30": "1031.08200", "2019-03-31": "979.33500", "2018-12-31": "972.20180", "2018-09-30": "914.41300", "2018-06-30": "866.86000", "2018-03-31": "821.57600", "2017-12-31": "793.09780", "2017-09-30": "756.50000", "2017-06-30": "708.52700", "2017-03-31": "653.95400", "2016-12-31": "646.42810", "2016-09-30": "601.58500", "2016-06-30": "572.86900", "2016-03-31": "554.80300", "2015-12-31": "531.35700", "2015-09-30": "505.77500", "2015-06-30": "492.19100", "2015-03-31": "459.82200", "2014-12-31": "454.83300", "2014-09-30": "481.06700", "2014-06-30": "447.14100", "2014-03-31": "418.32300", "2013-12-31": "409.67790", "2013-09-30": "399.68200", "2013-06-30": "394.99400", "2013-03-31": "396.01400", "2012-12-31": "384.19820", "2012-09-30": "371.17500", "2012-06-30": "358.76600", "2012-03-31": "341.80100", "2011-12-31": "344.16310", "2011-09-30": "330.60600", "2011-06-30": "313.13100", "2011-03-31": "312.98700", "2010-12-31": "310.39100", "2010-09-30": "282.85600", "2010-06-30": "269.01500", "2010-03-31": "289.28100", "2009-12-31": "", "2008-12-31": ""}, "Cost Of Goods Sold": {"2020-12-31": "98.42400", "2020-09-30": "131.69600", "2020-06-30": "156.01200", "2020-03-31": "203.98900", "2019-12-31": "216.83600", "2019-09-30": "214.79100", "2019-06-30": "211.70600", "2019-03-31": "171.97900", "2018-12-31": "161.45200", "2018-09-30": "145.58400", "2018-06-30": "122.74600", "2018-03-31": "100.71600", "2017-12-31": "93.94000", "2017-09-30": "86.21400", "2017-06-30": "67.19100", "2017-03-31": "52.81000", "2016-12-31": "46.96900", "2016-09-30": "43.71000", "2016-06-30": "37.79400", "2016-03-31": "35.23800", "2015-12-31": "36.50700", "2015-09-30": "37.14700", "2015-06-30": "36.89100", "2015-03-31": "36.88400", "2014-12-31": "38.14400", "2014-09-30": "40.40700", "2014-06-30": "37.09000", "2014-03-31": "36.60800", "2013-12-31": "38.65400", "2013-09-30": "37.84000", "2013-06-30": "29.65200", "2013-03-31": "25.69700", "2012-12-31": "26.25300", "2012-09-30": "28.51500", "2012-06-30": "31.53000", "2012-03-31": "27.88800", "2011-12-31": "29.22400", "2011-09-30": "31.43500", "2011-06-30": "29.13200", "2011-03-31": "27.42700", "2010-12-31": "26.37000", "2010-09-30": "27.58800", "2010-06-30": "45.72100", "2010-03-31": "49.87800", "2009-12-31": "", "2008-12-31": ""}, "Gross Profit": {"2020-12-31": "1080.36500", "2020-09-30": "1001.26300", "2020-06-30": "918.98110", "2020-03-31": "916.17600", "2019-12-31": "877.46330", "2019-09-30": "837.19200", "2019-06-30": "819.37600", "2019-03-31": "807.35600", "2018-12-31": "810.74990", "2018-09-30": "768.82900", "2018-06-30": "744.11400", "2018-03-31": "720.86000", "2017-12-31": "699.15780", "2017-09-30": "670.28600", "2017-06-30": "641.33610", "2017-03-31": "601.14400", "2016-12-31": "599.45910", "2016-09-30": "557.87500", "2016-06-30": "535.07500", "2016-03-31": "519.56500", "2015-12-31": "494.85000", "2015-09-30": "468.62800", "2015-06-30": "455.30000", "2015-03-31": "422.93800", "2014-12-31": "416.68900", "2014-09-30": "440.66000", "2014-06-30": "410.05100", "2014-03-31": "381.71500", "2013-12-31": "371.02390", "2013-09-30": "361.84200", "2013-06-30": "365.34200", "2013-03-31": "370.31700", "2012-12-31": "357.94520", "2012-09-30": "342.66000", "2012-06-30": "327.23600", "2012-03-31": "313.91300", "2011-12-31": "314.93910", "2011-09-30": "299.17100", "2011-06-30": "283.99900", "2011-03-31": "285.56000", "2010-12-31": "284.02100", "2010-09-30": "255.26800", "2010-06-30": "223.29400", "2010-03-31": "239.40300", "2009-12-31": "", "2008-12-31": ""}, "Research And Development Expenses": {"2020-12-31": "", "2020-09-30": "", "2020-06-30": "", "2020-03-31": "", "2019-12-31": "", "2019-09-30": "", "2019-06-30": "", "2019-03-31": "", "2018-12-31": "", "2018-09-30": "", "2018-06-30": "", "2018-03-31": "", "2017-12-31": "", "2017-09-30": "", "2017-06-30": "", "2017-03-31": "", "2016-12-31": "", "2016-09-30": "", "2016-06-30": "", "2016-03-31": "", "2015-12-31": "", "2015-09-30": "", "2015-06-30": "", "2015-03-31": "", "2014-12-31": "", "2014-09-30": "", "2014-06-30": "", "2014-03-31": "", "2013-12-31": "", "2013-09-30": "", "2013-06-30": "", "2013-03-31": "", "2012-12-31": "", "2012-09-30": "", "2012-06-30": "", "2012-03-31": "", "2011-12-31": "", "2011-09-30": "", "2011-06-30": "", "2011-03-31": "", "2010-12-31": "", "2010-09-30": "", "2010-06-30": "", "2010-03-31": "", "2009-12-31": "", "2008-12-31": ""}, "SG&A Expenses": {"2020-12-31": "701.11000", "2020-09-30": "636.74800", "2020-06-30": "600.57500", "2020-03-31": "644.38700", "2019-12-31": "568.42400", "2019-09-30": "550.66100", "2019-06-30": "550.05400", "2019-03-31": "539.01200", "2018-12-31": "523.67110", "2018-09-30": "502.63200", "2018-06-30": "491.92700", "2018-03-31": "474.58100", "2017-12-31": "462.58500", "2017-09-30": "428.47200", "2017-06-30": "421.03800", "2017-03-31": "387.62700", "2016-12-31": "389.83700", "2016-09-30": "349.62000", "2016-06-30": "327.89600", "2016-03-31": "317.02500", "2015-12-31": "306.03600", "2015-09-30": "285.66800", "2015-06-30": "275.17900", "2015-03-31": "262.40500", "2014-12-31": "252.85800", "2014-09-30": "246.31200", "2014-06-30": "238.73600", "2014-03-31": "218.58200", "2013-12-31": "202.52600", "2013-09-30": "195.26800", "2013-06-30": "194.86900", "2013-03-31": "186.15600", "2012-12-31": "174.54800", "2012-09-30": "189.80800", "2012-06-30": "181.26000", "2012-03-31": "174.31900", "2011-12-31": "158.79600", "2011-09-30": "154.71800", "2011-06-30": "146.09500", "2011-03-31": "136.68500", "2010-12-31": "189.40100", "2010-09-30": "134.47300", "2010-06-30": "115.29400", "2010-03-31": "119.02200", "2009-12-31": "", "2008-12-31": ""}, "Other Operating Income Or Expenses": {"2020-12-31": "", "2020-09-30": "", "2020-06-30": "", "2020-03-31": "", "2019-12-31": "", "2019-09-30": "", "2019-06-30": "", "2019-03-31": "", "2018-12-31": "", "2018-09-30": "", "2018-06-30": "", "2018-03-31": "", "2017-12-31": "", "2017-09-30": "", "2017-06-30": "", "2017-03-31": "", "2016-12-31": "", "2016-09-30": "", "2016-06-30": "", "2016-03-31": "", "2015-12-31": "", "2015-09-30": "", "2015-06-30": "", "2015-03-31": "", "2014-12-31": "", "2014-09-30": "", "2014-06-30": "", "2014-03-31": "", "2013-12-31": "", "2013-09-30": "", "2013-06-30": "", "2013-03-31": "", "2012-12-31": "", "2012-09-30": "", "2012-06-30": "", "2012-03-31": "", "2011-12-31": "", "2011-09-30": "", "2011-06-30": "", "2011-03-31": "", "2010-12-31": "", "2010-09-30": "", "2010-06-30": "", "2010-03-31": "", "2009-12-31": "", "2008-12-31": ""}, "Operating Expenses": {"2020-12-31": "799.53400", "2020-09-30": "768.44400", "2020-06-30": "756.58700", "2020-03-31": "848.37600", "2019-12-31": "785.26000", "2019-09-30": "765.45200", "2019-06-30": "761.76000", "2019-03-31": "710.99100", "2018-12-31": "685.12320", "2018-09-30": "648.21590", "2018-06-30": "614.67300", "2018-03-31": "575.29700", "2017-12-31": "556.52500", "2017-09-30": "514.68600", "2017-06-30": "488.22900", "2017-03-31": "440.43700", "2016-12-31": "436.80600", "2016-09-30": "399.44600", "2016-06-30": "372.07600", "2016-03-31": "358.92400", "2015-12-31": "349.47600", "2015-09-30": "327.54600", "2015-06-30": "317.01100", "2015-03-31": "304.44400", "2014-12-31": "296.37000", "2014-09-30": "292.29900", "2014-06-30": "281.61800", "2014-03-31": "261.19400", "2013-12-31": "247.39800", "2013-09-30": "239.53800", "2013-06-30": "231.16400", "2013-03-31": "218.70900", "2012-12-31": "205.72800", "2012-09-30": "223.41000", "2012-06-30": "217.96000", "2012-03-31": "207.49500", "2011-12-31": "193.46400", "2011-09-30": "191.75500", "2011-06-30": "180.98700", "2011-03-31": "170.02900", "2010-12-31": "221.84100", "2010-09-30": "168.29100", "2010-06-30": "161.01500", "2010-03-31": "168.90000", "2009-12-31": "", "2008-12-31": ""}, "Operating Income": {"2020-12-31": "379.25490", "2020-09-30": "364.51500", "2020-06-30": "318.40600", "2020-03-31": "271.78910", "2019-12-31": "309.03930", "2019-09-30": "286.53100", "2019-06-30": "269.32200", "2019-03-31": "268.34410", "2018-12-31": "287.07870", "2018-09-30": "266.19710", "2018-06-30": "252.18710", "2018-03-31": "246.27900", "2017-12-31": "236.57280", "2017-09-30": "241.81400", "2017-06-30": "220.29800", "2017-03-31": "213.51700", "2016-12-31": "209.62210", "2016-09-30": "202.13900", "2016-06-30": "200.79300", "2016-03-31": "195.87900", "2015-12-31": "181.88100", "2015-09-30": "178.22900", "2015-06-30": "175.18000", "2015-03-31": "155.37800", "2014-12-31": "158.46300", "2014-09-30": "188.76800", "2014-06-30": "165.52300", "2014-03-31": "157.12900", "2013-12-31": "162.27990", "2013-09-30": "160.14400", "2013-06-30": "163.83000", "2013-03-31": "177.30500", "2012-12-31": "178.47020", "2012-09-30": "147.76500", "2012-06-30": "140.80600", "2012-03-31": "134.30600", "2011-12-31": "150.69910", "2011-09-30": "138.85100", "2011-06-30": "132.14400", "2011-03-31": "142.95800", "2010-12-31": "88.55000", "2010-09-30": "114.56500", "2010-06-30": "108.00000", "2010-03-31": "120.38100", "2009-12-31": "", "2008-12-31": ""}, "Total Non-Operating Income/Expense": {"2020-12-31": "", "2020-09-30": "", "2020-06-30": "", "2020-03-31": "", "2019-12-31": "", "2019-09-30": "", "2019-06-30": "", "2019-03-31": "", "2018-12-31": "", "2018-09-30": "", "2018-06-30": "", "2018-03-31": "", "2017-12-31": "", "2017-09-30": "", "2017-06-30": "", "2017-03-31": "", "2016-12-31": "", "2016-09-30": "", "2016-06-30": "", "2016-03-31": "", "2015-12-31": "", "2015-09-30": "", "2015-06-30": "", "2015-03-31": "", "2014-12-31": "", "2014-09-30": "", "2014-06-30": "", "2014-03-31": "", "2013-12-31": "", "2013-09-30": "", "2013-06-30": "", "2013-03-31": "", "2012-12-31": "", "2012-09-30": "", "2012-06-30": "", "2012-03-31": "", "2011-12-31": "", "2011-09-30": "", "2011-06-30": "", "2011-03-31": "", "2010-12-31": "", "2010-09-30": "", "2010-06-30": "", "2010-03-31": "", "2009-12-31": "", "2008-12-31": ""}, "Pre-Tax Income": {"2020-12-31": "379.25500", "2020-09-30": "364.51500", "2020-06-30": "318.40600", "2020-03-31": "271.78900", "2019-12-31": "309.03890", "2019-09-30": "286.53100", "2019-06-30": "269.32200", "2019-03-31": "268.34400", "2018-12-31": "287.07890", "2018-09-30": "266.19700", "2018-06-30": "252.18700", "2018-03-31": "246.27900", "2017-12-31": "236.57310", "2017-09-30": "241.81400", "2017-06-30": "220.29800", "2017-03-31": "213.51700", "2016-12-31": "228.78500", "2016-09-30": "202.13900", "2016-06-30": "200.79300", "2016-03-31": "195.87900", "2015-12-31": "181.88100", "2015-09-30": "178.22900", "2015-06-30": "175.18000", "2015-03-31": "155.37800", "2014-12-31": "158.46300", "2014-09-30": "188.76800", "2014-06-30": "165.52300", "2014-03-31": "157.12900", "2013-12-31": "162.28000", "2013-09-30": "160.14400", "2013-06-30": "163.83000", "2013-03-31": "177.30500", "2012-12-31": "178.47000", "2012-09-30": "147.76500", "2012-06-30": "140.80600", "2012-03-31": "134.30600", "2011-12-31": "150.69900", "2011-09-30": "138.85100", "2011-06-30": "132.14400", "2011-03-31": "142.95800", "2010-12-31": "126.70000", "2010-09-30": "114.56500", "2010-06-30": "108.00000", "2010-03-31": "120.38100", "2009-12-31": "", "2008-12-31": ""}, "Income Taxes": {"2020-12-31": "83.69500", "2020-09-30": "71.37800", "2020-06-30": "61.63800", "2020-03-31": "53.10300", "2019-12-31": "62.70900", "2019-09-30": "51.68700", "2019-06-30": "46.75800", "2019-03-31": "41.75300", "2018-12-31": "55.66100", "2018-09-30": "52.65100", "2018-06-30": "42.40600", "2018-03-31": "47.19600", "2017-12-31": "42.29600", "2017-09-30": "41.80500", "2017-06-30": "33.69800", "2017-03-31": "36.74300", "2016-12-31": "49.66700", "2016-09-30": "30.32100", "2016-06-30": "35.79600", "2016-03-31": "38.38400", "2015-12-31": "41.83500", "2015-09-30": "43.38700", "2015-06-30": "43.83500", "2015-03-31": "39.46600", "2014-12-31": "43.00400", "2014-09-30": "52.75700", "2014-06-30": "44.69100", "2014-03-31": "42.42500", "2013-12-31": "46.98100", "2013-09-30": "48.39600", "2013-06-30": "51.36000", "2013-03-31": "54.75200", "2012-12-31": "69.66700", "2012-09-30": "45.06900", "2012-06-30": "42.27400", "2012-03-31": "41.63500", "2011-12-31": "56.63600", "2011-09-30": "49.98600", "2011-06-30": "46.14200", "2011-03-31": "52.89500", "2010-12-31": "49.54000", "2010-09-30": "46.97200", "2010-06-30": "46.25500", "2010-03-31": "50.88300", "2009-12-31": "", "2008-12-31": ""}, "Income After Taxes": {"2020-12-31": "295.56000", "2020-09-30": "293.13700", "2020-06-30": "256.76800", "2020-03-31": "218.68600", "2019-12-31": "246.33000", "2019-09-30": "234.84400", "2019-06-30": "222.56400", "2019-03-31": "226.59100", "2018-12-31": "231.41800", "2018-09-30": "213.54600", "2018-06-30": "209.78100", "2018-03-31": "199.08300", "2017-12-31": "194.27700", "2017-09-30": "200.00900", "2017-06-30": "186.60000", "2017-03-31": "176.77400", "2016-12-31": "179.11800", "2016-09-30": "171.81800", "2016-06-30": "164.99700", "2016-03-31": "157.49500", "2015-12-31": "140.04600", "2015-09-30": "134.84200", "2015-06-30": "131.34500", "2015-03-31": "115.91200", "2014-12-31": "115.45900", "2014-09-30": "136.01100", "2014-06-30": "120.83200", "2014-03-31": "114.70400", "2013-12-31": "115.29900", "2013-09-30": "111.74800", "2013-06-30": "112.47000", "2013-03-31": "122.55300", "2012-12-31": "108.80300", "2012-09-30": "102.69600", "2012-06-30": "98.53200", "2012-03-31": "92.67100", "2011-12-31": "94.06300", "2011-09-30": "88.86500", "2011-06-30": "86.00200", "2011-03-31": "90.06300", "2010-12-31": "77.16000", "2010-09-30": "67.59300", "2010-06-30": "61.74500", "2010-03-31": "69.49800", "2009-12-31": "", "2008-12-31": ""}, "Other Income": {"2020-12-31": "", "2020-09-30": "", "2020-06-30": "", "2020-03-31": "", "2019-12-31": "", "2019-09-30": "", "2019-06-30": "", "2019-03-31": "", "2018-12-31": "", "2018-09-30": "", "2018-06-30": "", "2018-03-31": "", "2017-12-31": "", "2017-09-30": "", "2017-06-30": "", "2017-03-31": "", "2016-12-31": "", "2016-09-30": "", "2016-06-30": "", "2016-03-31": "", "2015-12-31": "", "2015-09-30": "", "2015-06-30": "", "2015-03-31": "", "2014-12-31": "", "2014-09-30": "", "2014-06-30": "", "2014-03-31": "", "2013-12-31": "", "2013-09-30": "", "2013-06-30": "", "2013-03-31": "", "2012-12-31": "", "2012-09-30": "", "2012-06-30": "", "2012-03-31": "", "2011-12-31": "", "2011-09-30": "", "2011-06-30": "", "2011-03-31": "", "2010-12-31": "", "2010-09-30": "", "2010-06-30": "", "2010-03-31": "", "2009-12-31": "", "2008-12-31": ""}, "Income From Continuous Operations": {"2020-12-31": "295.56000", "2020-09-30": "293.13700", "2020-06-30": "256.76800", "2020-03-31": "218.68600", "2019-12-31": "246.33000", "2019-09-30": "234.84400", "2019-06-30": "222.56400", "2019-03-31": "226.59100", "2018-12-31": "231.41800", "2018-09-30": "213.54600", "2018-06-30": "209.78100", "2018-03-31": "199.08300", "2017-12-31": "194.27700", "2017-09-30": "200.00900", "2017-06-30": "186.60000", "2017-03-31": "176.77400", "2016-12-31": "179.11800", "2016-09-30": "171.81800", "2016-06-30": "164.99700", "2016-03-31": "157.49500", "2015-12-31": "140.04600", "2015-09-30": "134.84200", "2015-06-30": "131.34500", "2015-03-31": "115.91200", "2014-12-31": "115.45900", "2014-09-30": "136.01100", "2014-06-30": "120.83200", "2014-03-31": "114.70400", "2013-12-31": "115.29900", "2013-09-30": "111.74800", "2013-06-30": "112.47000", "2013-03-31": "122.55300", "2012-12-31": "108.80300", "2012-09-30": "102.69600", "2012-06-30": "98.53200", "2012-03-31": "92.67100", "2011-12-31": "94.06300", "2011-09-30": "88.86500", "2011-06-30": "86.00200", "2011-03-31": "90.06300", "2010-12-31": "75.96700", "2010-09-30": "67.59300", "2010-06-30": "61.74500", "2010-03-31": "69.49800", "2009-12-31": "", "2008-12-31": ""}, "Income From Discontinued Operations": {"2020-12-31": "", "2020-09-30": "", "2020-06-30": "", "2020-03-31": "", "2019-12-31": "", "2019-09-30": "", "2019-06-30": "", "2019-03-31": "", "2018-12-31": "", "2018-09-30": "", "2018-06-30": "", "2018-03-31": "", "2017-12-31": "", "2017-09-30": "", "2017-06-30": "", "2017-03-31": "", "2016-12-31": "", "2016-09-30": "", "2016-06-30": "", "2016-03-31": "", "2015-12-31": "", "2015-09-30": "", "2015-06-30": "", "2015-03-31": "", "2014-12-31": "", "2014-09-30": "", "2014-06-30": "", "2014-03-31": "", "2013-12-31": "", "2013-09-30": "", "2013-06-30": "", "2013-03-31": "", "2012-12-31": "", "2012-09-30": "", "2012-06-30": "", "2012-03-31": "", "2011-12-31": "", "2011-09-30": "", "2011-06-30": "", "2011-03-31": "", "2010-12-31": "0.00000", "2010-09-30": "", "2010-06-30": "", "2010-03-31": "", "2009-12-31": "", "2008-12-31": ""}, "Net Income": {"2020-12-31": "279.48800", "2020-09-30": "278.32100", "2020-06-30": "241.95100", "2020-03-31": "205.66600", "2019-12-31": "235.62200", "2019-09-30": "222.05700", "2019-06-30": "209.77600", "2019-03-31": "213.80400", "2018-12-31": "215.19000", "2018-09-30": "196.43400", "2018-06-30": "197.61800", "2018-03-31": "186.86100", "2017-12-31": "180.00500", "2017-09-30": "185.73700", "2017-06-30": "172.25600", "2017-03-31": "161.62200", "2016-12-31": "161.74200", "2016-09-30": "154.44100", "2016-06-30": "147.62100", "2016-03-31": "141.03500", "2015-12-31": "124.73200", "2015-09-30": "119.52800", "2015-06-30": "116.93400", "2015-03-31": "102.02300", "2014-12-31": "101.57000", "2014-09-30": "122.12200", "2014-06-30": "106.94300", "2014-03-31": "100.81500", "2013-12-31": "102.49900", "2013-09-30": "101.35900", "2013-06-30": "102.76400", "2013-03-31": "114.77700", "2012-12-31": "102.26900", "2012-09-30": "97.02900", "2012-06-30": "80.61600", "2012-03-31": "89.30700", "2011-12-31": "92.99100", "2011-09-30": "87.79300", "2011-06-30": "84.83200", "2011-03-31": "88.77200", "2010-12-31": "75.96700", "2010-09-30": "66.39500", "2010-06-30": "60.54700", "2010-03-31": "68.30000", "2009-12-31": "", "2008-12-31": ""}, "EBITDA": {"2020-12-31": "", "2020-09-30": "", "2020-06-30": "", "2020-03-31": "", "2019-12-31": "", "2019-09-30": "", "2019-06-30": "", "2019-03-31": "", "2018-12-31": "", "2018-09-30": "", "2018-06-30": "", "2018-03-31": "", "2017-12-31": "", "2017-09-30": "", "2017-06-30": "", "2017-03-31": "", "2016-12-31": "", "2016-09-30": "", "2016-06-30": "", "2016-03-31": "", "2015-12-31": "", "2015-09-30": "", "2015-06-30": "", "2015-03-31": "", "2014-12-31": "", "2014-09-30": "", "2014-06-30": "", "2014-03-31": "", "2013-12-31": "", "2013-09-30": "", "2013-06-30": "", "2013-03-31": "", "2012-12-31": "", "2012-09-30": "", "2012-06-30": "", "2012-03-31": "", "2011-12-31": "", "2011-09-30": "", "2011-06-30": "", "2011-03-31": "", "2010-12-31": "", "2010-09-30": "", "2010-06-30": "", "2010-03-31": "", "2009-12-31": "", "2008-12-31": ""}, "EBIT": {"2020-12-31": "", "2020-09-30": "", "2020-06-30": "", "2020-03-31": "", "2019-12-31": "", "2019-09-30": "", "2019-06-30": "", "2019-03-31": "", "2018-12-31": "", "2018-09-30": "", "2018-06-30": "", "2018-03-31": "", "2017-12-31": "", "2017-09-30": "", "2017-06-30": "", "2017-03-31": "", "2016-12-31": "", "2016-09-30": "", "2016-06-30": "", "2016-03-31": "", "2015-12-31": "", "2015-09-30": "", "2015-06-30": "", "2015-03-31": "", "2014-12-31": "", "2014-09-30": "", "2014-06-30": "", "2014-03-31": "", "2013-12-31": "", "2013-09-30": "", "2013-06-30": "", "2013-03-31": "", "2012-12-31": "", "2012-09-30": "", "2012-06-30": "", "2012-03-31": "", "2011-12-31": "", "2011-09-30": "", "2011-06-30": "", "2011-03-31": "", "2010-12-31": "", "2010-09-30": "", "2010-06-30": "", "2010-03-31": "", "2009-12-31": "", "2008-12-31": ""}, "Basic Shares Outstanding": {"2020-12-31": "173.11100", "2020-09-30": "172.14200", "2020-06-30": "171.62700", "2020-03-31": "170.83500", "2019-12-31": "167.90800", "2019-09-30": "168.27200", "2019-06-30": "167.68500", "2019-03-31": "167.11200", "2018-12-31": "162.94800", "2018-09-30": "163.04800", "2018-06-30": "162.15200", "2018-03-31": "161.75200", "2017-12-31": "157.62400", "2017-09-30": "157.75200", "2017-06-30": "157.30200", "2017-03-31": "155.01200", "2016-12-31": "148.75200", "2016-09-30": "149.80000", "2016-06-30": "147.20800", "2016-03-31": "145.96300", "2015-12-31": "141.68900", "2015-09-30": "142.15200", "2015-06-30": "141.92700", "2015-03-31": "138.83900", "2014-12-31": "136.42000", "2014-09-30": "137.66100", "2014-06-30": "137.27900", "2014-03-31": "132.88000", "2013-12-31": "131.32600", "2013-09-30": "131.43600", "2013-06-30": "131.10200", "2013-03-31": "130.84600", "2012-12-31": "130.05100", "2012-09-30": "130.19400", "2012-06-30": "129.89000", "2012-03-31": "129.49800", "2011-12-31": "129.06100", "2011-09-30": "129.20700", "2011-06-30": "128.85800", "2011-03-31": "128.85800", "2010-12-31": "125.10900", "2010-09-30": "124.13300", "2010-06-30": "", "2010-03-31": "", "2009-12-31": "", "2008-12-31": ""}, "Shares Outstanding": {"2020-12-31": "174.70800", "2020-09-30": "172.93200", "2020-06-30": "172.65900", "2020-03-31": "172.03900", "2019-12-31": "169.55100", "2019-09-30": "169.34600", "2019-06-30": "169.57200", "2019-03-31": "169.41000", "2018-12-31": "165.61200", "2018-09-30": "165.49800", "2018-06-30": "165.01300", "2018-03-31": "164.83900", "2017-12-31": "162.34000", "2017-09-30": "162.37700", "2017-06-30": "162.33500", "2017-03-31": "160.43300", "2016-12-31": "154.09500", "2016-09-30": "154.82400", "2016-06-30": "152.60200", "2016-03-31": "151.70100", "2015-12-31": "145.51000", "2015-09-30": "145.89000", "2015-06-30": "145.71300", "2015-03-31": "142.79100", "2014-12-31": "140.49700", "2014-09-30": "141.54800", "2014-06-30": "141.47300", "2014-03-31": "137.29500", "2013-12-31": "135.94900", "2013-09-30": "136.13300", "2013-06-30": "135.59500", "2013-03-31": "135.25200", "2012-12-31": "134.18900", "2012-09-30": "134.37400", "2012-06-30": "134.00200", "2012-03-31": "133.62100", "2011-12-31": "132.72400", "2011-09-30": "132.43700", "2011-06-30": "133.09100", "2011-03-31": "132.50900", "2010-12-31": "127.54600", "2010-09-30": "125.85800", "2010-06-30": "", "2010-03-31": "", "2009-12-31": "", "2008-12-31": ""}, "Basic EPS": {"2020-12-31": "1.61000", "2020-09-30": "1.62000", "2020-06-30": "1.41000", "2020-03-31": "1.20000", "2019-12-31": "1.40000", "2019-09-30": "1.32000", "2019-06-30": "1.25000", "2019-03-31": "1.28000", "2018-12-31": "1.31000", "2018-09-30": "1.20000", "2018-06-30": "1.22000", "2018-03-31": "1.16000", "2017-12-31": "1.12000", "2017-09-30": "1.18000", "2017-06-30": "1.10000", "2017-03-31": "1.04000", "2016-12-31": "1.07000", "2016-09-30": "1.03000", "2016-06-30": "1.00000", "2016-03-31": "0.97000", "2015-12-31": "0.88000", "2015-09-30": "0.84000", "2015-06-30": "0.82000", "2015-03-31": "0.73000", "2014-12-31": "0.73000", "2014-09-30": "0.89000", "2014-06-30": "0.78000", "2014-03-31": "0.76000", "2013-12-31": "0.78000", "2013-09-30": "0.77000", "2013-06-30": "0.78000", "2013-03-31": "0.88000", "2012-12-31": "0.78000", "2012-09-30": "0.75000", "2012-06-30": "0.62000", "2012-03-31": "0.69000", "2011-12-31": "0.72000", "2011-09-30": "0.68000", "2011-06-30": "0.66000", "2011-03-31": "0.69000", "2010-12-31": "0.61000", "2010-09-30": "0.53000", "2010-06-30": "", "2010-03-31": "", "2009-12-31": "", "2008-12-31": ""}, "EPS - Earnings Per Share": {"2020-12-31": "1.60000", "2020-09-30": "1.61000", "2020-06-30": "1.40000", "2020-03-31": "1.20000", "2019-12-31": "1.39000", "2019-09-30": "1.31000", "2019-06-30": "1.24000", "2019-03-31": "1.26000", "2018-12-31": "1.29000", "2018-09-30": "1.19000", "2018-06-30": "1.20000", "2018-03-31": "1.13000", "2017-12-31": "1.10000", "2017-09-30": "1.14000", "2017-06-30": "1.06000", "2017-03-31": "1.01000", "2016-12-31": "1.03000", "2016-09-30": "1.00000", "2016-06-30": "0.97000", "2016-03-31": "0.93000", "2015-12-31": "0.85000", "2015-09-30": "0.82000", "2015-06-30": "0.80000", "2015-03-31": "0.71000", "2014-12-31": "0.72000", "2014-09-30": "0.86000", "2014-06-30": "0.76000", "2014-03-31": "0.73000", "2013-12-31": "0.75000", "2013-09-30": "0.74000", "2013-06-30": "0.76000", "2013-03-31": "0.85000", "2012-12-31": "0.76000", "2012-09-30": "0.72000", "2012-06-30": "0.60000", "2012-03-31": "0.67000", "2011-12-31": "0.70000", "2011-09-30": "0.66000", "2011-06-30": "0.64000", "2011-03-31": "0.67000", "2010-12-31": "0.60000", "2010-09-30": "0.53000", "2010-06-30": "0.00000", "2010-03-31": "0.00000", "2009-12-31": "0.00000", "2008-12-31": "0.00000"}}, "balance sheet": {"Cash On Hand": {"2020-12-31": "5094.75400", "2019-12-31": "1699.55700", "2018-12-31": "2811.15900", "2017-12-31": "2297.02100", "2016-12-31": "2107.72200", "2015-12-31": "1131.21000", "2014-12-31": "817.25000", "2013-12-31": "807.98500", "2012-12-31": "633.16500", "2011-12-31": "635.67000", "2010-12-31": "1528.07500", "2009-12-31": "178.55300", "2008-12-31": ""}, "Receivables": {"2020-12-31": "", "2019-12-31": "", "2018-12-31": "", "2017-12-31": "", "2016-12-31": "", "2015-12-31": "", "2014-12-31": "", "2013-12-31": "", "2012-12-31": "", "2011-12-31": "", "2010-12-31": "", "2009-12-31": "", "2008-12-31": ""}, "Inventory": {"2020-12-31": "", "2019-12-31": "", "2018-12-31": "", "2017-12-31": "", "2016-12-31": "", "2015-12-31": "", "2014-12-31": "", "2013-12-31": "", "2012-12-31": "", "2011-12-31": "", "2010-12-31": "", "2009-12-31": "", "2008-12-31": ""}, "Pre-Paid Expenses": {"2020-12-31": "", "2019-12-31": "", "2018-12-31": "", "2017-12-31": "", "2016-12-31": "", "2015-12-31": "", "2014-12-31": "", "2013-12-31": "", "2012-12-31": "", "2011-12-31": "", "2010-12-31": "", "2009-12-31": "", "2008-12-31": ""}, "Other Current Assets": {"2020-12-31": "", "2019-12-31": "", "2018-12-31": "", "2017-12-31": "", "2016-12-31": "", "2015-12-31": "", "2014-12-31": "", "2013-12-31": "", "2012-12-31": "", "2011-12-31": "", "2010-12-31": "", "2009-12-31": "", "2008-12-31": ""}, "Total Current Assets": {"2020-12-31": "117046.70000", "2019-12-31": "92023.59000", "2018-12-31": "78336.38000", "2017-12-31": "64859.00000", "2016-12-31": "54216.87000", "2015-12-31": "45002.40000", "2014-12-31": "38689.73000", "2013-12-31": "34714.29000", "2012-12-31": "28694.66000", "2011-12-31": "23209.03000", "2010-12-31": "20110.89000", "2009-12-31": "18780.87000", "2008-12-31": ""}, "Property, Plant, And Equipment": {"2020-12-31": "403.48200", "2019-12-31": "386.84100", "2018-12-31": "332.48300", "2017-12-31": "296.19700", "2016-12-31": "207.59200", "2015-12-31": "172.00800", "2014-12-31": "165.70300", "2013-12-31": "166.54400", "2012-12-31": "142.20100", "2011-12-31": "118.36500", "2010-12-31": "97.05100", "2009-12-31": "92.24000", "2008-12-31": ""}, "Long-Term Investments": {"2020-12-31": "21723.46000", "2019-12-31": "20984.54000", "2018-12-31": "18668.93000", "2017-12-31": "21014.23000", "2016-12-31": "17552.00000", "2015-12-31": "12626.91000", "2014-12-31": "8481.43800", "2013-12-31": "6278.90100", "2012-12-31": "4687.98000", "2011-12-31": "3735.88100", "2010-12-31": "1484.75400", "2009-12-31": "205.87400", "2008-12-31": ""}, "Goodwill And Intangible Assets": {"2020-12-31": "227.51200", "2019-12-31": "235.26900", "2018-12-31": "273.97400", "2017-12-31": "356.36000", "2016-12-31": "377.98600", "2015-12-31": "362.55400", "2014-12-31": "265.57300", "2013-12-31": "269.07500", "2012-12-31": "283.22700", "2011-12-31": "176.44700", "2010-12-31": "203.54100", "2009-12-31": "24.54400", "2008-12-31": "0.00000"}, "Other Long-Term Assets": {"2020-12-31": "3101.00300", "2019-12-31": "2633.39700", "2018-12-31": "1593.44100", "2017-12-31": "1254.72000", "2016-12-31": "923.32400", "2015-12-31": "817.41000", "2014-12-31": "747.76300", "2013-12-31": "683.95600", "2012-12-31": "581.16200", "2011-12-31": "552.07600", "2010-12-31": "481.39500", "2009-12-31": "388.16200", "2008-12-31": ""}, "Total Long-Term Assets": {"2020-12-31": "25455.46000", "2019-12-31": "24240.04000", "2018-12-31": "20868.83000", "2017-12-31": "22921.51000", "2016-12-31": "19060.91000", "2015-12-31": "13978.88000", "2014-12-31": "9660.47700", "2013-12-31": "7398.47700", "2012-12-31": "5694.57000", "2011-12-31": "4582.76900", "2010-12-31": "2266.74100", "2009-12-31": "1159.67900", "2008-12-31": ""}, "Total Assets": {"2020-12-31": "142502.10000", "2019-12-31": "116263.60000", "2018-12-31": "99205.20000", "2017-12-31": "87780.51000", "2016-12-31": "73277.77000", "2015-12-31": "58981.29000", "2014-12-31": "48350.20000", "2013-12-31": "42112.76000", "2012-12-31": "34389.23000", "2011-12-31": "27791.80000", "2010-12-31": "22377.63000", "2009-12-31": "19940.55000", "2008-12-31": "0.00000"}, "Total Current Liabilities": {"2020-12-31": "114928.80000", "2019-12-31": "90933.24000", "2018-12-31": "79163.23000", "2017-12-31": "69018.71000", "2016-12-31": "58702.38000", "2015-12-31": "47993.46000", "2014-12-31": "37130.93000", "2013-12-31": "32082.72000", "2012-12-31": "27163.25000", "2011-12-31": "22459.26000", "2010-12-31": "19235.75000", "2009-12-31": "18158.57000", "2008-12-31": ""}, "Long Term Debt": {"2020-12-31": "13529.46000", "2019-12-31": "13475.60000", "2018-12-31": "10373.91000", "2017-12-31": "9971.80700", "2016-12-31": "6711.30800", "2015-12-31": "4426.80200", "2014-12-31": "5707.42300", "2013-12-31": "5193.13200", "2012-12-31": "3206.45000", "2011-12-31": "2328.97000", "2010-12-31": "693.84500", "2009-12-31": "196.39800", "2008-12-31": ""}, "Other Non-Current Liabilities": {"2020-12-31": "2293.23000", "2019-12-31": "2003.67700", "2018-12-31": "990.28400", "2017-12-31": "971.69100", "2016-12-31": "955.43100", "2015-12-31": "855.33500", "2014-12-31": "733.38300", "2013-12-31": "676.86800", "2012-12-31": "619.43600", "2011-12-31": "408.55000", "2010-12-31": "223.28300", "2009-12-31": "189.67100", "2008-12-31": ""}, "Total Long Term Liabilities": {"2020-12-31": "15822.69000", "2019-12-31": "15479.28000", "2018-12-31": "11364.19000", "2017-12-31": "10943.50000", "2016-12-31": "7666.73900", "2015-12-31": "5282.13700", "2014-12-31": "6440.80600", "2013-12-31": "5870.00000", "2012-12-31": "3825.88600", "2011-12-31": "2737.52000", "2010-12-31": "917.12800", "2009-12-31": "386.06900", "2008-12-31": ""}, "Total Liabilities": {"2020-12-31": "130751.50000", "2019-12-31": "106412.50000", "2018-12-31": "90527.43000", "2017-12-31": "79962.20000", "2016-12-31": "66369.12000", "2015-12-31": "53275.60000", "2014-12-31": "43571.73000", "2013-12-31": "37952.71000", "2012-12-31": "30989.13000", "2011-12-31": "25196.78000", "2010-12-31": "20152.88000", "2009-12-31": "18544.64000", "2008-12-31": "0.00000"}, "Common Stock Net": {"2020-12-31": "1.74100", "2019-12-31": "1.68600", "2018-12-31": "1.64900", "2017-12-31": "1.61700", "2016-12-31": "1.54300", "2015-12-31": "1.46100", "2014-12-31": "1.38300", "2013-12-31": "1.32800", "2012-12-31": "1.31300", "2011-12-31": "1.29400", "2010-12-31": "1.28900", "2009-12-31": "", "2008-12-31": "0.00000"}, "Retained Earnings (Accumulated Deficit)": {"2020-12-31": "5346.35500", "2019-12-31": "4484.37500", "2018-12-31": "3731.20500", "2017-12-31": "3051.61100", "2016-12-31": "2459.54000", "2015-12-31": "1949.65200", "2014-12-31": "1570.87100", "2013-12-31": "1213.89600", "2012-12-31": "840.31100", "2011-12-31": "494.45000", "2010-12-31": "142.36200", "2009-12-31": "", "2008-12-31": ""}, "Comprehensive Income": {"2020-12-31": "23.37800", "2019-12-31": "5.13100", "2018-12-31": "-19.38300", "2017-12-31": "-3.84000", "2016-12-31": "6.33900", "2015-12-31": "-5.22000", "2014-12-31": "3.09600", "2013-12-31": "13.27100", "2012-12-31": "31.37600", "2011-12-31": "1.18600", "2010-12-31": "0.07800", "2009-12-31": "0.06900", "2008-12-31": ""}, "Other Share Holders Equity": {"2020-12-31": "", "2019-12-31": "", "2018-12-31": "", "2017-12-31": "", "2016-12-31": "", "2015-12-31": "", "2014-12-31": "", "2013-12-31": "", "2012-12-31": "", "2011-12-31": "", "2010-12-31": "", "2009-12-31": "1296.24800", "2008-12-31": "0.00000"}, "Share Holder Equity": {"2020-12-31": "11750.65000", "2019-12-31": "9851.10700", "2018-12-31": "8677.77700", "2017-12-31": "7818.30100", "2016-12-31": "6908.65200", "2015-12-31": "5705.68300", "2014-12-31": "4778.46700", "2013-12-31": "4160.04700", "2012-12-31": "3400.10300", "2011-12-31": "2595.02200", "2010-12-31": "2224.75600", "2009-12-31": "1395.90700", "2008-12-31": "0.00000"}, "Total Liabilities And Share Holders Equity": {"2020-12-31": "142502.10000", "2019-12-31": "116263.60000", "2018-12-31": "99205.20000", "2017-12-31": "87780.51000", "2016-12-31": "73277.77000", "2015-12-31": "58981.29000", "2014-12-31": "48350.20000", "2013-12-31": "42112.76000", "2012-12-31": "34389.23000", "2011-12-31": "27791.80000", "2010-12-31": "22377.63000", "2009-12-31": "19940.55000", "2008-12-31": "0.00000"}}, "balance sheet, quarterly": {"Cash On Hand": {"2020-12-31": "5094.75400", "2020-09-30": "3691.14900", "2020-06-30": "3099.17000", "2020-03-31": "3949.37800", "2019-12-31": "1699.55700", "2019-09-30": "2181.60000", "2019-06-30": "2220.07300", "2019-03-31": "3693.39600", "2018-12-31": "2811.15900", "2018-09-30": "3013.64500", "2018-06-30": "3993.22600", "2018-03-31": "3839.93100", "2017-12-31": "2297.02100", "2017-09-30": "2681.59900", "2017-06-30": "2295.12500", "2017-03-31": "2756.48500", "2016-12-31": "2107.72200", "2016-09-30": "1387.06700", "2016-06-30": "1564.15700", "2016-03-31": "1946.24700", "2015-12-31": "1131.21000", "2015-09-30": "1795.88000", "2015-06-30": "1371.12900", "2015-03-31": "1644.63400", "2014-12-31": "817.25000", "2014-09-30": "1372.82800", "2014-06-30": "1751.11700", "2014-03-31": "1791.11100", "2013-12-31": "807.98500", "2013-09-30": "1954.10000", "2013-06-30": "591.90100", "2013-03-31": "552.93700", "2012-12-31": "633.16500", "2012-09-30": "901.10600", "2012-06-30": "820.14800", "2012-03-31": "1442.25900", "2011-12-31": "635.67000", "2011-09-30": "2069.13500", "2011-06-30": "799.03410", "2011-03-31": "2269.97700", "2010-12-31": "1528.07500", "2010-09-30": "", "2010-06-30": "", "2010-03-31": "", "2009-12-31": "178.55000", "2008-12-31": ""}, "Receivables": {"2020-12-31": "", "2020-09-30": "", "2020-06-30": "", "2020-03-31": "", "2019-12-31": "", "2019-09-30": "", "2019-06-30": "", "2019-03-31": "", "2018-12-31": "", "2018-09-30": "", "2018-06-30": "", "2018-03-31": "", "2017-12-31": "", "2017-09-30": "", "2017-06-30": "", "2017-03-31": "", "2016-12-31": "", "2016-09-30": "", "2016-06-30": "", "2016-03-31": "", "2015-12-31": "", "2015-09-30": "", "2015-06-30": "", "2015-03-31": "", "2014-12-31": "", "2014-09-30": "", "2014-06-30": "", "2014-03-31": "", "2013-12-31": "", "2013-09-30": "", "2013-06-30": "", "2013-03-31": "", "2012-12-31": "", "2012-09-30": "", "2012-06-30": "", "2012-03-31": "", "2011-12-31": "", "2011-09-30": "", "2011-06-30": "", "2011-03-31": "", "2010-12-31": "", "2010-09-30": "", "2010-06-30": "", "2010-03-31": "", "2009-12-31": "", "2008-12-31": ""}, "Inventory": {"2020-12-31": "", "2020-09-30": "", "2020-06-30": "", "2020-03-31": "", "2019-12-31": "", "2019-09-30": "", "2019-06-30": "", "2019-03-31": "", "2018-12-31": "", "2018-09-30": "", "2018-06-30": "", "2018-03-31": "", "2017-12-31": "", "2017-09-30": "", "2017-06-30": "", "2017-03-31": "", "2016-12-31": "", "2016-09-30": "", "2016-06-30": "", "2016-03-31": "", "2015-12-31": "", "2015-09-30": "", "2015-06-30": "", "2015-03-31": "", "2014-12-31": "", "2014-09-30": "", "2014-06-30": "", "2014-03-31": "", "2013-12-31": "", "2013-09-30": "", "2013-06-30": "", "2013-03-31": "", "2012-12-31": "", "2012-09-30": "", "2012-06-30": "", "2012-03-31": "", "2011-12-31": "", "2011-09-30": "", "2011-06-30": "", "2011-03-31": "", "2010-12-31": "", "2010-09-30": "", "2010-06-30": "", "2010-03-31": "", "2009-12-31": "", "2008-12-31": ""}, "Pre-Paid Expenses": {"2020-12-31": "", "2020-09-30": "", "2020-06-30": "", "2020-03-31": "", "2019-12-31": "", "2019-09-30": "", "2019-06-30": "", "2019-03-31": "", "2018-12-31": "", "2018-09-30": "", "2018-06-30": "", "2018-03-31": "", "2017-12-31": "", "2017-09-30": "", "2017-06-30": "", "2017-03-31": "", "2016-12-31": "", "2016-09-30": "", "2016-06-30": "", "2016-03-31": "", "2015-12-31": "", "2015-09-30": "", "2015-06-30": "", "2015-03-31": "", "2014-12-31": "", "2014-09-30": "", "2014-06-30": "", "2014-03-31": "", "2013-12-31": "", "2013-09-30": "", "2013-06-30": "", "2013-03-31": "", "2012-12-31": "", "2012-09-30": "", "2012-06-30": "", "2012-03-31": "", "2011-12-31": "", "2011-09-30": "", "2011-06-30": "", "2011-03-31": "", "2010-12-31": "", "2010-09-30": "", "2010-06-30": "", "2010-03-31": "", "2009-12-31": "", "2008-12-31": ""}, "Other Current Assets": {"2020-12-31": "", "2020-09-30": "", "2020-06-30": "", "2020-03-31": "", "2019-12-31": "", "2019-09-30": "", "2019-06-30": "", "2019-03-31": "", "2018-12-31": "", "2018-09-30": "", "2018-06-30": "", "2018-03-31": "", "2017-12-31": "", "2017-09-30": "", "2017-06-30": "", "2017-03-31": "", "2016-12-31": "", "2016-09-30": "", "2016-06-30": "", "2016-03-31": "", "2015-12-31": "", "2015-09-30": "", "2015-06-30": "", "2015-03-31": "", "2014-12-31": "", "2014-09-30": "", "2014-06-30": "", "2014-03-31": "", "2013-12-31": "", "2013-09-30": "", "2013-06-30": "", "2013-03-31": "", "2012-12-31": "", "2012-09-30": "", "2012-06-30": "", "2012-03-31": "", "2011-12-31": "", "2011-09-30": "", "2011-06-30": "", "2011-03-31": "", "2010-12-31": "", "2010-09-30": "", "2010-06-30": "", "2010-03-31": "", "2009-12-31": "", "2008-12-31": ""}, "Total Current Assets": {"2020-12-31": "117046.60000", "2020-09-30": "107881.70000", "2020-06-30": "102844.10000", "2020-03-31": "99047.41000", "2019-12-31": "92023.59000", "2019-09-30": "88032.64000", "2019-06-30": "83997.09000", "2019-03-31": "80515.25000", "2018-12-31": "78336.38000", "2018-09-30": "75200.50000", "2018-06-30": "72789.49000", "2018-03-31": "69339.48000", "2017-12-31": "64859.00000", "2017-09-30": "62522.83000", "2017-06-30": "59919.24000", "2017-03-31": "56551.93000", "2016-12-31": "54216.87000", "2016-09-30": "51464.07000", "2016-06-30": "49331.94000", "2016-03-31": "47119.16000", "2015-12-31": "45002.40000", "2015-09-30": "44147.51000", "2015-06-30": "42263.95000", "2015-03-31": "40496.00000", "2014-12-31": "38689.73000", "2014-09-30": "38042.62000", "2014-06-30": "38082.04000", "2014-03-31": "36732.99000", "2013-12-31": "34714.29000", "2013-09-30": "34282.50000", "2013-06-30": "30939.50000", "2013-03-31": "28804.87000", "2012-12-31": "28694.66000", "2012-09-30": "27325.01000", "2012-06-30": "25855.07000", "2012-03-31": "24851.57000", "2011-12-31": "23209.03000", "2011-09-30": "22959.15000", "2011-06-30": "20508.46000", "2011-03-31": "21120.98000", "2010-12-31": "20110.89000", "2010-09-30": "", "2010-06-30": "", "2010-03-31": "", "2009-12-31": "18766.33000", "2008-12-31": ""}, "Property, Plant, And Equipment": {"2020-12-31": "403.48200", "2020-09-30": "390.24100", "2020-06-30": "388.25600", "2020-03-31": "392.95300", "2019-12-31": "386.84100", "2019-09-30": "373.69300", "2019-06-30": "348.60900", "2019-03-31": "339.74500", "2018-12-31": "332.48300", "2018-09-30": "324.05200", "2018-06-30": "312.27800", "2018-03-31": "299.58700", "2017-12-31": "296.19700", "2017-09-30": "277.80900", "2017-06-30": "260.30800", "2017-03-31": "236.77400", "2016-12-31": "207.59200", "2016-09-30": "190.21300", "2016-06-30": "181.64700", "2016-03-31": "174.85700", "2015-12-31": "172.00800", "2015-09-30": "161.63400", "2015-06-30": "163.75800", "2015-03-31": "162.05100", "2014-12-31": "165.70300", "2014-09-30": "162.99100", "2014-06-30": "162.74200", "2014-03-31": "164.50700", "2013-12-31": "166.54400", "2013-09-30": "162.83900", "2013-06-30": "156.44600", "2013-03-31": "153.36500", "2012-12-31": "142.20100", "2012-09-30": "133.34400", "2012-06-30": "128.48100", "2012-03-31": "123.43900", "2011-12-31": "118.36500", "2011-09-30": "112.56200", "2011-06-30": "106.47800", "2011-03-31": "101.93200", "2010-12-31": "97.05100", "2010-09-30": "", "2010-06-30": "", "2010-03-31": "", "2009-12-31": "", "2008-12-31": ""}, "Long-Term Investments": {"2020-12-31": "21723.46000", "2020-09-30": "21704.46000", "2020-06-30": "21680.45000", "2020-03-31": "21360.81000", "2019-12-31": "20984.54000", "2019-09-30": "19887.68000", "2019-06-30": "18646.23000", "2019-03-31": "18532.24000", "2018-12-31": "18668.93000", "2018-09-30": "18750.47000", "2018-06-30": "18872.20000", "2018-03-31": "18969.79000", "2017-12-31": "21014.23000", "2017-09-30": "19978.26000", "2017-06-30": "19283.94000", "2017-03-31": "18388.69000", "2016-12-31": "17552.00000", "2016-09-30": "15142.56000", "2016-06-30": "13890.77000", "2016-03-31": "13653.40000", "2015-12-31": "12626.91000", "2015-09-30": "10106.10000", "2015-06-30": "9677.83700", "2015-03-31": "9360.27700", "2014-12-31": "8481.43800", "2014-09-30": "7458.43300", "2014-06-30": "7007.89500", "2014-03-31": "6492.17600", "2013-12-31": "6278.90100", "2013-09-30": "5573.74400", "2013-06-30": "5296.04700", "2013-03-31": "5192.64900", "2012-12-31": "4687.98000", "2012-09-30": "4418.35400", "2012-06-30": "4145.39200", "2012-03-31": "3872.69500", "2011-12-31": "3735.88100", "2011-09-30": "2754.71500", "2011-06-30": "2426.15900", "2011-03-31": "1634.71100", "2010-12-31": "1484.75400", "2010-09-30": "", "2010-06-30": "", "2010-03-31": "", "2009-12-31": "220.41000", "2008-12-31": ""}, "Goodwill And Intangible Assets": {"2020-12-31": "227.51200", "2020-09-30": "229.18500", "2020-06-30": "230.97500", "2020-03-31": "232.98500", "2019-12-31": "235.26900", "2019-09-30": "310.34000", "2019-06-30": "317.04400", "2019-03-31": "323.31900", "2018-12-31": "273.97400", "2018-09-30": "335.31200", "2018-06-30": "343.64600", "2018-03-31": "348.84200", "2017-12-31": "356.36000", "2017-09-30": "358.15800", "2017-06-30": "366.09900", "2017-03-31": "371.99700", "2016-12-31": "377.98600", "2016-09-30": "350.28600", "2016-06-30": "353.17300", "2016-03-31": "356.58100", "2015-12-31": "362.55400", "2015-09-30": "255.31100", "2015-06-30": "259.13900", "2015-03-31": "261.64400", "2014-12-31": "265.57300", "2014-09-30": "267.32800", "2014-06-30": "263.57700", "2014-03-31": "263.62300", "2013-12-31": "269.07500", "2013-09-30": "275.38200", "2013-06-30": "280.82400", "2013-03-31": "281.72700", "2012-12-31": "283.22700", "2012-09-30": "162.36000", "2012-06-30": "168.47500", "2012-03-31": "171.35600", "2011-12-31": "176.44700", "2011-09-30": "184.71100", "2011-06-30": "191.94900", "2011-03-31": "196.95100", "2010-12-31": "203.54100", "2010-09-30": "0.00000", "2010-06-30": "0.00000", "2010-03-31": "0.00000", "2009-12-31": "24.54000", "2008-12-31": "0.00000"}, "Other Long-Term Assets": {"2020-12-31": "3101.00300", "2020-09-30": "3020.17800", "2020-06-30": "3160.14000", "2020-03-31": "2880.77600", "2019-12-31": "2633.39700", "2019-09-30": "2424.38300", "2019-06-30": "2390.64900", "2019-03-31": "2136.67500", "2018-12-31": "1593.44100", "2018-09-30": "1483.89200", "2018-06-30": "1533.84000", "2018-03-31": "1265.80600", "2017-12-31": "1254.72000", "2017-09-30": "1183.04400", "2017-06-30": "1148.64200", "2017-03-31": "954.95500", "2016-12-31": "923.32400", "2016-09-30": "846.42500", "2016-06-30": "972.33200", "2016-03-31": "798.50900", "2015-12-31": "817.41000", "2015-09-30": "704.66600", "2015-06-30": "753.88600", "2015-03-31": "786.48800", "2014-12-31": "747.76300", "2014-09-30": "749.55100", "2014-06-30": "713.09410", "2014-03-31": "692.59700", "2013-12-31": "683.95600", "2013-09-30": "656.35400", "2013-06-30": "639.92100", "2013-03-31": "650.29600", "2012-12-31": "581.16200", "2012-09-30": "537.10500", "2012-06-30": "689.58600", "2012-03-31": "699.92300", "2011-12-31": "552.07600", "2011-09-30": "767.22800", "2011-06-30": "491.46200", "2011-03-31": "450.27000", "2010-12-31": "481.39500", "2010-09-30": "", "2010-06-30": "", "2010-03-31": "", "2009-12-31": "837.01000", "2008-12-31": ""}, "Total Long-Term Assets": {"2020-12-31": "25455.46000", "2020-09-30": "25344.06000", "2020-06-30": "25459.82000", "2020-03-31": "24867.52000", "2019-12-31": "24240.04000", "2019-09-30": "22996.10000", "2019-06-30": "21702.54000", "2019-03-31": "21331.98000", "2018-12-31": "20868.83000", "2018-09-30": "20893.72000", "2018-06-30": "21061.96000", "2018-03-31": "20884.03000", "2017-12-31": "22921.51000", "2017-09-30": "21797.27000", "2017-06-30": "21058.99000", "2017-03-31": "19952.42000", "2016-12-31": "19060.91000", "2016-09-30": "16529.48000", "2016-06-30": "15397.92000", "2016-03-31": "14983.34000", "2015-12-31": "13978.88000", "2015-09-30": "11227.71000", "2015-06-30": "10854.62000", "2015-03-31": "10570.46000", "2014-12-31": "9660.47700", "2014-09-30": "8638.30400", "2014-06-30": "8147.30900", "2014-03-31": "7612.90300", "2013-12-31": "7398.47700", "2013-09-30": "6668.31900", "2013-06-30": "6373.23800", "2013-03-31": "6278.03700", "2012-12-31": "5694.57000", "2012-09-30": "5251.16300", "2012-06-30": "5131.93400", "2012-03-31": "4867.41300", "2011-12-31": "4582.76900", "2011-09-30": "3819.21600", "2011-06-30": "3289.31200", "2011-03-31": "2454.94500", "2010-12-31": "2266.74100", "2010-09-30": "", "2010-06-30": "", "2010-03-31": "", "2009-12-31": "1081.96000", "2008-12-31": ""}, "Total Assets": {"2020-12-31": "142502.10000", "2020-09-30": "133225.80000", "2020-06-30": "128303.90000", "2020-03-31": "123914.90000", "2019-12-31": "116263.60000", "2019-09-30": "111028.70000", "2019-06-30": "105699.60000", "2019-03-31": "101847.20000", "2018-12-31": "99205.20000", "2018-09-30": "96094.22000", "2018-06-30": "93851.46000", "2018-03-31": "90223.51000", "2017-12-31": "87780.51000", "2017-09-30": "84320.09000", "2017-06-30": "80978.23000", "2017-03-31": "76504.35000", "2016-12-31": "73277.77000", "2016-09-30": "67993.55000", "2016-06-30": "64729.86000", "2016-03-31": "62102.51000", "2015-12-31": "58981.29000", "2015-09-30": "55375.22000", "2015-06-30": "53118.57000", "2015-03-31": "51066.46000", "2014-12-31": "48350.20000", "2014-09-30": "46680.92000", "2014-06-30": "46229.34000", "2014-03-31": "44345.90000", "2013-12-31": "42112.76000", "2013-09-30": "40950.82000", "2013-06-30": "37312.74000", "2013-03-31": "35082.90000", "2012-12-31": "34389.23000", "2012-09-30": "32576.17000", "2012-06-30": "30987.00000", "2012-03-31": "29718.99000", "2011-12-31": "27791.80000", "2011-09-30": "26778.37000", "2011-06-30": "23797.77000", "2011-03-31": "23575.92000", "2010-12-31": "22377.63000", "2010-09-30": "0.00000", "2010-06-30": "0.00000", "2010-03-31": "0.00000", "2009-12-31": "19940.55000", "2008-12-31": "0.00000"}, "Total Current Liabilities": {"2020-12-31": "114928.80000", "2020-09-30": "104408.40000", "2020-06-30": "98538.96000", "2020-03-31": "93692.34000", "2019-12-31": "90933.24000", "2019-09-30": "86495.52000", "2019-06-30": "83431.09000", "2019-03-31": "81612.12000", "2018-12-31": "79163.23000", "2018-09-30": "74859.25000", "2018-06-30": "73371.95000", "2018-03-31": "71255.07000", "2017-12-31": "69018.71000", "2017-09-30": "65886.33000", "2017-06-30": "63443.71000", "2017-03-31": "61307.25000", "2016-12-31": "58702.38000", "2016-09-30": "55261.70000", "2016-06-30": "52111.24000", "2016-03-31": "51035.25000", "2015-12-31": "47993.46000", "2015-09-30": "44442.95000", "2015-06-30": "41987.57000", "2015-03-31": "39939.19000", "2014-12-31": "37130.93000", "2014-09-30": "35607.41000", "2014-06-30": "35034.48000", "2014-03-31": "33567.94000", "2013-12-31": "32082.72000", "2013-09-30": "31290.37000", "2013-06-30": "28598.64000", "2013-03-31": "27663.11000", "2012-12-31": "27163.25000", "2012-09-30": "25704.08000", "2012-06-30": "24215.30000", "2012-03-31": "23254.96000", "2011-12-31": "22459.26000", "2011-09-30": "21770.04000", "2011-06-30": "19939.85000", "2011-03-31": "20028.53000", "2010-12-31": "19235.75000", "2010-09-30": "", "2010-06-30": "", "2010-03-31": "", "2009-12-31": "18158.57000", "2008-12-31": ""}, "Long Term Debt": {"2020-12-31": "13529.46000", "2020-09-30": "15278.83000", "2020-06-30": "17178.21000", "2020-03-31": "18022.73000", "2019-12-31": "13475.60000", "2019-09-30": "12175.28000", "2019-06-30": "11074.95000", "2019-03-31": "9674.44200", "2018-12-31": "10373.91000", "2018-09-30": "11273.38000", "2018-06-30": "11322.85000", "2018-03-31": "10172.33000", "2017-12-31": "9971.80700", "2017-09-30": "9971.29300", "2017-06-30": "9243.27800", "2017-03-31": "7100.28700", "2016-12-31": "6711.30800", "2016-09-30": "5412.06500", "2016-06-30": "5474.75400", "2016-03-31": "4226.10700", "2015-12-31": "4426.80200", "2015-09-30": "4777.68000", "2015-06-30": "5152.87700", "2015-03-31": "5354.37600", "2014-12-31": "5707.42300", "2014-09-30": "5712.68500", "2014-06-30": "5986.58600", "2014-03-31": "5691.74300", "2013-12-31": "5193.13200", "2013-09-30": "5196.99900", "2013-06-30": "4399.12600", "2013-03-31": "3503.14300", "2012-12-31": "3206.45000", "2012-09-30": "3211.22100", "2012-06-30": "3267.92700", "2012-03-31": "3175.06200", "2011-12-31": "2328.97000", "2011-09-30": "2188.27700", "2011-06-30": "1189.81700", "2011-03-31": "990.76700", "2010-12-31": "693.84500", "2010-09-30": "", "2010-06-30": "", "2010-03-31": "", "2009-12-31": "196.39000", "2008-12-31": ""}, "Other Non-Current Liabilities": {"2020-12-31": "2293.23000", "2020-09-30": "2193.95600", "2020-06-30": "2010.79300", "2020-03-31": "1840.09300", "2019-12-31": "2003.67700", "2019-09-30": "2926.73500", "2019-06-30": "1973.96300", "2019-03-31": "1514.68500", "2018-12-31": "990.28400", "2018-09-30": "1294.90600", "2018-06-30": "880.68700", "2018-03-31": "959.57100", "2017-12-31": "971.69100", "2017-09-30": "1034.53400", "2017-06-30": "1031.16300", "2017-03-31": "1008.07200", "2016-12-31": "955.43100", "2016-09-30": "875.28700", "2016-06-30": "837.65300", "2016-03-31": "856.42300", "2015-12-31": "855.33500", "2015-09-30": "770.42200", "2015-06-30": "713.06600", "2015-03-31": "697.89700", "2014-12-31": "733.38300", "2014-09-30": "675.15300", "2014-06-30": "618.21900", "2014-03-31": "592.18100", "2013-12-31": "676.86800", "2013-09-30": "584.65500", "2013-06-30": "527.85100", "2013-03-31": "398.74100", "2012-12-31": "619.43600", "2012-09-30": "498.46900", "2012-06-30": "447.15800", "2012-03-31": "425.49100", "2011-12-31": "408.55000", "2011-09-30": "330.93100", "2011-06-30": "267.99200", "2011-03-31": "237.74200", "2010-12-31": "223.28300", "2010-09-30": "", "2010-06-30": "", "2010-03-31": "", "2009-12-31": "189.67000", "2008-12-31": ""}, "Total Long Term Liabilities": {"2020-12-31": "15822.69000", "2020-09-30": "17472.79000", "2020-06-30": "19189.00000", "2020-03-31": "19862.83000", "2019-12-31": "15479.28000", "2019-09-30": "15102.01000", "2019-06-30": "13048.91000", "2019-03-31": "11189.13000", "2018-12-31": "11364.19000", "2018-09-30": "12568.28000", "2018-06-30": "12203.54000", "2018-03-31": "11131.90000", "2017-12-31": "10943.50000", "2017-09-30": "11005.83000", "2017-06-30": "10274.44000", "2017-03-31": "8108.35800", "2016-12-31": "7666.73900", "2016-09-30": "6287.35200", "2016-06-30": "6312.40700", "2016-03-31": "5082.53000", "2015-12-31": "5282.13700", "2015-09-30": "5548.10200", "2015-06-30": "5865.94300", "2015-03-31": "6052.27300", "2014-12-31": "6440.80600", "2014-09-30": "6387.83800", "2014-06-30": "6604.80500", "2014-03-31": "6283.92400", "2013-12-31": "5870.00000", "2013-09-30": "5781.65400", "2013-06-30": "4926.97700", "2013-03-31": "3901.88400", "2012-12-31": "3825.88600", "2012-09-30": "3709.69000", "2012-06-30": "3715.08500", "2012-03-31": "3600.55300", "2011-12-31": "2737.52000", "2011-09-30": "2519.20800", "2011-06-30": "1457.80900", "2011-03-31": "1228.50900", "2010-12-31": "917.12800", "2010-09-30": "", "2010-06-30": "", "2010-03-31": "", "2009-12-31": "386.06000", "2008-12-31": ""}, "Total Liabilities": {"2020-12-31": "130751.50000", "2020-09-30": "121881.20000", "2020-06-30": "117728.00000", "2020-03-31": "113555.20000", "2019-12-31": "106412.50000", "2019-09-30": "101597.50000", "2019-06-30": "96479.99000", "2019-03-31": "92801.24000", "2018-12-31": "90527.43000", "2018-09-30": "87427.53000", "2018-06-30": "85575.48000", "2018-03-31": "82386.97000", "2017-12-31": "79962.20000", "2017-09-30": "76892.15000", "2017-06-30": "73718.15000", "2017-03-31": "69415.61000", "2016-12-31": "66369.12000", "2016-09-30": "61549.05000", "2016-06-30": "58423.65000", "2016-03-31": "56117.79000", "2015-12-31": "53275.60000", "2015-09-30": "49991.05000", "2015-06-30": "47853.51000", "2015-03-31": "45991.46000", "2014-12-31": "43571.73000", "2014-09-30": "41995.25000", "2014-06-30": "41639.29000", "2014-03-31": "39851.86000", "2013-12-31": "37952.71000", "2013-09-30": "37072.02000", "2013-06-30": "33525.62000", "2013-03-31": "31565.00000", "2012-12-31": "30989.13000", "2012-09-30": "29413.77000", "2012-06-30": "27930.39000", "2012-03-31": "26855.51000", "2011-12-31": "25196.78000", "2011-09-30": "24289.25000", "2011-06-30": "21397.66000", "2011-03-31": "21257.04000", "2010-12-31": "20152.88000", "2010-09-30": "0.00000", "2010-06-30": "0.00000", "2010-03-31": "0.00000", "2009-12-31": "18544.64000", "2008-12-31": "0.00000"}, "Common Stock Net": {"2020-12-31": "1.74100", "2020-09-30": "1.72200", "2020-06-30": "1.72100", "2020-03-31": "1.71400", "2019-12-31": "1.68600", "2019-09-30": "1.68500", "2019-06-30": "1.68200", "2019-03-31": "1.67400", "2018-12-31": "1.64900", "2018-09-30": "1.64800", "2018-06-30": "1.62600", "2018-03-31": "1.61900", "2017-12-31": "1.61700", "2017-09-30": "1.57900", "2017-06-30": "1.57700", "2017-03-31": "1.57100", "2016-12-31": "1.54300", "2016-09-30": "1.50100", "2016-06-30": "1.49700", "2016-03-31": "1.46300", "2015-12-31": "1.46100", "2015-09-30": "1.42500", "2015-06-30": "1.42400", "2015-03-31": "1.42100", "2014-12-31": "1.38300", "2014-09-30": "1.38200", "2014-06-30": "1.38000", "2014-03-31": "1.37500", "2013-12-31": "1.32800", "2013-09-30": "1.32200", "2013-06-30": "1.31800", "2013-03-31": "1.31500", "2012-12-31": "1.31300", "2012-09-30": "1.30900", "2012-06-30": "1.30500", "2012-03-31": "1.30200", "2011-12-31": "1.29400", "2011-09-30": "1.29300", "2011-06-30": "1.28900", "2011-03-31": "1.28900", "2010-12-31": "1.28900", "2010-09-30": "0.00000", "2010-06-30": "0.00000", "2010-03-31": "0.00000", "2009-12-31": "0.00000", "2008-12-31": "0.00000"}, "Retained Earnings (Accumulated Deficit)": {"2020-12-31": "5346.35500", "2020-09-30": "5102.22900", "2020-06-30": "4858.96500", "2020-03-31": "4652.08900", "2019-12-31": "4484.37500", "2019-09-30": "4281.24900", "2019-06-30": "4091.63600", "2019-03-31": "3914.29400", "2018-12-31": "3731.20500", "2018-09-30": "3546.29800", "2018-06-30": "3379.72500", "2018-03-31": "3211.80400", "2017-12-31": "3051.61100", "2017-09-30": "2899.41700", "2017-06-30": "2741.04100", "2017-03-31": "2595.97800", "2016-12-31": "2459.54000", "2016-09-30": "2322.29600", "2016-06-30": "2192.31300", "2016-03-31": "2059.87100", "2015-12-31": "1949.65200", "2015-09-30": "1846.60400", "2015-06-30": "1748.75000", "2015-03-31": "1653.33800", "2014-12-31": "1570.87100", "2014-09-30": "1488.84600", "2014-06-30": "1386.23500", "2014-03-31": "1298.66700", "2013-12-31": "1213.89600", "2013-09-30": "1127.07700", "2013-06-30": "1041.41700", "2013-03-31": "953.28400", "2012-12-31": "840.31100", "2012-09-30": "761.49800", "2012-06-30": "677.57300", "2012-03-31": "583.75700", "2011-12-31": "494.45000", "2011-09-30": "403.75900", "2011-06-30": "315.96600", "2011-03-31": "231.13400", "2010-12-31": "142.36200", "2010-09-30": "", "2010-06-30": "", "2010-03-31": "", "2009-12-31": "", "2008-12-31": ""}, "Comprehensive Income": {"2020-12-31": "23.37800", "2020-09-30": "24.15900", "2020-06-30": "27.19100", "2020-03-31": "17.31200", "2019-12-31": "5.13100", "2019-09-30": "9.83000", "2019-06-30": "0.02100", "2019-03-31": "-13.45700", "2018-12-31": "-19.38300", "2018-09-30": "-21.40500", "2018-06-30": "-17.70100", "2018-03-31": "-14.30400", "2017-12-31": "-3.84000", "2017-09-30": "0.55000", "2017-06-30": "2.18200", "2017-03-31": "3.74900", "2016-12-31": "6.33900", "2016-09-30": "18.82100", "2016-06-30": "13.71000", "2016-03-31": "10.61100", "2015-12-31": "-5.22000", "2015-09-30": "12.90700", "2015-06-30": "2.12800", "2015-03-31": "8.55400", "2014-12-31": "3.09600", "2014-09-30": "-0.23700", "2014-06-30": "16.27200", "2014-03-31": "14.66900", "2013-12-31": "13.27100", "2013-09-30": "17.37500", "2013-06-30": "18.25600", "2013-03-31": "28.22400", "2012-12-31": "31.37600", "2012-09-30": "26.73200", "2012-06-30": "15.35300", "2012-03-31": "12.89500", "2011-12-31": "1.18600", "2011-09-30": "-7.21300", "2011-06-30": "-2.67900", "2011-03-31": "0.32600", "2010-12-31": "0.07800", "2010-09-30": "", "2010-06-30": "", "2010-03-31": "", "2009-12-31": "", "2008-12-31": ""}, "Other Share Holders Equity": {"2020-12-31": "", "2020-09-30": "", "2020-06-30": "", "2020-03-31": "", "2019-12-31": "", "2019-09-30": "", "2019-06-30": "", "2019-03-31": "", "2018-12-31": "", "2018-09-30": "", "2018-06-30": "", "2018-03-31": "", "2017-12-31": "", "2017-09-30": "", "2017-06-30": "", "2017-03-31": "", "2016-12-31": "", "2016-09-30": "", "2016-06-30": "", "2016-03-31": "", "2015-12-31": "", "2015-09-30": "", "2015-06-30": "", "2015-03-31": "", "2014-12-31": "", "2014-09-30": "", "2014-06-30": "", "2014-03-31": "", "2013-12-31": "", "2013-09-30": "", "2013-06-30": "", "2013-03-31": "", "2012-12-31": "", "2012-09-30": "", "2012-06-30": "", "2012-03-31": "", "2011-12-31": "", "2011-09-30": "", "2011-06-30": "", "2011-03-31": "", "2010-12-31": "", "2010-09-30": "0.00000", "2010-06-30": "0.00000", "2010-03-31": "0.00000", "2009-12-31": "1395.90000", "2008-12-31": "0.00000"}, "Share Holder Equity": {"2020-12-31": "11750.65000", "2020-09-30": "11344.61000", "2020-06-30": "10575.93000", "2020-03-31": "10359.76000", "2019-12-31": "9851.10700", "2019-09-30": "9431.20600", "2019-06-30": "9219.64300", "2019-03-31": "9045.98400", "2018-12-31": "8677.77700", "2018-09-30": "8666.68700", "2018-06-30": "8275.97300", "2018-03-31": "7836.53800", "2017-12-31": "7818.30100", "2017-09-30": "7427.94600", "2017-06-30": "7260.08300", "2017-03-31": "7088.74500", "2016-12-31": "6908.65200", "2016-09-30": "6444.49800", "2016-06-30": "6306.21300", "2016-03-31": "5984.72500", "2015-12-31": "5705.68300", "2015-09-30": "5384.17400", "2015-06-30": "5265.06600", "2015-03-31": "5074.99700", "2014-12-31": "4778.46700", "2014-09-30": "4685.67500", "2014-06-30": "4590.05900", "2014-03-31": "4494.03500", "2013-12-31": "4160.04700", "2013-09-30": "3878.79700", "2013-06-30": "3787.12300", "2013-03-31": "3517.90600", "2012-12-31": "3400.10300", "2012-09-30": "3162.40200", "2012-06-30": "3056.61300", "2012-03-31": "2863.47300", "2011-12-31": "2595.02200", "2011-09-30": "2489.11900", "2011-06-30": "2400.11600", "2011-03-31": "2318.88800", "2010-12-31": "2224.75600", "2010-09-30": "0.00000", "2010-06-30": "0.00000", "2010-03-31": "0.00000", "2009-12-31": "1395.90000", "2008-12-31": "0.00000"}, "Total Liabilities And Share Holders Equity": {"2020-12-31": "142502.10000", "2020-09-30": "133225.80000", "2020-06-30": "128303.90000", "2020-03-31": "123914.90000", "2019-12-31": "116263.60000", "2019-09-30": "111028.70000", "2019-06-30": "105699.60000", "2019-03-31": "101847.20000", "2018-12-31": "99205.20000", "2018-09-30": "96094.22000", "2018-06-30": "93851.46000", "2018-03-31": "90223.51000", "2017-12-31": "87780.51000", "2017-09-30": "84320.09000", "2017-06-30": "80978.23000", "2017-03-31": "76504.35000", "2016-12-31": "73277.77000", "2016-09-30": "67993.55000", "2016-06-30": "64729.86000", "2016-03-31": "62102.51000", "2015-12-31": "58981.29000", "2015-09-30": "55375.22000", "2015-06-30": "53118.57000", "2015-03-31": "51066.46000", "2014-12-31": "48350.20000", "2014-09-30": "46680.92000", "2014-06-30": "46229.34000", "2014-03-31": "44345.90000", "2013-12-31": "42112.76000", "2013-09-30": "40950.82000", "2013-06-30": "37312.74000", "2013-03-31": "35082.90000", "2012-12-31": "34389.23000", "2012-09-30": "32576.17000", "2012-06-30": "30987.00000", "2012-03-31": "29718.99000", "2011-12-31": "27791.80000", "2011-09-30": "26778.37000", "2011-06-30": "23797.77000", "2011-03-31": "23575.92000", "2010-12-31": "22377.63000", "2010-09-30": "0.00000", "2010-06-30": "0.00000", "2010-03-31": "0.00000", "2009-12-31": "19940.55000", "2008-12-31": "0.00000"}}, "cash flow statement": {"Net Income/Loss": {"2020-12-31": "0.00000", "2019-12-31": "930.32900", "2018-12-31": "853.82800", "2017-12-31": "757.66000", "2016-12-31": "673.42800", "2015-12-31": "522.14500", "2014-12-31": "487.00600", "2013-12-31": "462.07000", "2012-12-31": "402.70200", "2011-12-31": "358.99300", "2010-12-31": "276.00100", "2009-12-31": "351.46200", "2008-12-31": "14.79300"}, "Total Depreciation And Amortization - Cash Flow": {"2020-12-31": "", "2019-12-31": "137.63900", "2018-12-31": "114.36300", "2017-12-31": "91.95400", "2016-12-31": "56.12200", "2015-12-31": "26.86200", "2014-12-31": "-4.20200", "2013-12-31": "-48.02000", "2012-12-31": "-118.40600", "2011-12-31": "-185.66500", "2010-12-31": "-137.95300", "2009-12-31": "-302.80100", "2008-12-31": "36.59600"}, "Other Non-Cash Items": {"2020-12-31": "", "2019-12-31": "104.00800", "2018-12-31": "71.42600", "2017-12-31": "140.97700", "2016-12-31": "59.96100", "2015-12-31": "24.61200", "2014-12-31": "0.13600", "2013-12-31": "42.69800", "2012-12-31": "54.44700", "2011-12-31": "14.49500", "2010-12-31": "97.20400", "2009-12-31": "193.77000", "2008-12-31": "64.03100"}, "Total Non-Cash Items": {"2020-12-31": "", "2019-12-31": "241.64700", "2018-12-31": "185.78900", "2017-12-31": "232.93100", "2016-12-31": "116.08300", "2015-12-31": "51.47400", "2014-12-31": "-4.06600", "2013-12-31": "-5.32200", "2012-12-31": "-63.95900", "2011-12-31": "-171.17000", "2010-12-31": "-40.74900", "2009-12-31": "-109.03100", "2008-12-31": "100.62700"}, "Change In Accounts Receivable": {"2020-12-31": "", "2019-12-31": "-433.49300", "2018-12-31": "53.90000", "2017-12-31": "14.59400", "2016-12-31": "-18.37600", "2015-12-31": "80.32800", "2014-12-31": "-31.76500", "2013-12-31": "136.62000", "2012-12-31": "-88.17100", "2011-12-31": "-112.30200", "2010-12-31": "-43.46500", "2009-12-31": "-16.28100", "2008-12-31": "0.77400"}, "Change In Inventories": {"2020-12-31": "", "2019-12-31": "", "2018-12-31": "", "2017-12-31": "", "2016-12-31": "", "2015-12-31": "", "2014-12-31": "", "2013-12-31": "", "2012-12-31": "", "2011-12-31": "", "2010-12-31": "", "2009-12-31": "", "2008-12-31": ""}, "Change In Accounts Payable": {"2020-12-31": "", "2019-12-31": "", "2018-12-31": "", "2017-12-31": "", "2016-12-31": "", "2015-12-31": "", "2014-12-31": "", "2013-12-31": "", "2012-12-31": "", "2011-12-31": "", "2010-12-31": "", "2009-12-31": "", "2008-12-31": ""}, "Change In Assets/Liabilities": {"2020-12-31": "", "2019-12-31": "200.02800", "2018-12-31": "17.68700", "2017-12-31": "6.95300", "2016-12-31": "81.35000", "2015-12-31": "-26.68900", "2014-12-31": "65.03300", "2013-12-31": "-31.14700", "2012-12-31": "188.92800", "2011-12-31": "-8.69300", "2010-12-31": "2.48100", "2009-12-31": "-187.73600", "2008-12-31": "94.37400"}, "Total Change In Assets/Liabilities": {"2020-12-31": "", "2019-12-31": "-233.46500", "2018-12-31": "71.58700", "2017-12-31": "21.54700", "2016-12-31": "62.97400", "2015-12-31": "53.63900", "2014-12-31": "33.26800", "2013-12-31": "105.47300", "2012-12-31": "100.75700", "2011-12-31": "-120.99500", "2010-12-31": "-40.98400", "2009-12-31": "-204.01700", "2008-12-31": "95.14800"}, "Cash Flow From Operating Activities": {"2020-12-31": "", "2019-12-31": "938.51100", "2018-12-31": "1111.20400", "2017-12-31": "1012.13800", "2016-12-31": "852.48500", "2015-12-31": "627.25800", "2014-12-31": "516.20800", "2013-12-31": "562.22100", "2012-12-31": "439.50000", "2011-12-31": "66.82800", "2010-12-31": "194.26800", "2009-12-31": "38.41400", "2008-12-31": "210.56800"}, "Net Change In Property, Plant, And Equipment": {"2020-12-31": "", "2019-12-31": "-167.94100", "2018-12-31": "-133.87500", "2017-12-31": "-166.70600", "2016-12-31": "-86.74800", "2015-12-31": "-52.71400", "2014-12-31": "-42.07000", "2013-12-31": "-60.58000", "2012-12-31": "-55.06100", "2011-12-31": "-46.20700", "2010-12-31": "-24.89900", "2009-12-31": "-14.61800", "2008-12-31": "-25.07700"}, "Net Change In Intangible Assets": {"2020-12-31": "", "2019-12-31": "", "2018-12-31": "", "2017-12-31": "", "2016-12-31": "", "2015-12-31": "", "2014-12-31": "", "2013-12-31": "", "2012-12-31": "", "2011-12-31": "", "2010-12-31": "", "2009-12-31": "", "2008-12-31": ""}, "Net Acquisitions/Divestitures": {"2020-12-31": "", "2019-12-31": "29.26500", "2018-12-31": "", "2017-12-31": "", "2016-12-31": "-31.80400", "2015-12-31": "-115.14000", "2014-12-31": "", "2013-12-31": "", "2012-12-31": "-126.31300", "2011-12-31": "", "2010-12-31": "", "2009-12-31": "", "2008-12-31": ""}, "Net Change In Short-term Investments": {"2020-12-31": "", "2019-12-31": "", "2018-12-31": "", "2017-12-31": "", "2016-12-31": "", "2015-12-31": "", "2014-12-31": "", "2013-12-31": "30.80100", "2012-12-31": "-26.01100", "2011-12-31": "-4.89000", "2010-12-31": "0.00000", "2009-12-31": "", "2008-12-31": ""}, "Net Change In Long-Term Investments": {"2020-12-31": "", "2019-12-31": "-1863.09100", "2018-12-31": "2672.94700", "2017-12-31": "-3345.69900", "2016-12-31": "-4476.68200", "2015-12-31": "-3725.11800", "2014-12-31": "-1935.68800", "2013-12-31": "-1399.31100", "2012-12-31": "-785.26800", "2011-12-31": "-2026.16700", "2010-12-31": "-806.38000", "2009-12-31": "-0.97100", "2008-12-31": "2283.00500"}, "Net Change In Investments - Total": {"2020-12-31": "", "2019-12-31": "-1863.09100", "2018-12-31": "2672.94700", "2017-12-31": "-3345.69900", "2016-12-31": "-4476.68200", "2015-12-31": "-3725.11800", "2014-12-31": "-1935.68800", "2013-12-31": "-1368.51000", "2012-12-31": "-811.27900", "2011-12-31": "-2031.05700", "2010-12-31": "-806.38000", "2009-12-31": "-0.97100", "2008-12-31": "2283.00500"}, "Investing Activities - Other": {"2020-12-31": "", "2019-12-31": "-15032.99000", "2018-12-31": "-13601.09000", "2017-12-31": "-10971.69000", "2016-12-31": "-8735.38700", "2015-12-31": "-6380.84000", "2014-12-31": "-4209.00600", "2013-12-31": "-6171.00300", "2012-12-31": "-5430.58300", "2011-12-31": "-3750.95200", "2010-12-31": "-1927.15500", "2009-12-31": "-1805.02500", "2008-12-31": "-6408.81800"}, "Cash Flow From Investing Activities": {"2020-12-31": "", "2019-12-31": "-17034.75000", "2018-12-31": "-11062.02000", "2017-12-31": "-14484.09000", "2016-12-31": "-13330.62000", "2015-12-31": "-10273.81000", "2014-12-31": "-6186.76400", "2013-12-31": "-7600.09300", "2012-12-31": "-6423.23500", "2011-12-31": "-5828.21600", "2010-12-31": "-2758.43400", "2009-12-31": "-1820.61400", "2008-12-31": "-4150.89000"}, "Net Long-Term Debt": {"2020-12-31": "", "2019-12-31": "3100.00000", "2018-12-31": "400.00000", "2017-12-31": "3284.81800", "2016-12-31": "2287.29500", "2015-12-31": "-1275.00000", "2014-12-31": "521.25700", "2013-12-31": "2000.00000", "2012-12-31": "1050.00000", "2011-12-31": "1500.00000", "2010-12-31": "100.56600", "2009-12-31": "-2869.42500", "2008-12-31": "2434.76800"}, "Net Current Debt": {"2020-12-31": "", "2019-12-31": "700.00000", "2018-12-31": "", "2017-12-31": "-25.97300", "2016-12-31": "-3.67000", "2015-12-31": "93.60400", "2014-12-31": "-7.09300", "2013-12-31": "-88.31800", "2012-12-31": "-104.34300", "2011-12-31": "91.60600", "2010-12-31": "-7.21300", "2009-12-31": "", "2008-12-31": ""}, "Debt Issuance/Retirement Net - Total": {"2020-12-31": "", "2019-12-31": "3800.00000", "2018-12-31": "400.00000", "2017-12-31": "3258.84500", "2016-12-31": "2283.62500", "2015-12-31": "-1181.39600", "2014-12-31": "514.16390", "2013-12-31": "1911.68200", "2012-12-31": "945.65700", "2011-12-31": "1591.60600", "2010-12-31": "93.35300", "2009-12-31": "-2869.42500", "2008-12-31": "2434.76800"}, "Net Common Equity Issued/Repurchased": {"2020-12-31": "", "2019-12-31": "188.76300", "2018-12-31": "213.50700", "2017-12-31": "519.57200", "2016-12-31": "535.92800", "2015-12-31": "435.67500", "2014-12-31": "244.07500", "2013-12-31": "4.35200", "2012-12-31": "14.62200", "2011-12-31": "4.83000", "2010-12-31": "1970.76300", "2009-12-31": "", "2008-12-31": ""}, "Net Total Equity Issued/Repurchased": {"2020-12-31": "", "2019-12-31": "381.26700", "2018-12-31": "153.66700", "2017-12-31": "363.72200", "2016-12-31": "681.11210", "2015-12-31": "532.26700", "2014-12-31": "244.07500", "2013-12-31": "382.30100", "2012-12-31": "407.99600", "2011-12-31": "-5.17000", "2010-12-31": "1970.76300", "2009-12-31": "", "2008-12-31": ""}, "Total Common And Preferred Stock Dividends Paid": {"2020-12-31": "", "2019-12-31": "-177.15900", "2018-12-31": "-175.56800", "2017-12-31": "-165.58900", "2016-12-31": "-163.54000", "2015-12-31": "-143.36400", "2014-12-31": "-130.03100", "2013-12-31": "-88.48500", "2012-12-31": "-59.70800", "2011-12-31": "-4.60500", "2010-12-31": "-4.79200", "2009-12-31": "-4.81900", "2008-12-31": "-4.79300"}, "Financial Activities - Other": {"2020-12-31": "", "2019-12-31": "10980.53000", "2018-12-31": "10086.85000", "2017-12-31": "10204.28000", "2016-12-31": "10653.55000", "2015-12-31": "10753.01000", "2014-12-31": "5051.61300", "2013-12-31": "5037.99500", "2012-12-31": "4661.27400", "2011-12-31": "3282.26200", "2010-12-31": "1854.36400", "2009-12-31": "4665.42500", "2008-12-31": "1485.69900"}, "Cash Flow From Financial Activities": {"2020-12-31": "", "2019-12-31": "14984.64000", "2018-12-31": "10464.95000", "2017-12-31": "13661.25000", "2016-12-31": "13454.75000", "2015-12-31": "9960.51400", "2014-12-31": "5679.82100", "2013-12-31": "7243.49300", "2012-12-31": "5955.21900", "2011-12-31": "4864.09300", "2010-12-31": "3913.68800", "2009-12-31": "1791.18100", "2008-12-31": "3915.67400"}, "Net Cash Flow": {"2020-12-31": "", "2019-12-31": "-1111.60200", "2018-12-31": "514.13800", "2017-12-31": "189.29900", "2016-12-31": "976.61200", "2015-12-31": "313.96000", "2014-12-31": "9.26500", "2013-12-31": "205.62100", "2012-12-31": "-28.51600", "2011-12-31": "-897.29500", "2010-12-31": "1349.52200", "2009-12-31": "8.98100", "2008-12-31": "-24.64800"}, "Stock-Based Compensation": {"2020-12-31": "", "2019-12-31": "", "2018-12-31": "", "2017-12-31": "", "2016-12-31": "", "2015-12-31": "", "2014-12-31": "", "2013-12-31": "", "2012-12-31": "", "2011-12-31": "", "2010-12-31": "", "2009-12-31": "", "2008-12-31": ""}, "Common Stock Dividends Paid": {"2020-12-31": "", "2019-12-31": "-128.08900", "2018-12-31": "-117.84300", "2017-12-31": "-107.54900", "2016-12-31": "-94.95100", "2015-12-31": "-84.43600", "2014-12-31": "-74.47500", "2013-12-31": "-47.81400", "2012-12-31": "-40.96500", "2011-12-31": "-4.60500", "2010-12-31": "-4.79200", "2009-12-31": "-4.81900", "2008-12-31": "-4.79300"}}, "cash flow statement, quarterly": {"Net Income/Loss": {"2020-12-31": -768.591, "2020-09-30": 293.137, "2020-06-30": 256.768, "2020-03-31": "218.68600", "2019-12-31": 246.33, "2019-09-30": 234.844, "2019-06-30": 222.564, "2019-03-31": "226.59100", "2018-12-31": 231.418, "2018-09-30": 213.546, "2018-06-30": 209.781, "2018-03-31": "199.08300", "2017-12-31": 194.277, "2017-09-30": 200.009, "2017-06-30": 186.6, "2017-03-31": "176.77400", "2016-12-31": 179.118, "2016-09-30": 171.818, "2016-06-30": 164.997, "2016-03-31": "157.49500", "2015-12-31": 140.046, "2015-09-30": 134.842, "2015-06-30": 131.345, "2015-03-31": "115.91200", "2014-12-31": 115.459, "2014-09-30": 136.011, "2014-06-30": 120.832, "2014-03-31": "114.70400", "2013-12-31": 115.299, "2013-09-30": 111.748, "2013-06-30": 112.47, "2013-03-31": "122.55300", "2012-12-31": 108.803, "2012-09-30": 102.696, "2012-06-30": 98.532, "2012-03-31": "92.67100", "2011-12-31": 94.063, "2011-09-30": 88.865, "2011-06-30": 86.002, "2011-03-31": "90.06300", "2010-12-31": 77.164, "2010-09-30": 67.593, "2010-06-30": 61.745, "2010-03-31": "69.49800", "2009-12-31": 336.67, "2008-12-31": 14.79}, "Total Depreciation And Amortization - Cash Flow": {"2020-12-31": -124.538, "2020-09-30": 40.906, "2020-06-30": 43.132, "2020-03-31": "40.50000", "2019-12-31": 39.777, "2019-09-30": 36.208, "2019-06-30": 31.949, "2019-03-31": "29.70500", "2018-12-31": 30.865, "2018-09-30": 29.408, "2018-06-30": 28.013, "2018-03-31": "26.07700", "2017-12-31": 27.89, "2017-09-30": 23.804, "2017-06-30": 18.579, "2017-03-31": "21.68100", "2016-12-31": 18.121, "2016-09-30": 11.873, "2016-06-30": 15.339, "2016-03-31": "10.78900", "2015-12-31": 8.691, "2015-09-30": 5.701, "2015-06-30": 7.918, "2015-03-31": "4.55200", "2014-12-31": 1.992, "2014-09-30": 1.341, "2014-06-30": -4.571, "2014-03-31": "-2.96400", "2013-12-31": -7.872, "2013-09-30": -11.837, "2013-06-30": -13.862, "2013-03-31": "-14.44900", "2012-12-31": -23.923, "2012-09-30": -30.845, "2012-06-30": -34.613, "2012-03-31": "-29.02500", "2011-12-31": -44.677, "2011-09-30": -47.098, "2011-06-30": -45.177, "2011-03-31": "-48.71300", "2010-12-31": -54.965, "2010-09-30": -44.049, "2010-06-30": -15.75, "2010-03-31": "-23.18600", "2009-12-31": -339.39, "2008-12-31": 36.59}, "Other Non-Cash Items": {"2020-12-31": -174.363, "2020-09-30": 16.67, "2020-06-30": 57.895, "2020-03-31": "99.79800", "2019-12-31": 16.143, "2019-09-30": -6.275, "2019-06-30": 29.97, "2019-03-31": "64.17000", "2018-12-31": 36.395, "2018-09-30": 14.153, "2018-06-30": 34.616, "2018-03-31": "-13.73800", "2017-12-31": 63.584, "2017-09-30": -15.01, "2017-06-30": 14.872, "2017-03-31": "77.53100", "2016-12-31": -2.61, "2016-09-30": -6.239, "2016-06-30": 9.663, "2016-03-31": "59.14700", "2015-12-31": -10.687, "2015-09-30": -1.714, "2015-06-30": -9.529, "2015-03-31": "46.54200", "2014-12-31": -0.034, "2014-09-30": -27.716, "2014-06-30": -7.804, "2014-03-31": "35.69000", "2013-12-31": 10.225, "2013-09-30": 4.074, "2013-06-30": -4.703, "2013-03-31": "33.10200", "2012-12-31": 17.212, "2012-09-30": -2.89, "2012-06-30": 1.303, "2012-03-31": "38.82200", "2011-12-31": -17.482, "2011-09-30": -12.677, "2011-06-30": 22.44, "2011-03-31": "22.21400", "2010-12-31": 24.6, "2010-09-30": 5.754, "2010-06-30": 33.068, "2010-03-31": "33.78200", "2009-12-31": 0, "2008-12-31": 0}, "Total Non-Cash Items": {"2020-12-31": -298.901, "2020-09-30": 57.576, "2020-06-30": 101.027, "2020-03-31": "140.29800", "2019-12-31": 55.92, "2019-09-30": 29.933, "2019-06-30": 61.919, "2019-03-31": "93.87500", "2018-12-31": 67.26, "2018-09-30": 43.561, "2018-06-30": 62.629, "2018-03-31": "12.33900", "2017-12-31": 91.474, "2017-09-30": 8.794, "2017-06-30": 33.451, "2017-03-31": "99.21200", "2016-12-31": 15.511, "2016-09-30": 5.634, "2016-06-30": 25.002, "2016-03-31": "69.93600", "2015-12-31": -1.996, "2015-09-30": 3.987, "2015-06-30": -1.611, "2015-03-31": "51.09400", "2014-12-31": 1.958, "2014-09-30": -26.375, "2014-06-30": -12.375, "2014-03-31": "32.72600", "2013-12-31": 2.353, "2013-09-30": -7.763, "2013-06-30": -18.565, "2013-03-31": "18.65300", "2012-12-31": -6.711, "2012-09-30": -33.735, "2012-06-30": -33.31, "2012-03-31": "9.79700", "2011-12-31": -62.159, "2011-09-30": -59.775, "2011-06-30": -22.737, "2011-03-31": "-26.49900", "2010-12-31": -127.569, "2010-09-30": -38.295, "2010-06-30": 17.318, "2010-03-31": "10.59600", "2009-12-31": -339.39, "2008-12-31": 36.59}, "Change In Accounts Receivable": {"2020-12-31": 621.373, "2020-09-30": -621.876, "2020-06-30": -152.441, "2020-03-31": "152.94400", "2019-12-31": -146.373, "2019-09-30": -86.656, "2019-06-30": -198.591, "2019-03-31": "-1.87300", "2018-12-31": -0.405, "2018-09-30": 36.838, "2018-06-30": 16.366, "2018-03-31": "1.10100", "2017-12-31": -0.179, "2017-09-30": 19.576, "2017-06-30": -5.708, "2017-03-31": "0.90500", "2016-12-31": 73.239, "2016-09-30": -34.832, "2016-06-30": -62.312, "2016-03-31": "5.52900", "2015-12-31": 20.847, "2015-09-30": -9.11, "2015-06-30": 59.425, "2015-03-31": "9.16600", "2014-12-31": 17.528, "2014-09-30": 8.874, "2014-06-30": -45.274, "2014-03-31": "-12.89300", "2013-12-31": 7.995, "2013-09-30": -8.614, "2013-06-30": 160.129, "2013-03-31": "-22.89000", "2012-12-31": -149.882, "2012-09-30": -0.638, "2012-06-30": -16.703, "2012-03-31": "79.05200", "2011-12-31": -85.5, "2011-09-30": 6.054, "2011-06-30": -39.789, "2011-03-31": "6.93300", "2010-12-31": 84.695, "2010-09-30": -113.323, "2010-06-30": -14.032, "2010-03-31": "-0.80500", "2009-12-31": 0, "2008-12-31": 0}, "Change In Inventories": {"2020-12-31": 0, "2020-09-30": 0, "2020-06-30": 0, "2020-03-31": "", "2019-12-31": 0, "2019-09-30": 0, "2019-06-30": 0, "2019-03-31": "", "2018-12-31": 0, "2018-09-30": 0, "2018-06-30": 0, "2018-03-31": "", "2017-12-31": 0, "2017-09-30": 0, "2017-06-30": 0, "2017-03-31": "", "2016-12-31": 0, "2016-09-30": 0, "2016-06-30": 0, "2016-03-31": "", "2015-12-31": 0, "2015-09-30": 0, "2015-06-30": 0, "2015-03-31": "", "2014-12-31": 0, "2014-09-30": 0, "2014-06-30": 0, "2014-03-31": "", "2013-12-31": 0, "2013-09-30": 0, "2013-06-30": 0, "2013-03-31": "", "2012-12-31": 0, "2012-09-30": 0, "2012-06-30": 0, "2012-03-31": "", "2011-12-31": 0, "2011-09-30": 0, "2011-06-30": 0, "2011-03-31": "", "2010-12-31": 0, "2010-09-30": 0, "2010-06-30": 0, "2010-03-31": "", "2009-12-31": 0, "2008-12-31": 0}, "Change In Accounts Payable": {"2020-12-31": 0, "2020-09-30": 0, "2020-06-30": 0, "2020-03-31": "", "2019-12-31": 0, "2019-09-30": 0, "2019-06-30": 0, "2019-03-31": "", "2018-12-31": 0, "2018-09-30": 0, "2018-06-30": 0, "2018-03-31": "", "2017-12-31": 0, "2017-09-30": 0, "2017-06-30": 0, "2017-03-31": "", "2016-12-31": 0, "2016-09-30": 0, "2016-06-30": 0, "2016-03-31": "", "2015-12-31": 0, "2015-09-30": 0, "2015-06-30": 0, "2015-03-31": "", "2014-12-31": 0, "2014-09-30": 0, "2014-06-30": 0, "2014-03-31": "", "2013-12-31": 0, "2013-09-30": 0, "2013-06-30": 0, "2013-03-31": "", "2012-12-31": 0, "2012-09-30": 0, "2012-06-30": 0, "2012-03-31": "", "2011-12-31": 0, "2011-09-30": 0, "2011-06-30": 0, "2011-03-31": "", "2010-12-31": 0, "2010-09-30": 0, "2010-06-30": 0, "2010-03-31": "", "2009-12-31": 0, "2008-12-31": 0}, "Change In Assets/Liabilities": {"2020-12-31": 27.611, "2020-09-30": 345.528, "2020-06-30": -92.764, "2020-03-31": "-280.37500", "2019-12-31": -1019.57, "2019-09-30": 995.797, "2019-06-30": 302.152, "2019-03-31": "-78.35100", "2018-12-31": -333.113, "2018-09-30": 506.117, "2018-06-30": -211.511, "2018-03-31": "56.19400", "2017-12-31": -66.112, "2017-09-30": 61.776, "2017-06-30": 29.747, "2017-03-31": "-18.45800", "2016-12-31": 39.092, "2016-09-30": 173.776, "2016-06-30": -26.327, "2016-03-31": "-105.19100", "2015-12-31": -64.674, "2015-09-30": 109.998, "2015-06-30": 36.428, "2015-03-31": "-108.44100", "2014-12-31": 99.508, "2014-09-30": 38.088, "2014-06-30": 44.581, "2014-03-31": "-117.14400", "2013-12-31": 39.898, "2013-09-30": -11.772, "2013-06-30": 162.271, "2013-03-31": "-221.54400", "2012-12-31": 110.107, "2012-09-30": 207.242, "2012-06-30": 29.384, "2012-03-31": "-157.80500", "2011-12-31": 17.127, "2011-09-30": -28.165, "2011-06-30": 12.576, "2011-03-31": "-10.23100", "2010-12-31": -80.928, "2010-09-30": 55.031, "2010-06-30": -59.648, "2010-03-31": "88.02600", "2009-12-31": 0, "2008-12-31": 0}, "Total Change In Assets/Liabilities": {"2020-12-31": 648.984, "2020-09-30": -276.348, "2020-06-30": -245.205, "2020-03-31": "-127.43100", "2019-12-31": -1165.943, "2019-09-30": 909.141, "2019-06-30": 103.561, "2019-03-31": "-80.22400", "2018-12-31": -333.518, "2018-09-30": 542.955, "2018-06-30": -195.145, "2018-03-31": "57.29500", "2017-12-31": -66.291, "2017-09-30": 81.352, "2017-06-30": 24.039, "2017-03-31": "-17.55300", "2016-12-31": 112.331, "2016-09-30": 138.944, "2016-06-30": -88.639, "2016-03-31": "-99.66200", "2015-12-31": -43.827, "2015-09-30": 100.888, "2015-06-30": 95.853, "2015-03-31": "-99.27500", "2014-12-31": 117.036, "2014-09-30": 46.962, "2014-06-30": -0.693, "2014-03-31": "-130.03700", "2013-12-31": 47.893, "2013-09-30": -20.386, "2013-06-30": 322.4, "2013-03-31": "-244.43400", "2012-12-31": -39.775, "2012-09-30": 206.604, "2012-06-30": 12.681, "2012-03-31": "-78.75300", "2011-12-31": -68.373, "2011-09-30": -22.111, "2011-06-30": -27.213, "2011-03-31": "-3.29800", "2010-12-31": 3.771, "2010-09-30": -58.292, "2010-06-30": -73.68, "2010-03-31": "87.22100", "2009-12-31": -299.15, "2008-12-31": 95.14}, "Cash Flow From Operating Activities": {"2020-12-31": -418.508, "2020-09-30": 74.365, "2020-06-30": 112.59, "2020-03-31": "231.55300", "2019-12-31": -863.693, "2019-09-30": 1173.918, "2019-06-30": 388.044, "2019-03-31": "240.24200", "2018-12-31": -34.84, "2018-09-30": 800.062, "2018-06-30": 77.265, "2018-03-31": "268.71700", "2017-12-31": 219.46, "2017-09-30": 290.155, "2017-06-30": 244.09, "2017-03-31": "258.43300", "2016-12-31": 306.96, "2016-09-30": 316.396, "2016-06-30": 101.36, "2016-03-31": "127.76900", "2015-12-31": 94.223, "2015-09-30": 239.717, "2015-06-30": 225.587, "2015-03-31": "67.73100", "2014-12-31": 234.453, "2014-09-30": 156.598, "2014-06-30": 107.764, "2014-03-31": "17.39300", "2013-12-31": 165.545, "2013-09-30": 83.599, "2013-06-30": 416.305, "2013-03-31": "-103.22800", "2012-12-31": 62.317, "2012-09-30": 275.565, "2012-06-30": 77.903, "2012-03-31": "23.71500", "2011-12-31": -36.469, "2011-09-30": 6.979, "2011-06-30": 36.052, "2011-03-31": "60.26600", "2010-12-31": 50.556, "2010-09-30": -28.994, "2010-06-30": 5.383, "2010-03-31": "167.31500", "2009-12-31": -172.15, "2008-12-31": 210.56}, "Net Change In Property, Plant, And Equipment": {"2020-12-31": 100.844, "2020-09-30": -32.545, "2020-06-30": -29.413, "2020-03-31": "-38.88600", "2019-12-31": -46.925, "2019-09-30": -50.734, "2019-06-30": -36.534, "2019-03-31": "-33.74800", "2018-12-31": -34.629, "2018-09-30": -36.444, "2018-06-30": -36.509, "2018-03-31": "-26.29300", "2017-12-31": -41.481, "2017-09-30": -38.326, "2017-06-30": -42.09, "2017-03-31": "-44.80900", "2016-12-31": -29.908, "2016-09-30": -21.107, "2016-06-30": -19.765, "2016-03-31": "-15.96800", "2015-12-31": -21.765, "2015-09-30": -9.695, "2015-06-30": -13.449, "2015-03-31": "-7.80500", "2014-12-31": -14.189, "2014-09-30": -11.124, "2014-06-30": -8.639, "2014-03-31": "-8.11800", "2013-12-31": -13.574, "2013-09-30": -15.851, "2013-06-30": -11.981, "2013-03-31": "-19.17400", "2012-12-31": -18.469, "2012-09-30": -12.327, "2012-06-30": -12.235, "2012-03-31": "-12.03000", "2011-12-31": -12.311, "2011-09-30": -12.577, "2011-06-30": -10.766, "2011-03-31": "-10.55300", "2010-12-31": -4.548, "2010-09-30": -6.478, "2010-06-30": -9.007, "2010-03-31": "-4.85700", "2009-12-31": 10.46, "2008-12-31": -25.07}, "Net Change In Intangible Assets": {"2020-12-31": 0, "2020-09-30": 0, "2020-06-30": 0, "2020-03-31": "", "2019-12-31": 0, "2019-09-30": 0, "2019-06-30": 0, "2019-03-31": "", "2018-12-31": 0, "2018-09-30": 0, "2018-06-30": 0, "2018-03-31": "", "2017-12-31": 0, "2017-09-30": 0, "2017-06-30": 0, "2017-03-31": "", "2016-12-31": 0, "2016-09-30": 0, "2016-06-30": 0, "2016-03-31": "", "2015-12-31": 0, "2015-09-30": 0, "2015-06-30": 0, "2015-03-31": "", "2014-12-31": 0, "2014-09-30": 0, "2014-06-30": 0, "2014-03-31": "", "2013-12-31": 0, "2013-09-30": 0, "2013-06-30": 0, "2013-03-31": "", "2012-12-31": 0, "2012-09-30": 0, "2012-06-30": 0, "2012-03-31": "", "2011-12-31": 0, "2011-09-30": 0, "2011-06-30": 0, "2011-03-31": "", "2010-12-31": 0, "2010-09-30": 0, "2010-06-30": 0, "2010-03-31": "", "2009-12-31": 0, "2008-12-31": 0}, "Net Acquisitions/Divestitures": {"2020-12-31": 0, "2020-09-30": 0, "2020-06-30": 0, "2020-03-31": "", "2019-12-31": 29.265, "2019-09-30": 0, "2019-06-30": 0, "2019-03-31": "", "2018-12-31": 0, "2018-09-30": 0, "2018-06-30": 0, "2018-03-31": "", "2017-12-31": 0, "2017-09-30": 0, "2017-06-30": 0, "2017-03-31": "", "2016-12-31": -31.804, "2016-09-30": 0, "2016-06-30": 0, "2016-03-31": "", "2015-12-31": -115.14, "2015-09-30": 0, "2015-06-30": 0, "2015-03-31": "", "2014-12-31": 0, "2014-09-30": 0, "2014-06-30": 0, "2014-03-31": "", "2013-12-31": 0, "2013-09-30": 0, "2013-06-30": 0, "2013-03-31": "", "2012-12-31": -126.313, "2012-09-30": 0, "2012-06-30": 0, "2012-03-31": "", "2011-12-31": 0, "2011-09-30": 0, "2011-06-30": 0, "2011-03-31": "", "2010-12-31": 0, "2010-09-30": 0, "2010-06-30": 0, "2010-03-31": "", "2009-12-31": 0, "2008-12-31": 0}, "Net Change In Short-term Investments": {"2020-12-31": 0, "2020-09-30": 0, "2020-06-30": 0, "2020-03-31": "", "2019-12-31": 0, "2019-09-30": 0, "2019-06-30": 0, "2019-03-31": "", "2018-12-31": 0, "2018-09-30": 0, "2018-06-30": 0, "2018-03-31": "", "2017-12-31": 0, "2017-09-30": 0, "2017-06-30": 0, "2017-03-31": "", "2016-12-31": 0, "2016-09-30": 0, "2016-06-30": 0, "2016-03-31": "", "2015-12-31": 0, "2015-09-30": 3.15, "2015-06-30": -3.15, "2015-03-31": "", "2014-12-31": 0, "2014-09-30": 0, "2014-06-30": 28.789, "2014-03-31": "-28.78900", "2013-12-31": 19.273, "2013-09-30": -19.21, "2013-06-30": -0.063, "2013-03-31": "30.80100", "2012-12-31": -7.553, "2012-09-30": -4.018, "2012-06-30": -6.357, "2012-03-31": "-8.08300", "2011-12-31": 0, "2011-09-30": 3.377, "2011-06-30": -8.267, "2011-03-31": "", "2010-12-31": 12.963, "2010-09-30": -12.963, "2010-06-30": 0, "2010-03-31": "", "2009-12-31": 0, "2008-12-31": 0}, "Net Change In Long-Term Investments": {"2020-12-31": 97.2817, "2020-09-30": 289.8652, "2020-06-30": -97.719, "2020-03-31": "-289.42790", "2019-12-31": -929.9951, "2019-09-30": -1163.1589, "2019-06-30": -10.626, "2019-03-31": "240.68900", "2018-12-31": 186.959, "2018-09-30": 259.771, "2018-06-30": 96.175, "2018-03-31": "2130.04200", "2017-12-31": -1054.737, "2017-09-30": -649.643, "2017-06-30": -969.109, "2017-03-31": "-672.21000", "2016-12-31": -2271.969, "2016-09-30": -1098.416, "2016-06-30": -279.923, "2016-03-31": "-826.37400", "2015-12-31": -2388.004, "2015-09-30": -336.614, "2015-06-30": -196.971, "2015-03-31": "-803.52900", "2014-12-31": -921.595, "2014-09-30": -366.181, "2014-06-30": -472.868, "2014-03-31": "-175.04400", "2013-12-31": -601.957, "2013-09-30": -141.757, "2013-06-30": -90.133, "2013-03-31": "-565.46400", "2012-12-31": -266.597, "2012-09-30": -196.911, "2012-06-30": -239.368, "2012-03-31": "-82.39200", "2011-12-31": -665.169, "2011-09-30": -400.842, "2011-06-30": -799.627, "2011-03-31": "-160.52900", "2010-12-31": -579.523, "2010-09-30": -898.553, "2010-06-30": 670.582, "2010-03-31": "1.11400", "2009-12-31": 0, "2008-12-31": 0}, "Net Change In Investments - Total": {"2020-12-31": 97.2817, "2020-09-30": 289.8652, "2020-06-30": -97.719, "2020-03-31": "-289.42790", "2019-12-31": -929.9951, "2019-09-30": -1163.1589, "2019-06-30": -10.626, "2019-03-31": "240.68900", "2018-12-31": 186.959, "2018-09-30": 259.771, "2018-06-30": 96.175, "2018-03-31": "2130.04200", "2017-12-31": -1054.737, "2017-09-30": -649.643, "2017-06-30": -969.109, "2017-03-31": "-672.21000", "2016-12-31": -2271.969, "2016-09-30": -1098.416, "2016-06-30": -279.923, "2016-03-31": "-826.37400", "2015-12-31": -2388.004, "2015-09-30": -333.464, "2015-06-30": -200.121, "2015-03-31": "-803.52900", "2014-12-31": -921.595, "2014-09-30": -366.181, "2014-06-30": -444.079, "2014-03-31": "-203.83300", "2013-12-31": -582.684, "2013-09-30": -160.9669, "2013-06-30": -90.1961, "2013-03-31": "-534.66300", "2012-12-31": -274.15, "2012-09-30": -200.929, "2012-06-30": -245.725, "2012-03-31": "-90.47500", "2011-12-31": -665.169, "2011-09-30": -397.465, "2011-06-30": -807.894, "2011-03-31": "-160.52900", "2010-12-31": -595.64, "2010-09-30": -911.516, "2010-06-30": 670.582, "2010-03-31": "1.11400", "2009-12-31": -2283.97, "2008-12-31": 2283}, "Investing Activities - Other": {"2020-12-31": 14114.49, "2020-09-30": -4159.179, "2020-06-30": -4755.746, "2020-03-31": "-5199.56500", "2019-12-31": -4557.73, "2019-09-30": -4104.281, "2019-06-30": -4946.164, "2019-03-31": "-1424.81500", "2018-12-31": -3468.66, "2018-09-30": -3596.625, "2018-06-30": -3462.845, "2018-03-31": "-3072.96000", "2017-12-31": -2815.836, "2017-09-30": -2335.315, "2017-06-30": -3942.725, "2017-03-31": "-1877.81400", "2016-12-31": -2272.454, "2016-09-30": -2408.335, "2016-06-30": -2647.157, "2016-03-31": "-1407.44100", "2015-12-31": -1626.8, "2015-09-30": -1508.928, "2015-06-30": -2177.788, "2015-03-31": "-1067.32400", "2014-12-31": -1324.772, "2014-09-30": -432.335, "2014-06-30": -1403.797, "2014-03-31": "-1048.10200", "2013-12-31": -1672.144, "2013-09-30": -2037.637, "2013-06-30": -2273.436, "2013-03-31": "-187.78600", "2012-12-31": -1493.924, "2012-09-30": -1403.8, "2012-06-30": -1594.988, "2012-03-31": "-937.87100", "2011-12-31": -1516.075, "2011-09-30": -1171.324, "2011-06-30": -811.522, "2011-03-31": "-252.03100", "2010-12-31": -2686.943, "2010-09-30": -420.475, "2010-06-30": -508.281, "2010-03-31": "-187.41600", "2009-12-31": 4603.79, "2008-12-31": -6408.81}, "Cash Flow From Investing Activities": {"2020-12-31": 14312.62, "2020-09-30": -3901.86, "2020-06-30": -4882.881, "2020-03-31": "-5527.87900", "2019-12-31": -5505.38, "2019-09-30": -5318.172, "2019-06-30": -4993.324, "2019-03-31": "-1217.87400", "2018-12-31": -3316.327, "2018-09-30": -3373.303, "2018-06-30": -3403.179, "2018-03-31": "-969.21100", "2017-12-31": -3912.05, "2017-09-30": -3023.283, "2017-06-30": -4953.924, "2017-03-31": "-2594.83300", "2016-12-31": -4606.134, "2016-09-30": -3527.858, "2016-06-30": -2946.845, "2016-03-31": "-2249.78300", "2015-12-31": -4151.707, "2015-09-30": -1852.087, "2015-06-30": -2391.358, "2015-03-31": "-1878.65800", "2014-12-31": -2260.556, "2014-09-30": -809.64, "2014-06-30": -1856.515, "2014-03-31": "-1260.05300", "2013-12-31": -2268.402, "2013-09-30": -2214.455, "2013-06-30": -2375.613, "2013-03-31": "-741.62300", "2012-12-31": -1912.855, "2012-09-30": -1617.056, "2012-06-30": -1852.948, "2012-03-31": "-1040.37600", "2011-12-31": -2193.555, "2011-09-30": -1581.366, "2011-06-30": -1630.182, "2011-03-31": "-423.11300", "2010-12-31": -1382.096, "2010-09-30": -1338.469, "2010-06-30": 153.294, "2010-03-31": "-191.15900", "2009-12-31": 2330.28, "2008-12-31": -4150.89}, "Net Long-Term Debt": {"2020-12-31": -1801.497, "2020-09-30": -1900, "2020-06-30": -845.174, "2020-03-31": "4546.67100", "2019-12-31": 1300, "2019-09-30": 1100, "2019-06-30": 1400, "2019-03-31": "-700.00000", "2018-12-31": -900, "2018-09-30": -50, "2018-06-30": 1150, "2018-03-31": "200.00000", "2017-12-31": 0, "2017-09-30": 749.861, "2017-06-30": 2145.608, "2017-03-31": "389.34900", "2016-12-31": 1300, "2016-09-30": -62.705, "2016-06-30": 1250, "2016-03-31": "-200.00000", "2015-12-31": -350, "2015-09-30": -375, "2015-06-30": -200, "2015-03-31": "-350.00000", "2014-12-31": 0, "2014-09-30": -275.726, "2014-06-30": 296.983, "2014-03-31": "500.00000", "2013-12-31": 0, "2013-09-30": 800, "2013-06-30": 900, "2013-03-31": "300.00000", "2012-12-31": 0, "2012-09-30": 0, "2012-06-30": 100, "2012-03-31": "950.00000", "2011-12-31": 0, "2011-09-30": 1000, "2011-06-30": 200, "2011-03-31": "300.00000", "2010-12-31": 0.005, "2010-09-30": 469.172, "2010-06-30": 0, "2010-03-31": "-368.61100", "2009-12-31": 0, "2008-12-31": 0}, "Net Current Debt": {"2020-12-31": 795, "2020-09-30": 0, "2020-06-30": 5, "2020-03-31": "-800.00000", "2019-12-31": 25, "2019-09-30": 775, "2019-06-30": 0, "2019-03-31": "-100.00000", "2018-12-31": 0, "2018-09-30": -500, "2018-06-30": 600, "2018-03-31": "-100.00000", "2017-12-31": -350, "2017-09-30": 277.481, "2017-06-30": 47.193, "2017-03-31": "-0.64700", "2016-12-31": -101.008, "2016-09-30": -750.218, "2016-06-30": 848.449, "2016-03-31": "-0.89300", "2015-12-31": -1.073, "2015-09-30": -0.392, "2015-06-30": 98.308, "2015-03-31": "-3.23900", "2014-12-31": -2.16, "2014-09-30": 1.073, "2014-06-30": -4.617, "2014-03-31": "-1.38900", "2013-12-31": -3.867, "2013-09-30": -372.127, "2013-06-30": -444.017, "2013-03-31": "731.69300", "2012-12-31": 70.229, "2012-09-30": -64.894, "2012-06-30": -6.888, "2012-03-31": "-102.79000", "2011-12-31": 95.186, "2011-09-30": -0.872, "2011-06-30": -0.287, "2011-03-31": "-2.42100", "2010-12-31": -0.054, "2010-09-30": -7.156, "2010-06-30": 0, "2010-03-31": "", "2009-12-31": 0, "2008-12-31": 0}, "Debt Issuance/Retirement Net - Total": {"2020-12-31": -1006.497, "2020-09-30": -1900, "2020-06-30": -840.174, "2020-03-31": "3746.67100", "2019-12-31": 1325, "2019-09-30": 1875, "2019-06-30": 1400, "2019-03-31": "-800.00000", "2018-12-31": -900, "2018-09-30": -550, "2018-06-30": 1750, "2018-03-31": "100.00000", "2017-12-31": -350, "2017-09-30": 1027.342, "2017-06-30": 2192.801, "2017-03-31": "388.70200", "2016-12-31": 1198.992, "2016-09-30": -812.923, "2016-06-30": 2098.449, "2016-03-31": "-200.89300", "2015-12-31": -351.073, "2015-09-30": -375.392, "2015-06-30": -101.692, "2015-03-31": "-353.23900", "2014-12-31": -2.1601, "2014-09-30": -274.653, "2014-06-30": 292.366, "2014-03-31": "498.61100", "2013-12-31": -3.867, "2013-09-30": 427.873, "2013-06-30": 455.983, "2013-03-31": "1031.69300", "2012-12-31": 70.229, "2012-09-30": -64.894, "2012-06-30": 93.112, "2012-03-31": "847.21000", "2011-12-31": 95.186, "2011-09-30": 999.128, "2011-06-30": 199.713, "2011-03-31": "297.57900", "2010-12-31": 7.155, "2010-09-30": 462.016, "2010-06-30": 0, "2010-03-31": "-368.61100", "2009-12-31": -5304.18, "2008-12-31": 2434.76}, "Net Common Equity Issued/Repurchased": {"2020-12-31": -308.091, "2020-09-30": 4.461, "2020-06-30": 5.972, "2020-03-31": "297.65800", "2019-12-31": 4.902, "2019-09-30": 4.256, "2019-06-30": 4.78, "2019-03-31": "174.82500", "2018-12-31": 4.581, "2018-09-30": 203.095, "2018-06-30": 2.798, "2018-03-31": "3.03300", "2017-12-31": 278.788, "2017-09-30": 2.296, "2017-06-30": 2.322, "2017-03-31": "236.16600", "2016-12-31": 327.666, "2016-09-30": 2.006, "2016-06-30": 204.003, "2016-03-31": "2.25300", "2015-12-31": 227.961, "2015-09-30": 1.413, "2015-06-30": 1.033, "2015-03-31": "205.26800", "2014-12-31": 0.76, "2014-09-30": 1.593, "2014-06-30": 0.711, "2014-03-31": "241.01100", "2013-12-31": 0.654, "2013-09-30": 0.672, "2013-06-30": 1.063, "2013-03-31": "1.96300", "2012-12-31": 3.483, "2012-09-30": 4.67, "2012-06-30": 4.617, "2012-03-31": "1.85200", "2011-12-31": 1.875, "2011-09-30": 2.955, "2011-06-30": 0, "2011-03-31": "", "2010-12-31": 109.601, "2010-09-30": 1861.162, "2010-06-30": 0, "2010-03-31": "", "2009-12-31": 0, "2008-12-31": 0}, "Net Total Equity Issued/Repurchased": {"2020-12-31": -800.052, "2020-09-30": 496.422, "2020-06-30": 5.972, "2020-03-31": "297.65800", "2019-12-31": 197.406, "2019-09-30": 4.256, "2019-06-30": 4.78, "2019-03-31": "174.82500", "2018-12-31": -195.418, "2018-09-30": 203.043, "2018-06-30": 293.009, "2018-03-31": "-146.96700", "2017-12-31": 278.803, "2017-09-30": 2.296, "2017-06-30": 45.982, "2017-03-31": "36.64100", "2016-12-31": 327.6661, "2016-09-30": 2.006, "2016-06-30": 204.003, "2016-03-31": "147.43700", "2015-12-31": 227.961, "2015-09-30": 1.415, "2015-06-30": 97.623, "2015-03-31": "205.26800", "2014-12-31": 0.76, "2014-09-30": 1.593, "2014-06-30": 0.711, "2014-03-31": "241.01100", "2013-12-31": 194.812, "2013-09-30": 0.672, "2013-06-30": 184.854, "2013-03-31": "1.96300", "2012-12-31": 148.586, "2012-09-30": 4.678, "2012-06-30": 89.771, "2012-03-31": "164.96100", "2011-12-31": 1.875, "2011-09-30": 2.955, "2011-06-30": -10, "2011-03-31": "", "2010-12-31": 109.598, "2010-09-30": 1861.162, "2010-06-30": 0, "2010-03-31": "", "2009-12-31": 0, "2008-12-31": 0}, "Total Common And Preferred Stock Dividends Paid": {"2020-12-31": 146.06, "2020-09-30": -49.873, "2020-06-30": -49.892, "2020-03-31": "-46.29500", "2019-12-31": -43.204, "2019-09-30": -45.231, "2019-06-30": -45.222, "2019-03-31": "-43.50200", "2018-12-31": -46.511, "2018-09-30": -46.973, "2018-06-30": -41.86, "2018-03-31": "-40.22400", "2017-12-31": -42.083, "2017-09-30": -41.633, "2017-06-30": -41.537, "2017-03-31": "-40.33600", "2016-12-31": -41.874, "2016-09-30": -41.835, "2016-06-30": -41.184, "2016-03-31": "-38.64700", "2015-12-31": -36.998, "2015-09-30": -36.988, "2015-06-30": -35.933, "2015-03-31": "-33.44500", "2014-12-31": -33.434, "2014-09-30": -33.4, "2014-06-30": -33.264, "2014-03-31": "-29.93300", "2013-12-31": -28.8, "2013-09-30": -26.323, "2013-06-30": -25.586, "2013-03-31": "-7.77600", "2012-12-31": -32.857, "2012-09-30": -18.771, "2012-06-30": -4.716, "2012-03-31": "-3.36400", "2011-12-31": -1.072, "2011-09-30": -1.072, "2011-06-30": -1.17, "2011-03-31": "-1.29100", "2010-12-31": -1.196, "2010-09-30": -1.198, "2010-06-30": -1.198, "2010-03-31": "-1.19800", "2009-12-31": -0.02, "2008-12-31": -4.79}, "Financial Activities - Other": {"2020-12-31": -14225.21, "2020-09-30": 5872.924, "2020-06-30": 4804.173, "2020-03-31": "3548.11300", "2019-12-31": 4407.827, "2019-09-30": 2271.758, "2019-06-30": 1772.399, "2019-03-31": "2528.54600", "2018-12-31": 4290.605, "2018-09-30": 1987.59, "2018-06-30": 1478.06, "2018-03-31": "2330.59500", "2017-12-31": 3421.298, "2017-09-30": 2131.598, "2017-06-30": 2051.328, "2017-03-31": "2600.05600", "2016-12-31": 3535.145, "2016-09-30": 3887.124, "2016-06-30": 202.127, "2016-03-31": "3029.15400", "2015-12-31": 3552.929, "2015-09-30": 2451.236, "2015-06-30": 1929.118, "2015-03-31": "2819.72700", "2014-12-31": 1505.359, "2014-09-30": 581.213, "2014-06-30": 1477.733, "2014-03-31": "1487.30800", "2013-12-31": 813.87, "2013-09-30": 3071.623, "2013-06-30": 1382.958, "2013-03-31": "-230.45600", "2012-12-31": 1389.086, "2012-09-30": 1497.418, "2012-06-30": 968.41, "2012-03-31": "806.36000", "2011-12-31": 700.57, "2011-09-30": 1846.854, "2011-06-30": -73.623, "2011-03-31": "808.46100", "2010-12-31": 2249.478, "2010-09-30": 1070.838, "2010-06-30": 74.748, "2010-03-31": "418.78900", "2009-12-31": 3179.73, "2008-12-31": 1485.69}, "Cash Flow From Financial Activities": {"2020-12-31": -15885.7, "2020-09-30": 4419.47, "2020-06-30": 3920.083, "2020-03-31": "7546.14700", "2019-12-31": 5887.031, "2019-09-30": 4105.783, "2019-06-30": 3131.957, "2019-03-31": "1859.86900", "2018-12-31": 3148.677, "2018-09-30": 1593.66, "2018-06-30": 3479.209, "2018-03-31": "2243.40400", "2017-12-31": 3308.01, "2017-09-30": 3119.603, "2017-06-30": 4248.574, "2017-03-31": "2985.06300", "2016-12-31": 5019.932, "2016-09-30": 3034.372, "2016-06-30": 2463.395, "2016-03-31": "2937.05100", "2015-12-31": 3392.816, "2015-09-30": 2040.271, "2015-06-30": 1889.116, "2015-03-31": "2638.31100", "2014-12-31": 1470.525, "2014-09-30": 274.753, "2014-06-30": 1737.546, "2014-03-31": "2196.99700", "2013-12-31": 976.015, "2013-09-30": 3473.845, "2013-06-30": 1998.209, "2013-03-31": "795.42400", "2012-12-31": 1575.044, "2012-09-30": 1418.431, "2012-06-30": 1146.577, "2012-03-31": "1815.16700", "2011-12-31": 796.559, "2011-09-30": 2847.865, "2011-06-30": 114.92, "2011-03-31": "1104.74900", "2010-12-31": 398.327, "2010-09-30": 3392.823, "2010-06-30": 73.55, "2010-03-31": "48.98000", "2009-12-31": -2124.49, "2008-12-31": 3915.67}, "Net Cash Flow": {"2020-12-31": -1991.592, "2020-09-30": 591.979, "2020-06-30": -850.208, "2020-03-31": "2249.82100", "2019-12-31": -482.043, "2019-09-30": -38.473, "2019-06-30": -1473.323, "2019-03-31": "882.23700", "2018-12-31": -202.486, "2018-09-30": -979.581, "2018-06-30": 153.295, "2018-03-31": "1542.91000", "2017-12-31": -384.578, "2017-09-30": 386.474, "2017-06-30": -461.26, "2017-03-31": "648.66300", "2016-12-31": 720.755, "2016-09-30": -177.09, "2016-06-30": -382.09, "2016-03-31": "815.03700", "2015-12-31": -664.67, "2015-09-30": 427.901, "2015-06-30": -276.655, "2015-03-31": "827.38400", "2014-12-31": -555.578, "2014-09-30": -378.289, "2014-06-30": -11.205, "2014-03-31": "954.33700", "2013-12-31": -1126.842, "2013-09-30": 1342.989, "2013-06-30": 38.901, "2013-03-31": "-49.42700", "2012-12-31": -275.494, "2012-09-30": 76.94, "2012-06-30": -628.468, "2012-03-31": "798.50600", "2011-12-31": -1433.465, "2011-09-30": 1273.478, "2011-06-30": -1479.21, "2011-03-31": "741.90200", "2010-12-31": -933.203, "2010-09-30": 2025.36, "2010-06-30": 232.227, "2010-03-31": "25.13600", "2009-12-31": 33.62, "2008-12-31": -24.64}, "Stock-Based Compensation": {"2020-12-31": 0, "2020-09-30": 0, "2020-06-30": 0, "2020-03-31": "", "2019-12-31": 0, "2019-09-30": 0, "2019-06-30": 0, "2019-03-31": "", "2018-12-31": 0, "2018-09-30": 0, "2018-06-30": 0, "2018-03-31": "", "2017-12-31": 0, "2017-09-30": 0, "2017-06-30": 0, "2017-03-31": "", "2016-12-31": 0, "2016-09-30": 0, "2016-06-30": 0, "2016-03-31": "", "2015-12-31": 0, "2015-09-30": 0, "2015-06-30": 0, "2015-03-31": "", "2014-12-31": 0, "2014-09-30": 0, "2014-06-30": 0, "2014-03-31": "", "2013-12-31": 0, "2013-09-30": 0, "2013-06-30": 0, "2013-03-31": "", "2012-12-31": 0, "2012-09-30": 0, "2012-06-30": 0, "2012-03-31": "", "2011-12-31": 0, "2011-09-30": 0, "2011-06-30": 0, "2011-03-31": "", "2010-12-31": 0, "2010-09-30": 0, "2010-06-30": 0, "2010-03-31": "", "2009-12-31": 0, "2008-12-31": 0}, "Common Stock Dividends Paid": {"2020-12-31": 103.407, "2020-09-30": -35.057, "2020-06-30": -35.075, "2020-03-31": "-33.27500", "2019-12-31": -32.496, "2019-09-30": -32.444, "2019-06-30": -32.434, "2019-03-31": "-30.71500", "2018-12-31": -30.283, "2018-09-30": -29.861, "2018-06-30": -29.697, "2018-03-31": "-28.00200", "2017-12-31": -27.811, "2017-09-30": -27.361, "2017-06-30": -27.193, "2017-03-31": "-25.18400", "2016-12-31": -24.498, "2016-09-30": -24.458, "2016-06-30": -23.808, "2016-03-31": "-22.18700", "2015-12-31": -21.684, "2015-09-30": -21.674, "2015-06-30": -21.522, "2015-03-31": "-19.55600", "2014-12-31": -19.545, "2014-09-30": -19.511, "2014-06-30": -19.375, "2014-03-31": "-16.04400", "2013-12-31": -16, "2013-09-30": -15.934, "2013-06-30": -15.88, "2013-03-31": "", "2012-12-31": -26.323, "2012-09-30": -13.104, "2012-06-30": -0.625, "2012-03-31": "-0.91300", "2011-12-31": -1.072, "2011-09-30": -1.072, "2011-06-30": -1.17, "2011-03-31": "-1.29100", "2010-12-31": -1.198, "2010-09-30": -1.198, "2010-06-30": -1.198, "2010-03-31": "-1.19800", "2009-12-31": 0, "2008-12-31": 0}}, "financial ratios": {"Current Ratio": {"2019-12-31": "", "2018-12-31": "", "2017-12-31": "", "2016-12-31": "", "2015-12-31": "", "2014-12-31": "", "2013-12-31": "", "2012-12-31": "", "2011-12-31": "", "2010-12-31": "", "2009-12-31": "", "2008-12-31": ""}, "Long-term Debt / Capital": {"2019-12-31": "0.11460", "2018-12-31": "0.16170", "2017-12-31": "0.17620", "2016-12-31": "0.10510", "2015-12-31": "0.43690", "2014-12-31": "0.54430", "2013-12-31": "0.01030", "2012-12-31": "0.48530", "2011-12-31": "0.04730", "2010-12-31": "0.04050", "2009-12-31": "0.04510", "2008-12-31": ""}, "Debt/Equity Ratio": {"2019-12-31": "1.44910", "2018-12-31": "1.20700", "2017-12-31": "1.28820", "2016-12-31": "0.98590", "2015-12-31": "0.79340", "2014-12-31": "1.19440", "2013-12-31": "1.24830", "2012-12-31": "0.96510", "2011-12-31": "0.89750", "2010-12-31": "0.31190", "2009-12-31": "0.83990", "2008-12-31": ""}, "Gross Margin": {"2019-12-31": "", "2018-12-31": "", "2017-12-31": "", "2016-12-31": "", "2015-12-31": "", "2014-12-31": "", "2013-12-31": "", "2012-12-31": "", "2011-12-31": "", "2010-12-31": "", "2009-12-31": "", "2008-12-31": ""}, "Operating Margin": {"2019-12-31": "", "2018-12-31": "", "2017-12-31": "", "2016-12-31": "", "2015-12-31": "", "2014-12-31": "", "2013-12-31": "", "2012-12-31": "", "2011-12-31": "", "2010-12-31": "", "2009-12-31": "", "2008-12-31": ""}, "EBIT Margin": {"2019-12-31": "", "2018-12-31": "", "2017-12-31": "", "2016-12-31": "", "2015-12-31": "", "2014-12-31": "", "2013-12-31": "", "2012-12-31": "", "2011-12-31": "", "2010-12-31": "", "2009-12-31": "", "2008-12-31": ""}, "EBITDA Margin": {"2019-12-31": "", "2018-12-31": "", "2017-12-31": "", "2016-12-31": "", "2015-12-31": "", "2014-12-31": "", "2013-12-31": "", "2012-12-31": "", "2011-12-31": "", "2010-12-31": "", "2009-12-31": "", "2008-12-31": ""}, "Pre-Tax Profit Margin": {"2019-12-31": "34.55310", "2018-12-31": "35.43060", "2017-12-31": "35.74820", "2016-12-31": "38.23000", "2015-12-31": "38.66520", "2014-12-31": "42.06150", "2013-12-31": "46.35230", "2012-12-31": "47.04210", "2011-12-31": "49.91000", "2010-12-31": "48.62540", "2009-12-31": "59.21260", "2008-12-31": "4.43360"}, "Net Profit Margin": {"2019-12-31": "26.87010", "2018-12-31": "26.81870", "2017-12-31": "27.41730", "2016-12-31": "27.94000", "2015-12-31": "25.93200", "2014-12-31": "27.09040", "2013-12-31": "29.43640", "2012-12-31": "28.88340", "2011-12-31": "31.32460", "2010-12-31": "28.07990", "2009-12-31": "33.88310", "2008-12-31": "2.16000"}, "Asset Turnover": {"2019-12-31": "0.02820", "2018-12-31": "0.02990", "2017-12-31": "0.02910", "2016-12-31": "0.02950", "2015-12-31": "0.03030", "2014-12-31": "0.03290", "2013-12-31": "0.03400", "2012-12-31": "0.03720", "2011-12-31": "0.04070", "2010-12-31": "0.04320", "2009-12-31": "0.05130", "2008-12-31": ""}, "Inventory Turnover Ratio": {"2019-12-31": "", "2018-12-31": "", "2017-12-31": "", "2016-12-31": "", "2015-12-31": "", "2014-12-31": "", "2013-12-31": "", "2012-12-31": "", "2011-12-31": "", "2010-12-31": "", "2009-12-31": "", "2008-12-31": ""}, "Receiveable Turnover": {"2019-12-31": "", "2018-12-31": "", "2017-12-31": "", "2016-12-31": "", "2015-12-31": "", "2014-12-31": "", "2013-12-31": "", "2012-12-31": "", "2011-12-31": "", "2010-12-31": "", "2009-12-31": "", "2008-12-31": ""}, "Days Sales In Receivables": {"2019-12-31": "", "2018-12-31": "", "2017-12-31": "", "2016-12-31": "", "2015-12-31": "", "2014-12-31": "", "2013-12-31": "", "2012-12-31": "", "2011-12-31": "", "2010-12-31": "", "2009-12-31": "", "2008-12-31": ""}, "ROE - Return On Equity": {"2019-12-31": "10.68590", "2018-12-31": "11.03450", "2017-12-31": "11.09590", "2016-12-31": "11.67300", "2015-12-31": "11.07140", "2014-12-31": "12.52280", "2013-12-31": "14.12830", "2012-12-31": "13.88350", "2011-12-31": "13.83390", "2010-12-31": "12.40590", "2009-12-31": "25.17800", "2008-12-31": ""}, "Return On Tangible Equity": {"2019-12-31": "9.67500", "2018-12-31": "10.16000", "2017-12-31": "10.15370", "2016-12-31": "10.31180", "2015-12-31": "9.77230", "2014-12-31": "10.79140", "2013-12-31": "11.87540", "2012-12-31": "12.92010", "2011-12-31": "14.84320", "2010-12-31": "13.65520", "2009-12-31": "25.62860", "2008-12-31": ""}, "ROA - Return On Assets": {"2019-12-31": "0.80020", "2018-12-31": "0.86070", "2017-12-31": "0.86310", "2016-12-31": "0.91900", "2015-12-31": "0.88530", "2014-12-31": "1.00720", "2013-12-31": "1.09720", "2012-12-31": "1.17100", "2011-12-31": "1.29170", "2010-12-31": "1.23340", "2009-12-31": "1.76250", "2008-12-31": ""}, "ROI - Return On Investment": {"2019-12-31": "8.36120", "2018-12-31": "8.24820", "2017-12-31": "7.98370", "2016-12-31": "8.72320", "2015-12-31": "5.15320", "2014-12-31": "4.64440", "2013-12-31": "10.99340", "2012-12-31": "6.09550", "2011-12-31": "13.17890", "2010-12-31": "11.90380", "2009-12-31": "24.04300", "2008-12-31": ""}, "Book Value Per Share": {"2019-12-31": "58.42160", "2018-12-31": "52.62390", "2017-12-31": "48.35190", "2016-12-31": "44.77650", "2015-12-31": "39.05060", "2014-12-31": "34.55920", "2013-12-31": "31.33320", "2012-12-31": "25.90100", "2011-12-31": "20.05860", "2010-12-31": "17.26520", "2009-12-31": "", "2008-12-31": ""}, "Operating Cash Flow Per Share": {"2019-12-31": -1.1744, "2018-12-31": 0.475, "2017-12-31": 0.7025, "2016-12-31": 1.2214, "2015-12-31": 0.6366, "2014-12-31": -0.4613, "2013-12-31": 0.8603, "2012-12-31": 2.7717, "2011-12-31": -1.0289, "2010-12-31": 1.5324, "2009-12-31": 0, "2008-12-31": 0}, "Free Cash Flow Per Share": {"2019-12-31": -1.3565, "2018-12-31": 0.6935, "2017-12-31": 0.2385, "2016-12-31": 1.0208, "2015-12-31": 0.5738, "2014-12-31": -0.3152, "2013-12-31": 0.825, "2012-12-31": 2.7095, "2011-12-31": -1.1806, "2010-12-31": 1.336, "2009-12-31": 0, "2008-12-31": 0}}, "financial ratios, quarterly": {"Current Ratio": {"2020-09-30": "", "2020-06-30": "", "2020-03-31": "", "2019-12-31": "", "2019-09-30": "", "2019-06-30": "", "2019-03-31": "", "2018-12-31": "", "2018-09-30": "", "2018-06-30": "", "2018-03-31": "", "2017-12-31": "", "2017-09-30": "", "2017-06-30": "", "2017-03-31": "", "2016-12-31": "", "2016-09-30": "", "2016-06-30": "", "2016-03-31": "", "2015-12-31": "", "2015-09-30": "", "2015-06-30": "", "2015-03-31": "", "2014-12-31": "", "2014-09-30": "", "2014-06-30": "", "2014-03-31": "", "2013-12-31": "", "2013-09-30": "", "2013-06-30": "", "2013-03-31": "", "2012-12-31": "", "2012-09-30": "", "2012-06-30": "", "2012-03-31": "", "2011-12-31": "", "2011-09-30": "", "2011-06-30": "", "2011-03-31": "", "2010-12-31": "", "2010-09-30": "", "2010-06-30": "", "2010-03-31": "", "2009-12-31": "", "2008-12-31": ""}, "Long-term Debt / Capital": {"2020-09-30": "0.13520", "2020-06-30": "0.14360", "2020-03-31": "0.14610", "2019-12-31": "0.11460", "2019-09-30": "0.11910", "2019-06-30": "0.12150", "2019-03-31": "0.15620", "2018-12-31": "0.16170", "2018-09-30": "0.16180", "2018-06-30": "0.16810", "2018-03-31": "0.17590", "2017-12-31": "0.17620", "2017-09-30": "0.57310", "2017-06-30": "0.56010", "2017-03-31": "0.50040", "2016-12-31": "0.10510", "2016-09-30": "0.11190", "2016-06-30": "0.06310", "2016-03-31": "0.06650", "2015-12-31": "0.43690", "2015-09-30": "0.07360", "2015-06-30": "0.07520", "2015-03-31": "0.07800", "2014-12-31": "0.54430", "2014-09-30": "0.08540", "2014-06-30": "0.08690", "2014-03-31": "0.55880", "2013-12-31": "0.01030", "2013-09-30": "0.57260", "2013-06-30": "0.53740", "2013-03-31": "0.49890", "2012-12-31": "0.48530", "2012-09-30": "0.01900", "2012-06-30": "0.03710", "2012-03-31": "0.04180", "2011-12-31": "0.04730", "2011-09-30": "0.03430", "2011-06-30": "0.03610", "2011-03-31": "0.03770", "2010-12-31": "0.04050", "2010-09-30": "", "2010-06-30": "", "2010-03-31": "", "2009-12-31": "", "2008-12-31": ""}, "Debt/Equity Ratio": {"2020-09-30": "1.34720", "2020-06-30": "1.62470", "2020-03-31": "1.73970", "2019-12-31": "1.44910", "2019-09-30": "1.37310", "2019-06-30": "1.20120", "2019-03-31": "1.06950", "2018-12-31": "1.20700", "2018-09-30": "1.31230", "2018-06-30": "1.44070", "2018-03-31": "1.29810", "2017-12-31": "1.28820", "2017-09-30": "1.40300", "2017-06-30": "1.29380", "2017-03-31": "1.01570", "2016-12-31": "0.98590", "2016-09-30": "0.87080", "2016-06-30": "1.01880", "2016-03-31": "0.72290", "2015-12-31": "0.79340", "2015-09-30": "0.90590", "2015-06-30": "0.99770", "2015-03-31": "1.05510", "2014-12-31": "1.19440", "2014-09-30": "1.21920", "2014-06-30": "1.30430", "2014-03-31": "1.26650", "2013-12-31": "1.24830", "2013-09-30": "1.33980", "2013-06-30": "1.25930", "2013-03-31": "1.22610", "2012-12-31": "0.96510", "2012-09-30": "1.01540", "2012-06-30": "1.06910", "2012-03-31": "1.10880", "2011-12-31": "0.89750", "2011-09-30": "0.87910", "2011-06-30": "0.49570", "2011-03-31": "0.42730", "2010-12-31": "0.31190", "2010-09-30": "", "2010-06-30": "", "2010-03-31": "", "2009-12-31": "", "2008-12-31": ""}, "Gross Margin": {"2020-09-30": "", "2020-06-30": "", "2020-03-31": "", "2019-12-31": "", "2019-09-30": "", "2019-06-30": "", "2019-03-31": "", "2018-12-31": "", "2018-09-30": "", "2018-06-30": "", "2018-03-31": "", "2017-12-31": "", "2017-09-30": "", "2017-06-30": "", "2017-03-31": "", "2016-12-31": "", "2016-09-30": "", "2016-06-30": "", "2016-03-31": "", "2015-12-31": "", "2015-09-30": "", "2015-06-30": "", "2015-03-31": "", "2014-12-31": "", "2014-09-30": "", "2014-06-30": "", "2014-03-31": "", "2013-12-31": "", "2013-09-30": "", "2013-06-30": "", "2013-03-31": "", "2012-12-31": "", "2012-09-30": "", "2012-06-30": "", "2012-03-31": "", "2011-12-31": "", "2011-09-30": "", "2011-06-30": "", "2011-03-31": "", "2010-12-31": "", "2010-09-30": "", "2010-06-30": "", "2010-03-31": "", "2009-12-31": "", "2008-12-31": ""}, "Operating Margin": {"2020-09-30": "", "2020-06-30": "", "2020-03-31": "", "2019-12-31": "", "2019-09-30": "", "2019-06-30": "", "2019-03-31": "", "2018-12-31": "", "2018-09-30": "", "2018-06-30": "", "2018-03-31": "", "2017-12-31": "", "2017-09-30": "", "2017-06-30": "", "2017-03-31": "", "2016-12-31": "", "2016-09-30": "", "2016-06-30": "", "2016-03-31": "", "2015-12-31": "", "2015-09-30": "", "2015-06-30": "", "2015-03-31": "", "2014-12-31": "", "2014-09-30": "", "2014-06-30": "", "2014-03-31": "", "2013-12-31": "", "2013-09-30": "", "2013-06-30": "", "2013-03-31": "", "2012-12-31": "", "2012-09-30": "", "2012-06-30": "", "2012-03-31": "", "2011-12-31": "", "2011-09-30": "", "2011-06-30": "", "2011-03-31": "", "2010-12-31": "", "2010-09-30": "", "2010-06-30": "", "2010-03-31": "", "2009-12-31": "", "2008-12-31": ""}, "EBIT Margin": {"2020-09-30": "", "2020-06-30": "", "2020-03-31": "", "2019-12-31": "", "2019-09-30": "", "2019-06-30": "", "2019-03-31": "", "2018-12-31": "", "2018-09-30": "", "2018-06-30": "", "2018-03-31": "", "2017-12-31": "", "2017-09-30": "", "2017-06-30": "", "2017-03-31": "", "2016-12-31": "", "2016-09-30": "", "2016-06-30": "", "2016-03-31": "", "2015-12-31": "", "2015-09-30": "", "2015-06-30": "", "2015-03-31": "", "2014-12-31": "", "2014-09-30": "", "2014-06-30": "", "2014-03-31": "", "2013-12-31": "", "2013-09-30": "", "2013-06-30": "", "2013-03-31": "", "2012-12-31": "", "2012-09-30": "", "2012-06-30": "", "2012-03-31": "", "2011-12-31": "", "2011-09-30": "", "2011-06-30": "", "2011-03-31": "", "2010-12-31": "", "2010-09-30": "", "2010-06-30": "", "2010-03-31": "", "2009-12-31": "", "2008-12-31": ""}, "EBITDA Margin": {"2020-09-30": "", "2020-06-30": "", "2020-03-31": "", "2019-12-31": "", "2019-09-30": "", "2019-06-30": "", "2019-03-31": "", "2018-12-31": "", "2018-09-30": "", "2018-06-30": "", "2018-03-31": "", "2017-12-31": "", "2017-09-30": "", "2017-06-30": "", "2017-03-31": "", "2016-12-31": "", "2016-09-30": "", "2016-06-30": "", "2016-03-31": "", "2015-12-31": "", "2015-09-30": "", "2015-06-30": "", "2015-03-31": "", "2014-12-31": "", "2014-09-30": "", "2014-06-30": "", "2014-03-31": "", "2013-12-31": "", "2013-09-30": "", "2013-06-30": "", "2013-03-31": "", "2012-12-31": "", "2012-09-30": "", "2012-06-30": "", "2012-03-31": "", "2011-12-31": "", "2011-09-30": "", "2011-06-30": "", "2011-03-31": "", "2010-12-31": "", "2010-09-30": "", "2010-06-30": "", "2010-03-31": "", "2009-12-31": "", "2008-12-31": ""}, "Pre-Tax Profit Margin": {"2020-09-30": "37.47360", "2020-06-30": "35.86200", "2020-03-31": "31.30930", "2019-12-31": "35.60830", "2019-09-30": "34.92230", "2019-06-30": "33.74220", "2019-03-31": "33.83240", "2018-12-31": "36.53980", "2018-09-30": "35.48370", "2018-06-30": "34.79670", "2018-03-31": "34.79210", "2017-12-31": "34.68220", "2017-09-30": "36.62890", "2017-06-30": "35.68170", "2017-03-31": "36.06370", "2016-12-31": "38.84570", "2016-09-30": "37.44180", "2016-06-30": "38.54920", "2016-03-31": "38.02940", "2015-12-31": "37.67170", "2015-09-30": "39.24660", "2015-06-30": "39.96850", "2015-03-31": "37.80020", "2014-12-31": "39.35860", "2014-09-30": "44.19300", "2014-06-30": "42.63300", "2014-03-31": "41.94360", "2013-12-31": "44.67950", "2013-09-30": "45.51890", "2013-06-30": "46.45170", "2013-03-31": "48.73170", "2012-12-31": "52.37700", "2012-09-30": "45.30520", "2012-06-30": "45.07800", "2012-03-31": "44.90920", "2011-12-31": "50.43810", "2011-09-30": "48.95330", "2011-06-30": "48.76650", "2011-03-31": "51.43350", "2010-12-31": "43.89100", "2010-09-30": "45.68570", "2010-06-30": "48.62410", "2010-03-31": "53.92620", "2009-12-31": "", "2008-12-31": ""}, "Net Profit Margin": {"2020-09-30": "28.61250", "2020-06-30": "27.25090", "2020-03-31": "23.69210", "2019-12-31": "27.14900", "2019-09-30": "27.06430", "2019-06-30": "26.28190", "2019-03-31": "26.95610", "2018-12-31": "27.38970", "2018-09-30": "26.18440", "2018-06-30": "27.26730", "2018-03-31": "26.39800", "2017-12-31": "26.38920", "2017-09-30": "28.13460", "2017-06-30": "27.90030", "2017-03-31": "27.29840", "2016-12-31": "27.46240", "2016-09-30": "28.60680", "2016-06-30": "28.34100", "2016-03-31": "27.38160", "2015-12-31": "25.83490", "2015-09-30": "26.32050", "2015-06-30": "26.67930", "2015-03-31": "24.82000", "2014-12-31": "25.22770", "2014-09-30": "28.59030", "2014-06-30": "27.54480", "2014-03-31": "26.91130", "2013-12-31": "28.22040", "2013-09-30": "28.81000", "2013-06-30": "29.13730", "2013-03-31": "31.54610", "2012-12-31": "30.01370", "2012-09-30": "29.74940", "2012-06-30": "25.80860", "2012-03-31": "29.86250", "2011-12-31": "31.12360", "2011-09-30": "30.95230", "2011-06-30": "31.30640", "2011-03-31": "31.93850", "2010-12-31": "26.31620", "2010-09-30": "26.47670", "2010-06-30": "27.25970", "2010-03-31": "30.59580", "2009-12-31": "", "2008-12-31": ""}, "Asset Turnover": {"2020-09-30": "0.00730", "2020-06-30": "0.00690", "2020-03-31": "0.00700", "2019-12-31": "0.00750", "2019-09-30": "0.00740", "2019-06-30": "0.00760", "2019-03-31": "0.00780", "2018-12-31": "0.00790", "2018-09-30": "0.00780", "2018-06-30": "0.00770", "2018-03-31": "0.00780", "2017-12-31": "0.00780", "2017-09-30": "0.00780", "2017-06-30": "0.00760", "2017-03-31": "0.00770", "2016-12-31": "0.00800", "2016-09-30": "0.00790", "2016-06-30": "0.00800", "2016-03-31": "0.00830", "2015-12-31": "0.00820", "2015-09-30": "0.00820", "2015-06-30": "0.00830", "2015-03-31": "0.00800", "2014-12-31": "0.00830", "2014-09-30": "0.00920", "2014-06-30": "0.00840", "2014-03-31": "0.00840", "2013-12-31": "0.00860", "2013-09-30": "0.00860", "2013-06-30": "0.00950", "2013-03-31": "0.01040", "2012-12-31": "0.00990", "2012-09-30": "0.01000", "2012-06-30": "0.01010", "2012-03-31": "0.01010", "2011-12-31": "0.01080", "2011-09-30": "0.01060", "2011-06-30": "0.01140", "2011-03-31": "0.01180", "2010-12-31": "0.01290", "2010-09-30": "", "2010-06-30": "", "2010-03-31": "", "2009-12-31": "", "2008-12-31": ""}, "Inventory Turnover Ratio": {"2020-09-30": "", "2020-06-30": "", "2020-03-31": "", "2019-12-31": "", "2019-09-30": "", "2019-06-30": "", "2019-03-31": "", "2018-12-31": "", "2018-09-30": "", "2018-06-30": "", "2018-03-31": "", "2017-12-31": "", "2017-09-30": "", "2017-06-30": "", "2017-03-31": "", "2016-12-31": "", "2016-09-30": "", "2016-06-30": "", "2016-03-31": "", "2015-12-31": "", "2015-09-30": "", "2015-06-30": "", "2015-03-31": "", "2014-12-31": "", "2014-09-30": "", "2014-06-30": "", "2014-03-31": "", "2013-12-31": "", "2013-09-30": "", "2013-06-30": "", "2013-03-31": "", "2012-12-31": "", "2012-09-30": "", "2012-06-30": "", "2012-03-31": "", "2011-12-31": "", "2011-09-30": "", "2011-06-30": "", "2011-03-31": "", "2010-12-31": "", "2010-09-30": "", "2010-06-30": "", "2010-03-31": "", "2009-12-31": "", "2008-12-31": ""}, "Receiveable Turnover": {"2020-09-30": "", "2020-06-30": "", "2020-03-31": "", "2019-12-31": "", "2019-09-30": "", "2019-06-30": "", "2019-03-31": "", "2018-12-31": "", "2018-09-30": "", "2018-06-30": "", "2018-03-31": "", "2017-12-31": "", "2017-09-30": "", "2017-06-30": "", "2017-03-31": "", "2016-12-31": "", "2016-09-30": "", "2016-06-30": "", "2016-03-31": "", "2015-12-31": "", "2015-09-30": "", "2015-06-30": "", "2015-03-31": "", "2014-12-31": "", "2014-09-30": "", "2014-06-30": "", "2014-03-31": "", "2013-12-31": "", "2013-09-30": "", "2013-06-30": "", "2013-03-31": "", "2012-12-31": "", "2012-09-30": "", "2012-06-30": "", "2012-03-31": "", "2011-12-31": "", "2011-09-30": "", "2011-06-30": "", "2011-03-31": "", "2010-12-31": "", "2010-09-30": "", "2010-06-30": "", "2010-03-31": "", "2009-12-31": "", "2008-12-31": ""}, "Days Sales In Receivables": {"2020-09-30": "", "2020-06-30": "", "2020-03-31": "", "2019-12-31": "", "2019-09-30": "", "2019-06-30": "", "2019-03-31": "", "2018-12-31": "", "2018-09-30": "", "2018-06-30": "", "2018-03-31": "", "2017-12-31": "", "2017-09-30": "", "2017-06-30": "", "2017-03-31": "", "2016-12-31": "", "2016-09-30": "", "2016-06-30": "", "2016-03-31": "", "2015-12-31": "", "2015-09-30": "", "2015-06-30": "", "2015-03-31": "", "2014-12-31": "", "2014-09-30": "", "2014-06-30": "", "2014-03-31": "", "2013-12-31": "", "2013-09-30": "", "2013-06-30": "", "2013-03-31": "", "2012-12-31": "", "2012-09-30": "", "2012-06-30": "", "2012-03-31": "", "2011-12-31": "", "2011-09-30": "", "2011-06-30": "", "2011-03-31": "", "2010-12-31": "", "2010-09-30": "", "2010-06-30": "", "2010-03-31": "", "2009-12-31": "", "2008-12-31": ""}, "ROE - Return On Equity": {"2020-09-30": "3.02220", "2020-06-30": "2.72260", "2020-03-31": "2.37320", "2019-12-31": "2.82940", "2019-09-30": "2.76570", "2019-06-30": "2.68810", "2019-03-31": "2.79540", "2018-12-31": "2.99080", "2018-09-30": "2.83720", "2018-06-30": "2.93980", "2018-03-31": "2.84550", "2017-12-31": "2.84520", "2017-09-30": "3.10670", "2017-06-30": "2.97600", "2017-03-31": "2.87500", "2016-12-31": "3.10480", "2016-09-30": "3.23880", "2016-06-30": "3.19350", "2016-03-31": "3.25050", "2015-12-31": "2.96950", "2015-09-30": "3.06830", "2015-06-30": "3.07200", "2015-03-31": "2.76940", "2014-12-31": "2.96890", "2014-09-30": "3.58290", "2014-06-30": "3.26530", "2014-03-31": "3.18220", "2013-12-31": "3.52540", "2013-09-30": "3.50390", "2013-06-30": "3.63090", "2013-03-31": "4.06020", "2012-12-31": "3.75110", "2012-09-30": "3.65090", "2012-06-30": "3.63980", "2012-03-31": "3.47870", "2011-12-31": "3.62470", "2011-09-30": "3.57010", "2011-06-30": "3.58320", "2011-03-31": "3.88390", "2010-12-31": "3.41460", "2010-09-30": "", "2010-06-30": "", "2010-03-31": "", "2009-12-31": "", "2008-12-31": ""}, "Return On Tangible Equity": {"2020-09-30": "2.63720", "2020-06-30": "2.48210", "2020-03-31": "2.15950", "2019-12-31": "2.56170", "2019-09-30": "2.57480", "2019-06-30": "2.50000", "2019-03-31": "2.59770", "2018-12-31": "2.75370", "2018-09-30": "2.56320", "2018-06-30": "2.64460", "2018-03-31": "2.65880", "2017-12-31": "2.60360", "2017-09-30": "2.82910", "2017-06-30": "2.70670", "2017-03-31": "2.63180", "2016-12-31": "2.74270", "2016-09-30": "2.81940", "2016-06-30": "2.77160", "2016-03-31": "2.79830", "2015-12-31": "2.62100", "2015-09-30": "2.62910", "2015-06-30": "2.62380", "2015-03-31": "2.40810", "2014-12-31": "2.55840", "2014-09-30": "3.07830", "2014-06-30": "2.79280", "2014-03-31": "2.71140", "2013-12-31": "2.96320", "2013-09-30": "3.10120", "2013-06-30": "3.20770", "2013-03-31": "3.78700", "2012-12-31": "3.49080", "2012-09-30": "3.42320", "2012-06-30": "3.41160", "2012-03-31": "3.44230", "2011-12-31": "3.88920", "2011-09-30": "3.85630", "2011-06-30": "3.89470", "2011-03-31": "4.24440", "2010-12-31": "3.75850", "2010-09-30": "", "2010-06-30": "", "2010-03-31": "", "2009-12-31": "", "2008-12-31": ""}, "ROA - Return On Assets": {"2020-09-30": "0.22000", "2020-06-30": "0.20010", "2020-03-31": "0.17650", "2019-12-31": "0.21190", "2019-09-30": "0.21150", "2019-06-30": "0.21060", "2019-03-31": "0.22250", "2018-12-31": "0.23330", "2018-09-30": "0.22220", "2018-06-30": "0.22350", "2018-03-31": "0.22070", "2017-12-31": "0.22130", "2017-09-30": "0.23720", "2017-06-30": "0.23040", "2017-03-31": "0.23110", "2016-12-31": "0.24440", "2016-09-30": "0.25270", "2016-06-30": "0.25490", "2016-03-31": "0.25360", "2015-12-31": "0.23740", "2015-09-30": "0.24350", "2015-06-30": "0.24730", "2015-03-31": "0.22700", "2014-12-31": "0.23880", "2014-09-30": "0.29140", "2014-06-30": "0.26140", "2014-03-31": "0.25870", "2013-12-31": "0.27380", "2013-09-30": "0.27290", "2013-06-30": "0.30140", "2013-03-31": "0.34930", "2012-12-31": "0.31640", "2012-09-30": "0.31520", "2012-06-30": "0.31800", "2012-03-31": "0.31180", "2011-12-31": "0.33850", "2011-09-30": "0.33190", "2011-06-30": "0.36140", "2011-03-31": "0.38200", "2010-12-31": "0.33950", "2010-09-30": "", "2010-06-30": "", "2010-03-31": "", "2009-12-31": "", "2008-12-31": ""}, "ROI - Return On Investment": {"2020-09-30": "2.23450", "2020-06-30": "2.07920", "2020-03-31": "1.80250", "2019-12-31": "2.21390", "2019-09-30": "2.19350", "2019-06-30": "2.12080", "2019-03-31": "2.11360", "2018-12-31": "2.23560", "2018-09-30": "2.06520", "2018-06-30": "2.10860", "2018-03-31": "2.09370", "2017-12-31": "2.04720", "2017-09-30": "1.14950", "2017-06-30": "1.13070", "2017-03-31": "1.24590", "2016-12-31": "2.32020", "2016-09-30": "2.36780", "2016-06-30": "2.45130", "2016-03-31": "2.45670", "2015-12-31": "1.38210", "2015-09-30": "2.32010", "2015-06-30": "2.30720", "2015-03-31": "2.10580", "2014-12-31": "1.10110", "2014-09-30": "2.65470", "2014-06-30": "2.40380", "2014-03-31": "1.12610", "2013-12-31": "2.74310", "2013-09-30": "1.23130", "2013-06-30": "1.37390", "2013-03-31": "1.74550", "2012-12-31": "1.64690", "2012-09-30": "3.18570", "2012-06-30": "3.10380", "2012-03-31": "3.10090", "2011-12-31": "3.45310", "2011-09-30": "3.44790", "2011-06-30": "3.45400", "2011-03-31": "3.73760", "2010-12-31": "3.27640", "2010-09-30": "", "2010-06-30": "", "2010-03-31": "", "2009-12-31": "", "2008-12-31": ""}, "Book Value Per Share": {"2020-09-30": "65.88500", "2020-06-30": "61.45440", "2020-03-31": "60.44380", "2019-12-31": "58.42160", "2019-09-30": "55.98820", "2019-06-30": "54.82140", "2019-03-31": "54.04040", "2018-12-31": "52.62390", "2018-09-30": "52.60160", "2018-06-30": "50.88590", "2018-03-31": "48.41460", "2017-12-31": "48.35190", "2017-09-30": "47.03320", "2017-06-30": "46.04140", "2017-03-31": "45.11620", "2016-12-31": "44.77650", "2016-09-30": "42.93210", "2016-06-30": "42.11950", "2016-03-31": "40.90330", "2015-12-31": "39.05060", "2015-09-30": "37.78980", "2015-06-30": "36.97660", "2015-03-31": "35.71300", "2014-12-31": "34.55920", "2014-09-30": "33.91610", "2014-06-30": "33.26660", "2014-03-31": "32.67890", "2013-12-31": "31.33320", "2013-09-30": "29.34500", "2013-06-30": "28.72910", "2013-03-31": "26.75600", "2012-12-31": "25.90100", "2012-09-30": "24.14970", "2012-06-30": "23.41660", "2012-03-31": "21.98680", "2011-12-31": "20.05860", "2011-09-30": "19.25680", "2011-06-30": "18.62610", "2011-03-31": "17.99570", "2010-12-31": "17.26520", "2010-09-30": "", "2010-06-30": "", "2010-03-31": "", "2009-12-31": "", "2008-12-31": ""}, "Operating Cash Flow Per Share": {"2020-09-30": 0.4269, "2020-06-30": 0.6473, "2020-03-31": "1.34590", "2019-12-31": -5.1068, "2019-09-30": 6.937, "2019-06-30": 2.287, "2019-03-31": "1.41810", "2018-12-31": -0.2151, "2018-09-30": 4.8281, "2018-06-30": 0.4665, "2018-03-31": "1.63020", "2017-12-31": 1.353, "2017-09-30": 1.7861, "2017-06-30": 1.4848, "2017-03-31": "1.61080", "2016-12-31": 2.0087, "2016-09-30": 2.022, "2016-06-30": 0.6593, "2016-03-31": "0.84220", "2015-12-31": 0.6571, "2015-09-30": 1.6407, "2015-06-30": 1.5387, "2015-03-31": "0.47430", "2014-12-31": 1.6837, "2014-09-30": 1.1058, "2014-06-30": 0.758, "2014-03-31": "0.12670", "2013-12-31": 1.2216, "2013-09-30": 0.605, "2013-06-30": 3.0721, "2013-03-31": "-0.76320", "2012-12-31": 0.4682, "2012-09-30": 2.0487, "2012-06-30": 0.5808, "2012-03-31": "0.17750", "2011-12-31": -0.2765, "2011-09-30": 0.0563, "2011-06-30": 0.2689, "2011-03-31": "0.45480", "2010-12-31": 0.3813, "2010-09-30": 1.1418, "2010-06-30": 0, "2010-03-31": "", "2009-12-31": 0, "2008-12-31": 0}, "Free Cash Flow Per Share": {"2020-09-30": 0.2393, "2020-06-30": 0.4777, "2020-03-31": "1.11990", "2019-12-31": -5.3827, "2019-09-30": 6.6368, "2019-06-30": 2.0718, "2019-03-31": "1.21890", "2018-12-31": -0.4238, "2018-09-30": 4.609, "2018-06-30": 0.2454, "2018-03-31": "1.47070", "2017-12-31": 1.0973, "2017-09-30": 1.5502, "2017-06-30": 1.2288, "2017-03-31": "1.33150", "2016-12-31": 1.8129, "2016-09-30": 1.8891, "2016-06-30": 0.5303, "2016-03-31": "0.73700", "2015-12-31": 0.507, "2015-09-30": 1.5744, "2015-06-30": 1.4474, "2015-03-31": "0.41970", "2014-12-31": 1.5811, "2014-09-30": 1.0274, "2014-06-30": 0.6986, "2014-03-31": "0.06760", "2013-12-31": 1.1213, "2013-09-30": 0.4895, "2013-06-30": 2.9841, "2013-03-31": "-0.90500", "2012-12-31": 0.3302, "2012-09-30": 1.9574, "2012-06-30": 0.4899, "2012-03-31": "0.08740", "2011-12-31": -0.3686, "2011-09-30": -0.0395, "2011-06-30": 0.1883, "2011-03-31": "0.37520", "2010-12-31": 0.3477, "2010-09-30": 0.9802, "2010-06-30": 0, "2010-03-31": "", "2009-12-31": 0, "2008-12-31": 0}}, "revenue": {"First Republic Bank Annual Revenue (Millions of US $)": {"2020": "$4,507", "2019": "$4,157", "2018": "$3,575", "2017": "$2,912", "2016": "$2,376", "2015": "$1,989", "2014": "$1,801", "2013": "$1,600", "2012": "$1,456", "2011": "$1,301", "2010": "$1,152", "2009": "$1,331", "2008": "$988"}, "First Republic Bank Quarterly Revenue (Millions of US $)": {"2020-12-31": "$1,179", "2020-09-30": "$1,133", "2020-06-30": "$1,075", "2020-03-31": "$1,120", "2019-12-31": "$1,094", "2019-09-30": "$1,052", "2019-06-30": "$1,031", "2019-03-31": "$979", "2018-12-31": "$972", "2018-09-30": "$914", "2018-06-30": "$867", "2018-03-31": "$822", "2017-12-31": "$793", "2017-09-30": "$757", "2017-06-30": "$709", "2017-03-31": "$654", "2016-12-31": "$646", "2016-09-30": "$602", "2016-06-30": "$573", "2016-03-31": "$555", "2015-12-31": "$531", "2015-09-30": "$506", "2015-06-30": "$492", "2015-03-31": "$460", "2014-12-31": "$455", "2014-09-30": "$481", "2014-06-30": "$447", "2014-03-31": "$418", "2013-12-31": "$410", "2013-09-30": "$400", "2013-06-30": "$395", "2013-03-31": "$396", "2012-12-31": "$384", "2012-09-30": "$371", "2012-06-30": "$359", "2012-03-31": "$342", "2011-12-31": "$344", "2011-09-30": "$331", "2011-06-30": "$313", "2011-03-31": "$313", "2010-12-31": "$310", "2010-09-30": "$283", "2010-06-30": "$269", "2010-03-31": "$289", "2009-12-31": "", "2008-12-31": ""}}, "gross-profit": {"First Republic Bank Annual Gross Profit (Millions of US $)": {"2020": "$3,917", "2019": "$3,341", "2018": "$3,045", "2017": "$2,612", "2016": "$2,212", "2015": "$1,842", "2014": "$1,649", "2013": "$1,469", "2012": "$1,342", "2011": "$1,184", "2010": "$1,002", "2009": "$1,073", "2008": "$594"}, "First Republic Bank Quarterly Gross Profit (Millions of US $)": {"2020-12-31": "$1,080", "2020-09-30": "$1,001", "2020-06-30": "$919", "2020-03-31": "$916", "2019-12-31": "$877", "2019-09-30": "$837", "2019-06-30": "$819", "2019-03-31": "$807", "2018-12-31": "$811", "2018-09-30": "$769", "2018-06-30": "$744", "2018-03-31": "$721", "2017-12-31": "$699", "2017-09-30": "$670", "2017-06-30": "$641", "2017-03-31": "$601", "2016-12-31": "$599", "2016-09-30": "$558", "2016-06-30": "$535", "2016-03-31": "$520", "2015-12-31": "$495", "2015-09-30": "$469", "2015-06-30": "$455", "2015-03-31": "$423", "2014-12-31": "$417", "2014-09-30": "$441", "2014-06-30": "$410", "2014-03-31": "$382", "2013-12-31": "$371", "2013-09-30": "$362", "2013-06-30": "$365", "2013-03-31": "$370", "2012-12-31": "$358", "2012-09-30": "$343", "2012-06-30": "$327", "2012-03-31": "$314", "2011-12-31": "$315", "2011-09-30": "$299", "2011-06-30": "$284", "2011-03-31": "$286", "2010-12-31": "$284", "2010-09-30": "$255", "2010-06-30": "$223", "2010-03-31": "$239", "2009-12-31": "", "2008-12-31": ""}}, "operating-income": {"First Republic Bank Annual Operating Income (Millions of US $)": {"2020": "$1,334", "2019": "$1,133", "2018": "$1,052", "2017": "$912", "2016": "$828", "2015": "$691", "2014": "$670", "2013": "$664", "2012": "$601", "2011": "$565", "2010": "$470", "2009": "$606", "2008": "$21"}, "First Republic Bank Quarterly Operating Income (Millions of US $)": {"2020-12-31": "$379", "2020-09-30": "$365", "2020-06-30": "$318", "2020-03-31": "$272", "2019-12-31": "$309", "2019-09-30": "$287", "2019-06-30": "$269", "2019-03-31": "$268", "2018-12-31": "$287", "2018-09-30": "$266", "2018-06-30": "$252", "2018-03-31": "$246", "2017-12-31": "$237", "2017-09-30": "$242", "2017-06-30": "$220", "2017-03-31": "$214", "2016-12-31": "$210", "2016-09-30": "$202", "2016-06-30": "$201", "2016-03-31": "$196", "2015-12-31": "$182", "2015-09-30": "$178", "2015-06-30": "$175", "2015-03-31": "$155", "2014-12-31": "$158", "2014-09-30": "$189", "2014-06-30": "$166", "2014-03-31": "$157", "2013-12-31": "$162", "2013-09-30": "$160", "2013-06-30": "$164", "2013-03-31": "$177", "2012-12-31": "$178", "2012-09-30": "$148", "2012-06-30": "$141", "2012-03-31": "$134", "2011-12-31": "$151", "2011-09-30": "$139", "2011-06-30": "$132", "2011-03-31": "$143", "2010-12-31": "$89", "2010-09-30": "$115", "2010-06-30": "$108", "2010-03-31": "$120", "2009-12-31": "", "2008-12-31": ""}}, "ebitda": {"First Republic Bank Annual EBITDA (Millions of US $)": {"2019": "$", "2018": "$", "2017": "$", "2016": "$", "2015": "$", "2014": "$", "2013": "$", "2012": "$", "2011": "$", "2010": "$", "2009": "$", "2008": "$"}, "First Republic Bank Quarterly EBITDA (Millions of US $)": {"2020-09-30": "", "2020-06-30": "", "2020-03-31": "", "2019-12-31": "", "2019-09-30": "", "2019-06-30": "", "2019-03-31": "", "2018-12-31": "", "2018-09-30": "", "2018-06-30": "", "2018-03-31": "", "2017-12-31": "", "2017-09-30": "", "2017-06-30": "", "2017-03-31": "", "2016-12-31": "", "2016-09-30": "", "2016-06-30": "", "2016-03-31": "", "2015-12-31": "", "2015-09-30": "", "2015-06-30": "", "2015-03-31": "", "2014-12-31": "", "2014-09-30": "", "2014-06-30": "", "2014-03-31": "", "2013-12-31": "", "2013-09-30": "", "2013-06-30": "", "2013-03-31": "", "2012-12-31": "", "2012-09-30": "", "2012-06-30": "", "2012-03-31": "", "2011-12-31": "", "2011-09-30": "", "2011-06-30": "", "2011-03-31": "", "2010-12-31": "", "2010-09-30": "", "2010-06-30": "", "2010-03-31": "", "2009-12-31": "", "2008-12-31": ""}}, "net-income": {"First Republic Bank Annual Net Income (Millions of US $)": {"2020": "$1,005", "2019": "$881", "2018": "$796", "2017": "$700", "2016": "$605", "2015": "$463", "2014": "$431", "2013": "$421", "2012": "$369", "2011": "$354", "2010": "$271", "2009": "$347", "2008": "$10"}, "First Republic Bank Quarterly Net Income (Millions of US $)": {"2020-12-31": "$279", "2020-09-30": "$278", "2020-06-30": "$242", "2020-03-31": "$206", "2019-12-31": "$236", "2019-09-30": "$222", "2019-06-30": "$210", "2019-03-31": "$214", "2018-12-31": "$215", "2018-09-30": "$196", "2018-06-30": "$198", "2018-03-31": "$187", "2017-12-31": "$180", "2017-09-30": "$186", "2017-06-30": "$172", "2017-03-31": "$162", "2016-12-31": "$162", "2016-09-30": "$154", "2016-06-30": "$148", "2016-03-31": "$141", "2015-12-31": "$125", "2015-09-30": "$120", "2015-06-30": "$117", "2015-03-31": "$102", "2014-12-31": "$102", "2014-09-30": "$122", "2014-06-30": "$107", "2014-03-31": "$101", "2013-12-31": "$102", "2013-09-30": "$101", "2013-06-30": "$103", "2013-03-31": "$115", "2012-12-31": "$102", "2012-09-30": "$97", "2012-06-30": "$81", "2012-03-31": "$89", "2011-12-31": "$93", "2011-09-30": "$88", "2011-06-30": "$85", "2011-03-31": "$89", "2010-12-31": "$76", "2010-09-30": "$66", "2010-06-30": "$61", "2010-03-31": "$68", "2009-12-31": "", "2008-12-31": ""}}, "eps-earnings-per-share-diluted": {"First Republic Bank Annual EPS": {"2020": "$5.81", "2019": "$5.20", "2018": "$4.81", "2017": "$4.31", "2016": "$3.93", "2015": "$3.18", "2014": "$3.07", "2013": "$3.10", "2012": "$2.75", "2011": "$2.67", "2010": "$2.14", "2009": "$0.00", "2008": "$0.00"}, "First Republic Bank Quarterly EPS": {"2020-12-31": "$1.60", "2020-09-30": "$1.61", "2020-06-30": "$1.40", "2020-03-31": "$1.20", "2019-12-31": "$1.39", "2019-09-30": "$1.31", "2019-06-30": "$1.24", "2019-03-31": "$1.26", "2018-12-31": "$1.29", "2018-09-30": "$1.19", "2018-06-30": "$1.20", "2018-03-31": "$1.13", "2017-12-31": "$1.10", "2017-09-30": "$1.14", "2017-06-30": "$1.06", "2017-03-31": "$1.01", "2016-12-31": "$1.03", "2016-09-30": "$1.00", "2016-06-30": "$0.97", "2016-03-31": "$0.93", "2015-12-31": "$0.85", "2015-09-30": "$0.82", "2015-06-30": "$0.80", "2015-03-31": "$0.71", "2014-12-31": "$0.72", "2014-09-30": "$0.86", "2014-06-30": "$0.76", "2014-03-31": "$0.73", "2013-12-31": "$0.75", "2013-09-30": "$0.74", "2013-06-30": "$0.76", "2013-03-31": "$0.85", "2012-12-31": "$0.76", "2012-09-30": "$0.72", "2012-06-30": "$0.60", "2012-03-31": "$0.67", "2011-12-31": "$0.70", "2011-09-30": "$0.66", "2011-06-30": "$0.64", "2011-03-31": "$0.67", "2010-12-31": "$0.60", "2010-09-30": "$0.53", "2010-06-30": "$0.00", "2010-03-31": "$0.00", "2009-12-31": "$0.00", "2008-12-31": "$0.00"}}, "shares-outstanding": {"First Republic Bank Annual Shares Outstanding (Millions of Shares)": {"2020": "173", "2019": "170", "2018": "166", "2017": "162", "2016": "154", "2015": "146", "2014": "140", "2013": "136", "2012": "134", "2011": "133", "2010": "127", "2009": "", "2008": ""}, "First Republic Bank Quarterly Shares Outstanding (Millions of Shares)": {"2020-12-31": "175", "2020-09-30": "173", "2020-06-30": "173", "2020-03-31": "172", "2019-12-31": "170", "2019-09-30": "169", "2019-06-30": "170", "2019-03-31": "169", "2018-12-31": "166", "2018-09-30": "165", "2018-06-30": "165", "2018-03-31": "165", "2017-12-31": "162", "2017-09-30": "162", "2017-06-30": "162", "2017-03-31": "160", "2016-12-31": "154", "2016-09-30": "155", "2016-06-30": "153", "2016-03-31": "152", "2015-12-31": "146", "2015-09-30": "146", "2015-06-30": "146", "2015-03-31": "143", "2014-12-31": "140", "2014-09-30": "142", "2014-06-30": "141", "2014-03-31": "137", "2013-12-31": "136", "2013-09-30": "136", "2013-06-30": "136", "2013-03-31": "135", "2012-12-31": "134", "2012-09-30": "134", "2012-06-30": "134", "2012-03-31": "134", "2011-12-31": "133", "2011-09-30": "132", "2011-06-30": "133", "2011-03-31": "133", "2010-12-31": "128", "2010-09-30": "126", "2010-06-30": "", "2010-03-31": "", "2009-12-31": "", "2008-12-31": ""}}, "total-assets": {"First Republic Bank Annual Total Assets (Millions of US $)": {"2019": "$116,264", "2018": "$99,205", "2017": "$87,781", "2016": "$73,278", "2015": "$58,981", "2014": "$48,350", "2013": "$42,113", "2012": "$34,389", "2011": "$27,792", "2010": "$22,378", "2009": "$19,941", "2008": "$0"}, "First Republic Bank Quarterly Total Assets (Millions of US $)": {"2020-09-30": "$133,226", "2020-06-30": "$128,304", "2020-03-31": "$123,915", "2019-12-31": "$116,264", "2019-09-30": "$111,029", "2019-06-30": "$105,700", "2019-03-31": "$101,847", "2018-12-31": "$99,205", "2018-09-30": "$96,094", "2018-06-30": "$93,851", "2018-03-31": "$90,224", "2017-12-31": "$87,781", "2017-09-30": "$84,320", "2017-06-30": "$80,978", "2017-03-31": "$76,504", "2016-12-31": "$73,278", "2016-09-30": "$67,994", "2016-06-30": "$64,730", "2016-03-31": "$62,103", "2015-12-31": "$58,981", "2015-09-30": "$55,375", "2015-06-30": "$53,119", "2015-03-31": "$51,066", "2014-12-31": "$48,350", "2014-09-30": "$46,681", "2014-06-30": "$46,229", "2014-03-31": "$44,346", "2013-12-31": "$42,113", "2013-09-30": "$40,951", "2013-06-30": "$37,313", "2013-03-31": "$35,083", "2012-12-31": "$34,389", "2012-09-30": "$32,576", "2012-06-30": "$30,987", "2012-03-31": "$29,719", "2011-12-31": "$27,792", "2011-09-30": "$26,778", "2011-06-30": "$23,798", "2011-03-31": "$23,576", "2010-12-31": "$22,378", "2010-09-30": "$0", "2010-06-30": "$0", "2010-03-31": "$0", "2009-12-31": "$19,941", "2008-12-31": "$0"}}, "cash-on-hand": {"First Republic Bank Annual Cash on Hand (Millions of US $)": {"2019": "$1,700", "2018": "$2,811", "2017": "$2,297", "2016": "$2,108", "2015": "$1,131", "2014": "$817", "2013": "$808", "2012": "$633", "2011": "$636", "2010": "$1,528", "2009": "$179", "2008": "$"}, "First Republic Bank Quarterly Cash on Hand (Millions of US $)": {"2020-09-30": "$3,691", "2020-06-30": "$3,099", "2020-03-31": "$3,949", "2019-12-31": "$1,700", "2019-09-30": "$2,182", "2019-06-30": "$2,220", "2019-03-31": "$3,693", "2018-12-31": "$2,811", "2018-09-30": "$3,014", "2018-06-30": "$3,993", "2018-03-31": "$3,840", "2017-12-31": "$2,297", "2017-09-30": "$2,682", "2017-06-30": "$2,295", "2017-03-31": "$2,756", "2016-12-31": "$2,108", "2016-09-30": "$1,387", "2016-06-30": "$1,564", "2016-03-31": "$1,946", "2015-12-31": "$1,131", "2015-09-30": "$1,796", "2015-06-30": "$1,371", "2015-03-31": "$1,645", "2014-12-31": "$817", "2014-09-30": "$1,373", "2014-06-30": "$1,751", "2014-03-31": "$1,791", "2013-12-31": "$808", "2013-09-30": "$1,954", "2013-06-30": "$592", "2013-03-31": "$553", "2012-12-31": "$633", "2012-09-30": "$901", "2012-06-30": "$820", "2012-03-31": "$1,442", "2011-12-31": "$636", "2011-09-30": "$2,069", "2011-06-30": "$799", "2011-03-31": "$2,270", "2010-12-31": "$1,528", "2010-09-30": "", "2010-06-30": "", "2010-03-31": "", "2009-12-31": "$179", "2008-12-31": ""}}, "long-term-debt": {"First Republic Bank Annual Long Term Debt (Millions of US $)": {"2019": "$13,476", "2018": "$10,374", "2017": "$9,972", "2016": "$6,711", "2015": "$4,427", "2014": "$5,707", "2013": "$5,193", "2012": "$3,206", "2011": "$2,329", "2010": "$694", "2009": "$196", "2008": "$"}, "First Republic Bank Quarterly Long Term Debt (Millions of US $)": {"2020-09-30": "$15,279", "2020-06-30": "$17,178", "2020-03-31": "$18,023", "2019-12-31": "$13,476", "2019-09-30": "$12,175", "2019-06-30": "$11,075", "2019-03-31": "$9,674", "2018-12-31": "$10,374", "2018-09-30": "$11,273", "2018-06-30": "$11,323", "2018-03-31": "$10,172", "2017-12-31": "$9,972", "2017-09-30": "$9,971", "2017-06-30": "$9,243", "2017-03-31": "$7,100", "2016-12-31": "$6,711", "2016-09-30": "$5,412", "2016-06-30": "$5,475", "2016-03-31": "$4,226", "2015-12-31": "$4,427", "2015-09-30": "$4,778", "2015-06-30": "$5,153", "2015-03-31": "$5,354", "2014-12-31": "$5,707", "2014-09-30": "$5,713", "2014-06-30": "$5,987", "2014-03-31": "$5,692", "2013-12-31": "$5,193", "2013-09-30": "$5,197", "2013-06-30": "$4,399", "2013-03-31": "$3,503", "2012-12-31": "$3,206", "2012-09-30": "$3,211", "2012-06-30": "$3,268", "2012-03-31": "$3,175", "2011-12-31": "$2,329", "2011-09-30": "$2,188", "2011-06-30": "$1,190", "2011-03-31": "$991", "2010-12-31": "$694", "2010-09-30": "", "2010-06-30": "", "2010-03-31": "", "2009-12-31": "$196", "2008-12-31": ""}}, "total-liabilities": {"First Republic Bank Annual Total Liabilities (Millions of US $)": {"2019": "$106,413", "2018": "$90,527", "2017": "$79,962", "2016": "$66,369", "2015": "$53,276", "2014": "$43,572", "2013": "$37,953", "2012": "$30,989", "2011": "$25,197", "2010": "$20,153", "2009": "$18,545", "2008": "$0"}, "First Republic Bank Quarterly Total Liabilities (Millions of US $)": {"2020-09-30": "$121,881", "2020-06-30": "$117,728", "2020-03-31": "$113,555", "2019-12-31": "$106,413", "2019-09-30": "$101,598", "2019-06-30": "$96,480", "2019-03-31": "$92,801", "2018-12-31": "$90,527", "2018-09-30": "$87,428", "2018-06-30": "$85,575", "2018-03-31": "$82,387", "2017-12-31": "$79,962", "2017-09-30": "$76,892", "2017-06-30": "$73,718", "2017-03-31": "$69,416", "2016-12-31": "$66,369", "2016-09-30": "$61,549", "2016-06-30": "$58,424", "2016-03-31": "$56,118", "2015-12-31": "$53,276", "2015-09-30": "$49,991", "2015-06-30": "$47,854", "2015-03-31": "$45,991", "2014-12-31": "$43,572", "2014-09-30": "$41,995", "2014-06-30": "$41,639", "2014-03-31": "$39,852", "2013-12-31": "$37,953", "2013-09-30": "$37,072", "2013-06-30": "$33,526", "2013-03-31": "$31,565", "2012-12-31": "$30,989", "2012-09-30": "$29,414", "2012-06-30": "$27,930", "2012-03-31": "$26,856", "2011-12-31": "$25,197", "2011-09-30": "$24,289", "2011-06-30": "$21,398", "2011-03-31": "$21,257", "2010-12-31": "$20,153", "2010-09-30": "$0", "2010-06-30": "$0", "2010-03-31": "$0", "2009-12-31": "$18,545", "2008-12-31": "$0"}}, "total-share-holder-equity": {"First Republic Bank Annual Share Holder Equity (Millions of US $)": {"2019": "$9,851", "2018": "$8,678", "2017": "$7,818", "2016": "$6,909", "2015": "$5,706", "2014": "$4,778", "2013": "$4,160", "2012": "$3,400", "2011": "$2,595", "2010": "$2,225", "2009": "$1,396", "2008": "$0"}, "First Republic Bank Quarterly Share Holder Equity (Millions of US $)": {"2020-09-30": "$11,345", "2020-06-30": "$10,576", "2020-03-31": "$10,360", "2019-12-31": "$9,851", "2019-09-30": "$9,431", "2019-06-30": "$9,220", "2019-03-31": "$9,046", "2018-12-31": "$8,678", "2018-09-30": "$8,667", "2018-06-30": "$8,276", "2018-03-31": "$7,837", "2017-12-31": "$7,818", "2017-09-30": "$7,428", "2017-06-30": "$7,260", "2017-03-31": "$7,089", "2016-12-31": "$6,909", "2016-09-30": "$6,444", "2016-06-30": "$6,306", "2016-03-31": "$5,985", "2015-12-31": "$5,706", "2015-09-30": "$5,384", "2015-06-30": "$5,265", "2015-03-31": "$5,075", "2014-12-31": "$4,778", "2014-09-30": "$4,686", "2014-06-30": "$4,590", "2014-03-31": "$4,494", "2013-12-31": "$4,160", "2013-09-30": "$3,879", "2013-06-30": "$3,787", "2013-03-31": "$3,518", "2012-12-31": "$3,400", "2012-09-30": "$3,162", "2012-06-30": "$3,057", "2012-03-31": "$2,863", "2011-12-31": "$2,595", "2011-09-30": "$2,489", "2011-06-30": "$2,400", "2011-03-31": "$2,319", "2010-12-31": "$2,225", "2010-09-30": "$0", "2010-06-30": "$0", "2010-03-31": "$0", "2009-12-31": "$1,396", "2008-12-31": "$0"}}, "profit-margins": {"current": "23.61%"}, "gross margin": {"2020-12-31": "86.89%", "2020-09-30": "83.97%", "2020-06-30": "81.76%", "2020-03-31": "80.27%", "2019-12-31": "80.37%", "2019-09-30": "81.16%", "2019-06-30": "82.29%", "2019-03-31": "83.90%", "2018-12-31": "85.17%", "2018-09-30": "86.37%", "2018-06-30": "87.50%", "2018-03-31": "88.64%", "2017-12-31": "89.63%", "2017-09-30": "90.78%", "2017-06-30": "91.88%", "2017-03-31": "92.65%", "2016-12-31": "93.10%", "2016-09-30": "93.23%", "2016-06-30": "93.26%", "2016-03-31": "93.04%", "2015-12-31": "92.61%", "2015-09-30": "92.21%", "2015-06-30": "91.95%", "2015-03-31": "91.75%", "2014-12-31": "91.62%", "2014-09-30": "91.34%", "2014-06-30": "91.04%", "2014-03-31": "91.19%", "2013-12-31": "91.69%", "2013-09-30": "92.38%", "2013-06-30": "92.88%", "2013-03-31": "92.58%", "2012-12-31": "92.17%", "2012-09-30": "91.74%", "2012-06-30": "91.21%", "2012-03-31": "91.13%", "2011-12-31": "91.01%", "2011-09-30": "91.00%", "2011-06-30": "90.98%", "2011-03-31": "89.19%", "2010-12-31": "86.97%"}, "operating margin": {"2020-12-31": "29.60%", "2020-09-30": "28.58%", "2020-06-30": "27.32%", "2020-03-31": "26.46%", "2019-12-31": "27.26%", "2019-09-30": "27.54%", "2019-06-30": "27.98%", "2019-03-31": "28.75%", "2018-12-31": "29.40%", "2018-09-30": "29.48%", "2018-06-30": "30.16%", "2018-03-31": "30.67%", "2017-12-31": "31.34%", "2017-09-30": "32.03%", "2017-06-30": "32.40%", "2017-03-31": "33.41%", "2016-12-31": "34.05%", "2016-09-30": "34.54%", "2016-06-30": "34.97%", "2016-03-31": "35.08%", "2015-12-31": "34.69%", "2015-09-30": "34.81%", "2015-06-30": "35.86%", "2015-03-31": "36.25%", "2014-12-31": "37.20%", "2014-09-30": "38.38%", "2014-06-30": "38.51%", "2014-03-31": "39.62%", "2013-12-31": "41.41%", "2013-09-30": "43.11%", "2013-06-30": "43.14%", "2013-03-31": "42.65%", "2012-12-31": "41.28%", "2012-09-30": "40.54%", "2012-06-30": "41.06%", "2012-03-31": "41.80%", "2011-12-31": "43.43%", "2011-09-30": "39.70%", "2011-06-30": "39.29%", "2011-03-31": "38.72%", "2010-12-31": "37.53%"}, "ebitda margin": {"2020-09-30": "0.00%", "2020-06-30": "0.00%", "2020-03-31": "0.00%", "2019-12-31": "0.00%", "2019-09-30": "0.00%", "2019-06-30": "0.00%", "2019-03-31": "0.00%", "2018-12-31": "0.00%", "2018-09-30": "0.00%", "2018-06-30": "0.00%", "2018-03-31": "0.00%", "2017-12-31": "0.00%", "2017-09-30": "0.00%", "2017-06-30": "0.00%", "2017-03-31": "0.00%", "2016-12-31": "0.00%", "2016-09-30": "0.00%", "2016-06-30": "0.00%", "2016-03-31": "0.00%", "2015-12-31": "0.00%", "2015-09-30": "0.00%", "2015-06-30": "0.00%", "2015-03-31": "0.00%", "2014-12-31": "0.00%", "2014-09-30": "0.00%", "2014-06-30": "0.00%", "2014-03-31": "0.00%", "2013-12-31": "0.00%", "2013-09-30": "0.00%", "2013-06-30": "0.00%", "2013-03-31": "0.00%", "2012-12-31": "0.00%", "2012-09-30": "0.00%", "2012-06-30": "0.00%", "2012-03-31": "0.00%", "2011-12-31": "0.00%", "2011-09-30": "0.00%", "2011-06-30": "0.00%", "2011-03-31": "0.00%", "2010-12-31": "0.00%"}, "pre tax profit margin": {"2020-12-31": "29.60%", "2020-09-30": "28.58%", "2020-06-30": "27.32%", "2020-03-31": "26.46%", "2019-12-31": "27.26%", "2019-09-30": "27.54%", "2019-06-30": "27.98%", "2019-03-31": "28.75%", "2018-12-31": "29.40%", "2018-09-30": "29.48%", "2018-06-30": "30.16%", "2018-03-31": "30.67%", "2017-12-31": "31.34%", "2017-09-30": "32.72%", "2017-06-30": "33.13%", "2017-03-31": "34.18%", "2016-12-31": "34.85%", "2016-09-30": "34.54%", "2016-06-30": "34.97%", "2016-03-31": "35.08%", "2015-12-31": "34.69%", "2015-09-30": "34.81%", "2015-06-30": "35.86%", "2015-03-31": "36.25%", "2014-12-31": "37.20%", "2014-09-30": "38.38%", "2014-06-30": "38.51%", "2014-03-31": "39.62%", "2013-12-31": "41.41%", "2013-09-30": "43.11%", "2013-06-30": "43.14%", "2013-03-31": "42.65%", "2012-12-31": "41.28%", "2012-09-30": "40.54%", "2012-06-30": "41.06%", "2012-03-31": "41.80%", "2011-12-31": "43.43%", "2011-09-30": "42.70%", "2011-06-30": "42.41%", "2011-03-31": "41.96%", "2010-12-31": "40.83%"}, "net profit margin": {"2020-12-31": "22.30%", "2020-09-30": "21.75%", "2020-06-30": "20.87%", "2020-03-31": "20.34%", "2019-12-31": "21.22%", "2019-09-30": "21.34%", "2019-06-30": "21.43%", "2019-03-31": "22.05%", "2018-12-31": "22.27%", "2018-09-30": "22.41%", "2018-06-30": "23.19%", "2018-03-31": "23.53%", "2017-12-31": "24.03%", "2017-09-30": "24.66%", "2017-06-30": "24.89%", "2017-03-31": "25.29%", "2016-12-31": "25.46%", "2016-09-30": "25.12%", "2016-06-30": "24.67%", "2016-03-31": "24.14%", "2015-12-31": "23.33%", "2015-09-30": "23.05%", "2015-06-30": "23.46%", "2015-03-31": "23.49%", "2014-12-31": "23.99%", "2014-09-30": "24.60%", "2014-06-30": "24.54%", "2014-03-31": "25.08%", "2013-12-31": "26.30%", "2013-09-30": "26.73%", "2013-06-30": "26.97%", "2013-03-31": "26.16%", "2012-12-31": "25.34%", "2012-09-30": "25.42%", "2012-06-30": "25.51%", "2012-03-31": "26.69%", "2011-12-31": "27.29%", "2011-09-30": "26.68%", "2011-06-30": "25.92%", "2011-03-31": "24.85%", "2010-12-31": "23.54%"}, "pe ratio": {"current": "26.73", "2021-02-11": "36.82", "2020-12-31": "34.85", "2020-09-30": "19.42", "2020-06-30": "19.90", "2020-03-31": "15.90", "2019-12-31": "22.40", "2019-09-30": "18.77", "2019-06-30": "19.37", "2019-03-31": "20.06", "2018-12-31": "17.79", "2018-09-30": "20.41", "2018-06-30": "20.77", "2018-03-31": "20.46", "2017-12-31": "19.64", "2017-09-30": "24.03", "2017-06-30": "23.77", "2017-03-31": "22.74", "2016-12-31": "23.04", "2016-09-30": "20.23", "2016-06-30": "19.26", "2016-03-31": "19.23", "2015-12-31": "20.04", "2015-09-30": "19.74", "2015-06-30": "19.52", "2015-03-31": "17.87", "2014-12-31": "16.16", "2014-09-30": "15.12", "2014-06-30": "17.41", "2014-03-31": "16.99", "2013-12-31": "15.80", "2013-09-30": "13.95", "2013-06-30": "11.59", "2013-03-31": "12.27", "2012-12-31": "11.09", "2012-09-30": "11.98", "2012-06-30": "11.91", "2012-03-31": "11.50", "2011-12-31": "10.69", "2011-09-30": "8.34"}, "price sales": {"2021-02-11": "5.95", "2020-12-31": "5.64", "2020-09-30": "4.22", "2020-06-30": "4.15", "2020-03-31": "3.24", "2019-12-31": "4.75", "2019-09-30": "4.00", "2019-06-30": "4.15", "2019-03-31": "4.42", "2018-12-31": "3.95", "2018-09-30": "4.57", "2018-06-30": "4.80", "2018-03-31": "4.80", "2017-12-31": "4.71", "2017-09-30": "5.89", "2017-06-30": "5.90", "2017-03-31": "5.73", "2016-12-31": "5.77", "2016-09-30": "4.99", "2016-06-30": "4.65", "2016-03-31": "4.54", "2015-12-31": "4.63", "2015-09-30": "4.53", "2015-06-30": "4.56", "2015-03-31": "4.19", "2014-12-31": "3.86", "2014-09-30": "3.71", "2014-06-30": "4.28", "2014-03-31": "4.28", "2013-12-31": "4.18", "2013-09-30": "3.76", "2013-06-30": "3.14", "2013-03-31": "3.21", "2012-12-31": "2.82", "2012-09-30": "3.02", "2012-06-30": "3.01", "2012-03-31": "3.05", "2011-12-31": "2.89", "2011-09-30": "2.22"}, "price book": {"current": "2.62", "2021-02-11": "2.35", "2020-09-30": "1.65", "2020-06-30": "1.72", "2020-03-31": "1.35", "2019-12-31": "1.99", "2019-09-30": "1.71", "2019-06-30": "1.76", "2019-03-31": "1.83", "2018-12-31": "1.63", "2018-09-30": "1.79", "2018-06-30": "1.87", "2018-03-31": "1.87", "2017-12-31": "1.75", "2017-09-30": "2.17", "2017-06-30": "2.12", "2017-03-31": "2.02", "2016-12-31": "2.00", "2016-09-30": "1.74", "2016-06-30": "1.61", "2016-03-31": "1.57", "2015-12-31": "1.63", "2015-09-30": "1.59", "2015-06-30": "1.63", "2015-03-31": "1.53", "2014-12-31": "1.44", "2014-09-30": "1.38", "2014-06-30": "1.56", "2014-03-31": "1.56", "2013-12-31": "1.57", "2013-09-30": "1.49", "2013-06-30": "1.25", "2013-03-31": "1.35", "2012-12-31": "1.18", "2012-09-30": "1.32", "2012-06-30": "1.33", "2012-03-31": "1.39", "2011-12-31": "1.41", "2011-09-30": "1.11", "2011-06-30": "1.60", "2011-03-31": "1.59", "2010-12-31": "1.56"}, "price fcf": {"2021-02-11": "", "2020-09-30": "$-3.55", "2020-06-30": "$2.85", "2020-03-31": "$4.45", "2019-12-31": "$4.54", "2019-09-30": "$9.50", "2019-06-30": "$7.48", "2019-03-31": "$5.65", "2018-12-31": "$5.90", "2018-09-30": "$7.42", "2018-06-30": "$4.36", "2018-03-31": "$5.35", "2017-12-31": "$5.21", "2017-09-30": "$5.92", "2017-06-30": "$6.26", "2017-03-31": "$5.56", "2016-12-31": "$4.97", "2016-09-30": "$3.66", "2016-06-30": "$3.35", "2016-03-31": "$4.27", "2015-12-31": "$3.95", "2015-09-30": "$5.02", "2015-06-30": "$4.48", "2015-03-31": "$3.73", "2014-12-31": "$3.37", "2014-09-30": "$2.91", "2014-06-30": "$2.38", "2014-03-31": "$4.66", "2013-12-31": "$3.69", "2013-09-30": "$2.90", "2013-06-30": "$4.37", "2013-03-31": "$1.87", "2012-12-31": "$2.86", "2012-09-30": "$2.17", "2012-06-30": "$0.17", "2012-03-31": "$-0.13", "2011-12-31": "$0.16", "2011-09-30": "$1.85"}, "net worth": {"value": "$26.74B"}, "current ratio": {"2020-12-31": "1.02", "2020-09-30": "1.03", "2020-06-30": "1.04", "2020-03-31": "1.06", "2019-12-31": "1.01", "2019-09-30": "1.02", "2019-06-30": "1.01", "2019-03-31": "0.99", "2018-12-31": "0.99", "2018-09-30": "1.01", "2018-06-30": "0.99", "2018-03-31": "0.97", "2017-12-31": "0.94", "2017-09-30": "0.95", "2017-06-30": "0.94", "2017-03-31": "0.92", "2016-12-31": "0.92", "2016-09-30": "0.93", "2016-06-30": "0.95", "2016-03-31": "0.92", "2015-12-31": "0.94", "2015-09-30": "0.99", "2015-06-30": "1.01", "2015-03-31": "1.01", "2014-12-31": "1.04", "2014-09-30": "1.07", "2014-06-30": "1.09", "2014-03-31": "1.09", "2013-12-31": "1.08", "2013-09-30": "1.10", "2013-06-30": "1.08", "2013-03-31": "1.04", "2012-12-31": "1.06", "2012-09-30": "1.06", "2012-06-30": "1.07", "2012-03-31": "1.07", "2011-12-31": "1.03", "2011-09-30": "1.06", "2011-06-30": "1.03", "2011-03-31": "1.06", "2010-12-31": "1.05", "2010-09-30": "0.00", "2010-06-30": "0.00", "2010-03-31": "0.00", "2009-12-31": "1.03", "2008-12-31": "0.00"}, "quick ratio": {"2020-12-31": "0.00", "2020-09-30": "0.00", "2020-06-30": "0.00", "2020-03-31": "0.00", "2019-12-31": "0.00", "2019-09-30": "0.00", "2019-06-30": "0.00", "2019-03-31": "0.00", "2018-12-31": "0.00", "2018-09-30": "0.00", "2018-06-30": "0.00", "2018-03-31": "0.00", "2017-12-31": "0.00", "2017-09-30": "0.00", "2017-06-30": "0.00", "2017-03-31": "0.00", "2016-12-31": "0.00", "2016-09-30": "0.00", "2016-06-30": "0.00", "2016-03-31": "0.00", "2015-12-31": "0.00", "2015-09-30": "0.00", "2015-06-30": "0.00", "2015-03-31": "0.00", "2014-12-31": "0.00", "2014-09-30": "0.00", "2014-06-30": "0.00", "2014-03-31": "0.00", "2013-12-31": "0.00", "2013-09-30": "0.00", "2013-06-30": "0.00", "2013-03-31": "0.00", "2012-12-31": "0.00", "2012-09-30": "0.00", "2012-06-30": "0.00", "2012-03-31": "0.00", "2011-12-31": "0.00", "2011-09-30": "0.00", "2011-06-30": "0.00", "2011-03-31": "0.00", "2010-12-31": "0.00", "2010-09-30": "0.00", "2010-06-30": "0.00", "2010-03-31": "0.00", "2009-12-31": "0.00", "2008-12-31": "0.00"}, "debt equity ratio": {"current": "1.33", "2020-12-31": "11.13", "2020-09-30": "10.74", "2020-06-30": "11.13", "2020-03-31": "10.96", "2019-12-31": "10.80", "2019-09-30": "10.77", "2019-06-30": "10.47", "2019-03-31": "10.26", "2018-12-31": "10.43", "2018-09-30": "10.09", "2018-06-30": "10.34", "2018-03-31": "10.51", "2017-12-31": "10.23", "2017-09-30": "10.35", "2017-06-30": "10.15", "2017-03-31": "9.79", "2016-12-31": "9.61", "2016-09-30": "9.55", "2016-06-30": "9.26", "2016-03-31": "9.38", "2015-12-31": "9.34", "2015-09-30": "9.29", "2015-06-30": "9.09", "2015-03-31": "9.06", "2014-12-31": "9.12", "2014-09-30": "8.96", "2014-06-30": "9.07", "2014-03-31": "8.87", "2013-12-31": "9.12", "2013-09-30": "9.56", "2013-06-30": "8.85", "2013-03-31": "8.97", "2012-12-31": "9.11", "2012-09-30": "9.30", "2012-06-30": "9.14", "2012-03-31": "9.38", "2011-12-31": "9.71", "2011-09-30": "9.76", "2011-06-30": "8.92", "2011-03-31": "9.17", "2010-12-31": "9.06", "2010-09-30": "0.00", "2010-06-30": "0.00", "2010-03-31": "0.00", "2009-12-31": "13.29", "2008-12-31": "0.00"}, "return on equity": {"2020-12-31": "9.13%", "2020-09-30": "9.13%", "2020-06-30": "9.01%", "2020-03-31": "9.00%", "2019-12-31": "9.40%", "2019-09-30": "9.47%", "2019-06-30": "9.38%", "2019-03-31": "9.50%", "2018-12-31": "9.52%", "2018-09-30": "9.34%", "2018-06-30": "9.58%", "2018-03-31": "9.56%", "2017-12-31": "9.46%", "2017-09-30": "9.51%", "2017-06-30": "9.39%", "2017-03-31": "9.36%", "2016-12-31": "9.44%", "2016-09-30": "9.30%", "2016-06-30": "9.14%", "2016-03-31": "9.01%", "2015-12-31": "8.66%", "2015-09-30": "8.60%", "2015-06-30": "8.95%", "2015-03-31": "9.05%", "2014-12-31": "9.32%", "2014-09-30": "9.64%", "2014-06-30": "9.60%", "2014-03-31": "9.98%", "2013-12-31": "10.97%", "2013-09-30": "11.55%", "2013-06-30": "12.03%", "2013-03-31": "12.03%", "2012-12-31": "11.83%", "2012-09-30": "12.33%", "2012-06-30": "12.76%", "2012-03-31": "13.72%", "2011-12-31": "14.49%", "2011-09-30": "14.33%", "2011-06-30": "18.20%", "2011-03-31": "25.70%", "2010-12-31": "48.72%"}, "return on assets": {"2020-12-31": "0.76%", "2020-09-30": "0.77%", "2020-06-30": "0.76%", "2020-03-31": "0.77%", "2019-12-31": "0.81%", "2019-09-30": "0.82%", "2019-06-30": "0.83%", "2019-03-31": "0.84%", "2018-12-31": "0.84%", "2018-09-30": "0.83%", "2018-06-30": "0.84%", "2018-03-31": "0.84%", "2017-12-31": "0.85%", "2017-09-30": "0.87%", "2017-06-30": "0.87%", "2017-03-31": "0.89%", "2016-12-31": "0.90%", "2016-09-30": "0.90%", "2016-06-30": "0.89%", "2016-03-31": "0.88%", "2015-12-31": "0.85%", "2015-09-30": "0.85%", "2015-06-30": "0.89%", "2015-03-31": "0.90%", "2014-12-31": "0.93%", "2014-09-30": "0.96%", "2014-06-30": "0.95%", "2014-03-31": "0.99%", "2013-12-31": "1.08%", "2013-09-30": "1.14%", "2013-06-30": "1.20%", "2013-03-31": "1.19%", "2012-12-31": "1.16%", "2012-09-30": "1.19%", "2012-06-30": "1.22%", "2012-03-31": "1.31%", "2011-12-31": "1.39%", "2011-09-30": "1.40%", "2011-06-30": "1.81%", "2011-03-31": "2.54%", "2010-12-31": "4.84%"}, "return on investments": {"2020-12-31": "4.94%", "2020-09-30": "4.77%", "2020-06-30": "4.69%", "2020-03-31": "4.86%", "2019-12-31": "5.40%", "2019-09-30": "5.58%", "2019-06-30": "5.59%", "2019-03-31": "5.55%", "2018-12-31": "5.49%", "2018-09-30": "5.31%", "2018-06-30": "5.37%", "2018-03-31": "5.42%", "2017-12-31": "5.54%", "2017-09-30": "5.74%", "2017-06-30": "6.02%", "2017-03-31": "6.43%", "2016-12-31": "6.82%", "2016-09-30": "7.10%", "2016-06-30": "7.16%", "2016-03-31": "7.15%", "2015-12-31": "6.71%", "2015-09-30": "6.42%", "2015-06-30": "6.49%", "2015-03-31": "6.38%", "2014-12-31": "6.44%", "2014-09-30": "6.65%", "2014-06-30": "6.58%", "2014-03-31": "6.99%", "2013-12-31": "7.88%", "2013-09-30": "8.79%", "2013-06-30": "9.47%", "2013-03-31": "9.78%", "2012-12-31": "9.49%", "2012-09-30": "9.70%", "2012-06-30": "10.29%", "2012-03-31": "11.57%", "2011-12-31": "13.70%", "2011-09-30": "13.88%", "2011-06-30": "19.51%", "2011-03-31": "29.22%", "2010-12-31": "59.20%"}, "return on tangible equity": {"2020-09-30": "9.34%", "2020-06-30": "9.24%", "2020-03-31": "9.26%", "2019-12-31": "9.70%", "2019-09-30": "9.80%", "2019-06-30": "9.72%", "2019-03-31": "9.86%", "2018-12-31": "9.90%", "2018-09-30": "9.75%", "2018-06-30": "10.03%", "2018-03-31": "10.03%", "2017-12-31": "9.95%", "2017-09-30": "10.02%", "2017-06-30": "9.91%", "2017-03-31": "9.90%", "2016-12-31": "10.00%", "2016-09-30": "9.87%", "2016-06-30": "9.69%", "2016-03-31": "9.53%", "2015-12-31": "9.15%", "2015-09-30": "9.06%", "2015-06-30": "9.45%", "2015-03-31": "9.58%", "2014-12-31": "9.88%", "2014-09-30": "10.25%", "2014-06-30": "10.24%", "2014-03-31": "10.69%", "2013-12-31": "11.83%", "2013-09-30": "12.51%", "2013-06-30": "12.97%", "2013-03-31": "12.91%", "2012-12-31": "12.62%", "2012-09-30": "13.09%", "2012-06-30": "13.63%", "2012-03-31": "14.76%", "2011-12-31": "15.69%", "2011-09-30": "15.62%", "2011-06-30": "19.90%", "2011-03-31": "28.19%", "2010-12-31": "53.64%"}, "dividend yield history": {"last payout": "$0.80", "last yield": "0.52%"}}