{"ticker": "CFR", "price": {"title": "Cullen/Frost Bankers Historical Annual Stock Price Data", "value": 96.45, "historical": {"2021": {"Average Stock Price": "94.9596", "Year Open": "87.6100", "Year High": "98.2400", "Year Low": "87.6100", "Year Close": "96.4500", "Annual % Change": "10.57%"}, "2020": {"Average Stock Price": "74.9454", "Year Open": "97.8500", "Year High": "97.8500", "Year Low": "49.2200", "Year Close": "87.2300", "Annual % Change": "-10.79%"}, "2019": {"Average Stock Price": "94.5665", "Year Open": "89.0100", "Year High": "105.7000", "Year Low": "80.3200", "Year Close": "97.7800", "Annual % Change": "11.19%"}, "2018": {"Average Stock Price": "106.4763", "Year Open": "95.2200", "Year High": "120.7700", "Year Low": "82.7200", "Year Close": "87.9400", "Annual % Change": "-7.09%"}, "2017": {"Average Stock Price": "92.2239", "Year Open": "87.3000", "Year High": "101.4000", "Year Low": "81.5900", "Year Close": "94.6500", "Annual % Change": "7.28%"}, "2016": {"Average Stock Price": "65.8289", "Year Open": "57.8800", "Year High": "88.7700", "Year Low": "42.5500", "Year Close": "88.2300", "Annual % Change": "47.05%"}, "2015": {"Average Stock Price": "68.8788", "Year Open": "69.7200", "Year High": "80.1000", "Year Low": "59.4000", "Year Close": "60.0000", "Annual % Change": "-15.06%"}, "2014": {"Average Stock Price": "76.4297", "Year Open": "73.4500", "Year High": "81.6700", "Year Low": "68.0600", "Year Close": "70.6400", "Annual % Change": "-5.09%"}, "2013": {"Average Stock Price": "66.4981", "Year Open": "55.7500", "Year High": "75.5800", "Year Low": "55.7500", "Year Close": "74.4300", "Annual % Change": "37.15%"}, "2012": {"Average Stock Price": "56.5274", "Year Open": "53.9900", "Year High": "60.6700", "Year Low": "53.6600", "Year Close": "54.2700", "Annual % Change": "2.57%"}, "2011": {"Average Stock Price": "54.3698", "Year Open": "61.8300", "Year High": "62.5700", "Year Low": "44.2900", "Year Close": "52.9100", "Annual % Change": "-13.43%"}, "2010": {"Average Stock Price": "54.4907", "Year Open": "50.0900", "Year High": "62.0100", "Year Low": "50.0400", "Year Close": "61.1200", "Annual % Change": "22.24%"}, "2009": {"Average Stock Price": "47.3112", "Year Open": "50.3300", "Year High": "53.1900", "Year Low": "36.6100", "Year Close": "50.0000", "Annual % Change": "-1.34%"}, "2008": {"Average Stock Price": "52.9805", "Year Open": "49.1100", "Year High": "62.7500", "Year Low": "45.3800", "Year Close": "50.6800", "Annual % Change": "0.04%"}, "2007": {"Average Stock Price": "52.3165", "Year Open": "56.8200", "Year High": "56.8400", "Year Low": "48.1000", "Year Close": "50.6600", "Annual % Change": "-9.24%"}, "2006": {"Average Stock Price": "56.0507", "Year Open": "54.3700", "Year High": "59.4400", "Year Low": "52.2600", "Year Close": "55.8200", "Annual % Change": "3.99%"}, "2005": {"Average Stock Price": "48.4662", "Year Open": "47.9400", "Year High": "56.0500", "Year Low": "42.4500", "Year Close": "53.6800", "Annual % Change": "10.45%"}, "2004": {"Average Stock Price": "44.0776", "Year Open": "40.4900", "Year High": "49.0000", "Year Low": "38.9000", "Year Close": "48.6000", "Annual % Change": "19.79%"}, "2003": {"Average Stock Price": "34.9409", "Year Open": "33.4800", "Year High": "41.0000", "Year Low": "29.4000", "Year Close": "40.5700", "Annual % Change": "24.07%"}, "2002": {"Average Stock Price": "34.5881", "Year Open": "30.3000", "Year High": "40.0400", "Year Low": "29.4000", "Year Close": "32.7000", "Annual % Change": "5.89%"}, "2001": {"Average Stock Price": "33.0815", "Year Open": "39.6200", "Year High": "41.1900", "Year Low": "23.8400", "Year Close": "30.8800", "Annual % Change": "-26.14%"}, "2000": {"Average Stock Price": "28.2981", "Year Open": "24.3100", "Year High": "43.1900", "Year Low": "19.6200", "Year Close": "41.8100", "Annual % Change": "62.37%"}, "1999": {"Average Stock Price": "26.2011", "Year Open": "27.5600", "Year High": "29.9400", "Year Low": "23.0000", "Year Close": "25.7500", "Annual % Change": "-6.16%"}, "1998": {"Average Stock Price": "26.8704", "Year Open": "30.3100", "Year High": "30.4050", "Year Low": "20.7800", "Year Close": "27.4400", "Annual % Change": "-9.57%"}, "1997": {"Average Stock Price": "21.5249", "Year Open": "16.6250", "Year High": "31.0950", "Year Low": "16.5000", "Year Close": "30.3450", "Annual % Change": "82.53%"}, "1996": {"Average Stock Price": "13.7603", "Year Open": "12.2500", "Year High": "17.7500", "Year Low": "11.7500", "Year Close": "16.6250", "Annual % Change": "33.00%"}, "1995": {"Average Stock Price": "10.4603", "Year Open": "7.6550", "Year High": "12.8450", "Year Low": "7.4700", "Year Close": "12.5000", "Annual % Change": "61.92%"}, "1994": {"Average Stock Price": "8.8467", "Year Open": "8.6875", "Year High": "9.8125", "Year Low": "7.3125", "Year Close": "7.7200", "Annual % Change": "-12.40%"}, "1993": {"Average Stock Price": "8.8279", "Year Open": "7.7500", "Year High": "10.0625", "Year Low": "7.5000", "Year Close": "8.8125", "Annual % Change": "13.71%"}, "1992": {"Average Stock Price": "6.1615", "Year Open": "3.8125", "Year High": "7.8750", "Year Low": "3.3750", "Year Close": "7.7500", "Annual % Change": "105.03%"}, "1991": {"Average Stock Price": "2.4888", "Year Open": "1.6550", "Year High": "3.7800", "Year Low": "1.6250", "Year Close": "3.7800", "Annual % Change": "136.99%"}}}, "market cap": {"value": "$6.06B"}, "income statement": {"Revenue": {"2020-12-31": "465.45400", "2019-12-31": "1497.68700", "2018-12-31": "1402.48400", "2017-12-31": "1229.41700", "2016-12-31": "1138.12000", "2015-12-31": "1078.22600", "2014-12-31": "1021.61500", "2013-12-31": "945.31800", "2012-12-31": "920.39900", "2011-12-31": "913.01900", "2010-12-31": "899.37190", "2009-12-31": "916.74200", "2008-12-31": "962.97300", "2007-12-31": "1037.07800", "2006-12-31": "924.70600", "2005-12-31": "740.20600"}, "Cost Of Goods Sold": {"2020-12-31": "", "2019-12-31": "129.78000", "2018-12-31": "93.30600", "2017-12-31": "26.52500", "2016-12-31": "12.07600", "2015-12-31": "12.86400", "2014-12-31": "14.53700", "2013-12-31": "21.94500", "2012-12-31": "26.75100", "2011-12-31": "41.24100", "2010-12-31": "53.88000", "2009-12-31": "86.35700", "2008-12-31": "141.62600", "2007-12-31": "250.11000", "2006-12-31": "214.79600", "2005-12-31": "118.56100"}, "Gross Profit": {"2020-12-31": "465.45400", "2019-12-31": "1367.90700", "2018-12-31": "1309.17800", "2017-12-31": "1202.89200", "2016-12-31": "1126.04400", "2015-12-31": "1065.36200", "2014-12-31": "1007.07800", "2013-12-31": "923.37300", "2012-12-31": "893.64800", "2011-12-31": "871.77800", "2010-12-31": "845.49190", "2009-12-31": "830.38500", "2008-12-31": "821.34700", "2007-12-31": "786.96800", "2006-12-31": "709.91000", "2005-12-31": "621.64500"}, "Research And Development Expenses": {"2020-12-31": "", "2019-12-31": "", "2018-12-31": "", "2017-12-31": "", "2016-12-31": "", "2015-12-31": "", "2014-12-31": "", "2013-12-31": "", "2012-12-31": "", "2011-12-31": "", "2010-12-31": "", "2009-12-31": "", "2008-12-31": "", "2007-12-31": "", "2006-12-31": "", "2005-12-31": ""}, "SG&A Expenses": {"2020-12-31": "1089.21600", "2019-12-31": "867.27000", "2018-12-31": "799.07300", "2017-12-31": "792.82590", "2016-12-31": "782.20400", "2015-12-31": "742.23800", "2014-12-31": "667.53400", "2013-12-31": "629.35100", "2012-12-31": "581.27700", "2011-12-31": "581.15600", "2010-12-31": "574.02700", "2009-12-31": "591.09300", "2008-12-31": "516.56200", "2007-12-31": "468.24600", "2006-12-31": "418.87500", "2005-12-31": "372.39800"}, "Other Operating Income Or Expenses": {"2020-12-31": "", "2019-12-31": "", "2018-12-31": "", "2017-12-31": "", "2016-12-31": "", "2015-12-31": "", "2014-12-31": "", "2013-12-31": "", "2012-12-31": "", "2011-12-31": "", "2010-12-31": "", "2009-12-31": "", "2008-12-31": "", "2007-12-31": "", "2006-12-31": "", "2005-12-31": ""}, "Operating Expenses": {"2020-12-31": "1090.13400", "2019-12-31": "998.21800", "2018-12-31": "893.80300", "2017-12-31": "821.05400", "2016-12-31": "796.70900", "2015-12-31": "758.42710", "2014-12-31": "685.59100", "2013-12-31": "654.43700", "2012-12-31": "611.92400", "2011-12-31": "626.78400", "2010-12-31": "633.03200", "2009-12-31": "683.98700", "2008-12-31": "666.09400", "2007-12-31": "727.21600", "2006-12-31": "639.29900", "2005-12-31": "495.81800"}, "Operating Income": {"2020-12-31": "-624.68010", "2019-12-31": "499.46900", "2018-12-31": "508.68100", "2017-12-31": "408.36300", "2016-12-31": "341.41100", "2015-12-31": "319.79890", "2014-12-31": "336.02400", "2013-12-31": "290.88100", "2012-12-31": "308.47500", "2011-12-31": "286.23500", "2010-12-31": "266.34000", "2009-12-31": "232.75500", "2008-12-31": "296.87900", "2007-12-31": "309.86200", "2006-12-31": "285.40700", "2005-12-31": "244.38800"}, "Total Non-Operating Income/Expense": {"2020-12-31": "", "2019-12-31": "", "2018-12-31": "", "2017-12-31": "", "2016-12-31": "", "2015-12-31": "", "2014-12-31": "", "2013-12-31": "", "2012-12-31": "", "2011-12-31": "", "2010-12-31": "", "2009-12-31": "", "2008-12-31": "", "2007-12-31": "", "2006-12-31": "", "2005-12-31": ""}, "Pre-Tax Income": {"2020-12-31": "351.32100", "2019-12-31": "499.46900", "2018-12-31": "508.68100", "2017-12-31": "408.36300", "2016-12-31": "341.41100", "2015-12-31": "319.79900", "2014-12-31": "336.02400", "2013-12-31": "290.88100", "2012-12-31": "308.47500", "2011-12-31": "286.23500", "2010-12-31": "266.34000", "2009-12-31": "232.75500", "2008-12-31": "296.87900", "2007-12-31": "309.86200", "2006-12-31": "285.40700", "2005-12-31": "244.38800"}, "Income Taxes": {"2020-12-31": "20.17000", "2019-12-31": "55.87000", "2018-12-31": "53.76300", "2017-12-31": "44.21400", "2016-12-31": "37.15000", "2015-12-31": "40.47100", "2014-12-31": "58.04700", "2013-12-31": "53.01500", "2012-12-31": "70.52300", "2011-12-31": "68.70000", "2010-12-31": "57.57600", "2009-12-31": "53.72100", "2008-12-31": "89.62400", "2007-12-31": "97.79100", "2006-12-31": "91.81600", "2005-12-31": "78.96500"}, "Income After Taxes": {"2020-12-31": "331.15100", "2019-12-31": "443.59900", "2018-12-31": "454.91800", "2017-12-31": "364.14900", "2016-12-31": "304.26100", "2015-12-31": "279.32800", "2014-12-31": "277.97700", "2013-12-31": "237.86600", "2012-12-31": "237.95200", "2011-12-31": "217.53500", "2010-12-31": "208.76400", "2009-12-31": "179.03400", "2008-12-31": "207.25500", "2007-12-31": "212.07100", "2006-12-31": "193.59100", "2005-12-31": "165.42300"}, "Other Income": {"2020-12-31": "", "2019-12-31": "", "2018-12-31": "", "2017-12-31": "", "2016-12-31": "", "2015-12-31": "", "2014-12-31": "", "2013-12-31": "", "2012-12-31": "", "2011-12-31": "", "2010-12-31": "", "2009-12-31": "", "2008-12-31": "", "2007-12-31": "", "2006-12-31": "", "2005-12-31": ""}, "Income From Continuous Operations": {"2020-12-31": "331.15100", "2019-12-31": "443.59900", "2018-12-31": "454.91800", "2017-12-31": "364.14900", "2016-12-31": "304.26100", "2015-12-31": "279.32800", "2014-12-31": "277.97700", "2013-12-31": "237.86600", "2012-12-31": "237.95200", "2011-12-31": "217.53500", "2010-12-31": "208.76400", "2009-12-31": "179.03400", "2008-12-31": "207.25500", "2007-12-31": "212.07100", "2006-12-31": "193.59100", "2005-12-31": "165.42300"}, "Income From Discontinued Operations": {"2020-12-31": "", "2019-12-31": "", "2018-12-31": "", "2017-12-31": "", "2016-12-31": "", "2015-12-31": "", "2014-12-31": "", "2013-12-31": "", "2012-12-31": "", "2011-12-31": "", "2010-12-31": "", "2009-12-31": "", "2008-12-31": "", "2007-12-31": "", "2006-12-31": "", "2005-12-31": ""}, "Net Income": {"2020-12-31": "323.62100", "2019-12-31": "431.84900", "2018-12-31": "443.68600", "2017-12-31": "354.07000", "2016-12-31": "295.05300", "2015-12-31": "270.32400", "2014-12-31": "268.91300", "2013-12-31": "231.14700", "2012-12-31": "237.95200", "2011-12-31": "217.53500", "2010-12-31": "208.76400", "2009-12-31": "179.03400", "2008-12-31": "207.25500", "2007-12-31": "212.07100", "2006-12-31": "193.59100", "2005-12-31": "165.42300"}, "EBITDA": {"2020-12-31": "", "2019-12-31": "", "2018-12-31": "", "2017-12-31": "", "2016-12-31": "", "2015-12-31": "", "2014-12-31": "", "2013-12-31": "", "2012-12-31": "", "2011-12-31": "", "2010-12-31": "", "2009-12-31": "", "2008-12-31": "", "2007-12-31": "", "2006-12-31": "", "2005-12-31": ""}, "EBIT": {"2020-12-31": "", "2019-12-31": "", "2018-12-31": "", "2017-12-31": "", "2016-12-31": "", "2015-12-31": "", "2014-12-31": "", "2013-12-31": "", "2012-12-31": "", "2011-12-31": "", "2010-12-31": "", "2009-12-31": "", "2008-12-31": "", "2007-12-31": "", "2006-12-31": "", "2005-12-31": ""}, "Basic Shares Outstanding": {"2020-12-31": "62.72700", "2019-12-31": "62.74200", "2018-12-31": "63.70500", "2017-12-31": "63.69400", "2016-12-31": "62.37630", "2015-12-31": "62.75800", "2014-12-31": "62.07200", "2013-12-31": "60.35100", "2012-12-31": "61.29800", "2011-12-31": "61.10100", "2010-12-31": "60.41100", "2009-12-31": "59.45640", "2008-12-31": "58.84600", "2007-12-31": "58.95170", "2006-12-31": "55.46700", "2005-12-31": "52.48100"}, "Shares Outstanding": {"2020-12-31": "63.00400", "2019-12-31": "63.44200", "2018-12-31": "64.68700", "2017-12-31": "64.66200", "2016-12-31": "62.96890", "2015-12-31": "63.47300", "2014-12-31": "62.97400", "2013-12-31": "61.11600", "2012-12-31": "61.64300", "2011-12-31": "61.27800", "2010-12-31": "60.58600", "2009-12-31": "59.51380", "2008-12-31": "59.17000", "2007-12-31": "59.59650", "2006-12-31": "56.64200", "2005-12-31": "53.80300"}, "Basic EPS": {"2020-12-31": "5.11000", "2019-12-31": "6.89000", "2018-12-31": "6.97000", "2017-12-31": "5.56000", "2016-12-31": "4.73000", "2015-12-31": "4.31000", "2014-12-31": "4.32000", "2013-12-31": "3.82000", "2012-12-31": "3.87000", "2011-12-31": "3.55000", "2010-12-31": "3.44000", "2009-12-31": "3.00000", "2008-12-31": "3.51000", "2007-12-31": "3.59000", "2006-12-31": "3.49000", "2005-12-31": "3.15000"}, "EPS - Earnings Per Share": {"2020-12-31": "5.10000", "2019-12-31": "6.84000", "2018-12-31": "6.90000", "2017-12-31": "5.51000", "2016-12-31": "4.70000", "2015-12-31": "4.28000", "2014-12-31": "4.29000", "2013-12-31": "3.80000", "2012-12-31": "3.86000", "2011-12-31": "3.54000", "2010-12-31": "3.44000", "2009-12-31": "3.00000", "2008-12-31": "3.50000", "2007-12-31": "3.57000", "2006-12-31": "3.42000", "2005-12-31": "3.07000"}}, "income statement, quarterly": {"Revenue": {"2020-12-31": "91.33700", "2020-09-30": "334.76700", "2020-06-30": "332.59500", "2020-03-31": "478.89500", "2019-12-31": "373.30890", "2019-09-30": "375.49700", "2019-06-30": "370.77500", "2019-03-31": "378.10600", "2018-12-31": "368.32310", "2018-09-30": "356.37300", "2018-06-30": "343.01700", "2018-03-31": "334.77100", "2017-12-31": "324.37000", "2017-09-30": "309.20100", "2017-06-30": "300.35400", "2017-03-31": "295.49200", "2016-12-31": "298.30190", "2016-09-30": "279.60300", "2016-06-30": "271.46800", "2016-03-31": "288.74700", "2015-12-31": "272.25700", "2015-09-30": "273.46600", "2015-06-30": "264.91400", "2015-03-31": "267.58900", "2014-12-31": "265.46700", "2014-09-30": "262.41000", "2014-06-30": "252.54200", "2014-03-31": "241.19600", "2013-12-31": "242.40700", "2013-09-30": "234.84200", "2013-06-30": "231.52700", "2013-03-31": "236.54200", "2012-12-31": "236.67900", "2012-09-30": "229.31700", "2012-06-30": "225.55900", "2012-03-31": "228.84400", "2011-12-31": "226.17210", "2011-09-30": "233.99600", "2011-06-30": "226.92500", "2011-03-31": "225.92600", "2010-12-31": "224.45390", "2010-09-30": "226.11800", "2010-06-30": "225.24600", "2010-03-31": "223.55400", "2009-12-31": "242.61000", "2009-09-30": "224.98100", "2009-06-30": "225.23100", "2009-03-31": "223.92000", "2008-12-31": "236.61510", "2008-09-30": "243.99100", "2008-06-30": "236.43600", "2008-03-31": "245.93100", "2007-12-31": "254.75300", "2007-09-30": "265.63000", "2007-06-30": "257.04100", "2007-03-31": "259.65400", "2006-12-31": "240.37400", "2006-09-30": "236.97300", "2006-06-30": "229.48800", "2006-03-31": "217.87100", "2005-12-31": "202.99900", "2005-09-30": "188.25200", "2005-06-30": "177.99300", "2005-03-31": "170.96200"}, "Cost Of Goods Sold": {"2020-12-31": "", "2020-09-30": "7.74300", "2020-06-30": "9.18300", "2020-03-31": "21.45900", "2019-12-31": "26.95600", "2019-09-30": "33.26600", "2019-06-30": "34.70600", "2019-03-31": "34.85200", "2018-12-31": "31.99600", "2018-09-30": "27.05100", "2018-06-30": "20.68100", "2018-03-31": "13.57800", "2017-12-31": "10.38100", "2017-09-30": "8.37500", "2017-06-30": "4.48600", "2017-03-31": "3.28300", "2016-12-31": "3.26500", "2016-09-30": "2.98200", "2016-06-30": "2.94900", "2016-03-31": "2.88000", "2015-12-31": "2.96300", "2015-09-30": "3.10700", "2015-06-30": "3.12300", "2015-03-31": "3.67100", "2014-12-31": "3.83300", "2014-09-30": "3.90700", "2014-06-30": "3.42600", "2014-03-31": "3.37100", "2013-12-31": "4.66100", "2013-09-30": "5.49800", "2013-06-30": "5.83700", "2013-03-31": "5.94900", "2012-12-31": "6.38700", "2012-09-30": "6.62700", "2012-06-30": "6.57900", "2012-03-31": "7.15800", "2011-12-31": "8.18900", "2011-09-30": "9.41800", "2011-06-30": "11.80000", "2011-03-31": "11.83400", "2010-12-31": "12.61300", "2010-09-30": "13.27200", "2010-06-30": "13.41800", "2010-03-31": "14.57700", "2009-12-31": "17.67100", "2009-09-30": "21.50100", "2009-06-30": "22.76100", "2009-03-31": "24.42400", "2008-12-31": "29.33600", "2008-09-30": "31.94000", "2008-06-30": "34.52700", "2008-03-31": "45.82300", "2007-12-31": "57.61000", "2007-09-30": "64.25000", "2007-06-30": "63.50100", "2007-03-31": "64.74900", "2006-12-31": "60.74500", "2006-09-30": "57.88100", "2006-06-30": "51.77000", "2006-03-31": "44.40000", "2005-12-31": "38.64600", "2005-09-30": "30.91300", "2005-06-30": "26.18200", "2005-03-31": "22.82000"}, "Gross Profit": {"2020-12-31": "91.33700", "2020-09-30": "327.02400", "2020-06-30": "323.41200", "2020-03-31": "457.43600", "2019-12-31": "346.35290", "2019-09-30": "342.23100", "2019-06-30": "336.06900", "2019-03-31": "343.25400", "2018-12-31": "336.32710", "2018-09-30": "329.32200", "2018-06-30": "322.33600", "2018-03-31": "321.19300", "2017-12-31": "313.98900", "2017-09-30": "300.82600", "2017-06-30": "295.86800", "2017-03-31": "292.20900", "2016-12-31": "295.03690", "2016-09-30": "276.62100", "2016-06-30": "268.51900", "2016-03-31": "285.86700", "2015-12-31": "269.29390", "2015-09-30": "270.35900", "2015-06-30": "261.79100", "2015-03-31": "263.91800", "2014-12-31": "261.63400", "2014-09-30": "258.50300", "2014-06-30": "249.11600", "2014-03-31": "237.82500", "2013-12-31": "237.74600", "2013-09-30": "229.34400", "2013-06-30": "225.69000", "2013-03-31": "230.59300", "2012-12-31": "230.29200", "2012-09-30": "222.69000", "2012-06-30": "218.98000", "2012-03-31": "221.68600", "2011-12-31": "217.98310", "2011-09-30": "224.57800", "2011-06-30": "215.12500", "2011-03-31": "214.09200", "2010-12-31": "211.84090", "2010-09-30": "212.84600", "2010-06-30": "211.82800", "2010-03-31": "208.97700", "2009-12-31": "224.93900", "2009-09-30": "203.48000", "2009-06-30": "202.47000", "2009-03-31": "199.49600", "2008-12-31": "207.27910", "2008-09-30": "212.05100", "2008-06-30": "201.90900", "2008-03-31": "200.10800", "2007-12-31": "197.14300", "2007-09-30": "201.38000", "2007-06-30": "193.54000", "2007-03-31": "194.90500", "2006-12-31": "179.62900", "2006-09-30": "179.09200", "2006-06-30": "177.71800", "2006-03-31": "173.47100", "2005-12-31": "164.35300", "2005-09-30": "157.33900", "2005-06-30": "151.81100", "2005-03-31": "148.14200"}, "Research And Development Expenses": {"2020-12-31": "", "2020-09-30": "", "2020-06-30": "", "2020-03-31": "", "2019-12-31": "", "2019-09-30": "", "2019-06-30": "", "2019-03-31": "", "2018-12-31": "", "2018-09-30": "", "2018-06-30": "", "2018-03-31": "", "2017-12-31": "", "2017-09-30": "", "2017-06-30": "", "2017-03-31": "", "2016-12-31": "", "2016-09-30": "", "2016-06-30": "", "2016-03-31": "", "2015-12-31": "", "2015-09-30": "", "2015-06-30": "", "2015-03-31": "", "2014-12-31": "", "2014-09-30": "", "2014-06-30": "", "2014-03-31": "", "2013-12-31": "", "2013-09-30": "", "2013-06-30": "", "2013-03-31": "", "2012-12-31": "", "2012-09-30": "", "2012-06-30": "", "2012-03-31": "", "2011-12-31": "", "2011-09-30": "", "2011-06-30": "", "2011-03-31": "", "2010-12-31": "", "2010-09-30": "", "2010-06-30": "", "2010-03-31": "", "2009-12-31": "", "2009-09-30": "", "2009-06-30": "", "2009-03-31": "", "2008-12-31": "", "2008-09-30": "", "2008-06-30": "", "2008-03-31": "", "2007-12-31": "", "2007-09-30": "", "2007-06-30": "", "2007-03-31": "", "2006-12-31": "", "2006-09-30": "", "2006-06-30": "", "2006-03-31": "", "2005-12-31": "", "2005-09-30": "", "2005-06-30": "", "2005-03-31": ""}, "SG&A Expenses": {"2020-12-31": "236.46000", "2020-09-30": "222.24000", "2020-06-30": "231.41300", "2020-03-31": "399.10300", "2019-12-31": "228.89700", "2019-09-30": "216.59100", "2019-06-30": "209.30400", "2019-03-31": "212.47800", "2018-12-31": "203.13300", "2018-09-30": "195.98200", "2018-06-30": "196.79000", "2018-03-31": "203.16800", "2017-12-31": "203.98000", "2017-09-30": "197.39800", "2017-06-30": "196.03900", "2017-03-31": "195.40900", "2016-12-31": "202.23000", "2016-09-30": "184.96400", "2016-06-30": "188.01500", "2016-03-31": "206.99500", "2015-12-31": "206.63300", "2015-09-30": "181.56300", "2015-06-30": "175.26300", "2015-03-31": "178.77900", "2014-12-31": "172.40500", "2014-09-30": "163.18900", "2014-06-30": "168.08800", "2014-03-31": "163.85200", "2013-12-31": "159.66100", "2013-09-30": "156.15100", "2013-06-30": "152.54500", "2013-03-31": "160.99400", "2012-12-31": "149.27400", "2012-09-30": "145.97700", "2012-06-30": "143.89700", "2012-03-31": "142.12900", "2011-12-31": "142.78100", "2011-09-30": "145.30900", "2011-06-30": "144.67500", "2011-03-31": "148.39100", "2010-12-31": "143.81400", "2010-09-30": "141.37600", "2010-06-30": "142.00500", "2010-03-31": "146.83200", "2009-12-31": "154.99300", "2009-09-30": "147.61000", "2009-06-30": "151.17100", "2009-03-31": "137.31900", "2008-12-31": "130.16400", "2008-09-30": "139.93600", "2008-06-30": "124.46300", "2008-03-31": "121.99900", "2007-12-31": "114.34400", "2007-09-30": "117.16700", "2007-06-30": "113.10400", "2007-03-31": "122.41100", "2006-12-31": "107.32400", "2006-09-30": "104.02800", "2006-06-30": "104.42600", "2006-03-31": "103.09700", "2005-12-31": "96.86800", "2005-09-30": "93.66700", "2005-06-30": "90.34700", "2005-03-31": "91.51600"}, "Other Operating Income Or Expenses": {"2020-12-31": "", "2020-09-30": "", "2020-06-30": "", "2020-03-31": "", "2019-12-31": "", "2019-09-30": "", "2019-06-30": "", "2019-03-31": "", "2018-12-31": "", "2018-09-30": "", "2018-06-30": "", "2018-03-31": "", "2017-12-31": "", "2017-09-30": "", "2017-06-30": "", "2017-03-31": "", "2016-12-31": "", "2016-09-30": "", "2016-06-30": "", "2016-03-31": "", "2015-12-31": "", "2015-09-30": "", "2015-06-30": "", "2015-03-31": "", "2014-12-31": "", "2014-09-30": "", "2014-06-30": "", "2014-03-31": "", "2013-12-31": "", "2013-09-30": "", "2013-06-30": "", "2013-03-31": "", "2012-12-31": "", "2012-09-30": "", "2012-06-30": "", "2012-03-31": "", "2011-12-31": "", "2011-09-30": "", "2011-06-30": "", "2011-03-31": "", "2010-12-31": "", "2010-09-30": "", "2010-06-30": "", "2010-03-31": "", "2009-12-31": "", "2009-09-30": "", "2009-06-30": "", "2009-03-31": "", "2008-12-31": "", "2008-09-30": "", "2008-06-30": "", "2008-03-31": "", "2007-12-31": "", "2007-09-30": "", "2007-06-30": "", "2007-03-31": "", "2006-12-31": "", "2006-09-30": "", "2006-06-30": "", "2006-03-31": "", "2005-12-31": "", "2005-09-30": "", "2005-06-30": "", "2005-03-31": ""}, "Operating Expenses": {"2020-12-31": "236.66800", "2020-09-30": "230.19500", "2020-06-30": "240.83700", "2020-03-31": "420.81900", "2019-12-31": "256.11700", "2019-09-30": "250.13100", "2019-06-30": "244.31500", "2019-03-31": "247.65500", "2018-12-31": "235.46000", "2018-09-30": "223.36900", "2018-06-30": "217.84000", "2018-03-31": "217.13400", "2017-12-31": "214.76300", "2017-09-30": "206.17800", "2017-06-30": "200.96300", "2017-03-31": "199.15000", "2016-12-31": "206.05500", "2016-09-30": "188.53200", "2016-06-30": "191.58300", "2016-03-31": "210.53900", "2015-12-31": "210.36200", "2015-09-30": "185.48600", "2015-06-30": "179.23500", "2015-03-31": "183.34400", "2014-12-31": "177.23400", "2014-09-30": "168.14800", "2014-06-30": "172.29700", "2014-03-31": "167.91200", "2013-12-31": "165.07500", "2013-09-30": "162.42900", "2013-06-30": "159.17000", "2013-03-31": "167.76300", "2012-12-31": "156.57900", "2012-09-30": "153.57700", "2012-06-30": "151.47000", "2012-03-31": "150.29800", "2011-12-31": "152.02200", "2011-09-30": "155.83500", "2011-06-30": "157.58200", "2011-03-31": "161.34500", "2010-12-31": "157.64400", "2010-09-30": "155.92400", "2010-06-30": "156.72200", "2010-03-31": "162.74200", "2009-12-31": "174.13700", "2009-09-30": "170.67500", "2009-06-30": "175.65100", "2009-03-31": "163.52400", "2008-12-31": "161.42900", "2008-09-30": "173.85200", "2008-06-30": "160.94500", "2008-03-31": "169.86800", "2007-12-31": "174.11600", "2007-09-30": "183.60100", "2007-06-30": "178.79300", "2007-03-31": "189.48600", "2006-12-31": "169.74000", "2006-09-30": "163.20200", "2006-06-30": "157.55400", "2006-03-31": "148.80300", "2005-12-31": "136.67400", "2005-09-30": "125.63000", "2005-06-30": "117.80700", "2005-03-31": "115.70700"}, "Operating Income": {"2020-12-31": "-145.33100", "2020-09-30": "104.57200", "2020-06-30": "91.75800", "2020-03-31": "58.07600", "2019-12-31": "117.19190", "2019-09-30": "125.36600", "2019-06-30": "126.46000", "2019-03-31": "130.45100", "2018-12-31": "132.86310", "2018-09-30": "133.00400", "2018-06-30": "125.17700", "2018-03-31": "117.63700", "2017-12-31": "109.60690", "2017-09-30": "103.02300", "2017-06-30": "99.39100", "2017-03-31": "96.34200", "2016-12-31": "92.24700", "2016-09-30": "91.07100", "2016-06-30": "79.88500", "2016-03-31": "78.20800", "2015-12-31": "61.89490", "2015-09-30": "87.98000", "2015-06-30": "85.67900", "2015-03-31": "84.24500", "2014-12-31": "88.23300", "2014-09-30": "94.26200", "2014-06-30": "80.24500", "2014-03-31": "73.28400", "2013-12-31": "77.33200", "2013-09-30": "72.41300", "2013-06-30": "72.35700", "2013-03-31": "68.77900", "2012-12-31": "80.10000", "2012-09-30": "75.74000", "2012-06-30": "74.08900", "2012-03-31": "78.54600", "2011-12-31": "74.15010", "2011-09-30": "78.16100", "2011-06-30": "69.34300", "2011-03-31": "64.58100", "2010-12-31": "66.80990", "2010-09-30": "70.19400", "2010-06-30": "68.52400", "2010-03-31": "60.81200", "2009-12-31": "68.47300", "2009-09-30": "54.30600", "2009-06-30": "49.58000", "2009-03-31": "60.39600", "2008-12-31": "75.18610", "2008-09-30": "70.13900", "2008-06-30": "75.49100", "2008-03-31": "76.06300", "2007-12-31": "80.63700", "2007-09-30": "82.02900", "2007-06-30": "78.24800", "2007-03-31": "70.16800", "2006-12-31": "70.63400", "2006-09-30": "73.77100", "2006-06-30": "71.93400", "2006-03-31": "69.06800", "2005-12-31": "66.32500", "2005-09-30": "62.62200", "2005-06-30": "60.18600", "2005-03-31": "55.25500"}, "Total Non-Operating Income/Expense": {"2020-12-31": "", "2020-09-30": "", "2020-06-30": "", "2020-03-31": "", "2019-12-31": "", "2019-09-30": "", "2019-06-30": "", "2019-03-31": "", "2018-12-31": "", "2018-09-30": "", "2018-06-30": "", "2018-03-31": "", "2017-12-31": "", "2017-09-30": "", "2017-06-30": "", "2017-03-31": "", "2016-12-31": "", "2016-09-30": "", "2016-06-30": "", "2016-03-31": "", "2015-12-31": "", "2015-09-30": "", "2015-06-30": "", "2015-03-31": "", "2014-12-31": "", "2014-09-30": "", "2014-06-30": "", "2014-03-31": "", "2013-12-31": "", "2013-09-30": "", "2013-06-30": "", "2013-03-31": "", "2012-12-31": "", "2012-09-30": "", "2012-06-30": "", "2012-03-31": "", "2011-12-31": "", "2011-09-30": "", "2011-06-30": "", "2011-03-31": "", "2010-12-31": "", "2010-09-30": "", "2010-06-30": "", "2010-03-31": "", "2009-12-31": "", "2009-09-30": "", "2009-06-30": "", "2009-03-31": "", "2008-12-31": "", "2008-09-30": "", "2008-06-30": "", "2008-03-31": "", "2007-12-31": "", "2007-09-30": "", "2007-06-30": "", "2007-03-31": "", "2006-12-31": "", "2006-09-30": "", "2006-06-30": "", "2006-03-31": "", "2005-12-31": "", "2005-09-30": "", "2005-06-30": "", "2005-03-31": ""}, "Pre-Tax Income": {"2020-12-31": "96.91500", "2020-09-30": "104.57200", "2020-06-30": "91.75800", "2020-03-31": "58.07600", "2019-12-31": "117.19200", "2019-09-30": "125.36600", "2019-06-30": "126.46000", "2019-03-31": "130.45100", "2018-12-31": "132.86300", "2018-09-30": "133.00400", "2018-06-30": "125.17700", "2018-03-31": "117.63700", "2017-12-31": "109.60700", "2017-09-30": "103.02300", "2017-06-30": "99.39100", "2017-03-31": "96.34200", "2016-12-31": "92.24700", "2016-09-30": "91.07100", "2016-06-30": "79.88500", "2016-03-31": "78.20800", "2015-12-31": "61.89500", "2015-09-30": "87.98000", "2015-06-30": "85.67900", "2015-03-31": "84.24500", "2014-12-31": "88.23300", "2014-09-30": "94.26200", "2014-06-30": "80.24500", "2014-03-31": "73.28400", "2013-12-31": "77.33200", "2013-09-30": "72.41300", "2013-06-30": "72.35700", "2013-03-31": "68.77900", "2012-12-31": "80.10000", "2012-09-30": "75.74000", "2012-06-30": "74.08900", "2012-03-31": "78.54600", "2011-12-31": "74.15000", "2011-09-30": "78.16100", "2011-06-30": "69.34300", "2011-03-31": "64.58100", "2010-12-31": "66.81000", "2010-09-30": "70.19400", "2010-06-30": "68.52400", "2010-03-31": "60.81200", "2009-12-31": "68.47300", "2009-09-30": "54.30600", "2009-06-30": "49.58000", "2009-03-31": "60.39600", "2008-12-31": "75.18600", "2008-09-30": "70.13900", "2008-06-30": "75.49100", "2008-03-31": "76.06300", "2007-12-31": "79.41700", "2007-09-30": "82.02900", "2007-06-30": "78.24800", "2007-03-31": "70.16800", "2006-12-31": "70.63400", "2006-09-30": "73.77100", "2006-06-30": "71.93400", "2006-03-31": "69.06800", "2005-12-31": "66.32500", "2005-09-30": "62.62200", "2005-06-30": "60.18600", "2005-03-31": "55.25500"}, "Income Taxes": {"2020-12-31": "8.64500", "2020-09-30": "9.51600", "2020-06-30": "-1.31400", "2020-03-31": "3.32300", "2019-12-31": "13.51100", "2019-09-30": "13.53000", "2019-06-30": "14.87400", "2019-03-31": "13.95500", "2018-12-31": "13.61000", "2018-09-30": "15.16000", "2018-06-30": "13.83600", "2018-03-31": "11.15700", "2017-12-31": "9.08300", "2017-09-30": "9.89200", "2017-06-30": "13.83800", "2017-03-31": "11.40100", "2016-12-31": "8.52800", "2016-09-30": "10.85200", "2016-06-30": "8.37800", "2016-03-31": "9.39200", "2015-12-31": "3.65700", "2015-09-30": "12.13000", "2015-06-30": "12.60200", "2015-03-31": "12.08200", "2014-12-31": "15.52900", "2014-09-30": "16.88100", "2014-06-30": "13.54100", "2014-03-31": "12.09600", "2013-12-31": "14.76100", "2013-09-30": "11.96900", "2013-06-30": "12.69400", "2013-03-31": "13.59100", "2012-12-31": "19.91200", "2012-09-30": "17.07100", "2012-06-30": "16.02700", "2012-03-31": "17.51300", "2011-12-31": "18.73600", "2011-09-30": "23.65400", "2011-06-30": "13.65700", "2011-03-31": "12.65300", "2010-12-31": "13.75900", "2010-09-30": "15.19900", "2010-06-30": "15.62400", "2010-03-31": "12.99400", "2009-12-31": "16.97900", "2009-09-30": "9.60700", "2009-06-30": "11.72100", "2009-03-31": "15.41400", "2008-12-31": "22.22300", "2008-09-30": "21.17400", "2008-06-30": "22.94400", "2008-03-31": "23.28300", "2007-12-31": "24.71700", "2007-09-30": "25.56600", "2007-06-30": "24.61900", "2007-03-31": "22.88900", "2006-12-31": "22.27200", "2006-09-30": "23.76900", "2006-06-30": "23.38400", "2006-03-31": "22.39100", "2005-12-31": "21.40800", "2005-09-30": "20.16700", "2005-06-30": "19.50200", "2005-03-31": "17.88800"}, "Income After Taxes": {"2020-12-31": "88.27000", "2020-09-30": "95.05600", "2020-06-30": "93.07200", "2020-03-31": "54.75300", "2019-12-31": "103.68100", "2019-09-30": "111.83600", "2019-06-30": "111.58600", "2019-03-31": "116.49600", "2018-12-31": "119.25300", "2018-09-30": "117.84400", "2018-06-30": "111.34100", "2018-03-31": "106.48000", "2017-12-31": "100.52400", "2017-09-30": "93.13100", "2017-06-30": "85.55300", "2017-03-31": "84.94100", "2016-12-31": "83.71900", "2016-09-30": "80.21900", "2016-06-30": "71.50700", "2016-03-31": "68.81600", "2015-12-31": "58.23800", "2015-09-30": "75.85000", "2015-06-30": "73.07700", "2015-03-31": "72.16300", "2014-12-31": "72.70400", "2014-09-30": "77.38100", "2014-06-30": "66.70400", "2014-03-31": "61.18800", "2013-12-31": "62.57100", "2013-09-30": "60.44400", "2013-06-30": "59.66300", "2013-03-31": "55.18800", "2012-12-31": "60.18800", "2012-09-30": "58.66900", "2012-06-30": "58.06200", "2012-03-31": "61.03300", "2011-12-31": "55.41400", "2011-09-30": "54.50700", "2011-06-30": "55.68600", "2011-03-31": "51.92800", "2010-12-31": "53.05100", "2010-09-30": "54.99500", "2010-06-30": "52.90000", "2010-03-31": "47.81800", "2009-12-31": "51.49400", "2009-09-30": "44.69900", "2009-06-30": "37.85900", "2009-03-31": "44.98200", "2008-12-31": "52.96300", "2008-09-30": "48.96500", "2008-06-30": "52.54700", "2008-03-31": "52.78000", "2007-12-31": "54.70000", "2007-09-30": "56.46300", "2007-06-30": "53.62900", "2007-03-31": "47.27900", "2006-12-31": "48.36200", "2006-09-30": "50.00200", "2006-06-30": "48.55000", "2006-03-31": "46.67700", "2005-12-31": "44.91700", "2005-09-30": "42.45500", "2005-06-30": "40.68400", "2005-03-31": "37.36700"}, "Other Income": {"2020-12-31": "", "2020-09-30": "", "2020-06-30": "", "2020-03-31": "", "2019-12-31": "", "2019-09-30": "", "2019-06-30": "", "2019-03-31": "", "2018-12-31": "", "2018-09-30": "", "2018-06-30": "", "2018-03-31": "", "2017-12-31": "", "2017-09-30": "", "2017-06-30": "", "2017-03-31": "", "2016-12-31": "", "2016-09-30": "", "2016-06-30": "", "2016-03-31": "", "2015-12-31": "", "2015-09-30": "", "2015-06-30": "", "2015-03-31": "", "2014-12-31": "", "2014-09-30": "", "2014-06-30": "", "2014-03-31": "", "2013-12-31": "", "2013-09-30": "", "2013-06-30": "", "2013-03-31": "", "2012-12-31": "", "2012-09-30": "", "2012-06-30": "", "2012-03-31": "", "2011-12-31": "", "2011-09-30": "", "2011-06-30": "", "2011-03-31": "", "2010-12-31": "", "2010-09-30": "", "2010-06-30": "", "2010-03-31": "", "2009-12-31": "", "2009-09-30": "", "2009-06-30": "", "2009-03-31": "", "2008-12-31": "", "2008-09-30": "", "2008-06-30": "", "2008-03-31": "", "2007-12-31": "", "2007-09-30": "", "2007-06-30": "", "2007-03-31": "", "2006-12-31": "", "2006-09-30": "", "2006-06-30": "", "2006-03-31": "", "2005-12-31": "", "2005-09-30": "", "2005-06-30": "", "2005-03-31": ""}, "Income From Continuous Operations": {"2020-12-31": "88.27000", "2020-09-30": "95.05600", "2020-06-30": "93.07200", "2020-03-31": "54.75300", "2019-12-31": "103.68100", "2019-09-30": "111.83600", "2019-06-30": "111.58600", "2019-03-31": "116.49600", "2018-12-31": "119.25300", "2018-09-30": "117.84400", "2018-06-30": "111.34100", "2018-03-31": "106.48000", "2017-12-31": "100.52400", "2017-09-30": "93.13100", "2017-06-30": "85.55300", "2017-03-31": "84.94100", "2016-12-31": "83.71900", "2016-09-30": "80.21900", "2016-06-30": "71.50700", "2016-03-31": "68.81600", "2015-12-31": "58.23800", "2015-09-30": "75.85000", "2015-06-30": "73.07700", "2015-03-31": "72.16300", "2014-12-31": "72.70400", "2014-09-30": "77.38100", "2014-06-30": "66.70400", "2014-03-31": "61.18800", "2013-12-31": "62.57100", "2013-09-30": "60.44400", "2013-06-30": "59.66300", "2013-03-31": "55.18800", "2012-12-31": "60.18800", "2012-09-30": "58.66900", "2012-06-30": "58.06200", "2012-03-31": "61.03300", "2011-12-31": "55.41400", "2011-09-30": "54.50700", "2011-06-30": "55.68600", "2011-03-31": "51.92800", "2010-12-31": "53.05100", "2010-09-30": "54.99500", "2010-06-30": "52.90000", "2010-03-31": "47.81800", "2009-12-31": "51.49400", "2009-09-30": "44.69900", "2009-06-30": "37.85900", "2009-03-31": "44.98200", "2008-12-31": "52.96300", "2008-09-30": "48.96500", "2008-06-30": "52.54700", "2008-03-31": "52.78000", "2007-12-31": "54.70000", "2007-09-30": "56.46300", "2007-06-30": "53.62900", "2007-03-31": "47.27900", "2006-12-31": "48.36200", "2006-09-30": "50.00200", "2006-06-30": "48.55000", "2006-03-31": "46.67700", "2005-12-31": "44.91700", "2005-09-30": "42.45500", "2005-06-30": "40.68400", "2005-03-31": "37.36700"}, "Income From Discontinued Operations": {"2020-12-31": "", "2020-09-30": "", "2020-06-30": "", "2020-03-31": "", "2019-12-31": "", "2019-09-30": "", "2019-06-30": "", "2019-03-31": "", "2018-12-31": "", "2018-09-30": "", "2018-06-30": "", "2018-03-31": "", "2017-12-31": "", "2017-09-30": "", "2017-06-30": "", "2017-03-31": "", "2016-12-31": "", "2016-09-30": "", "2016-06-30": "", "2016-03-31": "", "2015-12-31": "", "2015-09-30": "", "2015-06-30": "", "2015-03-31": "", "2014-12-31": "", "2014-09-30": "", "2014-06-30": "", "2014-03-31": "", "2013-12-31": "", "2013-09-30": "", "2013-06-30": "", "2013-03-31": "", "2012-12-31": "", "2012-09-30": "", "2012-06-30": "", "2012-03-31": "", "2011-12-31": "", "2011-09-30": "", "2011-06-30": "", "2011-03-31": "", "2010-12-31": "", "2010-09-30": "", "2010-06-30": "", "2010-03-31": "", "2009-12-31": "", "2009-09-30": "", "2009-06-30": "", "2009-03-31": "", "2008-12-31": "", "2008-09-30": "", "2008-06-30": "", "2008-03-31": "", "2007-12-31": "", "2007-09-30": "", "2007-06-30": "", "2007-03-31": "", "2006-12-31": "", "2006-09-30": "", "2006-06-30": "", "2006-03-31": "", "2005-12-31": "", "2005-09-30": "", "2005-06-30": "", "2005-03-31": ""}, "Net Income": {"2020-12-31": "88.27000", "2020-09-30": "95.05600", "2020-06-30": "93.07200", "2020-03-31": "47.22300", "2019-12-31": "97.97800", "2019-09-30": "109.82000", "2019-06-30": "109.57100", "2019-03-31": "114.48000", "2018-12-31": "116.24600", "2018-09-30": "115.07800", "2018-06-30": "108.60000", "2018-03-31": "103.76200", "2017-12-31": "97.40300", "2017-09-30": "90.64000", "2017-06-30": "83.10200", "2017-03-31": "82.92500", "2016-12-31": "81.32700", "2016-09-30": "77.92100", "2016-06-30": "69.24000", "2016-03-31": "66.56500", "2015-12-31": "55.28100", "2015-09-30": "73.83400", "2015-06-30": "71.06200", "2015-03-31": "70.14700", "2014-12-31": "69.68700", "2014-09-30": "75.36500", "2014-06-30": "64.68900", "2014-03-31": "59.17200", "2013-12-31": "60.55500", "2013-09-30": "58.42900", "2013-06-30": "56.97500", "2013-03-31": "55.18800", "2012-12-31": "60.75100", "2012-09-30": "58.48100", "2012-06-30": "57.87700", "2012-03-31": "60.84300", "2011-12-31": "55.41400", "2011-09-30": "54.50700", "2011-06-30": "55.68600", "2011-03-31": "51.92800", "2010-12-31": "53.05100", "2010-09-30": "54.99500", "2010-06-30": "52.90000", "2010-03-31": "47.81800", "2009-12-31": "51.49400", "2009-09-30": "44.69900", "2009-06-30": "37.85900", "2009-03-31": "44.98200", "2008-12-31": "52.96300", "2008-09-30": "48.96500", "2008-06-30": "52.54700", "2008-03-31": "52.78000", "2007-12-31": "54.70000", "2007-09-30": "56.46300", "2007-06-30": "53.62900", "2007-03-31": "47.27900", "2006-12-31": "48.36200", "2006-09-30": "50.00200", "2006-06-30": "48.55000", "2006-03-31": "46.67700", "2005-12-31": "44.91700", "2005-09-30": "42.45500", "2005-06-30": "40.68400", "2005-03-31": "37.36700"}, "EBITDA": {"2020-12-31": "", "2020-09-30": "", "2020-06-30": "", "2020-03-31": "", "2019-12-31": "", "2019-09-30": "", "2019-06-30": "", "2019-03-31": "", "2018-12-31": "", "2018-09-30": "", "2018-06-30": "", "2018-03-31": "", "2017-12-31": "", "2017-09-30": "", "2017-06-30": "", "2017-03-31": "", "2016-12-31": "", "2016-09-30": "", "2016-06-30": "", "2016-03-31": "", "2015-12-31": "", "2015-09-30": "", "2015-06-30": "", "2015-03-31": "", "2014-12-31": "", "2014-09-30": "", "2014-06-30": "", "2014-03-31": "", "2013-12-31": "", "2013-09-30": "", "2013-06-30": "", "2013-03-31": "", "2012-12-31": "", "2012-09-30": "", "2012-06-30": "", "2012-03-31": "", "2011-12-31": "", "2011-09-30": "", "2011-06-30": "", "2011-03-31": "", "2010-12-31": "", "2010-09-30": "", "2010-06-30": "", "2010-03-31": "", "2009-12-31": "", "2009-09-30": "", "2009-06-30": "", "2009-03-31": "", "2008-12-31": "", "2008-09-30": "", "2008-06-30": "", "2008-03-31": "", "2007-12-31": "", "2007-09-30": "", "2007-06-30": "", "2007-03-31": "", "2006-12-31": "", "2006-09-30": "", "2006-06-30": "", "2006-03-31": "", "2005-12-31": "", "2005-09-30": "", "2005-06-30": "", "2005-03-31": ""}, "EBIT": {"2020-12-31": "", "2020-09-30": "", "2020-06-30": "", "2020-03-31": "", "2019-12-31": "", "2019-09-30": "", "2019-06-30": "", "2019-03-31": "", "2018-12-31": "", "2018-09-30": "", "2018-06-30": "", "2018-03-31": "", "2017-12-31": "", "2017-09-30": "", "2017-06-30": "", "2017-03-31": "", "2016-12-31": "", "2016-09-30": "", "2016-06-30": "", "2016-03-31": "", "2015-12-31": "", "2015-09-30": "", "2015-06-30": "", "2015-03-31": "", "2014-12-31": "", "2014-09-30": "", "2014-06-30": "", "2014-03-31": "", "2013-12-31": "", "2013-09-30": "", "2013-06-30": "", "2013-03-31": "", "2012-12-31": "", "2012-09-30": "", "2012-06-30": "", "2012-03-31": "", "2011-12-31": "", "2011-09-30": "", "2011-06-30": "", "2011-03-31": "", "2010-12-31": "", "2010-09-30": "", "2010-06-30": "", "2010-03-31": "", "2009-12-31": "", "2009-09-30": "", "2009-06-30": "", "2009-03-31": "", "2008-12-31": "", "2008-09-30": "", "2008-06-30": "", "2008-03-31": "", "2007-12-31": "", "2007-09-30": "", "2007-06-30": "", "2007-03-31": "", "2006-12-31": "", "2006-09-30": "", "2006-06-30": "", "2006-03-31": "", "2005-12-31": "", "2005-09-30": "", "2005-06-30": "", "2005-03-31": ""}, "Basic Shares Outstanding": {"2020-12-31": "62.94000", "2020-09-30": "62.72700", "2020-06-30": "62.59600", "2020-03-31": "62.64300", "2019-12-31": "62.74200", "2019-09-30": "62.56600", "2019-06-30": "62.78900", "2019-03-31": "63.00900", "2018-12-31": "63.70500", "2018-09-30": "63.89200", "2018-06-30": "63.83670", "2018-03-31": "63.64920", "2017-12-31": "63.69400", "2017-09-30": "63.66700", "2017-06-30": "64.06130", "2017-03-31": "63.73800", "2016-12-31": "62.37630", "2016-09-30": "62.44970", "2016-06-30": "61.95940", "2016-03-31": "61.92900", "2015-12-31": "62.75800", "2015-09-30": "62.62900", "2015-06-30": "63.11900", "2015-03-31": "63.09400", "2014-12-31": "62.07200", "2014-09-30": "62.93900", "2014-06-30": "61.55100", "2014-03-31": "60.70100", "2013-12-31": "60.35100", "2013-09-30": "60.34000", "2013-06-30": "60.01100", "2013-03-31": "60.59300", "2012-12-31": "61.29800", "2012-09-30": "61.31700", "2012-06-30": "61.29100", "2012-03-31": "61.20100", "2011-12-31": "61.10100", "2011-09-30": "61.13700", "2011-06-30": "61.09400", "2011-03-31": "61.01800", "2010-12-31": "60.41100", "2010-09-30": "60.52360", "2010-06-30": "60.36500", "2010-03-31": "59.97220", "2009-12-31": "59.45640", "2009-09-30": "59.53730", "2009-06-30": "59.33070", "2009-03-31": "59.18860", "2008-12-31": "58.84600", "2008-09-30": "58.93240", "2008-06-30": "58.73270", "2008-03-31": "58.53800", "2007-12-31": "58.95170", "2007-09-30": "58.43900", "2007-06-30": "59.32400", "2007-03-31": "59.67580", "2006-12-31": "55.46700", "2006-09-30": "55.44030", "2006-06-30": "55.10500", "2006-03-31": "54.57360", "2005-12-31": "52.48100", "2005-09-30": "52.34500", "2005-06-30": "51.88400", "2005-03-31": "51.65300"}, "Shares Outstanding": {"2020-12-31": "63.25100", "2020-09-30": "62.92000", "2020-06-30": "62.80100", "2020-03-31": "63.05000", "2019-12-31": "63.44200", "2019-09-30": "63.15900", "2019-06-30": "63.55400", "2019-03-31": "63.82800", "2018-12-31": "64.68700", "2018-09-30": "64.91400", "2018-06-30": "64.89930", "2018-03-31": "64.66220", "2017-12-31": "64.66200", "2017-09-30": "64.56500", "2017-06-30": "65.03530", "2017-03-31": "64.73700", "2016-12-31": "62.96890", "2016-09-30": "63.14120", "2016-06-30": "62.45690", "2016-03-31": "61.99900", "2015-12-31": "63.47300", "2015-09-30": "63.31900", "2015-06-30": "63.95100", "2015-03-31": "63.77900", "2014-12-31": "62.97400", "2014-09-30": "63.87300", "2014-06-30": "62.46700", "2014-03-31": "61.58800", "2013-12-31": "61.11600", "2013-09-30": "61.20600", "2013-06-30": "60.67500", "2013-03-31": "61.17400", "2012-12-31": "61.64300", "2012-09-30": "61.68600", "2012-06-30": "61.63500", "2012-03-31": "61.53300", "2011-12-31": "61.27800", "2011-09-30": "61.23900", "2011-06-30": "61.39100", "2011-03-31": "61.33400", "2010-12-31": "60.58600", "2010-09-30": "60.66470", "2010-06-30": "60.56300", "2010-03-31": "60.15750", "2009-12-31": "59.51380", "2009-09-30": "59.62850", "2009-06-30": "59.44980", "2009-03-31": "59.26400", "2008-12-31": "59.17000", "2008-09-30": "59.23040", "2008-06-30": "59.09220", "2008-03-31": "58.95100", "2007-12-31": "59.59650", "2007-09-30": "59.17000", "2007-06-30": "60.13400", "2007-03-31": "60.59500", "2006-12-31": "56.64200", "2006-09-30": "56.58650", "2006-06-30": "56.30300", "2006-03-31": "55.92730", "2005-12-31": "53.80300", "2005-09-30": "53.63000", "2005-06-30": "53.13000", "2005-03-31": "53.06900"}, "Basic EPS": {"2020-12-31": "1.39000", "2020-09-30": "1.50000", "2020-06-30": "1.47000", "2020-03-31": "0.75000", "2019-12-31": "1.62000", "2019-09-30": "1.74000", "2019-06-30": "1.73000", "2019-03-31": "1.80000", "2018-12-31": "1.84000", "2018-09-30": "1.80000", "2018-06-30": "1.70000", "2018-03-31": "1.63000", "2017-12-31": "1.54000", "2017-09-30": "1.43000", "2017-06-30": "1.30000", "2017-03-31": "1.29000", "2016-12-31": "1.30000", "2016-09-30": "1.24000", "2016-06-30": "1.12000", "2016-03-31": "1.07000", "2015-12-31": "0.90000", "2015-09-30": "1.18000", "2015-06-30": "1.12000", "2015-03-31": "1.11000", "2014-12-31": "1.12000", "2014-09-30": "1.19000", "2014-06-30": "1.04000", "2014-03-31": "0.97000", "2013-12-31": "1.00000", "2013-09-30": "0.96000", "2013-06-30": "0.95000", "2013-03-31": "0.91000", "2012-12-31": "0.99000", "2012-09-30": "0.95000", "2012-06-30": "0.94000", "2012-03-31": "0.99000", "2011-12-31": "0.90000", "2011-09-30": "0.89000", "2011-06-30": "0.91000", "2011-03-31": "0.85000", "2010-12-31": "0.88000", "2010-09-30": "0.90000", "2010-06-30": "0.87000", "2010-03-31": "0.79000", "2009-12-31": "0.85000", "2009-09-30": "0.75000", "2009-06-30": "0.64000", "2009-03-31": "0.76000", "2008-12-31": "0.89000", "2008-09-30": "0.83000", "2008-06-30": "0.89000", "2008-03-31": "0.90000", "2007-12-31": "0.93000", "2007-09-30": "0.97000", "2007-06-30": "0.90000", "2007-03-31": "0.79000", "2006-12-31": "0.85000", "2006-09-30": "0.90000", "2006-06-30": "0.88000", "2006-03-31": "0.86000", "2005-12-31": "0.84000", "2005-09-30": "0.81000", "2005-06-30": "0.78000", "2005-03-31": "0.72000"}, "EPS - Earnings Per Share": {"2020-12-31": "1.38000", "2020-09-30": "1.50000", "2020-06-30": "1.47000", "2020-03-31": "0.75000", "2019-12-31": "1.60000", "2019-09-30": "1.73000", "2019-06-30": "1.72000", "2019-03-31": "1.79000", "2018-12-31": "1.83000", "2018-09-30": "1.78000", "2018-06-30": "1.68000", "2018-03-31": "1.61000", "2017-12-31": "1.53000", "2017-09-30": "1.41000", "2017-06-30": "1.29000", "2017-03-31": "1.28000", "2016-12-31": "1.28000", "2016-09-30": "1.24000", "2016-06-30": "1.11000", "2016-03-31": "1.07000", "2015-12-31": "0.90000", "2015-09-30": "1.17000", "2015-06-30": "1.11000", "2015-03-31": "1.10000", "2014-12-31": "1.12000", "2014-09-30": "1.18000", "2014-06-30": "1.03000", "2014-03-31": "0.96000", "2013-12-31": "0.99000", "2013-09-30": "0.96000", "2013-06-30": "0.94000", "2013-03-31": "0.91000", "2012-12-31": "0.98000", "2012-09-30": "0.95000", "2012-06-30": "0.94000", "2012-03-31": "0.99000", "2011-12-31": "0.89000", "2011-09-30": "0.89000", "2011-06-30": "0.91000", "2011-03-31": "0.85000", "2010-12-31": "0.88000", "2010-09-30": "0.90000", "2010-06-30": "0.87000", "2010-03-31": "0.79000", "2009-12-31": "0.86000", "2009-09-30": "0.75000", "2009-06-30": "0.63000", "2009-03-31": "0.76000", "2008-12-31": "0.89000", "2008-09-30": "0.83000", "2008-06-30": "0.89000", "2008-03-31": "0.89000", "2007-12-31": "0.95000", "2007-09-30": "0.95000", "2007-06-30": "0.89000", "2007-03-31": "0.78000", "2006-12-31": "0.85000", "2006-09-30": "0.88000", "2006-06-30": "0.86000", "2006-03-31": "0.83000", "2005-12-31": "0.81000", "2005-09-30": "0.79000", "2005-06-30": "0.77000", "2005-03-31": "0.70000"}}, "balance sheet": {"Cash On Hand": {"2020-12-31": "", "2019-12-31": "3812.47900", "2018-12-31": "3979.86500", "2017-12-31": "5074.14500", "2016-12-31": "4158.14800", "2015-12-31": "3608.10200", "2014-12-31": "4379.54900", "2013-12-31": "4572.52300", "2012-12-31": "3555.05300", "2011-12-31": "2921.20100", "2010-12-31": "2836.07800", "2009-12-31": "1737.60500", "2008-12-31": "1251.88300", "2007-12-31": "1208.42500", "2006-12-31": "1453.99100", "2005-12-31": "1919.64500"}, "Receivables": {"2020-12-31": "", "2019-12-31": "", "2018-12-31": "", "2017-12-31": "", "2016-12-31": "", "2015-12-31": "", "2014-12-31": "", "2013-12-31": "", "2012-12-31": "", "2011-12-31": "", "2010-12-31": "", "2009-12-31": "", "2008-12-31": "", "2007-12-31": "", "2006-12-31": "", "2005-12-31": ""}, "Inventory": {"2020-12-31": "", "2019-12-31": "", "2018-12-31": "", "2017-12-31": "", "2016-12-31": "", "2015-12-31": "", "2014-12-31": "", "2013-12-31": "", "2012-12-31": "", "2011-12-31": "", "2010-12-31": "", "2009-12-31": "", "2008-12-31": "", "2007-12-31": "", "2006-12-31": "", "2005-12-31": ""}, "Pre-Paid Expenses": {"2020-12-31": "", "2019-12-31": "", "2018-12-31": "", "2017-12-31": "", "2016-12-31": "", "2015-12-31": "", "2014-12-31": "", "2013-12-31": "", "2012-12-31": "", "2011-12-31": "", "2010-12-31": "", "2009-12-31": "", "2008-12-31": "", "2007-12-31": "", "2006-12-31": "", "2005-12-31": ""}, "Other Current Assets": {"2020-12-31": "", "2019-12-31": "", "2018-12-31": "", "2017-12-31": "", "2016-12-31": "", "2015-12-31": "", "2014-12-31": "", "2013-12-31": "", "2012-12-31": "", "2011-12-31": "", "2010-12-31": "", "2009-12-31": "", "2008-12-31": "", "2007-12-31": "", "2006-12-31": "", "2005-12-31": ""}, "Total Current Assets": {"2020-12-31": "", "2019-12-31": "18871.30000", "2018-12-31": "18405.18000", "2017-12-31": "18465.31000", "2016-12-31": "16377.15000", "2015-12-31": "15298.79000", "2014-12-31": "15609.02000", "2013-12-31": "14280.32000", "2012-12-31": "12966.79000", "2011-12-31": "11169.86000", "2010-12-31": "11187.14000", "2009-12-31": "10401.02000", "2008-12-31": "10533.61000", "2007-12-31": "9175.65700", "2006-12-31": "8989.26800", "2005-12-31": "8200.77900"}, "Property, Plant, And Equipment": {"2020-12-31": "", "2019-12-31": "1011.94700", "2018-12-31": "552.33000", "2017-12-31": "520.95800", "2016-12-31": "525.82100", "2015-12-31": "559.12400", "2014-12-31": "442.17000", "2013-12-31": "313.33100", "2012-12-31": "315.93400", "2011-12-31": "319.04200", "2010-12-31": "316.90900", "2009-12-31": "324.09800", "2008-12-31": "267.02500", "2007-12-31": "219.61500", "2006-12-31": "219.53300", "2005-12-31": "182.35600"}, "Long-Term Investments": {"2020-12-31": "", "2019-12-31": "13299.60000", "2018-12-31": "12493.38000", "2017-12-31": "11921.11000", "2016-12-31": "12453.74000", "2015-12-31": "11869.37000", "2014-12-31": "11387.74000", "2013-12-31": "9035.18400", "2012-12-31": "9159.68000", "2011-12-31": "8155.69600", "2010-12-31": "5441.09900", "2009-12-31": "4890.37200", "2008-12-31": "3561.47700", "2007-12-31": "3415.13700", "2006-12-31": "3341.04900", "2005-12-31": "3071.81200"}, "Goodwill And Intangible Assets": {"2020-12-31": "", "2019-12-31": "657.43300", "2018-12-31": "658.60100", "2017-12-31": "660.02500", "2016-12-31": "661.72800", "2015-12-31": "663.46800", "2014-12-31": "666.79300", "2013-12-31": "542.99400", "2012-12-31": "543.65590", "2011-12-31": "538.67600", "2010-12-31": "542.01900", "2009-12-31": "547.14400", "2008-12-31": "550.83300", "2007-12-31": "558.37400", "2006-12-31": "562.59700", "2005-12-31": "183.88600"}, "Other Long-Term Assets": {"2020-12-31": "", "2019-12-31": "187.15600", "2018-12-31": "183.47300", "2017-12-31": "180.47700", "2016-12-31": "177.88400", "2015-12-31": "175.19100", "2014-12-31": "172.05000", "2013-12-31": "141.10800", "2012-12-31": "138.00500", "2011-12-31": "133.96700", "2010-12-31": "129.92200", "2009-12-31": "125.40500", "2008-12-31": "121.19700", "2007-12-31": "116.23100", "2006-12-31": "111.74200", "2005-12-31": "102.60400"}, "Total Long-Term Assets": {"2020-12-31": "", "2019-12-31": "15156.13000", "2018-12-31": "13887.78000", "2017-12-31": "13282.57000", "2016-12-31": "13819.17000", "2015-12-31": "13267.15000", "2014-12-31": "12668.75000", "2013-12-31": "10032.62000", "2012-12-31": "10157.27000", "2011-12-31": "9147.38100", "2010-12-31": "6429.94900", "2009-12-31": "5887.01900", "2008-12-31": "4500.53200", "2007-12-31": "4309.35700", "2006-12-31": "4234.92100", "2005-12-31": "3540.65800"}, "Total Assets": {"2020-12-31": "0.00000", "2019-12-31": "34027.43000", "2018-12-31": "32292.97000", "2017-12-31": "31747.88000", "2016-12-31": "30196.32000", "2015-12-31": "28565.94000", "2014-12-31": "28277.78000", "2013-12-31": "24312.94000", "2012-12-31": "23124.07000", "2011-12-31": "20317.24000", "2010-12-31": "17617.09000", "2009-12-31": "16288.04000", "2008-12-31": "15034.14000", "2007-12-31": "13485.01000", "2006-12-31": "13224.19000", "2005-12-31": "11741.44000"}, "Total Current Liabilities": {"2020-12-31": "", "2019-12-31": "29880.60000", "2018-12-31": "28689.10000", "2017-12-31": "28215.28000", "2016-12-31": "26957.67000", "2015-12-31": "25439.66000", "2014-12-31": "25189.26000", "2013-12-31": "21575.07000", "2012-12-31": "20482.87000", "2011-12-31": "17809.97000", "2010-12-31": "15181.65000", "2009-12-31": "14000.97000", "2008-12-31": "12877.95000", "2007-12-31": "11607.60000", "2006-12-31": "11418.67000", "2005-12-31": "10343.78000"}, "Long Term Debt": {"2020-12-31": "", "2019-12-31": "235.16400", "2018-12-31": "234.95000", "2017-12-31": "234.73600", "2016-12-31": "236.11700", "2015-12-31": "235.93900", "2014-12-31": "237.11500", "2013-12-31": "223.71200", "2012-12-31": "223.71900", "2011-12-31": "223.73800", "2010-12-31": "373.75700", "2009-12-31": "392.64600", "2008-12-31": "392.66100", "2007-12-31": "400.32300", "2006-12-31": "428.63600", "2005-12-31": "415.42200"}, "Other Non-Current Liabilities": {"2020-12-31": "", "2019-12-31": "", "2018-12-31": "", "2017-12-31": "", "2016-12-31": "", "2015-12-31": "", "2014-12-31": "", "2013-12-31": "", "2012-12-31": "", "2011-12-31": "", "2010-12-31": "", "2009-12-31": "", "2008-12-31": "", "2007-12-31": "", "2006-12-31": "", "2005-12-31": ""}, "Total Long Term Liabilities": {"2020-12-31": "", "2019-12-31": "235.16400", "2018-12-31": "234.95000", "2017-12-31": "234.73600", "2016-12-31": "236.11700", "2015-12-31": "235.93900", "2014-12-31": "237.11500", "2013-12-31": "223.71200", "2012-12-31": "223.71900", "2011-12-31": "223.73800", "2010-12-31": "373.75700", "2009-12-31": "392.64600", "2008-12-31": "392.66100", "2007-12-31": "400.32300", "2006-12-31": "428.63600", "2005-12-31": "415.42200"}, "Total Liabilities": {"2020-12-31": "", "2019-12-31": "30115.76000", "2018-12-31": "28924.05000", "2017-12-31": "28450.02000", "2016-12-31": "27193.79000", "2015-12-31": "25675.60000", "2014-12-31": "25426.37000", "2013-12-31": "21798.78000", "2012-12-31": "20706.59000", "2011-12-31": "18033.71000", "2010-12-31": "15555.41000", "2009-12-31": "14393.61000", "2008-12-31": "13270.62000", "2007-12-31": "12007.93000", "2006-12-31": "11847.31000", "2005-12-31": "10759.20000"}, "Common Stock Net": {"2020-12-31": "", "2019-12-31": "0.64200", "2018-12-31": "0.64200", "2017-12-31": "0.64200", "2016-12-31": "0.63700", "2015-12-31": "0.63700", "2014-12-31": "0.63700", "2013-12-31": "0.61700", "2012-12-31": "0.61500", "2011-12-31": "0.61300", "2010-12-31": "0.61100", "2009-12-31": "0.60200", "2008-12-31": "0.60200", "2007-12-31": "0.60200", "2006-12-31": "0.59800", "2005-12-31": "0.55000"}, "Retained Earnings (Accumulated Deficit)": {"2020-12-31": "", "2019-12-31": "2667.53400", "2018-12-31": "2440.00200", "2017-12-31": "2187.06900", "2016-12-31": "1985.56900", "2015-12-31": "1845.18800", "2014-12-31": "1710.32400", "2013-12-31": "1575.28200", "2012-12-31": "1475.85100", "2011-12-31": "1354.75900", "2010-12-31": "1249.48400", "2009-12-31": "1150.10300", "2008-12-31": "1080.16000", "2007-12-31": "992.13800", "2006-12-31": "883.06000", "2005-12-31": "776.19300"}, "Comprehensive Income": {"2020-12-31": "", "2019-12-31": "267.37000", "2018-12-31": "-63.60000", "2017-12-31": "79.51200", "2016-12-31": "-24.62300", "2015-12-31": "113.86300", "2014-12-31": "141.81400", "2013-12-31": "140.43400", "2012-12-31": "238.04800", "2011-12-31": "247.73400", "2010-12-31": "154.25000", "2009-12-31": "154.20500", "2008-12-31": "137.29400", "2007-12-31": "-7.38200", "2006-12-31": "-54.89200", "2005-12-31": "-50.44200"}, "Other Share Holders Equity": {"2020-12-31": "", "2019-12-31": "", "2018-12-31": "", "2017-12-31": "", "2016-12-31": "", "2015-12-31": "", "2014-12-31": "", "2013-12-31": "", "2012-12-31": "", "2011-12-31": "", "2010-12-31": "", "2009-12-31": "", "2008-12-31": "", "2007-12-31": "", "2006-12-31": "", "2005-12-31": ""}, "Share Holder Equity": {"2020-12-31": "", "2019-12-31": "3911.66800", "2018-12-31": "3368.91700", "2017-12-31": "3297.86300", "2016-12-31": "3002.52800", "2015-12-31": "2890.34300", "2014-12-31": "2851.40300", "2013-12-31": "2514.16100", "2012-12-31": "2417.48200", "2011-12-31": "2283.53700", "2010-12-31": "2061.68000", "2009-12-31": "1894.42400", "2008-12-31": "1763.52700", "2007-12-31": "1477.08800", "2006-12-31": "1376.88300", "2005-12-31": "982.23600"}, "Total Liabilities And Share Holders Equity": {"2020-12-31": "", "2019-12-31": "34027.43000", "2018-12-31": "32292.97000", "2017-12-31": "31747.88000", "2016-12-31": "30196.32000", "2015-12-31": "28565.94000", "2014-12-31": "28277.78000", "2013-12-31": "24312.94000", "2012-12-31": "23124.07000", "2011-12-31": "20317.24000", "2010-12-31": "17617.09000", "2009-12-31": "16288.04000", "2008-12-31": "15034.14000", "2007-12-31": "13485.01000", "2006-12-31": "13224.19000", "2005-12-31": "11741.44000"}}, "balance sheet, quarterly": {"Cash On Hand": {"2020-12-31": "", "2020-09-30": "7201.48800", "2020-06-30": "6624.06300", "2020-03-31": "4221.50600", "2019-12-31": "3812.47900", "2019-09-30": "2935.57000", "2019-06-30": "1970.89200", "2019-03-31": "2306.68500", "2018-12-31": "3979.86500", "2018-09-30": "3441.72700", "2018-06-30": "3336.80400", "2018-03-31": "4700.72000", "2017-12-31": "5074.14500", "2017-09-30": "5111.62400", "2017-06-30": "3733.91500", "2017-03-31": "4546.26700", "2016-12-31": "4158.14800", "2016-09-30": "4021.08700", "2016-06-30": "3393.15700", "2016-03-31": "3880.48600", "2015-12-31": "3608.10200", "2015-09-30": "3774.57700", "2015-06-30": "3285.14200", "2015-03-31": "3860.42600", "2014-12-31": "4379.54900", "2014-09-30": "5317.00500", "2014-06-30": "5036.09900", "2014-03-31": "5193.65500", "2013-12-31": "4572.52300", "2013-09-30": "4335.35000", "2013-06-30": "2918.13200", "2013-03-31": "3241.12400", "2012-12-31": "3555.05300", "2012-09-30": "2766.99900", "2012-06-30": "2311.81400", "2012-03-31": "2145.58000", "2011-12-31": "2921.20100", "2011-09-30": "4503.18400", "2011-06-30": "3435.07800", "2011-03-31": "2719.41700", "2010-12-31": "2836.07800", "2010-09-30": "2867.81800", "2010-06-30": "2664.64600", "2010-03-31": "2576.34800", "2009-12-31": "1737.60500", "2009-09-30": "1804.20500", "2009-06-30": "1530.38700", "2009-03-31": "1232.02500", "2008-12-31": "1251.88300", "2008-09-30": "1154.15800", "2008-06-30": "903.19100", "2008-03-31": "1295.53200", "2007-12-31": "1208.42500", "2007-09-30": "1184.49400", "2007-06-30": "1248.48000", "2007-03-31": "1428.59400", "2006-12-31": "1453.99100", "2006-09-30": "1585.95000", "2006-06-30": "1239.59800", "2006-03-31": "1340.12300", "2005-12-31": "1919.64500", "2005-09-30": "1356.44200", "2005-06-30": "993.77400", "2005-03-31": "915.28800"}, "Receivables": {"2020-12-31": "", "2020-09-30": "", "2020-06-30": "", "2020-03-31": "", "2019-12-31": "", "2019-09-30": "", "2019-06-30": "", "2019-03-31": "", "2018-12-31": "", "2018-09-30": "", "2018-06-30": "", "2018-03-31": "", "2017-12-31": "", "2017-09-30": "", "2017-06-30": "", "2017-03-31": "", "2016-12-31": "", "2016-09-30": "", "2016-06-30": "", "2016-03-31": "", "2015-12-31": "", "2015-09-30": "", "2015-06-30": "", "2015-03-31": "", "2014-12-31": "", "2014-09-30": "", "2014-06-30": "", "2014-03-31": "", "2013-12-31": "", "2013-09-30": "", "2013-06-30": "", "2013-03-31": "", "2012-12-31": "", "2012-09-30": "", "2012-06-30": "", "2012-03-31": "", "2011-12-31": "", "2011-09-30": "", "2011-06-30": "", "2011-03-31": "", "2010-12-31": "", "2010-09-30": "", "2010-06-30": "", "2010-03-31": "", "2009-12-31": "", "2009-09-30": "", "2009-06-30": "", "2009-03-31": "", "2008-12-31": "", "2008-09-30": "", "2008-06-30": "", "2008-03-31": "", "2007-12-31": "", "2007-09-30": "", "2007-06-30": "", "2007-03-31": "", "2006-12-31": "", "2006-09-30": "", "2006-06-30": "", "2006-03-31": "", "2005-12-31": "", "2005-09-30": "", "2005-06-30": "", "2005-03-31": ""}, "Inventory": {"2020-12-31": "", "2020-09-30": "", "2020-06-30": "", "2020-03-31": "", "2019-12-31": "", "2019-09-30": "", "2019-06-30": "", "2019-03-31": "", "2018-12-31": "", "2018-09-30": "", "2018-06-30": "", "2018-03-31": "", "2017-12-31": "", "2017-09-30": "", "2017-06-30": "", "2017-03-31": "", "2016-12-31": "", "2016-09-30": "", "2016-06-30": "", "2016-03-31": "", "2015-12-31": "", "2015-09-30": "", "2015-06-30": "", "2015-03-31": "", "2014-12-31": "", "2014-09-30": "", "2014-06-30": "", "2014-03-31": "", "2013-12-31": "", "2013-09-30": "", "2013-06-30": "", "2013-03-31": "", "2012-12-31": "", "2012-09-30": "", "2012-06-30": "", "2012-03-31": "", "2011-12-31": "", "2011-09-30": "", "2011-06-30": "", "2011-03-31": "", "2010-12-31": "", "2010-09-30": "", "2010-06-30": "", "2010-03-31": "", "2009-12-31": "", "2009-09-30": "", "2009-06-30": "", "2009-03-31": "", "2008-12-31": "", "2008-09-30": "", "2008-06-30": "", "2008-03-31": "", "2007-12-31": "", "2007-09-30": "", "2007-06-30": "", "2007-03-31": "", "2006-12-31": "", "2006-09-30": "", "2006-06-30": "", "2006-03-31": "", "2005-12-31": "", "2005-09-30": "", "2005-06-30": "", "2005-03-31": ""}, "Pre-Paid Expenses": {"2020-12-31": "", "2020-09-30": "", "2020-06-30": "", "2020-03-31": "", "2019-12-31": "", "2019-09-30": "", "2019-06-30": "", "2019-03-31": "", "2018-12-31": "", "2018-09-30": "", "2018-06-30": "", "2018-03-31": "", "2017-12-31": "", "2017-09-30": "", "2017-06-30": "", "2017-03-31": "", "2016-12-31": "", "2016-09-30": "", "2016-06-30": "", "2016-03-31": "", "2015-12-31": "", "2015-09-30": "", "2015-06-30": "", "2015-03-31": "", "2014-12-31": "", "2014-09-30": "", "2014-06-30": "", "2014-03-31": "", "2013-12-31": "", "2013-09-30": "", "2013-06-30": "", "2013-03-31": "", "2012-12-31": "", "2012-09-30": "", "2012-06-30": "", "2012-03-31": "", "2011-12-31": "", "2011-09-30": "", "2011-06-30": "", "2011-03-31": "", "2010-12-31": "", "2010-09-30": "", "2010-06-30": "", "2010-03-31": "", "2009-12-31": "", "2009-09-30": "", "2009-06-30": "", "2009-03-31": "", "2008-12-31": "", "2008-09-30": "", "2008-06-30": "", "2008-03-31": "", "2007-12-31": "", "2007-09-30": "", "2007-06-30": "", "2007-03-31": "", "2006-12-31": "", "2006-09-30": "", "2006-06-30": "", "2006-03-31": "", "2005-12-31": "", "2005-09-30": "", "2005-06-30": "", "2005-03-31": ""}, "Other Current Assets": {"2020-12-31": "", "2020-09-30": "", "2020-06-30": "", "2020-03-31": "", "2019-12-31": "", "2019-09-30": "", "2019-06-30": "", "2019-03-31": "", "2018-12-31": "", "2018-09-30": "", "2018-06-30": "", "2018-03-31": "", "2017-12-31": "", "2017-09-30": "", "2017-06-30": "", "2017-03-31": "", "2016-12-31": "", "2016-09-30": "", "2016-06-30": "", "2016-03-31": "", "2015-12-31": "", "2015-09-30": "", "2015-06-30": "", "2015-03-31": "", "2014-12-31": "", "2014-09-30": "", "2014-06-30": "", "2014-03-31": "", "2013-12-31": "", "2013-09-30": "", "2013-06-30": "", "2013-03-31": "", "2012-12-31": "", "2012-09-30": "", "2012-06-30": "", "2012-03-31": "", "2011-12-31": "", "2011-09-30": "", "2011-06-30": "", "2011-03-31": "", "2010-12-31": "", "2010-09-30": "", "2010-06-30": "", "2010-03-31": "", "2009-12-31": "", "2009-09-30": "", "2009-06-30": "", "2009-03-31": "", "2008-12-31": "", "2008-09-30": "", "2008-06-30": "", "2008-03-31": "", "2007-12-31": "", "2007-09-30": "", "2007-06-30": "", "2007-03-31": "", "2006-12-31": "", "2006-09-30": "", "2006-06-30": "", "2006-03-31": "", "2005-12-31": "", "2005-09-30": "", "2005-06-30": "", "2005-03-31": ""}, "Total Current Assets": {"2020-12-31": "", "2020-09-30": "25644.44000", "2020-06-30": "24911.62000", "2020-03-31": "19814.04000", "2019-12-31": "18871.30000", "2019-09-30": "17825.47000", "2019-06-30": "16745.28000", "2019-03-31": "16980.42000", "2018-12-31": "18405.18000", "2018-09-30": "17550.28000", "2018-06-30": "17352.07000", "2018-03-31": "18313.41000", "2017-12-31": "18465.31000", "2017-09-30": "18001.79000", "2017-06-30": "16466.24000", "2017-03-31": "16911.39000", "2016-12-31": "16377.15000", "2016-09-30": "15772.69000", "2016-06-30": "15189.88000", "2016-03-31": "15568.99000", "2015-12-31": "15298.79000", "2015-09-30": "15312.04000", "2015-06-30": "14977.95000", "2015-03-31": "15342.65000", "2014-12-31": "15609.02000", "2014-09-30": "16281.43000", "2014-06-30": "15930.51000", "2014-03-31": "15115.74000", "2013-12-31": "14280.32000", "2013-09-30": "13815.51000", "2013-06-30": "12383.63000", "2013-03-31": "12587.13000", "2012-12-31": "12966.79000", "2012-09-30": "11766.12000", "2012-06-30": "11023.56000", "2012-03-31": "10480.05000", "2011-12-31": "11169.86000", "2011-09-30": "12789.42000", "2011-06-30": "11707.15000", "2011-03-31": "10953.36000", "2010-12-31": "11187.14000", "2010-09-30": "11239.14000", "2010-06-30": "11062.26000", "2010-03-31": "11046.68000", "2009-12-31": "10401.02000", "2009-09-30": "10634.03000", "2009-06-30": "10482.22000", "2009-03-31": "10357.09000", "2008-12-31": "10533.61000", "2008-09-30": "9961.83700", "2008-06-30": "9531.76500", "2008-03-31": "9578.35900", "2007-12-31": "9175.65700", "2007-09-30": "8818.69200", "2007-06-30": "8884.66900", "2007-03-31": "9156.27400", "2006-12-31": "8989.26800", "2006-09-30": "8284.91600", "2006-06-30": "8002.37400", "2006-03-31": "8021.85700", "2005-12-31": "8200.77900", "2005-09-30": "7211.48700", "2005-06-30": "6722.13900", "2005-03-31": "6465.96900"}, "Property, Plant, And Equipment": {"2020-12-31": "", "2020-09-30": "1055.06400", "2020-06-30": "1044.26100", "2020-03-31": "1035.88100", "2019-12-31": "1011.94700", "2019-09-30": "987.50300", "2019-06-30": "915.49700", "2019-03-31": "750.25600", "2018-12-31": "552.33000", "2018-09-30": "541.23600", "2018-06-30": "539.86100", "2018-03-31": "521.20200", "2017-12-31": "520.95800", "2017-09-30": "520.63900", "2017-06-30": "520.25300", "2017-03-31": "521.09200", "2016-12-31": "525.82100", "2016-09-30": "564.37200", "2016-06-30": "564.19900", "2016-03-31": "556.98800", "2015-12-31": "559.12400", "2015-09-30": "540.38800", "2015-06-30": "525.69200", "2015-03-31": "487.49000", "2014-12-31": "442.17000", "2014-09-30": "397.42900", "2014-06-30": "369.15800", "2014-03-31": "320.70100", "2013-12-31": "313.33100", "2013-09-30": "306.63800", "2013-06-30": "306.06900", "2013-03-31": "303.32100", "2012-12-31": "315.93400", "2012-09-30": "317.19700", "2012-06-30": "319.90400", "2012-03-31": "321.68100", "2011-12-31": "319.04200", "2011-09-30": "321.51700", "2011-06-30": "316.16500", "2011-03-31": "313.23300", "2010-12-31": "316.90900", "2010-09-30": "315.25900", "2010-06-30": "318.92100", "2010-03-31": "322.72100", "2009-12-31": "324.09800", "2009-09-30": "313.27100", "2009-06-30": "295.76700", "2009-03-31": "285.75100", "2008-12-31": "267.02500", "2008-09-30": "248.41900", "2008-06-30": "238.40100", "2008-03-31": "221.53300", "2007-12-31": "219.61500", "2007-09-30": "217.33200", "2007-06-30": "219.63600", "2007-03-31": "217.31500", "2006-12-31": "219.53300", "2006-09-30": "202.71700", "2006-06-30": "201.76000", "2006-03-31": "196.28700", "2005-12-31": "182.35600", "2005-09-30": "175.01200", "2005-06-30": "173.47500", "2005-03-31": "173.71200"}, "Long-Term Investments": {"2020-12-31": "", "2020-09-30": "12555.86000", "2020-06-30": "12575.65000", "2020-03-31": "12452.13000", "2019-12-31": "13299.60000", "2019-09-30": "13441.28000", "2019-06-30": "13314.81000", "2019-03-31": "13091.24000", "2018-12-31": "12493.38000", "2018-09-30": "12290.35000", "2018-06-30": "11954.25000", "2018-03-31": "11783.69000", "2017-12-31": "11921.11000", "2017-09-30": "11627.32000", "2017-06-30": "12380.00000", "2017-03-31": "12252.75000", "2016-12-31": "12453.74000", "2016-09-30": "12427.29000", "2016-06-30": "12383.63000", "2016-03-31": "11435.25000", "2015-12-31": "11869.37000", "2015-09-30": "11650.17000", "2015-06-30": "11439.26000", "2015-03-31": "11490.01000", "2014-12-31": "11387.74000", "2014-09-30": "9853.66400", "2014-06-30": "9388.81000", "2014-03-31": "8564.54700", "2013-12-31": "9035.18400", "2013-09-30": "8725.93800", "2013-06-30": "9200.06300", "2013-03-31": "8925.53300", "2012-12-31": "9159.68000", "2012-09-30": "9082.64200", "2012-06-30": "8841.12300", "2012-03-31": "8933.81700", "2011-12-31": "8155.69600", "2011-09-30": "5706.07900", "2011-06-30": "5782.35100", "2011-03-31": "6003.24500", "2010-12-31": "5441.09900", "2010-09-30": "5511.73000", "2010-06-30": "5006.60300", "2010-03-31": "4719.27200", "2009-12-31": "4890.37200", "2009-09-30": "4538.03800", "2009-06-30": "4334.21100", "2009-03-31": "4015.24100", "2008-12-31": "3561.47700", "2008-09-30": "3177.79900", "2008-06-30": "3227.89700", "2008-03-31": "3320.14500", "2007-12-31": "3415.13700", "2007-09-30": "3455.30200", "2007-06-30": "3168.63800", "2007-03-31": "3125.81900", "2006-12-31": "3341.04900", "2006-09-30": "2781.03400", "2006-06-30": "2820.95800", "2006-03-31": "2983.64600", "2005-12-31": "3071.81200", "2005-09-30": "2681.36900", "2005-06-30": "2839.68600", "2005-03-31": "2988.12700"}, "Goodwill And Intangible Assets": {"2020-12-31": "", "2020-09-30": "656.72300", "2020-06-30": "656.93500", "2020-03-31": "657.17600", "2019-12-31": "657.43300", "2019-09-30": "657.69700", "2019-06-30": "657.97100", "2019-03-31": "658.27600", "2018-12-31": "658.60100", "2018-09-30": "658.93200", "2018-06-30": "659.26800", "2018-03-31": "659.63700", "2017-12-31": "660.02500", "2017-09-30": "660.42700", "2017-06-30": "660.83200", "2017-03-31": "661.27000", "2016-12-31": "661.72800", "2016-09-30": "661.59910", "2016-06-30": "662.18510", "2016-03-31": "662.80400", "2015-12-31": "663.46800", "2015-09-30": "664.23400", "2015-06-30": "665.05000", "2015-03-31": "665.89900", "2014-12-31": "666.79300", "2014-09-30": "666.97000", "2014-06-30": "664.72000", "2014-03-31": "542.30500", "2013-12-31": "542.99400", "2013-09-30": "541.26790", "2013-06-30": "542.04800", "2013-03-31": "542.83600", "2012-12-31": "543.65590", "2012-09-30": "544.57500", "2012-06-30": "545.59900", "2012-03-31": "546.59300", "2011-12-31": "538.67600", "2011-09-30": "539.72800", "2011-06-30": "540.83600", "2011-03-31": "540.89900", "2010-12-31": "542.01900", "2010-09-30": "543.23600", "2010-06-30": "544.51200", "2010-03-31": "545.81100", "2009-12-31": "547.14400", "2009-09-30": "548.61700", "2009-06-30": "549.03600", "2009-03-31": "550.75400", "2008-12-31": "550.83300", "2008-09-30": "553.45500", "2008-06-30": "554.43100", "2008-03-31": "556.38600", "2007-12-31": "558.37400", "2007-09-30": "560.27300", "2007-06-30": "562.45700", "2007-03-31": "564.10000", "2006-12-31": "562.59700", "2006-09-30": "268.07400", "2006-06-30": "268.09400", "2006-03-31": "268.83000", "2005-12-31": "183.88600", "2005-09-30": "110.70600", "2005-06-30": "111.75600", "2005-03-31": "115.14500"}, "Other Long-Term Assets": {"2020-12-31": "", "2020-09-30": "189.14800", "2020-06-30": "189.09100", "2020-03-31": "188.07800", "2019-12-31": "187.15600", "2019-09-30": "186.21700", "2019-06-30": "185.30300", "2019-03-31": "184.37100", "2018-12-31": "183.47300", "2018-09-30": "182.60300", "2018-06-30": "181.75600", "2018-03-31": "181.29700", "2017-12-31": "180.47700", "2017-09-30": "179.78900", "2017-06-30": "178.98700", "2017-03-31": "178.20600", "2016-12-31": "177.88400", "2016-09-30": "176.96300", "2016-06-30": "176.34500", "2016-03-31": "176.05800", "2015-12-31": "175.19100", "2015-09-30": "174.51400", "2015-06-30": "173.63900", "2015-03-31": "172.93600", "2014-12-31": "172.05000", "2014-09-30": "171.14200", "2014-06-30": "170.24500", "2014-03-31": "141.79000", "2013-12-31": "141.10800", "2013-09-30": "140.40400", "2013-06-30": "139.70400", "2013-03-31": "138.89800", "2012-12-31": "138.00500", "2012-09-30": "137.00900", "2012-06-30": "136.04100", "2012-03-31": "135.03500", "2011-12-31": "133.96700", "2011-09-30": "132.89900", "2011-06-30": "131.88300", "2011-03-31": "130.91000", "2010-12-31": "129.92200", "2010-09-30": "128.75800", "2010-06-30": "127.57900", "2010-03-31": "126.50100", "2009-12-31": "125.40500", "2009-09-30": "124.27000", "2009-06-30": "123.57900", "2009-03-31": "122.35900", "2008-12-31": "121.19700", "2008-09-30": "119.97400", "2008-06-30": "118.76000", "2008-03-31": "117.50600", "2007-12-31": "116.23100", "2007-09-30": "115.08200", "2007-06-30": "113.99000", "2007-03-31": "112.88000", "2006-12-31": "111.74200", "2006-09-30": "110.67300", "2006-06-30": "109.62700", "2006-03-31": "108.54900", "2005-12-31": "102.60400", "2005-09-30": "101.65500", "2005-06-30": "103.91700", "2005-03-31": "106.23900"}, "Total Long-Term Assets": {"2020-12-31": "", "2020-09-30": "14456.80000", "2020-06-30": "14465.94000", "2020-03-31": "14333.26000", "2019-12-31": "15156.13000", "2019-09-30": "15272.70000", "2019-06-30": "15073.58000", "2019-03-31": "14684.15000", "2018-12-31": "13887.78000", "2018-09-30": "13673.12000", "2018-06-30": "13335.14000", "2018-03-31": "13145.82000", "2017-12-31": "13282.57000", "2017-09-30": "12988.18000", "2017-06-30": "13740.07000", "2017-03-31": "13613.32000", "2016-12-31": "13819.17000", "2016-09-30": "13830.22000", "2016-06-30": "13786.36000", "2016-03-31": "12831.10000", "2015-12-31": "13267.15000", "2015-09-30": "13029.31000", "2015-06-30": "12803.64000", "2015-03-31": "12816.33000", "2014-12-31": "12668.75000", "2014-09-30": "11089.20000", "2014-06-30": "10592.93000", "2014-03-31": "9569.34300", "2013-12-31": "10032.62000", "2013-09-30": "9714.24700", "2013-06-30": "10187.88000", "2013-03-31": "9910.58900", "2012-12-31": "10157.27000", "2012-09-30": "10081.42000", "2012-06-30": "9842.66700", "2012-03-31": "9937.12600", "2011-12-31": "9147.38100", "2011-09-30": "6700.22300", "2011-06-30": "6771.23500", "2011-03-31": "6988.28700", "2010-12-31": "6429.94900", "2010-09-30": "6498.98200", "2010-06-30": "5997.61500", "2010-03-31": "5714.30500", "2009-12-31": "5887.01900", "2009-09-30": "5524.19600", "2009-06-30": "5302.59300", "2009-03-31": "4974.10500", "2008-12-31": "4500.53200", "2008-09-30": "4099.64700", "2008-06-30": "4139.48900", "2008-03-31": "4215.57000", "2007-12-31": "4309.35700", "2007-09-30": "4347.98900", "2007-06-30": "4064.72100", "2007-03-31": "4020.11400", "2006-12-31": "4234.92100", "2006-09-30": "3362.49800", "2006-06-30": "3400.43900", "2006-03-31": "3557.31200", "2005-12-31": "3540.65800", "2005-09-30": "3068.74200", "2005-06-30": "3228.83400", "2005-03-31": "3383.22300"}, "Total Assets": {"2020-12-31": "0.00000", "2020-09-30": "40101.24000", "2020-06-30": "39377.55000", "2020-03-31": "34147.30000", "2019-12-31": "34027.43000", "2019-09-30": "33098.18000", "2019-06-30": "31818.86000", "2019-03-31": "31664.57000", "2018-12-31": "32292.97000", "2018-09-30": "31223.40000", "2018-06-30": "30687.21000", "2018-03-31": "31459.23000", "2017-12-31": "31747.88000", "2017-09-30": "30989.97000", "2017-06-30": "30206.31000", "2017-03-31": "30524.71000", "2016-12-31": "30196.32000", "2016-09-30": "29602.91000", "2016-06-30": "28976.25000", "2016-03-31": "28400.09000", "2015-12-31": "28565.94000", "2015-09-30": "28341.35000", "2015-06-30": "27781.59000", "2015-03-31": "28158.98000", "2014-12-31": "28277.78000", "2014-09-30": "27370.63000", "2014-06-30": "26523.44000", "2014-03-31": "24685.09000", "2013-12-31": "24312.94000", "2013-09-30": "23529.76000", "2013-06-30": "22571.51000", "2013-03-31": "22497.72000", "2012-12-31": "23124.07000", "2012-09-30": "21847.54000", "2012-06-30": "20866.23000", "2012-03-31": "20417.18000", "2011-12-31": "20317.24000", "2011-09-30": "19489.64000", "2011-06-30": "18478.39000", "2011-03-31": "17941.64000", "2010-12-31": "17617.09000", "2010-09-30": "17738.13000", "2010-06-30": "17059.88000", "2010-03-31": "16760.98000", "2009-12-31": "16288.04000", "2009-09-30": "16158.22000", "2009-06-30": "15784.81000", "2009-03-31": "15331.19000", "2008-12-31": "15034.14000", "2008-09-30": "14061.48000", "2008-06-30": "13671.25000", "2008-03-31": "13793.93000", "2007-12-31": "13485.01000", "2007-09-30": "13166.68000", "2007-06-30": "12949.39000", "2007-03-31": "13176.39000", "2006-12-31": "13224.19000", "2006-09-30": "11647.41000", "2006-06-30": "11402.81000", "2006-03-31": "11579.17000", "2005-12-31": "11741.44000", "2005-09-30": "10280.23000", "2005-06-30": "9950.97300", "2005-03-31": "9849.19200"}, "Total Current Liabilities": {"2020-12-31": "", "2020-09-30": "35780.89000", "2020-06-30": "35133.48000", "2020-03-31": "30085.42000", "2019-12-31": "29880.60000", "2019-09-30": "28981.61000", "2019-06-30": "27842.50000", "2019-03-31": "27835.98000", "2018-12-31": "28689.10000", "2018-09-30": "27680.26000", "2018-06-30": "27142.86000", "2018-03-31": "27981.01000", "2017-12-31": "28215.28000", "2017-09-30": "27566.25000", "2017-06-30": "26747.76000", "2017-03-31": "27192.74000", "2016-12-31": "26957.67000", "2016-09-30": "26205.04000", "2016-06-30": "25603.55000", "2016-03-31": "25171.86000", "2015-12-31": "25439.66000", "2015-09-30": "25199.26000", "2015-06-30": "24672.81000", "2015-03-31": "25010.94000", "2014-12-31": "25189.26000", "2014-09-30": "24315.67000", "2014-06-30": "23515.65000", "2014-03-31": "21895.45000", "2013-12-31": "21575.07000", "2013-09-30": "20824.88000", "2013-06-30": "19919.96000", "2013-03-31": "19830.68000", "2012-12-31": "20482.87000", "2012-09-30": "19205.20000", "2012-06-30": "18279.89000", "2012-03-31": "17872.73000", "2011-12-31": "17809.97000", "2011-09-30": "17019.02000", "2011-06-30": "15927.99000", "2011-03-31": "15470.54000", "2010-12-31": "15181.65000", "2010-09-30": "15248.23000", "2010-06-30": "14632.89000", "2010-03-31": "14419.10000", "2009-12-31": "14000.97000", "2009-09-30": "13629.69000", "2009-06-30": "13365.16000", "2009-03-31": "12905.24000", "2008-12-31": "12877.95000", "2008-09-30": "12057.96000", "2008-06-30": "11733.63000", "2008-03-31": "11821.56000", "2007-12-31": "11607.60000", "2007-09-30": "11379.58000", "2007-06-30": "11183.48000", "2007-03-31": "11335.57000", "2006-12-31": "11418.67000", "2006-09-30": "10124.67000", "2006-06-30": "9972.36800", "2006-03-31": "10161.48000", "2005-12-31": "10343.78000", "2005-09-30": "9005.99200", "2005-06-30": "8694.23400", "2005-03-31": "8663.60800"}, "Long Term Debt": {"2020-12-31": "", "2020-09-30": "235.32400", "2020-06-30": "235.27100", "2020-03-31": "235.21800", "2019-12-31": "235.16400", "2019-09-30": "235.11100", "2019-06-30": "235.05600", "2019-03-31": "235.00300", "2018-12-31": "234.95000", "2018-09-30": "234.89600", "2018-06-30": "234.84300", "2018-03-31": "234.78900", "2017-12-31": "234.73600", "2017-09-30": "234.68200", "2017-06-30": "234.62800", "2017-03-31": "234.58700", "2016-12-31": "236.11700", "2016-09-30": "236.07200", "2016-06-30": "236.02800", "2016-03-31": "235.98300", "2015-12-31": "235.93900", "2015-09-30": "237.11500", "2015-06-30": "237.11500", "2015-03-31": "237.11500", "2014-12-31": "237.11500", "2014-09-30": "237.11500", "2014-06-30": "237.11500", "2014-03-31": "223.71200", "2013-12-31": "223.71200", "2013-09-30": "223.71200", "2013-06-30": "223.71200", "2013-03-31": "223.71400", "2012-12-31": "223.71900", "2012-09-30": "223.72400", "2012-06-30": "223.72900", "2012-03-31": "223.73400", "2011-12-31": "223.73800", "2011-09-30": "223.74300", "2011-06-30": "373.74800", "2011-03-31": "373.75200", "2010-12-31": "373.75700", "2010-09-30": "373.76100", "2010-06-30": "386.13800", "2010-03-31": "392.64200", "2009-12-31": "392.64600", "2009-09-30": "622.65000", "2009-06-30": "622.65500", "2009-03-31": "622.65900", "2008-12-31": "392.66100", "2008-09-30": "392.66500", "2008-06-30": "395.16900", "2008-03-31": "395.17300", "2007-12-31": "400.32300", "2007-09-30": "400.37900", "2007-06-30": "407.93500", "2007-03-31": "422.98900", "2006-12-31": "428.63600", "2006-09-30": "401.32500", "2006-06-30": "402.38900", "2006-03-31": "406.95200", "2005-12-31": "415.42200", "2005-09-30": "377.48300", "2005-06-30": "377.56300", "2005-03-31": "377.60400"}, "Other Non-Current Liabilities": {"2020-12-31": "", "2020-09-30": "", "2020-06-30": "", "2020-03-31": "", "2019-12-31": "", "2019-09-30": "", "2019-06-30": "", "2019-03-31": "", "2018-12-31": "", "2018-09-30": "", "2018-06-30": "", "2018-03-31": "", "2017-12-31": "", "2017-09-30": "", "2017-06-30": "", "2017-03-31": "", "2016-12-31": "", "2016-09-30": "", "2016-06-30": "", "2016-03-31": "", "2015-12-31": "", "2015-09-30": "", "2015-06-30": "", "2015-03-31": "", "2014-12-31": "", "2014-09-30": "", "2014-06-30": "", "2014-03-31": "", "2013-12-31": "", "2013-09-30": "", "2013-06-30": "", "2013-03-31": "", "2012-12-31": "", "2012-09-30": "", "2012-06-30": "", "2012-03-31": "", "2011-12-31": "", "2011-09-30": "", "2011-06-30": "", "2011-03-31": "", "2010-12-31": "", "2010-09-30": "", "2010-06-30": "", "2010-03-31": "", "2009-12-31": "", "2009-09-30": "", "2009-06-30": "", "2009-03-31": "", "2008-12-31": "", "2008-09-30": "", "2008-06-30": "", "2008-03-31": "", "2007-12-31": "", "2007-09-30": "", "2007-06-30": "", "2007-03-31": "", "2006-12-31": "", "2006-09-30": "", "2006-06-30": "", "2006-03-31": "", "2005-12-31": "", "2005-09-30": "", "2005-06-30": "", "2005-03-31": ""}, "Total Long Term Liabilities": {"2020-12-31": "", "2020-09-30": "235.32400", "2020-06-30": "235.27100", "2020-03-31": "235.21800", "2019-12-31": "235.16400", "2019-09-30": "235.11100", "2019-06-30": "235.05600", "2019-03-31": "235.00300", "2018-12-31": "234.95000", "2018-09-30": "234.89600", "2018-06-30": "234.84300", "2018-03-31": "234.78900", "2017-12-31": "234.73600", "2017-09-30": "234.68200", "2017-06-30": "234.62800", "2017-03-31": "234.58700", "2016-12-31": "236.11700", "2016-09-30": "236.07200", "2016-06-30": "236.02800", "2016-03-31": "235.98300", "2015-12-31": "235.93900", "2015-09-30": "237.11500", "2015-06-30": "237.11500", "2015-03-31": "237.11500", "2014-12-31": "237.11500", "2014-09-30": "237.11500", "2014-06-30": "237.11500", "2014-03-31": "223.71200", "2013-12-31": "223.71200", "2013-09-30": "223.71200", "2013-06-30": "223.71200", "2013-03-31": "223.71400", "2012-12-31": "223.71900", "2012-09-30": "223.72400", "2012-06-30": "223.72900", "2012-03-31": "223.73400", "2011-12-31": "223.73800", "2011-09-30": "223.74300", "2011-06-30": "373.74800", "2011-03-31": "373.75200", "2010-12-31": "373.75700", "2010-09-30": "373.76100", "2010-06-30": "386.13800", "2010-03-31": "392.64200", "2009-12-31": "392.64600", "2009-09-30": "622.65000", "2009-06-30": "622.65500", "2009-03-31": "622.65900", "2008-12-31": "392.66100", "2008-09-30": "392.66500", "2008-06-30": "395.16900", "2008-03-31": "395.17300", "2007-12-31": "400.32300", "2007-09-30": "400.37900", "2007-06-30": "407.93500", "2007-03-31": "422.98900", "2006-12-31": "428.63600", "2006-09-30": "401.32500", "2006-06-30": "402.38900", "2006-03-31": "406.95200", "2005-12-31": "415.42200", "2005-09-30": "377.48300", "2005-06-30": "377.56300", "2005-03-31": "377.60400"}, "Total Liabilities": {"2020-12-31": "", "2020-09-30": "36016.21000", "2020-06-30": "35368.75000", "2020-03-31": "30320.64000", "2019-12-31": "30115.76000", "2019-09-30": "29216.72000", "2019-06-30": "28077.56000", "2019-03-31": "28070.99000", "2018-12-31": "28924.05000", "2018-09-30": "27915.16000", "2018-06-30": "27377.70000", "2018-03-31": "28215.80000", "2017-12-31": "28450.02000", "2017-09-30": "27800.93000", "2017-06-30": "26982.38000", "2017-03-31": "27427.33000", "2016-12-31": "27193.79000", "2016-09-30": "26441.12000", "2016-06-30": "25839.58000", "2016-03-31": "25407.85000", "2015-12-31": "25675.60000", "2015-09-30": "25436.38000", "2015-06-30": "24909.93000", "2015-03-31": "25248.05000", "2014-12-31": "25426.37000", "2014-09-30": "24552.78000", "2014-06-30": "23752.77000", "2014-03-31": "22119.17000", "2013-12-31": "21798.78000", "2013-09-30": "21048.59000", "2013-06-30": "20143.68000", "2013-03-31": "20054.39000", "2012-12-31": "20706.59000", "2012-09-30": "19428.92000", "2012-06-30": "18503.62000", "2012-03-31": "18096.47000", "2011-12-31": "18033.71000", "2011-09-30": "17242.77000", "2011-06-30": "16301.74000", "2011-03-31": "15844.29000", "2010-12-31": "15555.41000", "2010-09-30": "15621.99000", "2010-06-30": "15019.03000", "2010-03-31": "14811.74000", "2009-12-31": "14393.61000", "2009-09-30": "14252.34000", "2009-06-30": "13987.82000", "2009-03-31": "13527.89000", "2008-12-31": "13270.62000", "2008-09-30": "12450.62000", "2008-06-30": "12128.80000", "2008-03-31": "12216.73000", "2007-12-31": "12007.93000", "2007-09-30": "11779.96000", "2007-06-30": "11591.42000", "2007-03-31": "11758.56000", "2006-12-31": "11847.31000", "2006-09-30": "10525.99000", "2006-06-30": "10374.76000", "2006-03-31": "10568.43000", "2005-12-31": "10759.20000", "2005-09-30": "9383.47600", "2005-06-30": "9071.79700", "2005-03-31": "9041.21200"}, "Common Stock Net": {"2020-12-31": "", "2020-09-30": "0.64200", "2020-06-30": "0.64200", "2020-03-31": "0.64200", "2019-12-31": "0.64200", "2019-09-30": "0.64200", "2019-06-30": "0.64200", "2019-03-31": "0.64200", "2018-12-31": "0.64200", "2018-09-30": "0.64200", "2018-06-30": "0.64200", "2018-03-31": "0.64200", "2017-12-31": "0.64200", "2017-09-30": "0.64200", "2017-06-30": "0.64200", "2017-03-31": "0.64000", "2016-12-31": "0.63700", "2016-09-30": "0.63700", "2016-06-30": "0.63700", "2016-03-31": "0.63700", "2015-12-31": "0.63700", "2015-09-30": "0.63700", "2015-06-30": "0.63700", "2015-03-31": "0.63700", "2014-12-31": "0.63700", "2014-09-30": "0.63700", "2014-06-30": "0.63700", "2014-03-31": "0.61700", "2013-12-31": "0.61700", "2013-09-30": "0.61700", "2013-06-30": "0.61600", "2013-03-31": "0.61600", "2012-12-31": "0.61500", "2012-09-30": "0.61500", "2012-06-30": "0.61400", "2012-03-31": "0.61400", "2011-12-31": "0.61300", "2011-09-30": "0.61300", "2011-06-30": "0.61300", "2011-03-31": "0.61300", "2010-12-31": "0.61100", "2010-09-30": "0.60800", "2010-06-30": "0.60600", "2010-03-31": "0.60500", "2009-12-31": "0.60200", "2009-09-30": "0.60200", "2009-06-30": "0.60200", "2009-03-31": "0.60200", "2008-12-31": "0.60200", "2008-09-30": "0.60200", "2008-06-30": "0.60200", "2008-03-31": "0.60200", "2007-12-31": "0.60200", "2007-09-30": "0.60200", "2007-06-30": "0.60200", "2007-03-31": "0.60000", "2006-12-31": "0.59800", "2006-09-30": "0.55800", "2006-06-30": "0.55500", "2006-03-31": "0.55100", "2005-12-31": "0.55000", "2005-09-30": "0.53600", "2005-06-30": "0.53600", "2005-03-31": "0.53600"}, "Retained Earnings (Accumulated Deficit)": {"2020-12-31": "", "2020-09-30": "2724.68100", "2020-06-30": "2678.68600", "2020-03-31": "2635.58800", "2019-12-31": "2667.53400", "2019-09-30": "2617.50000", "2019-06-30": "2558.29600", "2019-03-31": "2495.26800", "2018-12-31": "2440.00200", "2018-09-30": "2369.25900", "2018-06-30": "2297.09900", "2018-03-31": "2234.30100", "2017-12-31": "2187.06900", "2017-09-30": "2133.25900", "2017-06-30": "2078.89800", "2017-03-31": "2032.09700", "2016-12-31": "1985.56900", "2016-09-30": "1942.56100", "2016-06-30": "1914.02200", "2016-03-31": "1878.98500", "2015-12-31": "1845.18800", "2015-09-30": "1823.04500", "2015-06-30": "1783.22200", "2015-03-31": "1747.95800", "2014-12-31": "1710.32400", "2014-09-30": "1672.52700", "2014-06-30": "1630.79900", "2014-03-31": "1599.33700", "2013-12-31": "1575.28200", "2013-09-30": "1546.10100", "2013-06-30": "1524.63800", "2013-03-31": "1500.08500", "2012-12-31": "1475.85100", "2012-09-30": "1445.24100", "2012-06-30": "1416.09700", "2012-03-31": "1387.55300", "2011-12-31": "1354.75900", "2011-09-30": "1327.58700", "2011-06-30": "1301.27900", "2011-03-31": "1273.82600", "2010-12-31": "1249.48400", "2010-09-30": "1223.89100", "2010-06-30": "1196.25400", "2010-03-31": "1170.64200", "2009-12-31": "1150.10300", "2009-09-30": "1125.05900", "2009-06-30": "1109.50400", "2009-03-31": "1100.03000", "2008-12-31": "1080.16000", "2008-09-30": "1053.12900", "2008-06-30": "1032.31700", "2008-03-31": "1010.25700", "2007-12-31": "992.13800", "2007-09-30": "966.31200", "2007-06-30": "938.02100", "2007-03-31": "909.95000", "2006-12-31": "883.06000", "2006-09-30": "853.73800", "2006-06-30": "822.70700", "2006-03-31": "793.35000", "2005-12-31": "776.19300", "2005-09-30": "754.79800", "2005-06-30": "734.47000", "2005-03-31": "717.83100"}, "Comprehensive Income": {"2020-12-31": "", "2020-09-30": "505.14500", "2020-06-30": "488.26400", "2020-03-31": "363.81500", "2019-12-31": "267.37000", "2019-09-30": "305.38300", "2019-06-30": "219.43800", "2019-03-31": "93.77400", "2018-12-31": "-63.60000", "2018-09-30": "-141.23500", "2018-06-30": "-63.31900", "2018-03-31": "-53.35400", "2017-12-31": "79.51200", "2017-09-30": "57.67500", "2017-06-30": "51.31000", "2017-03-31": "-5.85000", "2016-12-31": "-24.62300", "2016-09-30": "215.51300", "2016-06-30": "281.35700", "2016-03-31": "179.31900", "2015-12-31": "113.86300", "2015-09-30": "133.91600", "2015-06-30": "82.29700", "2015-03-31": "160.11900", "2014-12-31": "141.81400", "2014-09-30": "155.27600", "2014-06-30": "160.46800", "2014-03-31": "142.74800", "2013-12-31": "140.43400", "2013-09-30": "145.72700", "2013-06-30": "155.60200", "2013-03-31": "214.37000", "2012-12-31": "238.04800", "2012-09-30": "274.72300", "2012-06-30": "253.27500", "2012-03-31": "244.39600", "2011-12-31": "247.73400", "2011-09-30": "244.05300", "2011-06-30": "202.58900", "2011-03-31": "154.81800", "2010-12-31": "154.25000", "2010-09-30": "251.24000", "2010-06-30": "215.76400", "2010-03-31": "164.00400", "2009-12-31": "154.20500", "2009-09-30": "197.06100", "2009-06-30": "122.01700", "2009-03-31": "153.73300", "2008-12-31": "137.29400", "2008-09-30": "17.77100", "2008-06-30": "-14.95600", "2008-03-31": "64.37400", "2007-12-31": "-7.38200", "2007-09-30": "-58.01800", "2007-06-30": "-87.45500", "2007-03-31": "-48.14700", "2006-12-31": "-54.89200", "2006-09-30": "-57.40900", "2006-06-30": "-106.52200", "2006-03-31": "-75.59400", "2005-12-31": "-50.44200", "2005-09-30": "-31.71500", "2005-06-30": "-10.79700", "2005-03-31": "-40.75200"}, "Other Share Holders Equity": {"2020-12-31": "", "2020-09-30": "", "2020-06-30": "", "2020-03-31": "", "2019-12-31": "", "2019-09-30": "", "2019-06-30": "", "2019-03-31": "", "2018-12-31": "", "2018-09-30": "", "2018-06-30": "", "2018-03-31": "", "2017-12-31": "", "2017-09-30": "", "2017-06-30": "", "2017-03-31": "", "2016-12-31": "", "2016-09-30": "", "2016-06-30": "", "2016-03-31": "", "2015-12-31": "", "2015-09-30": "", "2015-06-30": "", "2015-03-31": "", "2014-12-31": "", "2014-09-30": "", "2014-06-30": "", "2014-03-31": "", "2013-12-31": "", "2013-09-30": "", "2013-06-30": "", "2013-03-31": "", "2012-12-31": "", "2012-09-30": "", "2012-06-30": "", "2012-03-31": "", "2011-12-31": "", "2011-09-30": "", "2011-06-30": "", "2011-03-31": "", "2010-12-31": "", "2010-09-30": "", "2010-06-30": "", "2010-03-31": "", "2009-12-31": "", "2009-09-30": "", "2009-06-30": "", "2009-03-31": "", "2008-12-31": "", "2008-09-30": "", "2008-06-30": "", "2008-03-31": "", "2007-12-31": "", "2007-09-30": "", "2007-06-30": "", "2007-03-31": "", "2006-12-31": "", "2006-09-30": "", "2006-06-30": "", "2006-03-31": "", "2005-12-31": "", "2005-09-30": "", "2005-06-30": "", "2005-03-31": ""}, "Share Holder Equity": {"2020-12-31": "", "2020-09-30": "4085.02600", "2020-06-30": "4008.80100", "2020-03-31": "3826.66600", "2019-12-31": "3911.66800", "2019-09-30": "3881.45700", "2019-06-30": "3741.30700", "2019-03-31": "3593.57800", "2018-12-31": "3368.91700", "2018-09-30": "3308.24600", "2018-06-30": "3309.51200", "2018-03-31": "3243.43000", "2017-12-31": "3297.86300", "2017-09-30": "3189.04300", "2017-06-30": "3223.92900", "2017-03-31": "3097.37800", "2016-12-31": "3002.52800", "2016-09-30": "3161.79600", "2016-06-30": "3136.66800", "2016-03-31": "2992.24000", "2015-12-31": "2890.34300", "2015-09-30": "2904.97300", "2015-06-30": "2871.66700", "2015-03-31": "2910.93100", "2014-12-31": "2851.40300", "2014-09-30": "2817.85200", "2014-06-30": "2770.67400", "2014-03-31": "2565.91900", "2013-12-31": "2514.16100", "2013-09-30": "2481.16800", "2013-06-30": "2427.83800", "2013-03-31": "2443.33100", "2012-12-31": "2417.48200", "2012-09-30": "2418.61700", "2012-06-30": "2362.61100", "2012-03-31": "2320.71300", "2011-12-31": "2283.53700", "2011-09-30": "2246.87600", "2011-06-30": "2176.64500", "2011-03-31": "2097.35100", "2010-12-31": "2061.68000", "2010-09-30": "2116.13700", "2010-06-30": "2040.85100", "2010-03-31": "1949.24000", "2009-12-31": "1894.42400", "2009-09-30": "1905.88600", "2009-06-30": "1796.99700", "2009-03-31": "1803.29900", "2008-12-31": "1763.52700", "2008-09-30": "1610.86000", "2008-06-30": "1542.45500", "2008-03-31": "1577.19900", "2007-12-31": "1477.08800", "2007-09-30": "1386.72100", "2007-06-30": "1357.97300", "2007-03-31": "1417.83000", "2006-12-31": "1376.88300", "2006-09-30": "1121.42100", "2006-06-30": "1028.05600", "2006-03-31": "1010.73800", "2005-12-31": "982.23600", "2005-09-30": "896.75300", "2005-06-30": "879.17600", "2005-03-31": "807.98000"}, "Total Liabilities And Share Holders Equity": {"2020-12-31": "", "2020-09-30": "40101.24000", "2020-06-30": "39377.55000", "2020-03-31": "34147.30000", "2019-12-31": "34027.43000", "2019-09-30": "33098.18000", "2019-06-30": "31818.86000", "2019-03-31": "31664.57000", "2018-12-31": "32292.97000", "2018-09-30": "31223.40000", "2018-06-30": "30687.21000", "2018-03-31": "31459.23000", "2017-12-31": "31747.88000", "2017-09-30": "30989.97000", "2017-06-30": "30206.31000", "2017-03-31": "30524.71000", "2016-12-31": "30196.32000", "2016-09-30": "29602.91000", "2016-06-30": "28976.25000", "2016-03-31": "28400.09000", "2015-12-31": "28565.94000", "2015-09-30": "28341.35000", "2015-06-30": "27781.59000", "2015-03-31": "28158.98000", "2014-12-31": "28277.78000", "2014-09-30": "27370.63000", "2014-06-30": "26523.44000", "2014-03-31": "24685.09000", "2013-12-31": "24312.94000", "2013-09-30": "23529.76000", "2013-06-30": "22571.51000", "2013-03-31": "22497.72000", "2012-12-31": "23124.07000", "2012-09-30": "21847.54000", "2012-06-30": "20866.23000", "2012-03-31": "20417.18000", "2011-12-31": "20317.24000", "2011-09-30": "19489.64000", "2011-06-30": "18478.39000", "2011-03-31": "17941.64000", "2010-12-31": "17617.09000", "2010-09-30": "17738.13000", "2010-06-30": "17059.88000", "2010-03-31": "16760.98000", "2009-12-31": "16288.04000", "2009-09-30": "16158.22000", "2009-06-30": "15784.81000", "2009-03-31": "15331.19000", "2008-12-31": "15034.14000", "2008-09-30": "14061.48000", "2008-06-30": "13671.25000", "2008-03-31": "13793.93000", "2007-12-31": "13485.01000", "2007-09-30": "13166.68000", "2007-06-30": "12949.39000", "2007-03-31": "13176.39000", "2006-12-31": "13224.19000", "2006-09-30": "11647.41000", "2006-06-30": "11402.81000", "2006-03-31": "11579.17000", "2005-12-31": "11741.44000", "2005-09-30": "10280.23000", "2005-06-30": "9950.97300", "2005-03-31": "9849.19200"}}, "cash flow statement": {"Net Income/Loss": {"2020-12-31": "0.00000", "2019-12-31": "443.59900", "2018-12-31": "454.91800", "2017-12-31": "364.14900", "2016-12-31": "304.26100", "2015-12-31": "279.32800", "2014-12-31": "277.97700", "2013-12-31": "237.86600", "2012-12-31": "237.95200", "2011-12-31": "217.53500", "2010-12-31": "208.76400", "2009-12-31": "179.03400", "2008-12-31": "207.25500", "2007-12-31": "212.07100", "2006-12-31": "193.59100", "2005-12-31": "165.42300"}, "Total Depreciation And Amortization - Cash Flow": {"2020-12-31": "", "2019-12-31": "169.64900", "2018-12-31": "150.70000", "2017-12-31": "137.74500", "2016-12-31": "112.30000", "2015-12-31": "115.92300", "2014-12-31": "101.13900", "2013-12-31": "80.39200", "2012-12-31": "59.47700", "2011-12-31": "49.06900", "2010-12-31": "45.65300", "2009-12-31": "39.56700", "2008-12-31": "34.38500", "2007-12-31": "29.26700", "2006-12-31": "23.65300", "2005-12-31": "24.68600"}, "Other Non-Cash Items": {"2020-12-31": "", "2019-12-31": "50.07800", "2018-12-31": "83.84800", "2017-12-31": "40.09600", "2016-12-31": "34.74500", "2015-12-31": "41.53800", "2014-12-31": "25.39400", "2013-12-31": "31.70100", "2012-12-31": "12.03600", "2011-12-31": "40.58800", "2010-12-31": "57.71000", "2009-12-31": "64.71900", "2008-12-31": "47.45200", "2007-12-31": "12.43700", "2006-12-31": "1.87200", "2005-12-31": "20.20900"}, "Total Non-Cash Items": {"2020-12-31": "", "2019-12-31": "219.72700", "2018-12-31": "234.54800", "2017-12-31": "177.84100", "2016-12-31": "147.04500", "2015-12-31": "157.46100", "2014-12-31": "126.53300", "2013-12-31": "112.09300", "2012-12-31": "71.51300", "2011-12-31": "89.65700", "2010-12-31": "103.36300", "2009-12-31": "104.28600", "2008-12-31": "81.83700", "2007-12-31": "41.70400", "2006-12-31": "25.52500", "2005-12-31": "44.89500"}, "Change In Accounts Receivable": {"2020-12-31": "", "2019-12-31": "-30.76700", "2018-12-31": "-100.23900", "2017-12-31": "-71.24100", "2016-12-31": "-7.39500", "2015-12-31": "-27.48500", "2014-12-31": "-87.92800", "2013-12-31": "-20.65000", "2012-12-31": "37.28800", "2011-12-31": "-23.79900", "2010-12-31": "88.45200", "2009-12-31": "61.60100", "2008-12-31": "-127.79600", "2007-12-31": "-53.61900", "2006-12-31": "16.14000", "2005-12-31": "-50.10000"}, "Change In Inventories": {"2020-12-31": "", "2019-12-31": "-0.21200", "2018-12-31": "-2.65800", "2017-12-31": "-3.84200", "2016-12-31": "-0.12400", "2015-12-31": "-1.15300", "2014-12-31": "0.97200", "2013-12-31": "14.68600", "2012-12-31": "-16.46500", "2011-12-31": "1.49200", "2010-12-31": "1.02500", "2009-12-31": "-1.57400", "2008-12-31": "-2.63900", "2007-12-31": "-2.50700", "2006-12-31": "-3.18900", "2005-12-31": "-1.54600"}, "Change In Accounts Payable": {"2020-12-31": "", "2019-12-31": "-18.38100", "2018-12-31": "-24.18100", "2017-12-31": "71.17200", "2016-12-31": "-5.94500", "2015-12-31": "-13.29100", "2014-12-31": "-27.70100", "2013-12-31": "-170.38900", "2012-12-31": "-30.28900", "2011-12-31": "-10.51600", "2010-12-31": "22.92900", "2009-12-31": "-69.41800", "2008-12-31": "75.71700", "2007-12-31": "3.63400", "2006-12-31": "-285.20200", "2005-12-31": "-23.84700"}, "Change In Assets/Liabilities": {"2020-12-31": "", "2019-12-31": "20.12400", "2018-12-31": "", "2017-12-31": "", "2016-12-31": "", "2015-12-31": "", "2014-12-31": "", "2013-12-31": "", "2012-12-31": "", "2011-12-31": "", "2010-12-31": "", "2009-12-31": "", "2008-12-31": "", "2007-12-31": "", "2006-12-31": "", "2005-12-31": "-2.38900"}, "Total Change In Assets/Liabilities": {"2020-12-31": "", "2019-12-31": "-29.23600", "2018-12-31": "-127.07800", "2017-12-31": "-3.91100", "2016-12-31": "-13.46400", "2015-12-31": "-41.92900", "2014-12-31": "-114.65700", "2013-12-31": "-176.35300", "2012-12-31": "-9.46600", "2011-12-31": "-32.82300", "2010-12-31": "112.40600", "2009-12-31": "-9.39100", "2008-12-31": "-54.71800", "2007-12-31": "-52.49200", "2006-12-31": "-272.25100", "2005-12-31": "-77.88200"}, "Cash Flow From Operating Activities": {"2020-12-31": "", "2019-12-31": "634.09000", "2018-12-31": "562.38800", "2017-12-31": "538.07900", "2016-12-31": "437.84200", "2015-12-31": "394.86000", "2014-12-31": "289.85300", "2013-12-31": "173.60600", "2012-12-31": "299.99900", "2011-12-31": "274.36900", "2010-12-31": "424.53300", "2009-12-31": "273.92900", "2008-12-31": "234.37400", "2007-12-31": "201.28300", "2006-12-31": "-53.13500", "2005-12-31": "132.43600"}, "Net Change In Property, Plant, And Equipment": {"2020-12-31": "", "2019-12-31": "-198.67800", "2018-12-31": "-65.64200", "2017-12-31": "-29.56400", "2016-12-31": "5.12600", "2015-12-31": "-144.59100", "2014-12-31": "-131.92100", "2013-12-31": "-21.11800", "2012-12-31": "-19.80600", "2011-12-31": "-25.38000", "2010-12-31": "-15.76300", "2009-12-31": "-77.54700", "2008-12-31": "-66.18300", "2007-12-31": "-21.06500", "2006-12-31": "-27.28600", "2005-12-31": "-17.63300"}, "Net Change In Intangible Assets": {"2020-12-31": "", "2019-12-31": "", "2018-12-31": "", "2017-12-31": "", "2016-12-31": "", "2015-12-31": "", "2014-12-31": "", "2013-12-31": "", "2012-12-31": "", "2011-12-31": "", "2010-12-31": "", "2009-12-31": "", "2008-12-31": "", "2007-12-31": "", "2006-12-31": "", "2005-12-31": ""}, "Net Acquisitions/Divestitures": {"2020-12-31": "", "2019-12-31": "", "2018-12-31": "", "2017-12-31": "", "2016-12-31": "-0.49200", "2015-12-31": "", "2014-12-31": "830.66100", "2013-12-31": "-1.89600", "2012-12-31": "-7.19900", "2011-12-31": "-0.65000", "2010-12-31": "", "2009-12-31": "-1.20500", "2008-12-31": "-0.58600", "2007-12-31": "-2.82800", "2006-12-31": "-100.07400", "2005-12-31": "-13.29700"}, "Net Change In Short-term Investments": {"2020-12-31": "", "2019-12-31": "", "2018-12-31": "", "2017-12-31": "", "2016-12-31": "", "2015-12-31": "", "2014-12-31": "", "2013-12-31": "", "2012-12-31": "", "2011-12-31": "", "2010-12-31": "", "2009-12-31": "", "2008-12-31": "", "2007-12-31": "", "2006-12-31": "", "2005-12-31": ""}, "Net Change In Long-Term Investments": {"2020-12-31": "", "2019-12-31": "-519.18360", "2018-12-31": "-863.95700", "2017-12-31": "545.48540", "2016-12-31": "-871.34180", "2015-12-31": "-598.46480", "2014-12-31": "-2191.99400", "2013-12-31": "-53.12110", "2012-12-31": "-902.85740", "2011-12-31": "-2518.02200", "2010-12-31": "-580.35940", "2009-12-31": "-1251.60600", "2008-12-31": "-38.74320", "2007-12-31": "-50.42970", "2006-12-31": "-62.82130", "2005-12-31": "204.61720"}, "Net Change In Investments - Total": {"2020-12-31": "", "2019-12-31": "-519.18360", "2018-12-31": "-863.95700", "2017-12-31": "545.48540", "2016-12-31": "-871.34180", "2015-12-31": "-598.46480", "2014-12-31": "-2191.99400", "2013-12-31": "-53.12110", "2012-12-31": "-902.85740", "2011-12-31": "-2518.02200", "2010-12-31": "-580.35940", "2009-12-31": "-1251.60600", "2008-12-31": "-38.74320", "2007-12-31": "-50.42970", "2006-12-31": "-62.82130", "2005-12-31": "204.61720"}, "Investing Activities - Other": {"2020-12-31": "", "2019-12-31": "-668.88800", "2018-12-31": "-983.72100", "2017-12-31": "-1186.51700", "2016-12-31": "-507.27200", "2015-12-31": "-495.86400", "2014-12-31": "-788.83900", "2013-12-31": "-309.78700", "2012-12-31": "-1225.60600", "2011-12-31": "88.76200", "2010-12-31": "196.30400", "2009-12-31": "410.97500", "2008-12-31": "-1123.81500", "2007-12-31": "-386.95300", "2006-12-31": "-178.76700", "2005-12-31": "-595.40500"}, "Cash Flow From Investing Activities": {"2020-12-31": "", "2019-12-31": "-1386.75000", "2018-12-31": "-1913.32000", "2017-12-31": "-670.59500", "2016-12-31": "-1373.98100", "2015-12-31": "-1238.92000", "2014-12-31": "-2282.09300", "2013-12-31": "-385.92200", "2012-12-31": "-2155.46800", "2011-12-31": "-2455.29100", "2010-12-31": "-399.81900", "2009-12-31": "-919.38300", "2008-12-31": "-1229.32700", "2007-12-31": "-461.27500", "2006-12-31": "-368.94800", "2005-12-31": "-421.71800"}, "Net Long-Term Debt": {"2020-12-31": "", "2019-12-31": "", "2018-12-31": "", "2017-12-31": "-1.56600", "2016-12-31": "", "2015-12-31": "", "2014-12-31": "", "2013-12-31": "-0.00700", "2012-12-31": "-0.01900", "2011-12-31": "-150.01900", "2010-12-31": "-18.88900", "2009-12-31": "-0.01500", "2008-12-31": "-7.66200", "2007-12-31": "-29.51400", "2006-12-31": "-19.25100", "2005-12-31": "-6.25500"}, "Net Current Debt": {"2020-12-31": "", "2019-12-31": "327.79400", "2018-12-31": "219.72400", "2017-12-31": "170.83200", "2016-12-31": "83.47000", "2015-12-31": "90.40300", "2014-12-31": "84.67700", "2013-12-31": "107.19200", "2012-12-31": "-161.14100", "2011-12-31": "246.52900", "2010-12-31": "-6.37500", "2009-12-31": "-591.23100", "2008-12-31": "140.20700", "2007-12-31": "68.88200", "2006-12-31": "105.60700", "2005-12-31": "234.18700"}, "Debt Issuance/Retirement Net - Total": {"2020-12-31": "", "2019-12-31": "327.79400", "2018-12-31": "219.72400", "2017-12-31": "169.26600", "2016-12-31": "83.47000", "2015-12-31": "90.40300", "2014-12-31": "84.67700", "2013-12-31": "107.18500", "2012-12-31": "-161.16000", "2011-12-31": "96.51000", "2010-12-31": "-25.26400", "2009-12-31": "-591.24600", "2008-12-31": "132.54500", "2007-12-31": "39.36800", "2006-12-31": "86.35600", "2005-12-31": "227.93200"}, "Net Common Equity Issued/Repurchased": {"2020-12-31": "", "2019-12-31": "-48.02300", "2018-12-31": "-69.36300", "2017-12-31": "-33.72700", "2016-12-31": "77.57600", "2015-12-31": "-86.38400", "2014-12-31": "27.70100", "2013-12-31": "-75.97700", "2012-12-31": "10.08000", "2011-12-31": "5.40900", "2010-12-31": "41.36000", "2009-12-31": "17.92400", "2008-12-31": "14.34500", "2007-12-31": "-86.80600", "2006-12-31": "38.03700", "2005-12-31": "20.83300"}, "Net Total Equity Issued/Repurchased": {"2020-12-31": "", "2019-12-31": "-48.02300", "2018-12-31": "-69.36300", "2017-12-31": "-33.72700", "2016-12-31": "77.57600", "2015-12-31": "-86.38400", "2014-12-31": "27.70100", "2013-12-31": "68.50900", "2012-12-31": "10.08000", "2011-12-31": "5.40900", "2010-12-31": "41.36000", "2009-12-31": "17.92400", "2008-12-31": "14.34500", "2007-12-31": "-86.80600", "2006-12-31": "38.03700", "2005-12-31": "20.83300"}, "Total Common And Preferred Stock Dividends Paid": {"2020-12-31": "", "2019-12-31": "-185.06900", "2018-12-31": "-173.51200", "2017-12-31": "-152.23500", "2016-12-31": "-142.96500", "2015-12-31": "-140.22400", "2014-12-31": "-135.24100", "2013-12-31": "-126.33800", "2012-12-31": "-116.85300", "2011-12-31": "-112.21000", "2010-12-31": "-108.02700", "2009-12-31": "-102.13000", "2008-12-31": "-98.15200", "2007-12-31": "-90.82000", "2006-12-31": "-73.40000", "2005-12-31": "-61.49900"}, "Financial Activities - Other": {"2020-12-31": "", "2019-12-31": "490.36000", "2018-12-31": "276.81500", "2017-12-31": "1060.81400", "2016-12-31": "1467.98000", "2015-12-31": "207.66500", "2014-12-31": "1823.10100", "2013-12-31": "1194.10600", "2012-12-31": "2740.78900", "2011-12-31": "2277.82800", "2010-12-31": "1166.71500", "2009-12-31": "1805.05400", "2008-12-31": "987.03400", "2007-12-31": "150.17700", "2006-12-31": "-97.75300", "2005-12-31": "721.65500"}, "Cash Flow From Financial Activities": {"2020-12-31": "", "2019-12-31": "585.06200", "2018-12-31": "253.66400", "2017-12-31": "1044.11800", "2016-12-31": "1486.06100", "2015-12-31": "71.46000", "2014-12-31": "1800.23800", "2013-12-31": "1243.46200", "2012-12-31": "2472.85600", "2011-12-31": "2267.53700", "2010-12-31": "1074.78400", "2009-12-31": "1129.60200", "2008-12-31": "1035.77200", "2007-12-31": "11.91900", "2006-12-31": "-46.76000", "2005-12-31": "908.92100"}, "Net Cash Flow": {"2020-12-31": "", "2019-12-31": "-167.59800", "2018-12-31": "-1097.26800", "2017-12-31": "911.60200", "2016-12-31": "549.92200", "2015-12-31": "-772.60000", "2014-12-31": "-192.00200", "2013-12-31": "1031.14600", "2012-12-31": "617.38700", "2011-12-31": "86.61500", "2010-12-31": "1099.49800", "2009-12-31": "484.14800", "2008-12-31": "40.81900", "2007-12-31": "-248.07300", "2006-12-31": "-468.84300", "2005-12-31": "619.63900"}, "Stock-Based Compensation": {"2020-12-31": "", "2019-12-31": "15.94600", "2018-12-31": "13.94300", "2017-12-31": "13.01300", "2016-12-31": "11.79900", "2015-12-31": "12.73700", "2014-12-31": "12.50300", "2013-12-31": "11.96300", "2012-12-31": "12.83600", "2011-12-31": "15.96300", "2010-12-31": "14.92500", "2009-12-31": "12.64500", "2008-12-31": "10.16600", "2007-12-31": "9.65000", "2006-12-31": "9.24000", "2005-12-31": "1.98600"}, "Common Stock Dividends Paid": {"2020-12-31": "", "2019-12-31": "-177.00600", "2018-12-31": "-165.44900", "2017-12-31": "-144.17200", "2016-12-31": "-134.90200", "2015-12-31": "-132.16100", "2014-12-31": "-127.17800", "2013-12-31": "-119.61900", "2012-12-31": "-116.85300", "2011-12-31": "-112.21000", "2010-12-31": "-108.02700", "2009-12-31": "-102.13000", "2008-12-31": "-98.15200", "2007-12-31": "-90.82000", "2006-12-31": "-73.40000", "2005-12-31": "-61.49900"}}, "cash flow statement, quarterly": {"Net Income/Loss": {"2020-12-31": -242.881, "2020-09-30": 95.056, "2020-06-30": 93.072, "2020-03-31": "54.75300", "2019-12-31": 103.681, "2019-09-30": 111.836, "2019-06-30": 111.586, "2019-03-31": "116.49600", "2018-12-31": 119.253, "2018-09-30": 117.844, "2018-06-30": 111.341, "2018-03-31": "106.48000", "2017-12-31": 100.524, "2017-09-30": 93.131, "2017-06-30": 85.553, "2017-03-31": "84.94100", "2016-12-31": 83.719, "2016-09-30": 80.219, "2016-06-30": 71.507, "2016-03-31": "68.81600", "2015-12-31": 58.238, "2015-09-30": 75.85, "2015-06-30": 73.077, "2015-03-31": "72.16300", "2014-12-31": 72.704, "2014-09-30": 77.381, "2014-06-30": 66.704, "2014-03-31": "61.18800", "2013-12-31": 62.571, "2013-09-30": 60.444, "2013-06-30": 59.663, "2013-03-31": "55.18800", "2012-12-31": 60.188, "2012-09-30": 58.669, "2012-06-30": 58.062, "2012-03-31": "61.03300", "2011-12-31": 55.414, "2011-09-30": 54.507, "2011-06-30": 55.686, "2011-03-31": "51.92800", "2010-12-31": 53.051, "2010-09-30": 54.995, "2010-06-30": 52.9, "2010-03-31": "47.81800", "2009-12-31": 51.494, "2009-09-30": 44.699, "2009-06-30": 37.859, "2009-03-31": "44.98200", "2008-12-31": 52.963, "2008-09-30": 48.965, "2008-06-30": 52.547, "2008-03-31": "52.78000", "2007-12-31": 54.7, "2007-09-30": 56.463, "2007-06-30": 53.629, "2007-03-31": "47.27900", "2006-12-31": 48.362, "2006-09-30": 50.002, "2006-06-30": 48.55, "2006-03-31": "46.67700", "2005-12-31": 44.917, "2005-09-30": 42.455, "2005-06-30": 40.684, "2005-03-31": "37.36700"}, "Total Depreciation And Amortization - Cash Flow": {"2020-12-31": -140.832, "2020-09-30": 47.166, "2020-06-30": 46.388, "2020-03-31": "47.27800", "2019-12-31": 45.504, "2019-09-30": 41.714, "2019-06-30": 40.983, "2019-03-31": "41.44800", "2018-12-31": 39.5, "2018-09-30": 37.683, "2018-06-30": 37.127, "2018-03-31": "36.39000", "2017-12-31": 47.038, "2017-09-30": 23, "2017-06-30": 37.861, "2017-03-31": "29.84600", "2016-12-31": 29.41, "2016-09-30": 20.261, "2016-06-30": 34.719, "2016-03-31": "27.91000", "2015-12-31": 30.646, "2015-09-30": 36.542, "2015-06-30": 21.393, "2015-03-31": "27.34200", "2014-12-31": 27.581, "2014-09-30": 33.135, "2014-06-30": 16.911, "2014-03-31": "23.51200", "2013-12-31": 21.503, "2013-09-30": 21.684, "2013-06-30": 19.031, "2013-03-31": "18.17400", "2012-12-31": 16.151, "2012-09-30": 15.162, "2012-06-30": 14.128, "2012-03-31": "14.03600", "2011-12-31": 13.397, "2011-09-30": 12.267, "2011-06-30": 14.212, "2011-03-31": "9.19300", "2010-12-31": 11.75, "2010-09-30": 11.474, "2010-06-30": 10.962, "2010-03-31": "11.46700", "2009-12-31": 10.639, "2009-09-30": 10.056, "2009-06-30": 13.024, "2009-03-31": "5.84800", "2008-12-31": 9.206, "2008-09-30": 8.701, "2008-06-30": 8.45, "2008-03-31": "8.02800", "2007-12-31": 7.88, "2007-09-30": 7.96, "2007-06-30": 6.103, "2007-03-31": "7.32400", "2006-12-31": 6.696, "2006-09-30": 5.458, "2006-06-30": 5.686, "2006-03-31": "5.81300", "2005-12-31": 6.317, "2005-09-30": 5.784, "2005-06-30": 6.425, "2005-03-31": "6.16000"}, "Other Non-Cash Items": {"2020-12-31": -115.702, "2020-09-30": 65.186, "2020-06-30": 8.074, "2020-03-31": "42.44200", "2019-12-31": 23.029, "2019-09-30": 8.306, "2019-06-30": 9.749, "2019-03-31": "8.99400", "2018-12-31": 22.389, "2018-09-30": 20.494, "2018-06-30": 23.006, "2018-03-31": "17.95900", "2017-12-31": 6.881, "2017-09-30": 12.038, "2017-06-30": 12.224, "2017-03-31": "8.95300", "2016-12-31": 11.949, "2016-09-30": 6.442, "2016-06-30": 6.132, "2016-03-31": "10.22200", "2015-12-31": 31.019, "2015-09-30": 5.194, "2015-06-30": 0.318, "2015-03-31": "5.00700", "2014-12-31": 17.58, "2014-09-30": -1.756, "2014-06-30": 4.628, "2014-03-31": "4.94200", "2013-12-31": 11.521, "2013-09-30": 6.869, "2013-06-30": 5.096, "2013-03-31": "8.21500", "2012-12-31": 2.543, "2012-09-30": 4.538, "2012-06-30": 4.398, "2012-03-31": "0.55700", "2011-12-31": 8.897, "2011-09-30": 5.547, "2011-06-30": 12.711, "2011-03-31": "13.43300", "2010-12-31": 19.908, "2010-09-30": 12.67, "2010-06-30": 9.881, "2010-03-31": "15.25100", "2009-12-31": 22.182, "2009-09-30": 17.614, "2009-06-30": 15.81, "2009-03-31": "9.11300", "2008-12-31": 26.506, "2008-09-30": 12.453, "2008-06-30": 6.717, "2008-03-31": "1.77600", "2007-12-31": 3.071, "2007-09-30": 5.757, "2007-06-30": 1.647, "2007-03-31": "1.96200", "2006-12-31": 3.487, "2006-09-30": 0.018, "2006-06-30": 1.396, "2006-03-31": "-3.02900", "2005-12-31": 5.055, "2005-09-30": 8.046, "2005-06-30": 4.032, "2005-03-31": "3.07600"}, "Total Non-Cash Items": {"2020-12-31": -256.534, "2020-09-30": 112.352, "2020-06-30": 54.462, "2020-03-31": "89.72000", "2019-12-31": 68.533, "2019-09-30": 50.02, "2019-06-30": 50.732, "2019-03-31": "50.44200", "2018-12-31": 61.889, "2018-09-30": 58.177, "2018-06-30": 60.133, "2018-03-31": "54.34900", "2017-12-31": 53.919, "2017-09-30": 35.038, "2017-06-30": 50.085, "2017-03-31": "38.79900", "2016-12-31": 41.359, "2016-09-30": 26.703, "2016-06-30": 40.851, "2016-03-31": "38.13200", "2015-12-31": 61.665, "2015-09-30": 41.736, "2015-06-30": 21.711, "2015-03-31": "32.34900", "2014-12-31": 45.161, "2014-09-30": 31.379, "2014-06-30": 21.539, "2014-03-31": "28.45400", "2013-12-31": 33.024, "2013-09-30": 28.553, "2013-06-30": 24.127, "2013-03-31": "26.38900", "2012-12-31": 18.694, "2012-09-30": 19.7, "2012-06-30": 18.526, "2012-03-31": "14.59300", "2011-12-31": 22.294, "2011-09-30": 17.814, "2011-06-30": 26.923, "2011-03-31": "22.62600", "2010-12-31": 31.658, "2010-09-30": 24.144, "2010-06-30": 20.843, "2010-03-31": "26.71800", "2009-12-31": 32.821, "2009-09-30": 27.67, "2009-06-30": 28.834, "2009-03-31": "14.96100", "2008-12-31": 35.712, "2008-09-30": 21.154, "2008-06-30": 15.167, "2008-03-31": "9.80400", "2007-12-31": 10.951, "2007-09-30": 13.717, "2007-06-30": 7.75, "2007-03-31": "9.28600", "2006-12-31": 10.183, "2006-09-30": 5.476, "2006-06-30": 7.082, "2006-03-31": "2.78400", "2005-12-31": 11.372, "2005-09-30": 13.83, "2005-06-30": 10.457, "2005-03-31": "9.23600"}, "Change In Accounts Receivable": {"2020-12-31": 64.747, "2020-09-30": 74.705, "2020-06-30": -54.292, "2020-03-31": "-85.16000", "2019-12-31": -57.011, "2019-09-30": 51.676, "2019-06-30": -54.309, "2019-03-31": "28.87700", "2018-12-31": -70.722, "2018-09-30": 20.346, "2018-06-30": -70.04, "2018-03-31": "20.17700", "2017-12-31": -81.736, "2017-09-30": 38.014, "2017-06-30": -83.224, "2017-03-31": "55.70500", "2016-12-31": -18.529, "2016-09-30": 46.114, "2016-06-30": -64.398, "2016-03-31": "29.41800", "2015-12-31": -59.237, "2015-09-30": 96.726, "2015-06-30": -24.899, "2015-03-31": "-40.07500", "2014-12-31": -33.673, "2014-09-30": -19.312, "2014-06-30": -46.073, "2014-03-31": "11.13000", "2013-12-31": -22.783, "2013-09-30": 50.384, "2013-06-30": -54.811, "2013-03-31": "6.56000", "2012-12-31": -7.511, "2012-09-30": 27.201, "2012-06-30": -21.209, "2012-03-31": "38.80700", "2011-12-31": -55.522, "2011-09-30": 5.751, "2011-06-30": -1.649, "2011-03-31": "27.62100", "2010-12-31": 70.281, "2010-09-30": 17.662, "2010-06-30": -14.693, "2010-03-31": "15.20200", "2009-12-31": -11.723, "2009-09-30": 12.162, "2009-06-30": -16.351, "2009-03-31": "77.51300", "2008-12-31": -146.473, "2008-09-30": 65.329, "2008-06-30": 12.208, "2008-03-31": "-58.86000", "2007-12-31": -14.95, "2007-09-30": 17.772, "2007-06-30": 74.429, "2007-03-31": "-130.87000", "2006-12-31": 15.247, "2006-09-30": -35.387, "2006-06-30": 9.759, "2006-03-31": "26.52100", "2005-12-31": -29.721, "2005-09-30": -10.079, "2005-06-30": 8.609, "2005-03-31": "-18.90900"}, "Change In Inventories": {"2020-12-31": 0.197, "2020-09-30": 0, "2020-06-30": 12.622, "2020-03-31": "-12.81900", "2019-12-31": 2.92, "2019-09-30": -2.064, "2019-06-30": -2.65, "2019-03-31": "1.58200", "2018-12-31": -1.564, "2018-09-30": 1.169, "2018-06-30": -3.589, "2018-03-31": "1.32600", "2017-12-31": -0.824, "2017-09-30": 4.102, "2017-06-30": -6.032, "2017-03-31": "-1.08800", "2016-12-31": -0.542, "2016-09-30": 0.241, "2016-06-30": 0.621, "2016-03-31": "-0.44400", "2015-12-31": -0.335, "2015-09-30": -0.606, "2015-06-30": 0.024, "2015-03-31": "-0.23600", "2014-12-31": 0.262, "2014-09-30": -0.199, "2014-06-30": 0, "2014-03-31": "0.90900", "2013-12-31": -0.099, "2013-09-30": 1.488, "2013-06-30": 5.887, "2013-03-31": "7.41000", "2012-12-31": -15.251, "2012-09-30": 1.74, "2012-06-30": 0.283, "2012-03-31": "-3.23700", "2011-12-31": 2.214, "2011-09-30": -1.306, "2011-06-30": 6.229, "2011-03-31": "-5.64500", "2010-12-31": -0.167, "2010-09-30": 0.899, "2010-06-30": 0.778, "2010-03-31": "-0.48500", "2009-12-31": -1.212, "2009-09-30": 0.6, "2009-06-30": 0.732, "2009-03-31": "-1.69400", "2008-12-31": 10.819, "2008-09-30": -11.644, "2008-06-30": 0.276, "2008-03-31": "-2.09000", "2007-12-31": -1.134, "2007-09-30": 0.037, "2007-06-30": 1.639, "2007-03-31": "-3.04900", "2006-12-31": -1.382, "2006-09-30": -0.769, "2006-06-30": -0.348, "2006-03-31": "-0.69000", "2005-12-31": -0.28, "2005-09-30": -0.576, "2005-06-30": -0.016, "2005-03-31": "-0.67400"}, "Change In Accounts Payable": {"2020-12-31": -23.208, "2020-09-30": -19.903, "2020-06-30": -153.703, "2020-03-31": "196.81400", "2019-12-31": -74.735, "2019-09-30": 76.362, "2019-06-30": 36.09, "2019-03-31": "-56.09800", "2018-12-31": -6.636, "2018-09-30": 8.631, "2018-06-30": -54.552, "2018-03-31": "28.37600", "2017-12-31": 110.752, "2017-09-30": -3.303, "2017-06-30": 12.425, "2017-03-31": "-48.70200", "2016-12-31": -3.139, "2016-09-30": 1.858, "2016-06-30": 1.128, "2016-03-31": "-5.79200", "2015-12-31": -24.23, "2015-09-30": 28.75, "2015-06-30": -8.388, "2015-03-31": "-9.42300", "2014-12-31": 30.561, "2014-09-30": -14.623, "2014-06-30": -14.541, "2014-03-31": "-29.09800", "2013-12-31": 0.593, "2013-09-30": -7.312, "2013-06-30": -22.951, "2013-03-31": "-140.71900", "2012-12-31": -25.344, "2012-09-30": -5.542, "2012-06-30": 9.883, "2012-03-31": "-9.28600", "2011-12-31": -9.371, "2011-09-30": 16.903, "2011-06-30": 7.245, "2011-03-31": "-25.29300", "2010-12-31": -12.996, "2010-09-30": 27.219, "2010-06-30": 12.773, "2010-03-31": "-4.06700", "2009-12-31": -11.008, "2009-09-30": 5.203, "2009-06-30": 0.34, "2009-03-31": "-63.95300", "2008-12-31": 60.306, "2008-09-30": 5.463, "2008-06-30": -7.135, "2008-03-31": "17.08300", "2007-12-31": -28.881, "2007-09-30": 16.182, "2007-06-30": 39.75, "2007-03-31": "-23.41700", "2006-12-31": 35.588, "2006-09-30": -1.769, "2006-06-30": 10.992, "2006-03-31": "-330.01300", "2005-12-31": 1.829, "2005-09-30": 8.116, "2005-06-30": 0.836, "2005-03-31": "-34.62800"}, "Change In Assets/Liabilities": {"2020-12-31": -17.419, "2020-09-30": 5.928, "2020-06-30": 5.871, "2020-03-31": "5.62000", "2019-12-31": 5.506, "2019-09-30": 5.451, "2019-06-30": 4.334, "2019-03-31": "4.83300", "2018-12-31": 0, "2018-09-30": 0, "2018-06-30": 0, "2018-03-31": "", "2017-12-31": 0, "2017-09-30": 0, "2017-06-30": 0, "2017-03-31": "", "2016-12-31": 0, "2016-09-30": 0, "2016-06-30": 0, "2016-03-31": "", "2015-12-31": 0, "2015-09-30": 0, "2015-06-30": 0, "2015-03-31": "", "2014-12-31": 0, "2014-09-30": 0, "2014-06-30": 0, "2014-03-31": "", "2013-12-31": 0, "2013-09-30": 0, "2013-06-30": 0, "2013-03-31": "", "2012-12-31": 0, "2012-09-30": 0, "2012-06-30": 0, "2012-03-31": "", "2011-12-31": 0, "2011-09-30": 0, "2011-06-30": 0, "2011-03-31": "", "2010-12-31": 0, "2010-09-30": 0, "2010-06-30": 0, "2010-03-31": "", "2009-12-31": 0, "2009-09-30": 0, "2009-06-30": 0, "2009-03-31": "", "2008-12-31": 0, "2008-09-30": 0, "2008-06-30": 0, "2008-03-31": "", "2007-12-31": 0, "2007-09-30": 0, "2007-06-30": 0, "2007-03-31": "", "2006-12-31": 0, "2006-09-30": 0, "2006-06-30": 0, "2006-03-31": "", "2005-12-31": 0, "2005-09-30": 0, "2005-06-30": -2.389, "2005-03-31": ""}, "Total Change In Assets/Liabilities": {"2020-12-31": 24.317, "2020-09-30": 60.73, "2020-06-30": -189.502, "2020-03-31": "104.45500", "2019-12-31": -123.32, "2019-09-30": 131.425, "2019-06-30": -16.535, "2019-03-31": "-20.80600", "2018-12-31": -78.922, "2018-09-30": 30.146, "2018-06-30": -128.181, "2018-03-31": "49.87900", "2017-12-31": 28.192, "2017-09-30": 38.813, "2017-06-30": -76.831, "2017-03-31": "5.91500", "2016-12-31": -22.21, "2016-09-30": 48.213, "2016-06-30": -62.649, "2016-03-31": "23.18200", "2015-12-31": -83.802, "2015-09-30": 124.87, "2015-06-30": -33.263, "2015-03-31": "-49.73400", "2014-12-31": -2.85, "2014-09-30": -34.134, "2014-06-30": -60.614, "2014-03-31": "-17.05900", "2013-12-31": -22.289, "2013-09-30": 44.56, "2013-06-30": -71.875, "2013-03-31": "-126.74900", "2012-12-31": -48.106, "2012-09-30": 23.399, "2012-06-30": -11.043, "2012-03-31": "26.28400", "2011-12-31": -62.679, "2011-09-30": 21.348, "2011-06-30": 11.825, "2011-03-31": "-3.31700", "2010-12-31": 57.118, "2010-09-30": 45.78, "2010-06-30": -1.142, "2010-03-31": "10.65000", "2009-12-31": -23.943, "2009-09-30": 17.965, "2009-06-30": -15.279, "2009-03-31": "11.86600", "2008-12-31": -75.348, "2008-09-30": 59.148, "2008-06-30": 5.349, "2008-03-31": "-43.86700", "2007-12-31": -44.965, "2007-09-30": 33.991, "2007-06-30": 115.818, "2007-03-31": "-157.33600", "2006-12-31": 49.453, "2006-09-30": -37.925, "2006-06-30": 20.403, "2006-03-31": "-304.18200", "2005-12-31": -28.172, "2005-09-30": -2.539, "2005-06-30": 7.04, "2005-03-31": "-54.21100"}, "Cash Flow From Operating Activities": {"2020-12-31": -475.098, "2020-09-30": 268.138, "2020-06-30": -41.968, "2020-03-31": "248.92800", "2019-12-31": 48.894, "2019-09-30": 293.281, "2019-06-30": 145.783, "2019-03-31": "146.13200", "2018-12-31": 102.22, "2018-09-30": 206.167, "2018-06-30": 43.293, "2018-03-31": "210.70800", "2017-12-31": 182.635, "2017-09-30": 166.982, "2017-06-30": 58.807, "2017-03-31": "129.65500", "2016-12-31": 102.868, "2016-09-30": 155.135, "2016-06-30": 49.709, "2016-03-31": "130.13000", "2015-12-31": 36.101, "2015-09-30": 242.456, "2015-06-30": 61.525, "2015-03-31": "54.77800", "2014-12-31": 115.015, "2014-09-30": 74.626, "2014-06-30": 27.629, "2014-03-31": "72.58300", "2013-12-31": 73.306, "2013-09-30": 133.557, "2013-06-30": 11.915, "2013-03-31": "-45.17200", "2012-12-31": 30.776, "2012-09-30": 101.768, "2012-06-30": 65.545, "2012-03-31": "101.91000", "2011-12-31": 15.029, "2011-09-30": 93.669, "2011-06-30": 94.434, "2011-03-31": "71.23700", "2010-12-31": 141.827, "2010-09-30": 124.919, "2010-06-30": 72.601, "2010-03-31": "85.18600", "2009-12-31": 60.372, "2009-09-30": 90.334, "2009-06-30": 51.414, "2009-03-31": "71.80900", "2008-12-31": 13.327, "2008-09-30": 129.267, "2008-06-30": 73.063, "2008-03-31": "18.71700", "2007-12-31": 20.686, "2007-09-30": 104.171, "2007-06-30": 177.197, "2007-03-31": "-100.77100", "2006-12-31": 107.998, "2006-09-30": 17.553, "2006-06-30": 76.035, "2006-03-31": "-254.72100", "2005-12-31": 28.117, "2005-09-30": 53.746, "2005-06-30": 58.181, "2005-03-31": "-7.60800"}, "Net Change In Property, Plant, And Equipment": {"2020-12-31": 78.812, "2020-09-30": -29.83, "2020-06-30": -17.234, "2020-03-31": "-31.74800", "2019-12-31": -38.371, "2019-09-30": -66.362, "2019-06-30": -54.573, "2019-03-31": "-39.37200", "2018-12-31": -21.72, "2018-09-30": -11, "2018-06-30": -27.48, "2018-03-31": "-5.44200", "2017-12-31": -7.321, "2017-09-30": -9.312, "2017-06-30": -8.164, "2017-03-31": "-4.76700", "2016-12-31": 36.256, "2016-09-30": -9.187, "2016-06-30": -16.09, "2016-03-31": "-5.85300", "2015-12-31": -25.616, "2015-09-30": -22.18, "2015-06-30": -44.992, "2015-03-31": "-51.80300", "2014-12-31": -51.399, "2014-09-30": -35.932, "2014-06-30": -31.39, "2014-03-31": "-13.20000", "2013-12-31": -12.647, "2013-09-30": -6.252, "2013-06-30": -7.935, "2013-03-31": "5.71600", "2012-12-31": -3.847, "2012-09-30": -3.54, "2012-06-30": -4.357, "2012-03-31": "-8.06200", "2011-12-31": -3.37, "2011-09-30": -10.869, "2011-06-30": -8.543, "2011-03-31": "-2.59800", "2010-12-31": -7.302, "2010-09-30": -2.841, "2010-06-30": -1.757, "2010-03-31": "-3.86300", "2009-12-31": -15.159, "2009-09-30": -23.068, "2009-06-30": -15.362, "2009-03-31": "-23.95800", "2008-12-31": -23.756, "2008-09-30": -13.948, "2008-06-30": -21.775, "2008-03-31": "-6.70400", "2007-12-31": -6.657, "2007-09-30": -2.65, "2007-06-30": -7.168, "2007-03-31": "-4.59000", "2006-12-31": -6.433, "2006-09-30": -4.997, "2006-06-30": -9.504, "2006-03-31": "-6.35200", "2005-12-31": -1.958, "2005-09-30": -5.194, "2005-06-30": -3.295, "2005-03-31": "-7.18600"}, "Net Change In Intangible Assets": {"2020-12-31": 0, "2020-09-30": 0, "2020-06-30": 0, "2020-03-31": "", "2019-12-31": 0, "2019-09-30": 0, "2019-06-30": 0, "2019-03-31": "", "2018-12-31": 0, "2018-09-30": 0, "2018-06-30": 0, "2018-03-31": "", "2017-12-31": 0, "2017-09-30": 0, "2017-06-30": 0, "2017-03-31": "", "2016-12-31": 0, "2016-09-30": 0, "2016-06-30": 0, "2016-03-31": "", "2015-12-31": 0, "2015-09-30": 0, "2015-06-30": 0, "2015-03-31": "", "2014-12-31": 0, "2014-09-30": 0, "2014-06-30": 0, "2014-03-31": "", "2013-12-31": 0, "2013-09-30": 0, "2013-06-30": 0, "2013-03-31": "", "2012-12-31": 0, "2012-09-30": 0, "2012-06-30": 0, "2012-03-31": "", "2011-12-31": 0, "2011-09-30": 0, "2011-06-30": 0, "2011-03-31": "", "2010-12-31": 0, "2010-09-30": 0, "2010-06-30": 0, "2010-03-31": "", "2009-12-31": 0, "2009-09-30": 0, "2009-06-30": 0, "2009-03-31": "", "2008-12-31": 0, "2008-09-30": 0, "2008-06-30": 0, "2008-03-31": "", "2007-12-31": 0, "2007-09-30": 0, "2007-06-30": 0, "2007-03-31": "", "2006-12-31": 0, "2006-09-30": 0, "2006-06-30": 0, "2006-03-31": "", "2005-12-31": 0, "2005-09-30": 0, "2005-06-30": 0, "2005-03-31": ""}, "Net Acquisitions/Divestitures": {"2020-12-31": 0, "2020-09-30": 0, "2020-06-30": 0, "2020-03-31": "", "2019-12-31": 0, "2019-09-30": 0, "2019-06-30": 0, "2019-03-31": "", "2018-12-31": 0, "2018-09-30": 0, "2018-06-30": 0, "2018-03-31": "", "2017-12-31": 0, "2017-09-30": 0, "2017-06-30": 0, "2017-03-31": "", "2016-12-31": -0.492, "2016-09-30": 0, "2016-06-30": 0, "2016-03-31": "", "2015-12-31": 0, "2015-09-30": 0, "2015-06-30": 0, "2015-03-31": "", "2014-12-31": 0, "2014-09-30": 0, "2014-06-30": 830.661, "2014-03-31": "", "2013-12-31": -1.896, "2013-09-30": 0, "2013-06-30": 0, "2013-03-31": "", "2012-12-31": 0, "2012-09-30": 0, "2012-06-30": 0, "2012-03-31": "-7.19900", "2011-12-31": 0.394, "2011-09-30": 0, "2011-06-30": -1.044, "2011-03-31": "", "2010-12-31": 0, "2010-09-30": 0, "2010-06-30": 0, "2010-03-31": "", "2009-12-31": 0, "2009-09-30": -0.455, "2009-06-30": 0, "2009-03-31": "-0.75000", "2008-12-31": -0.357, "2008-09-30": -0.196, "2008-06-30": 0, "2008-03-31": "-0.03300", "2007-12-31": -0.925, "2007-09-30": 0, "2007-06-30": -0.353, "2007-03-31": "-1.55000", "2006-12-31": -39.058, "2006-09-30": -0.243, "2006-06-30": -0.23, "2006-03-31": "-60.54300", "2005-12-31": -13.297, "2005-09-30": 0, "2005-06-30": 0, "2005-03-31": ""}, "Net Change In Short-term Investments": {"2020-12-31": 0, "2020-09-30": 0, "2020-06-30": 0, "2020-03-31": "", "2019-12-31": 0, "2019-09-30": 0, "2019-06-30": 0, "2019-03-31": "", "2018-12-31": 0, "2018-09-30": 0, "2018-06-30": 0, "2018-03-31": "", "2017-12-31": 0, "2017-09-30": 0, "2017-06-30": 0, "2017-03-31": "", "2016-12-31": 0, "2016-09-30": 0, "2016-06-30": 0, "2016-03-31": "", "2015-12-31": 0, "2015-09-30": 0, "2015-06-30": 0, "2015-03-31": "", "2014-12-31": 0, "2014-09-30": 0, "2014-06-30": 0, "2014-03-31": "", "2013-12-31": 0, "2013-09-30": 0, "2013-06-30": 0, "2013-03-31": "", "2012-12-31": 0, "2012-09-30": 0, "2012-06-30": 0, "2012-03-31": "", "2011-12-31": 0, "2011-09-30": 0, "2011-06-30": 0, "2011-03-31": "", "2010-12-31": 0, "2010-09-30": 0, "2010-06-30": 0, "2010-03-31": "", "2009-12-31": 0, "2009-09-30": 0, "2009-06-30": 0, "2009-03-31": "", "2008-12-31": 0, "2008-09-30": 0, "2008-06-30": 0, "2008-03-31": "", "2007-12-31": 0, "2007-09-30": 0, "2007-06-30": 0, "2007-03-31": "", "2006-12-31": 0, "2006-09-30": 0, "2006-06-30": 0, "2006-03-31": "", "2005-12-31": 0, "2005-09-30": 0, "2005-06-30": 0, "2005-03-31": ""}, "Net Change In Long-Term Investments": {"2020-12-31": -1061.856, "2020-09-30": -202.538, "2020-06-30": 219.143, "2020-03-31": "1045.25100", "2019-12-31": -16.3701, "2019-09-30": -7.2442, "2019-06-30": -59.0852, "2019-03-31": "-436.48410", "2018-12-31": -199.7539, "2018-09-30": -390.8857, "2018-06-30": -252.6785, "2018-03-31": "-20.63890", "2017-12-31": -373.8613, "2017-09-30": 698.3965, "2017-06-30": -20.0888, "2017-03-31": "241.03900", "2016-12-31": -466.3926, "2016-09-30": -417.0624, "2016-06-30": -611.2378, "2016-03-31": "623.35100", "2015-12-31": -264.4648, "2015-09-30": -201.741, "2015-06-30": -51.515, "2015-03-31": "-80.74400", "2014-12-31": -1593.5633, "2014-09-30": -610.6678, "2014-06-30": -575.9429, "2014-03-31": "588.18000", "2013-12-31": -370.8106, "2013-09-30": 426.4952, "2013-06-30": -304.4395, "2013-03-31": "195.63380", "2012-12-31": -23.9316, "2012-09-30": -207.127, "2012-06-30": 108.9805, "2012-03-31": "-780.77930", "2011-12-31": -2414.9678, "2011-09-30": 152.1387, "2011-06-30": 301.0312, "2011-03-31": "-556.22410", "2010-12-31": -66.4795, "2010-09-30": -461.3389, "2010-06-30": -232.0268, "2010-03-31": "179.48580", "2009-12-31": -405.4566, "2009-09-30": -96.6914, "2009-06-30": -327.9, "2009-03-31": "-421.55800", "2008-12-31": -278.3653, "2008-09-30": 69.3972, "2008-06-30": 20.9469, "2008-03-31": "149.27800", "2007-12-31": -129.0635, "2007-09-30": -44.0474, "2007-06-30": -102.2388, "2007-03-31": "224.92000", "2006-12-31": -413.5479, "2006-09-30": 115.5733, "2006-06-30": 115.904, "2006-03-31": "119.24930", "2005-12-31": -55.9141, "2005-09-30": 126.4704, "2005-06-30": 194.2449, "2005-03-31": "-60.18400"}, "Net Change In Investments - Total": {"2020-12-31": -1061.856, "2020-09-30": -202.538, "2020-06-30": 219.143, "2020-03-31": "1045.25100", "2019-12-31": -16.3701, "2019-09-30": -7.2442, "2019-06-30": -59.0852, "2019-03-31": "-436.48410", "2018-12-31": -199.7539, "2018-09-30": -390.8857, "2018-06-30": -252.6785, "2018-03-31": "-20.63890", "2017-12-31": -373.8613, "2017-09-30": 698.3965, "2017-06-30": -20.0888, "2017-03-31": "241.03900", "2016-12-31": -466.3926, "2016-09-30": -417.0624, "2016-06-30": -611.2378, "2016-03-31": "623.35100", "2015-12-31": -264.4648, "2015-09-30": -201.741, "2015-06-30": -51.515, "2015-03-31": "-80.74400", "2014-12-31": -1593.5633, "2014-09-30": -610.6678, "2014-06-30": -575.9429, "2014-03-31": "588.18000", "2013-12-31": -370.8106, "2013-09-30": 426.4952, "2013-06-30": -304.4395, "2013-03-31": "195.63380", "2012-12-31": -23.9316, "2012-09-30": -207.127, "2012-06-30": 108.9805, "2012-03-31": "-780.77930", "2011-12-31": -2414.9678, "2011-09-30": 152.1387, "2011-06-30": 301.0312, "2011-03-31": "-556.22410", "2010-12-31": -66.4795, "2010-09-30": -461.3389, "2010-06-30": -232.0268, "2010-03-31": "179.48580", "2009-12-31": -405.4566, "2009-09-30": -96.6914, "2009-06-30": -327.9, "2009-03-31": "-421.55800", "2008-12-31": -278.3653, "2008-09-30": 69.3972, "2008-06-30": 20.9469, "2008-03-31": "149.27800", "2007-12-31": -129.0635, "2007-09-30": -44.0474, "2007-06-30": -102.2388, "2007-03-31": "224.92000", "2006-12-31": -413.5479, "2006-09-30": 115.5733, "2006-06-30": 115.904, "2006-03-31": "119.24930", "2005-12-31": -55.9141, "2005-09-30": 126.4704, "2005-06-30": 194.2449, "2005-03-31": "-60.18400"}, "Investing Activities - Other": {"2020-12-31": 3550.674, "2020-09-30": -257.063, "2020-06-30": -2671.105, "2020-03-31": "-622.50600", "2019-12-31": -123.832, "2019-09-30": -178.645, "2019-06-30": -56.802, "2019-03-31": "-309.60900", "2018-12-31": -287.978, "2018-09-30": -114.93, "2018-06-30": -353.703, "2018-03-31": "-227.11000", "2017-12-31": -441.794, "2017-09-30": -196.122, "2017-06-30": -335.126, "2017-03-31": "-213.47500", "2016-12-31": -396.247, "2016-09-30": 1.809, "2016-06-30": -58.259, "2016-03-31": "-54.57500", "2015-12-31": -131.516, "2015-09-30": 42.154, "2015-06-30": -183.633, "2015-03-31": "-222.86900", "2014-12-31": -239.434, "2014-09-30": -61.979, "2014-06-30": -251.929, "2014-03-31": "-235.49700", "2013-12-31": -213.955, "2013-09-30": -73.467, "2013-06-30": -71.766, "2013-03-31": "49.40100", "2012-12-31": -412.694, "2012-09-30": -320.82, "2012-06-30": -362.855, "2012-03-31": "-129.23700", "2011-12-31": 94.685, "2011-09-30": -33.817, "2011-06-30": -51.132, "2011-03-31": "79.02600", "2010-12-31": -77.147, "2010-09-30": 6.45, "2010-06-30": 100.249, "2010-03-31": "166.75200", "2009-12-31": 127.081, "2009-09-30": 99.298, "2009-06-30": 122.4, "2009-03-31": "62.19600", "2008-12-31": -257.224, "2008-09-30": -246.663, "2008-06-30": -385.79, "2008-03-31": "-234.13800", "2007-12-31": -317.651, "2007-09-30": -37.338, "2007-06-30": 35.329, "2007-03-31": "-67.29300", "2006-12-31": -39.035, "2006-09-30": 70.044, "2006-06-30": -80.169, "2006-03-31": "-129.60700", "2005-12-31": -59.015, "2005-09-30": -108.936, "2005-06-30": -197.088, "2005-03-31": "-230.36600"}, "Cash Flow From Investing Activities": {"2020-12-31": 2567.629, "2020-09-30": -489.43, "2020-06-30": -2469.196, "2020-03-31": "390.99700", "2019-12-31": -178.573, "2019-09-30": -252.252, "2019-06-30": -170.46, "2019-03-31": "-785.46500", "2018-12-31": -509.447, "2018-09-30": -516.82, "2018-06-30": -633.862, "2018-03-31": "-253.19100", "2017-12-31": -822.975, "2017-09-30": 492.962, "2017-06-30": -363.379, "2017-03-31": "22.79700", "2016-12-31": -826.876, "2016-09-30": -424.441, "2016-06-30": -685.587, "2016-03-31": "562.92300", "2015-12-31": -421.597, "2015-09-30": -181.767, "2015-06-30": -280.14, "2015-03-31": "-355.41600", "2014-12-31": -1884.397, "2014-09-30": -708.578, "2014-06-30": -28.601, "2014-03-31": "339.48300", "2013-12-31": -599.309, "2013-09-30": 346.776, "2013-06-30": -384.14, "2013-03-31": "250.75100", "2012-12-31": -440.472, "2012-09-30": -531.487, "2012-06-30": -258.232, "2012-03-31": "-925.27700", "2011-12-31": -2323.26, "2011-09-30": 107.453, "2011-06-30": 240.312, "2011-03-31": "-479.79600", "2010-12-31": -150.929, "2010-09-30": -457.731, "2010-06-30": -133.534, "2010-03-31": "342.37500", "2009-12-31": -293.535, "2009-09-30": -20.916, "2009-06-30": -220.862, "2009-03-31": "-384.07000", "2008-12-31": -559.702, "2008-09-30": -191.41, "2008-06-30": -386.618, "2008-03-31": "-91.59700", "2007-12-31": -454.296, "2007-09-30": -84.035, "2007-06-30": -74.431, "2007-03-31": "151.48700", "2006-12-31": -498.074, "2006-09-30": 180.378, "2006-06-30": 26.001, "2006-03-31": "-77.25300", "2005-12-31": -130.184, "2005-09-30": 12.34, "2005-06-30": -6.138, "2005-03-31": "-297.73600"}, "Net Long-Term Debt": {"2020-12-31": 0, "2020-09-30": 0, "2020-06-30": 0, "2020-03-31": "", "2019-12-31": 0, "2019-09-30": 0, "2019-06-30": 0, "2019-03-31": "", "2018-12-31": 0, "2018-09-30": 0, "2018-06-30": 0, "2018-03-31": "", "2017-12-31": 0, "2017-09-30": 0, "2017-06-30": -0.012, "2017-03-31": "-1.55400", "2016-12-31": 0, "2016-09-30": 0, "2016-06-30": 0, "2016-03-31": "", "2015-12-31": 0, "2015-09-30": 0, "2015-06-30": 0, "2015-03-31": "", "2014-12-31": 0, "2014-09-30": 0, "2014-06-30": 0, "2014-03-31": "", "2013-12-31": 0, "2013-09-30": 0, "2013-06-30": -0.002, "2013-03-31": "-0.00500", "2012-12-31": -0.005, "2012-09-30": -0.005, "2012-06-30": -0.005, "2012-03-31": "-0.00400", "2011-12-31": -0.005, "2011-09-30": -150.005, "2011-06-30": -0.004, "2011-03-31": "-0.00500", "2010-12-31": -0.004, "2010-09-30": -12.377, "2010-06-30": -6.504, "2010-03-31": "-0.00400", "2009-12-31": -230.004, "2009-09-30": -0.005, "2009-06-30": -0.004, "2009-03-31": "229.99800", "2008-12-31": -0.004, "2008-09-30": -2.504, "2008-06-30": -0.004, "2008-03-31": "-5.15000", "2007-12-31": -0.056, "2007-09-30": -7.556, "2007-06-30": -15.054, "2007-03-31": "-6.84800", "2006-12-31": -0.061, "2006-09-30": -1.064, "2006-06-30": -4.563, "2006-03-31": "-13.56300", "2005-12-31": -6.061, "2005-09-30": -0.08, "2005-06-30": -0.041, "2005-03-31": "-0.07300"}, "Net Current Debt": {"2020-12-31": 86.675, "2020-09-30": 19.283, "2020-06-30": 418.406, "2020-03-31": "-524.36400", "2019-12-31": 494.687, "2019-09-30": -118.852, "2019-06-30": 92.358, "2019-03-31": "-140.39900", "2018-12-31": 283.771, "2018-09-30": 106.307, "2018-06-30": -54.751, "2018-03-31": "-115.60300", "2017-12-31": 149.905, "2017-09-30": 73.052, "2017-06-30": 29.667, "2017-03-31": "-81.79200", "2016-12-31": 172.69, "2016-09-30": 71.142, "2016-06-30": 39.274, "2016-03-31": "-199.63600", "2015-12-31": 261.343, "2015-09-30": 39.815, "2015-06-30": -11.843, "2015-03-31": "-198.91200", "2014-12-31": 222.154, "2014-09-30": -32.026, "2014-06-30": 47.567, "2014-03-31": "-153.01800", "2013-12-31": 81.116, "2013-09-30": 37.314, "2013-06-30": 39.721, "2013-03-31": "-50.95900", "2012-12-31": -40.143, "2012-09-30": -54.821, "2012-06-30": 18.927, "2012-03-31": "-85.10400", "2011-12-31": 63.956, "2011-09-30": 84.114, "2011-06-30": 20.561, "2011-03-31": "77.89800", "2010-12-31": 44.936, "2010-09-30": -7.759, "2010-06-30": -42.957, "2010-03-31": "-0.59500", "2009-12-31": 29.127, "2009-09-30": -203.442, "2009-06-30": 21.888, "2009-03-31": "-438.80400", "2008-12-31": -213.17, "2008-09-30": 328.775, "2008-06-30": 33.045, "2008-03-31": "-8.44300", "2007-12-31": 39.806, "2007-09-30": 64.102, "2007-06-30": -85.669, "2007-03-31": "50.64300", "2006-12-31": 126.276, "2006-09-30": -35.236, "2006-06-30": 18.371, "2006-03-31": "-3.80400", "2005-12-31": 132.355, "2005-09-30": 31.447, "2005-06-30": 22.454, "2005-03-31": "47.93100"}, "Debt Issuance/Retirement Net - Total": {"2020-12-31": 86.675, "2020-09-30": 19.283, "2020-06-30": 418.406, "2020-03-31": "-524.36400", "2019-12-31": 494.687, "2019-09-30": -118.852, "2019-06-30": 92.358, "2019-03-31": "-140.39900", "2018-12-31": 283.771, "2018-09-30": 106.307, "2018-06-30": -54.751, "2018-03-31": "-115.60300", "2017-12-31": 149.905, "2017-09-30": 73.052, "2017-06-30": 29.655, "2017-03-31": "-83.34600", "2016-12-31": 172.69, "2016-09-30": 71.142, "2016-06-30": 39.274, "2016-03-31": "-199.63600", "2015-12-31": 261.343, "2015-09-30": 39.815, "2015-06-30": -11.843, "2015-03-31": "-198.91200", "2014-12-31": 222.154, "2014-09-30": -32.026, "2014-06-30": 47.567, "2014-03-31": "-153.01800", "2013-12-31": 81.116, "2013-09-30": 37.314, "2013-06-30": 39.719, "2013-03-31": "-50.96400", "2012-12-31": -40.148, "2012-09-30": -54.826, "2012-06-30": 18.922, "2012-03-31": "-85.10800", "2011-12-31": 63.951, "2011-09-30": -65.891, "2011-06-30": 20.557, "2011-03-31": "77.89300", "2010-12-31": 44.932, "2010-09-30": -20.136, "2010-06-30": -49.461, "2010-03-31": "-0.59900", "2009-12-31": -200.877, "2009-09-30": -203.447, "2009-06-30": 21.884, "2009-03-31": "-208.80600", "2008-12-31": -213.174, "2008-09-30": 326.271, "2008-06-30": 33.041, "2008-03-31": "-13.59300", "2007-12-31": 39.75, "2007-09-30": 56.546, "2007-06-30": -100.723, "2007-03-31": "43.79500", "2006-12-31": 126.215, "2006-09-30": -36.3, "2006-06-30": 13.808, "2006-03-31": "-17.36700", "2005-12-31": 126.294, "2005-09-30": 31.367, "2005-06-30": 22.413, "2005-03-31": "47.85800"}, "Net Common Equity Issued/Repurchased": {"2020-12-31": 6.456, "2020-09-30": 2.671, "2020-06-30": 3.383, "2020-03-31": "-12.51000", "2019-12-31": 6.18, "2019-09-30": -11.525, "2019-06-30": -47.044, "2019-03-31": "4.36600", "2018-12-31": -95.86, "2018-09-30": 1.119, "2018-06-30": 6.213, "2018-03-31": "19.16500", "2017-12-31": 20.893, "2017-09-30": -98.727, "2017-06-30": 19.402, "2017-03-31": "24.70500", "2016-12-31": 29.703, "2016-09-30": 44.287, "2016-06-30": 3.489, "2016-03-31": "0.09700", "2015-12-31": -23.267, "2015-09-30": -61.473, "2015-06-30": -2.372, "2015-03-31": "0.72800", "2014-12-31": 2.128, "2014-09-30": 5.464, "2014-06-30": 2.83, "2014-03-31": "17.27900", "2013-12-31": 2.997, "2013-09-30": 30.837, "2013-06-30": 13.743, "2013-03-31": "-123.55400", "2012-12-31": -0.012, "2012-09-30": 2.881, "2012-06-30": 1.669, "2012-03-31": "5.54200", "2011-12-31": -0.173, "2011-09-30": 0, "2011-06-30": 0.014, "2011-03-31": "5.56800", "2010-12-31": 10.397, "2010-09-30": 6.256, "2010-06-30": 8.186, "2010-03-31": "16.52100", "2009-12-31": 0.413, "2009-09-30": 8.755, "2009-06-30": 8.541, "2009-03-31": "0.21500", "2008-12-31": 1.794, "2008-09-30": 7.634, "2008-06-30": 11.789, "2008-03-31": "-6.87200", "2007-12-31": 4.094, "2007-09-30": -37.898, "2007-06-30": -56.661, "2007-03-31": "3.65900", "2006-12-31": 4.347, "2006-09-30": 7.939, "2006-06-30": 11.255, "2006-03-31": "14.49600", "2005-12-31": 10.493, "2005-09-30": 8.218, "2005-06-30": 12.343, "2005-03-31": "-10.22100"}, "Net Total Equity Issued/Repurchased": {"2020-12-31": 156.456, "2020-09-30": 2.671, "2020-06-30": 3.383, "2020-03-31": "-162.51000", "2019-12-31": 6.18, "2019-09-30": -11.525, "2019-06-30": -47.044, "2019-03-31": "4.36600", "2018-12-31": -95.86, "2018-09-30": 1.119, "2018-06-30": 6.213, "2018-03-31": "19.16500", "2017-12-31": 20.893, "2017-09-30": -98.727, "2017-06-30": 19.402, "2017-03-31": "24.70500", "2016-12-31": 29.703, "2016-09-30": 44.287, "2016-06-30": 3.489, "2016-03-31": "0.09700", "2015-12-31": -23.267, "2015-09-30": -61.473, "2015-06-30": -2.372, "2015-03-31": "0.72800", "2014-12-31": 2.128, "2014-09-30": 5.464, "2014-06-30": 2.83, "2014-03-31": "17.27900", "2013-12-31": 2.997, "2013-09-30": 30.837, "2013-06-30": 13.69, "2013-03-31": "20.98500", "2012-12-31": -0.012, "2012-09-30": 2.881, "2012-06-30": 1.669, "2012-03-31": "5.54200", "2011-12-31": -0.173, "2011-09-30": 0, "2011-06-30": 0.014, "2011-03-31": "5.56800", "2010-12-31": 10.397, "2010-09-30": 6.256, "2010-06-30": 8.186, "2010-03-31": "16.52100", "2009-12-31": 0.413, "2009-09-30": 8.755, "2009-06-30": 8.541, "2009-03-31": "0.21500", "2008-12-31": 1.794, "2008-09-30": 7.634, "2008-06-30": 11.789, "2008-03-31": "-6.87200", "2007-12-31": 4.094, "2007-09-30": -37.898, "2007-06-30": -56.661, "2007-03-31": "3.65900", "2006-12-31": 4.347, "2006-09-30": 7.939, "2006-06-30": 11.255, "2006-03-31": "14.49600", "2005-12-31": 10.493, "2005-09-30": 8.218, "2005-06-30": 12.343, "2005-03-31": "-10.22100"}, "Total Common And Preferred Stock Dividends Paid": {"2020-12-31": 136.778, "2020-09-30": -44.957, "2020-06-30": -44.871, "2020-03-31": "-46.95000", "2019-12-31": -46.89, "2019-09-30": -46.72, "2019-06-30": -46.841, "2019-03-31": "-44.61800", "2018-12-31": -44.744, "2018-09-30": -45.109, "2018-06-30": -45.092, "2018-03-31": "-38.56700", "2017-12-31": -38.434, "2017-09-30": -38.377, "2017-06-30": -38.752, "2017-03-31": "-36.67200", "2016-12-31": -36.355, "2016-09-30": -36.055, "2016-06-30": -35.601, "2016-03-31": "-34.95400", "2015-12-31": -35.16, "2015-09-30": -35.162, "2015-06-30": -35.598, "2015-03-31": "-34.30400", "2014-12-31": -34.3, "2014-09-30": -34.25, "2014-06-30": -34.188, "2014-03-31": "-32.50300", "2013-12-31": -32.374, "2013-09-30": -32.328, "2013-06-30": -32.857, "2013-03-31": "-28.77900", "2012-12-31": -29.571, "2012-09-30": -29.525, "2012-06-30": -29.518, "2012-03-31": "-28.23900", "2011-12-31": -28.22, "2011-09-30": -28.199, "2011-06-30": -28.212, "2011-03-31": "-27.57900", "2010-12-31": -27.459, "2010-09-30": -27.358, "2010-06-30": -27.288, "2010-03-31": "-25.92200", "2009-12-31": -25.808, "2009-09-30": -25.722, "2009-06-30": -25.642, "2009-03-31": "-24.95800", "2008-12-31": -24.957, "2008-09-30": -24.861, "2008-06-30": -24.774, "2008-03-31": "-23.56000", "2007-12-31": -23.46, "2007-09-30": -23.357, "2007-06-30": -23.615, "2007-03-31": "-20.38800", "2006-12-31": -19.04, "2006-09-30": -18.967, "2006-06-30": -18.869, "2006-03-31": "-16.52400", "2005-12-31": -16.33, "2005-09-30": -15.775, "2005-06-30": -15.665, "2005-03-31": "-13.72900"}, "Financial Activities - Other": {"2020-12-31": -5859.939, "2020-09-30": 820.407, "2020-06-30": 4538.229, "2020-03-31": "501.30300", "2019-12-31": 555.982, "2019-09-30": 1098.559, "2019-06-30": -309.84, "2019-03-31": "-854.34100", "2018-12-31": 800.35, "2018-09-30": 352.355, "2018-06-30": -681.279, "2018-03-31": "-194.61100", "2017-12-31": 469.12, "2017-09-30": 789.696, "2017-06-30": -528.591, "2017-03-31": "330.58900", "2016-12-31": 704.027, "2016-09-30": 820.097, "2016-06-30": 130.476, "2016-03-31": "-186.62000", "2015-12-31": 19.198, "2015-09-30": 482.49, "2015-06-30": -307.79, "2015-03-31": "13.76700", "2014-12-31": 643.065, "2014-09-30": 974.607, "2014-06-30": -172.753, "2014-03-31": "378.18200", "2013-12-31": 710.328, "2013-09-30": 902.55, "2013-06-30": 34.568, "2013-03-31": "-453.34000", "2012-12-31": 1252.23, "2012-09-30": 968.114, "2012-06-30": 368.131, "2012-03-31": "152.31400", "2011-12-31": 692.904, "2011-09-30": 959.768, "2011-06-30": 394.785, "2011-03-31": "230.37100", "2010-12-31": -50.675, "2010-09-30": 578.121, "2010-06-30": 218.572, "2010-03-31": "420.69700", "2009-12-31": 391.623, "2009-09-30": 425.414, "2009-06-30": 463.759, "2009-03-31": "524.25800", "2008-12-31": 891.256, "2008-09-30": -7.578, "2008-06-30": -98.566, "2008-03-31": "201.92200", "2007-12-31": 436.023, "2007-09-30": -79.376, "2007-06-30": -100.242, "2007-03-31": "-106.22800", "2006-12-31": 145.213, "2006-09-30": 194.98, "2006-06-30": -209.103, "2006-03-31": "-228.84300", "2005-12-31": 544.533, "2005-09-30": 272.196, "2005-06-30": 7.336, "2005-03-31": "-102.41000"}, "Cash Flow From Financial Activities": {"2020-12-31": -5480.03, "2020-09-30": 797.404, "2020-06-30": 4915.147, "2020-03-31": "-232.52100", "2019-12-31": 1009.959, "2019-09-30": 921.462, "2019-06-30": -311.367, "2019-03-31": "-1034.99200", "2018-12-31": 943.517, "2018-09-30": 414.672, "2018-06-30": -774.909, "2018-03-31": "-329.61600", "2017-12-31": 601.484, "2017-09-30": 725.644, "2017-06-30": -518.286, "2017-03-31": "235.27600", "2016-12-31": 870.065, "2016-09-30": 899.471, "2016-06-30": 137.638, "2016-03-31": "-421.11300", "2015-12-31": 222.114, "2015-09-30": 425.67, "2015-06-30": -357.603, "2015-03-31": "-218.72100", "2014-12-31": 833.047, "2014-09-30": 913.795, "2014-06-30": -156.544, "2014-03-31": "209.94000", "2013-12-31": 762.067, "2013-09-30": 938.373, "2013-06-30": 55.12, "2013-03-31": "-512.09800", "2012-12-31": 1182.499, "2012-09-30": 886.644, "2012-06-30": 359.204, "2012-03-31": "44.50900", "2011-12-31": 728.462, "2011-09-30": 865.678, "2011-06-30": 387.144, "2011-03-31": "286.25300", "2010-12-31": -22.805, "2010-09-30": 536.883, "2010-06-30": 150.009, "2010-03-31": "410.69700", "2009-12-31": 165.351, "2009-09-30": 205, "2009-06-30": 468.542, "2009-03-31": "290.70900", "2008-12-31": 654.919, "2008-09-30": 301.466, "2008-06-30": -78.51, "2008-03-31": "157.89700", "2007-12-31": 456.407, "2007-09-30": -84.085, "2007-06-30": -281.241, "2007-03-31": "-79.16200", "2006-12-31": 256.735, "2006-09-30": 147.652, "2006-06-30": -202.909, "2006-03-31": "-248.23800", "2005-12-31": 664.99, "2005-09-30": 296.006, "2005-06-30": 26.427, "2005-03-31": "-78.50200"}, "Net Cash Flow": {"2020-12-31": -3387.499, "2020-09-30": 576.112, "2020-06-30": 2403.983, "2020-03-31": "407.40400", "2019-12-31": 880.28, "2019-09-30": 962.491, "2019-06-30": -336.044, "2019-03-31": "-1674.32500", "2018-12-31": 536.29, "2018-09-30": 104.019, "2018-06-30": -1365.478, "2018-03-31": "-372.09900", "2017-12-31": -38.856, "2017-09-30": 1385.588, "2017-06-30": -822.858, "2017-03-31": "387.72800", "2016-12-31": 146.057, "2016-09-30": 630.165, "2016-06-30": -498.24, "2016-03-31": "271.94000", "2015-12-31": -163.382, "2015-09-30": 486.359, "2015-06-30": -576.218, "2015-03-31": "-519.35900", "2014-12-31": -936.335, "2014-09-30": 279.843, "2014-06-30": -157.516, "2014-03-31": "622.00600", "2013-12-31": 236.064, "2013-09-30": 1418.706, "2013-06-30": -317.105, "2013-03-31": "-306.51900", "2012-12-31": 772.803, "2012-09-30": 456.925, "2012-06-30": 166.517, "2012-03-31": "-778.85800", "2011-12-31": -1579.769, "2011-09-30": 1066.8, "2011-06-30": 721.89, "2011-03-31": "-122.30600", "2010-12-31": -31.907, "2010-09-30": 204.071, "2010-06-30": 89.076, "2010-03-31": "838.25800", "2009-12-31": -67.812, "2009-09-30": 274.418, "2009-06-30": 299.094, "2009-03-31": "-21.55200", "2008-12-31": 108.544, "2008-09-30": 239.323, "2008-06-30": -392.065, "2008-03-31": "85.01700", "2007-12-31": 22.797, "2007-09-30": -63.949, "2007-06-30": -178.475, "2007-03-31": "-28.44600", "2006-12-31": -133.341, "2006-09-30": 345.583, "2006-06-30": -100.873, "2006-03-31": "-580.21200", "2005-12-31": 562.923, "2005-09-30": 362.092, "2005-06-30": 78.47, "2005-03-31": "-383.84600"}, "Stock-Based Compensation": {"2020-12-31": -8.227, "2020-09-30": 2.443, "2020-06-30": 3.272, "2020-03-31": "2.51200", "2019-12-31": 5.253, "2019-09-30": 2.675, "2019-06-30": 4.364, "2019-03-31": "3.65400", "2018-12-31": 4.387, "2018-09-30": 2.796, "2018-06-30": 3.585, "2018-03-31": "3.17500", "2017-12-31": 4, "2017-09-30": 2.722, "2017-06-30": 3.188, "2017-03-31": "3.10300", "2016-12-31": 3.801, "2016-09-30": 2.521, "2016-06-30": 2.995, "2016-03-31": "2.48200", "2015-12-31": 5.058, "2015-09-30": 2.342, "2015-06-30": 2.775, "2015-03-31": "2.56200", "2014-12-31": 5.565, "2014-09-30": 2.242, "2014-06-30": 2.56, "2014-03-31": "2.13600", "2013-12-31": 4.653, "2013-09-30": 2.325, "2013-06-30": 2.643, "2013-03-31": "2.34200", "2012-12-31": 4.894, "2012-09-30": 2.544, "2012-06-30": 2.843, "2012-03-31": "2.55500", "2011-12-31": 5.947, "2011-09-30": 2.433, "2011-06-30": 3.846, "2011-03-31": "3.73700", "2010-12-31": 4.445, "2010-09-30": 3.422, "2010-06-30": 3.41, "2010-03-31": "3.64800", "2009-12-31": 3.157, "2009-09-30": 3.083, "2009-06-30": 3.381, "2009-03-31": "3.02400", "2008-12-31": 2.731, "2008-09-30": 2.38, "2008-06-30": 2.681, "2008-03-31": "2.37400", "2007-12-31": 2.179, "2007-09-30": 2.374, "2007-06-30": 2.713, "2007-03-31": "2.38400", "2006-12-31": 2.21, "2006-09-30": 2.339, "2006-06-30": 2.437, "2006-03-31": "2.25400", "2005-12-31": 0.653, "2005-09-30": 0.491, "2005-06-30": 0.491, "2005-03-31": "0.35100"}, "Common Stock Dividends Paid": {"2020-12-31": 134.762, "2020-09-30": -44.957, "2020-06-30": -44.871, "2020-03-31": "-44.93400", "2019-12-31": -44.874, "2019-09-30": -44.704, "2019-06-30": -44.826, "2019-03-31": "-42.60200", "2018-12-31": -42.728, "2018-09-30": -43.093, "2018-06-30": -43.077, "2018-03-31": "-36.55100", "2017-12-31": -36.418, "2017-09-30": -36.361, "2017-06-30": -36.737, "2017-03-31": "-34.65600", "2016-12-31": -34.339, "2016-09-30": -34.039, "2016-06-30": -33.586, "2016-03-31": "-32.93800", "2015-12-31": -33.144, "2015-09-30": -33.146, "2015-06-30": -33.583, "2015-03-31": "-32.28800", "2014-12-31": -32.284, "2014-09-30": -32.234, "2014-06-30": -32.173, "2014-03-31": "-30.48700", "2013-12-31": -30.358, "2013-09-30": -30.313, "2013-06-30": -30.169, "2013-03-31": "-28.77900", "2012-12-31": -29.571, "2012-09-30": -29.525, "2012-06-30": -29.518, "2012-03-31": "-28.23900", "2011-12-31": -28.22, "2011-09-30": -28.199, "2011-06-30": -28.212, "2011-03-31": "-27.57900", "2010-12-31": -27.459, "2010-09-30": -27.358, "2010-06-30": -27.288, "2010-03-31": "-25.92200", "2009-12-31": -25.808, "2009-09-30": -25.722, "2009-06-30": -25.642, "2009-03-31": "-24.95800", "2008-12-31": -24.957, "2008-09-30": -24.861, "2008-06-30": -24.774, "2008-03-31": "-23.56000", "2007-12-31": -23.46, "2007-09-30": -23.357, "2007-06-30": -23.615, "2007-03-31": "-20.38800", "2006-12-31": -19.04, "2006-09-30": -18.967, "2006-06-30": -18.869, "2006-03-31": "-16.52400", "2005-12-31": -16.33, "2005-09-30": -15.775, "2005-06-30": -15.665, "2005-03-31": "-13.72900"}}, "financial ratios": {"Current Ratio": {"2019-12-31": "", "2018-12-31": "", "2017-12-31": "", "2016-12-31": "", "2015-12-31": "", "2014-12-31": "", "2013-12-31": "", "2012-12-31": "", "2011-12-31": "", "2010-12-31": "", "2009-12-31": "", "2008-12-31": "", "2007-12-31": "", "2006-12-31": "", "2005-12-31": ""}, "Long-term Debt / Capital": {"2019-12-31": "0.05670", "2018-12-31": "0.06520", "2017-12-31": "0.06640", "2016-12-31": "0.07290", "2015-12-31": "0.07550", "2014-12-31": "0.07680", "2013-12-31": "0.08170", "2012-12-31": "0.08470", "2011-12-31": "0.08920", "2010-12-31": "0.15350", "2009-12-31": "0.17170", "2008-12-31": "0.18210", "2007-12-31": "0.21320", "2006-12-31": "0.23740", "2005-12-31": "0.29720"}, "Debt/Equity Ratio": {"2019-12-31": "0.49350", "2018-12-31": "0.47570", "2017-12-31": "0.41920", "2016-12-31": "0.40400", "2015-12-31": "0.39080", "2014-12-31": "0.36480", "2013-12-31": "0.35480", "2012-12-31": "0.32460", "2011-12-31": "0.41420", "2010-12-31": "0.41200", "2009-12-31": "0.46170", "2008-12-31": "0.83130", "2007-12-31": "0.90270", "2006-12-31": "0.93900", "2005-12-31": "1.17690"}, "Gross Margin": {"2019-12-31": "", "2018-12-31": "", "2017-12-31": "", "2016-12-31": "", "2015-12-31": "", "2014-12-31": "", "2013-12-31": "", "2012-12-31": "", "2011-12-31": "", "2010-12-31": "", "2009-12-31": "", "2008-12-31": "", "2007-12-31": "", "2006-12-31": "", "2005-12-31": ""}, "Operating Margin": {"2019-12-31": "", "2018-12-31": "", "2017-12-31": "", "2016-12-31": "", "2015-12-31": "", "2014-12-31": "", "2013-12-31": "", "2012-12-31": "", "2011-12-31": "", "2010-12-31": "", "2009-12-31": "", "2008-12-31": "", "2007-12-31": "", "2006-12-31": "", "2005-12-31": ""}, "EBIT Margin": {"2019-12-31": "", "2018-12-31": "", "2017-12-31": "", "2016-12-31": "", "2015-12-31": "", "2014-12-31": "", "2013-12-31": "", "2012-12-31": "", "2011-12-31": "", "2010-12-31": "", "2009-12-31": "", "2008-12-31": "", "2007-12-31": "", "2006-12-31": "", "2005-12-31": ""}, "EBITDA Margin": {"2019-12-31": "", "2018-12-31": "", "2017-12-31": "", "2016-12-31": "", "2015-12-31": "", "2014-12-31": "", "2013-12-31": "", "2012-12-31": "", "2011-12-31": "", "2010-12-31": "", "2009-12-31": "", "2008-12-31": "", "2007-12-31": "", "2006-12-31": "", "2005-12-31": ""}, "Pre-Tax Profit Margin": {"2019-12-31": "37.43730", "2018-12-31": "39.50720", "2017-12-31": "34.97960", "2016-12-31": "31.77780", "2015-12-31": "31.55340", "2014-12-31": "33.91560", "2013-12-31": "32.22020", "2012-12-31": "34.91240", "2011-12-31": "33.90070", "2010-12-31": "33.21440", "2009-12-31": "30.42580", "2008-12-31": "37.89020", "2007-12-31": "40.12160", "2006-12-31": "41.02090", "2005-12-31": "39.97220"}, "Net Profit Margin": {"2019-12-31": "32.36890", "2018-12-31": "34.45930", "2017-12-31": "30.32900", "2016-12-31": "27.46290", "2015-12-31": "26.67190", "2014-12-31": "27.14200", "2013-12-31": "25.60360", "2012-12-31": "26.93080", "2011-12-31": "25.76410", "2010-12-31": "26.03430", "2009-12-31": "23.40340", "2008-12-31": "26.45170", "2007-12-31": "27.45940", "2006-12-31": "27.82440", "2005-12-31": "27.05670"}, "Asset Turnover": {"2019-12-31": "0.03920", "2018-12-31": "0.03990", "2017-12-31": "0.03680", "2016-12-31": "0.03560", "2015-12-31": "0.03550", "2014-12-31": "0.03500", "2013-12-31": "0.03710", "2012-12-31": "0.03820", "2011-12-31": "0.04160", "2010-12-31": "0.04550", "2009-12-31": "0.04700", "2008-12-31": "0.05210", "2007-12-31": "0.05730", "2006-12-31": "0.05260", "2005-12-31": "0.05210"}, "Inventory Turnover Ratio": {"2019-12-31": "", "2018-12-31": "", "2017-12-31": "", "2016-12-31": "", "2015-12-31": "", "2014-12-31": "", "2013-12-31": "", "2012-12-31": "", "2011-12-31": "", "2010-12-31": "", "2009-12-31": "", "2008-12-31": "", "2007-12-31": "", "2006-12-31": "", "2005-12-31": ""}, "Receiveable Turnover": {"2019-12-31": "", "2018-12-31": "", "2017-12-31": "", "2016-12-31": "", "2015-12-31": "", "2014-12-31": "", "2013-12-31": "", "2012-12-31": "", "2011-12-31": "", "2010-12-31": "", "2009-12-31": "", "2008-12-31": "", "2007-12-31": "", "2006-12-31": "", "2005-12-31": ""}, "Days Sales In Receivables": {"2019-12-31": "", "2018-12-31": "", "2017-12-31": "", "2016-12-31": "", "2015-12-31": "", "2014-12-31": "", "2013-12-31": "", "2012-12-31": "", "2011-12-31": "", "2010-12-31": "", "2009-12-31": "", "2008-12-31": "", "2007-12-31": "", "2006-12-31": "", "2005-12-31": ""}, "ROE - Return On Equity": {"2019-12-31": "11.77540", "2018-12-31": "14.10850", "2017-12-31": "11.54790", "2016-12-31": "10.64580", "2015-12-31": "10.17270", "2014-12-31": "10.26910", "2013-12-31": "10.03790", "2012-12-31": "9.84300", "2011-12-31": "9.52620", "2010-12-31": "10.12590", "2009-12-31": "9.45060", "2008-12-31": "11.75230", "2007-12-31": "14.35740", "2006-12-31": "14.06010", "2005-12-31": "16.84150"}, "Return On Tangible Equity": {"2019-12-31": "13.63140", "2018-12-31": "16.78470", "2017-12-31": "13.80480", "2016-12-31": "12.99820", "2015-12-31": "12.54350", "2014-12-31": "12.72430", "2013-12-31": "12.06730", "2012-12-31": "12.69870", "2011-12-31": "12.46720", "2010-12-31": "13.73750", "2009-12-31": "13.28860", "2008-12-31": "17.09050", "2007-12-31": "23.08350", "2006-12-31": "23.77430", "2005-12-31": "20.72060"}, "ROA - Return On Assets": {"2019-12-31": "1.30370", "2018-12-31": "1.40870", "2017-12-31": "1.14700", "2016-12-31": "1.00760", "2015-12-31": "0.97780", "2014-12-31": "0.98300", "2013-12-31": "0.97840", "2012-12-31": "1.02900", "2011-12-31": "1.07070", "2010-12-31": "1.18500", "2009-12-31": "1.09920", "2008-12-31": "1.37860", "2007-12-31": "1.57260", "2006-12-31": "1.46390", "2005-12-31": "1.40890"}, "ROI - Return On Investment": {"2019-12-31": "10.69730", "2018-12-31": "12.62310", "2017-12-31": "10.30830", "2016-12-31": "9.39470", "2015-12-31": "8.93480", "2014-12-31": "9.00030", "2013-12-31": "8.68800", "2012-12-31": "9.00920", "2011-12-31": "8.67620", "2010-12-31": "8.57190", "2009-12-31": "7.82810", "2008-12-31": "9.61210", "2007-12-31": "11.29590", "2006-12-31": "10.72220", "2005-12-31": "11.83570"}, "Book Value Per Share": {"2019-12-31": "62.41790", "2018-12-31": "53.48680", "2017-12-31": "51.95450", "2016-12-31": "47.30330", "2015-12-31": "46.63200", "2014-12-31": "45.15360", "2013-12-31": "41.51110", "2012-12-31": "39.32210", "2011-12-31": "37.27370", "2010-12-31": "33.73830", "2009-12-31": "31.55380", "2008-12-31": "29.68100", "2007-12-31": "25.17960", "2006-12-31": "23.00980", "2005-12-31": "18.02830"}, "Operating Cash Flow Per Share": {"2019-12-31": 1.3008, "2018-12-31": 0.3726, "2017-12-31": 1.3681, "2016-12-31": 0.7324, "2015-12-31": 1.6182, "2014-12-31": 1.7621, "2013-12-31": -2.0261, "2012-12-31": 0.3893, "2011-12-31": -2.5297, "2010-12-31": 2.4043, "2009-12-31": 0.6418, "2008-12-31": 0.5836, "2007-12-31": 4.3155, "2006-12-31": -3.3996, "2005-12-31": 2.4615}, "Free Cash Flow Per Share": {"2019-12-31": -0.816, "2018-12-31": -0.185, "2017-12-31": 0.8295, "2016-12-31": 3.0918, "2015-12-31": 1.435, "2014-12-31": 0.0128, "2013-12-31": -2.0503, "2012-12-31": 0.4821, "2011-12-31": -2.6836, "2010-12-31": 3.4471, "2009-12-31": 0.4573, "2008-12-31": -0.1815, "2007-12-31": 4.4438, "2006-12-31": -3.5536, "2005-12-31": 2.1338}}, "financial ratios, quarterly": {"Current Ratio": {"2020-09-30": "", "2020-06-30": "", "2020-03-31": "", "2019-12-31": "", "2019-09-30": "", "2019-06-30": "", "2019-03-31": "", "2018-12-31": "", "2018-09-30": "", "2018-06-30": "", "2018-03-31": "", "2017-12-31": "", "2017-09-30": "", "2017-06-30": "", "2017-03-31": "", "2016-12-31": "", "2016-09-30": "", "2016-06-30": "", "2016-03-31": "", "2015-12-31": "", "2015-09-30": "", "2015-06-30": "", "2015-03-31": "", "2014-12-31": "", "2014-09-30": "", "2014-06-30": "", "2014-03-31": "", "2013-12-31": "", "2013-09-30": "", "2013-06-30": "", "2013-03-31": "", "2012-12-31": "", "2012-09-30": "", "2012-06-30": "", "2012-03-31": "", "2011-12-31": "", "2011-09-30": "", "2011-06-30": "", "2011-03-31": "", "2010-12-31": "", "2010-09-30": "", "2010-06-30": "", "2010-03-31": "", "2009-12-31": "", "2009-09-30": "", "2009-06-30": "", "2009-03-31": "", "2008-12-31": "", "2008-09-30": "", "2008-06-30": "", "2008-03-31": "", "2007-12-31": "", "2007-09-30": "", "2007-06-30": "", "2007-03-31": "", "2006-12-31": "", "2006-09-30": "", "2006-06-30": "", "2006-03-31": "", "2005-12-31": "", "2005-09-30": "", "2005-06-30": "", "2005-03-31": ""}, "Long-term Debt / Capital": {"2020-09-30": "0.05450", "2020-06-30": "0.05540", "2020-03-31": "0.05790", "2019-12-31": "0.05670", "2019-09-30": "0.05710", "2019-06-30": "0.05910", "2019-03-31": "0.06140", "2018-12-31": "0.06520", "2018-09-30": "0.06630", "2018-06-30": "0.06630", "2018-03-31": "0.06750", "2017-12-31": "0.06640", "2017-09-30": "0.06850", "2017-06-30": "0.06780", "2017-03-31": "0.07040", "2016-12-31": "0.07290", "2016-09-30": "0.06950", "2016-06-30": "0.07000", "2016-03-31": "0.07310", "2015-12-31": "0.07550", "2015-09-30": "0.07550", "2015-06-30": "0.07630", "2015-03-31": "0.07530", "2014-12-31": "0.07680", "2014-09-30": "0.07760", "2014-06-30": "0.07880", "2014-03-31": "0.08020", "2013-12-31": "0.08170", "2013-09-30": "0.08270", "2013-06-30": "0.08440", "2013-03-31": "0.08390", "2012-12-31": "0.08470", "2012-09-30": "0.08470", "2012-06-30": "0.08650", "2012-03-31": "0.08790", "2011-12-31": "0.08920", "2011-09-30": "0.09060", "2011-06-30": "0.14650", "2011-03-31": "0.15120", "2010-12-31": "0.15350", "2010-09-30": "0.15010", "2010-06-30": "0.15910", "2010-03-31": "0.16770", "2009-12-31": "0.17170", "2009-09-30": "0.24620", "2009-06-30": "0.25730", "2009-03-31": "0.25670", "2008-12-31": "0.18210", "2008-09-30": "0.19600", "2008-06-30": "0.20390", "2008-03-31": "0.20040", "2007-12-31": "0.21320", "2007-09-30": "0.22400", "2007-06-30": "0.23100", "2007-03-31": "0.22980", "2006-12-31": "0.23740", "2006-09-30": "0.26360", "2006-06-30": "0.28130", "2006-03-31": "0.28710", "2005-12-31": "0.29720", "2005-09-30": "0.29620", "2005-06-30": "0.30040", "2005-03-31": "0.31850"}, "Debt/Equity Ratio": {"2020-09-30": "0.45140", "2020-06-30": "0.45520", "2020-03-31": "0.36750", "2019-12-31": "0.49350", "2019-09-30": "0.36990", "2019-06-30": "0.41550", "2019-03-31": "0.40690", "2018-12-31": "0.47570", "2018-09-30": "0.39860", "2018-06-30": "0.36630", "2018-03-31": "0.39060", "2017-12-31": "0.41920", "2017-09-30": "0.38650", "2017-06-30": "0.35970", "2017-03-31": "0.36480", "2016-12-31": "0.40400", "2016-09-30": "0.32900", "2016-06-30": "0.30900", "2016-03-31": "0.31080", "2015-12-31": "0.39080", "2015-09-30": "0.29920", "2015-06-30": "0.28880", "2015-03-31": "0.28900", "2014-12-31": "0.36480", "2014-09-30": "0.29030", "2014-06-30": "0.30680", "2014-03-31": "0.28800", "2013-12-31": "0.35480", "2013-09-30": "0.32680", "2013-06-30": "0.31860", "2013-03-31": "0.30030", "2012-12-31": "0.32460", "2012-09-30": "0.34110", "2012-06-30": "0.37240", "2012-03-31": "0.37090", "2011-12-31": "0.41420", "2011-09-30": "0.39250", "2011-06-30": "0.43550", "2011-03-31": "0.44210", "2010-12-31": "0.41200", "2010-09-30": "0.38020", "2010-06-30": "0.40410", "2010-03-31": "0.44840", "2009-12-31": "0.46170", "2009-09-30": "0.56430", "2009-06-30": "0.71180", "2009-03-31": "0.69710", "2008-12-31": "0.83130", "2008-09-30": "1.04240", "2008-06-30": "0.87710", "2008-03-31": "0.83680", "2007-12-31": "0.90270", "2007-09-30": "0.93290", "2007-06-30": "0.91100", "2007-03-31": "0.94360", "2006-12-31": "0.93900", "2006-09-30": "1.00510", "2006-06-30": "1.13170", "2006-03-31": "1.13740", "2005-12-31": "1.17690", "2005-09-30": "1.09910", "2005-06-30": "1.08540", "2005-03-31": "1.15330"}, "Gross Margin": {"2020-09-30": "", "2020-06-30": "", "2020-03-31": "", "2019-12-31": "", "2019-09-30": "", "2019-06-30": "", "2019-03-31": "", "2018-12-31": "", "2018-09-30": "", "2018-06-30": "", "2018-03-31": "", "2017-12-31": "", "2017-09-30": "", "2017-06-30": "", "2017-03-31": "", "2016-12-31": "", "2016-09-30": "", "2016-06-30": "", "2016-03-31": "", "2015-12-31": "", "2015-09-30": "", "2015-06-30": "", "2015-03-31": "", "2014-12-31": "", "2014-09-30": "", "2014-06-30": "", "2014-03-31": "", "2013-12-31": "", "2013-09-30": "", "2013-06-30": "", "2013-03-31": "", "2012-12-31": "", "2012-09-30": "", "2012-06-30": "", "2012-03-31": "", "2011-12-31": "", "2011-09-30": "", "2011-06-30": "", "2011-03-31": "", "2010-12-31": "", "2010-09-30": "", "2010-06-30": "", "2010-03-31": "", "2009-12-31": "", "2009-09-30": "", "2009-06-30": "", "2009-03-31": "", "2008-12-31": "", "2008-09-30": "", "2008-06-30": "", "2008-03-31": "", "2007-12-31": "", "2007-09-30": "", "2007-06-30": "", "2007-03-31": "", "2006-12-31": "", "2006-09-30": "", "2006-06-30": "", "2006-03-31": "", "2005-12-31": "", "2005-09-30": "", "2005-06-30": "", "2005-03-31": ""}, "Operating Margin": {"2020-09-30": "", "2020-06-30": "", "2020-03-31": "", "2019-12-31": "", "2019-09-30": "", "2019-06-30": "", "2019-03-31": "", "2018-12-31": "", "2018-09-30": "", "2018-06-30": "", "2018-03-31": "", "2017-12-31": "", "2017-09-30": "", "2017-06-30": "", "2017-03-31": "", "2016-12-31": "", "2016-09-30": "", "2016-06-30": "", "2016-03-31": "", "2015-12-31": "", "2015-09-30": "", "2015-06-30": "", "2015-03-31": "", "2014-12-31": "", "2014-09-30": "", "2014-06-30": "", "2014-03-31": "", "2013-12-31": "", "2013-09-30": "", "2013-06-30": "", "2013-03-31": "", "2012-12-31": "", "2012-09-30": "", "2012-06-30": "", "2012-03-31": "", "2011-12-31": "", "2011-09-30": "", "2011-06-30": "", "2011-03-31": "", "2010-12-31": "", "2010-09-30": "", "2010-06-30": "", "2010-03-31": "", "2009-12-31": "", "2009-09-30": "", "2009-06-30": "", "2009-03-31": "", "2008-12-31": "", "2008-09-30": "", "2008-06-30": "", "2008-03-31": "", "2007-12-31": "", "2007-09-30": "", "2007-06-30": "", "2007-03-31": "", "2006-12-31": "", "2006-09-30": "", "2006-06-30": "", "2006-03-31": "", "2005-12-31": "", "2005-09-30": "", "2005-06-30": "", "2005-03-31": ""}, "EBIT Margin": {"2020-09-30": "", "2020-06-30": "", "2020-03-31": "", "2019-12-31": "", "2019-09-30": "", "2019-06-30": "", "2019-03-31": "", "2018-12-31": "", "2018-09-30": "", "2018-06-30": "", "2018-03-31": "", "2017-12-31": "", "2017-09-30": "", "2017-06-30": "", "2017-03-31": "", "2016-12-31": "", "2016-09-30": "", "2016-06-30": "", "2016-03-31": "", "2015-12-31": "", "2015-09-30": "", "2015-06-30": "", "2015-03-31": "", "2014-12-31": "", "2014-09-30": "", "2014-06-30": "", "2014-03-31": "", "2013-12-31": "", "2013-09-30": "", "2013-06-30": "", "2013-03-31": "", "2012-12-31": "", "2012-09-30": "", "2012-06-30": "", "2012-03-31": "", "2011-12-31": "", "2011-09-30": "", "2011-06-30": "", "2011-03-31": "", "2010-12-31": "", "2010-09-30": "", "2010-06-30": "", "2010-03-31": "", "2009-12-31": "", "2009-09-30": "", "2009-06-30": "", "2009-03-31": "", "2008-12-31": "", "2008-09-30": "", "2008-06-30": "", "2008-03-31": "", "2007-12-31": "", "2007-09-30": "", "2007-06-30": "", "2007-03-31": "", "2006-12-31": "", "2006-09-30": "", "2006-06-30": "", "2006-03-31": "", "2005-12-31": "", "2005-09-30": "", "2005-06-30": "", "2005-03-31": ""}, "EBITDA Margin": {"2020-09-30": "", "2020-06-30": "", "2020-03-31": "", "2019-12-31": "", "2019-09-30": "", "2019-06-30": "", "2019-03-31": "", "2018-12-31": "", "2018-09-30": "", "2018-06-30": "", "2018-03-31": "", "2017-12-31": "", "2017-09-30": "", "2017-06-30": "", "2017-03-31": "", "2016-12-31": "", "2016-09-30": "", "2016-06-30": "", "2016-03-31": "", "2015-12-31": "", "2015-09-30": "", "2015-06-30": "", "2015-03-31": "", "2014-12-31": "", "2014-09-30": "", "2014-06-30": "", "2014-03-31": "", "2013-12-31": "", "2013-09-30": "", "2013-06-30": "", "2013-03-31": "", "2012-12-31": "", "2012-09-30": "", "2012-06-30": "", "2012-03-31": "", "2011-12-31": "", "2011-09-30": "", "2011-06-30": "", "2011-03-31": "", "2010-12-31": "", "2010-09-30": "", "2010-06-30": "", "2010-03-31": "", "2009-12-31": "", "2009-09-30": "", "2009-06-30": "", "2009-03-31": "", "2008-12-31": "", "2008-09-30": "", "2008-06-30": "", "2008-03-31": "", "2007-12-31": "", "2007-09-30": "", "2007-06-30": "", "2007-03-31": "", "2006-12-31": "", "2006-09-30": "", "2006-06-30": "", "2006-03-31": "", "2005-12-31": "", "2005-09-30": "", "2005-06-30": "", "2005-03-31": ""}, "Pre-Tax Profit Margin": {"2020-09-30": "34.09340", "2020-06-30": "31.48470", "2020-03-31": "20.57690", "2019-12-31": "34.67240", "2019-09-30": "37.50890", "2019-06-30": "38.35970", "2019-03-31": "39.26280", "2018-12-31": "39.95160", "2018-09-30": "40.71480", "2018-06-30": "39.85450", "2018-03-31": "37.43450", "2017-12-31": "35.83250", "2017-09-30": "35.54410", "2017-06-30": "34.57780", "2017-03-31": "33.89260", "2016-12-31": "32.24310", "2016-09-30": "33.53430", "2016-06-30": "30.80440", "2016-03-31": "30.38770", "2015-12-31": "26.30540", "2015-09-30": "33.38280", "2015-06-30": "33.09120", "2015-03-31": "32.93960", "2014-12-31": "34.30070", "2014-09-30": "36.51970", "2014-06-30": "32.86140", "2014-03-31": "31.69380", "2013-12-31": "33.35480", "2013-09-30": "32.29320", "2013-06-30": "32.57640", "2013-03-31": "30.62380", "2012-12-31": "35.41630", "2012-09-30": "34.39760", "2012-06-30": "34.20150", "2012-03-31": "35.60790", "2011-12-31": "34.01640", "2011-09-30": "36.25820", "2011-06-30": "33.63880", "2011-03-31": "31.55800", "2010-12-31": "33.31320", "2010-09-30": "34.62160", "2010-06-30": "33.72610", "2010-03-31": "31.12090", "2009-12-31": "33.78230", "2009-09-30": "29.11230", "2009-06-30": "26.67470", "2009-03-31": "31.80500", "2008-12-31": "37.83340", "2008-09-30": "36.32060", "2008-06-30": "38.59830", "2008-03-31": "38.78730", "2007-12-31": "41.02820", "2007-09-30": "41.93800", "2007-06-30": "40.99120", "2007-03-31": "36.49740", "2006-12-31": "40.08080", "2006-09-30": "41.58900", "2006-06-30": "41.67360", "2006-03-31": "40.73920", "2005-12-31": "41.09280", "2005-09-30": "40.50220", "2005-06-30": "40.22160", "2005-03-31": "37.91290"}, "Net Profit Margin": {"2020-09-30": "30.99090", "2020-06-30": "31.93550", "2020-03-31": "16.73160", "2019-12-31": "28.98780", "2019-09-30": "32.85760", "2019-06-30": "33.23670", "2019-03-31": "34.45590", "2018-12-31": "34.95490", "2018-09-30": "35.22740", "2018-06-30": "34.57660", "2018-03-31": "33.01920", "2017-12-31": "31.84280", "2017-09-30": "31.27180", "2017-06-30": "28.91090", "2017-03-31": "29.17250", "2016-12-31": "28.42630", "2016-09-30": "28.69220", "2016-06-30": "26.69960", "2016-03-31": "25.86380", "2015-12-31": "23.49440", "2015-09-30": "28.01530", "2015-06-30": "27.44580", "2015-03-31": "27.42730", "2014-12-31": "27.09090", "2014-09-30": "29.19850", "2014-06-30": "26.49100", "2014-03-31": "25.59070", "2013-12-31": "26.11850", "2013-09-30": "26.05690", "2013-06-30": "25.65110", "2013-03-31": "24.57250", "2012-12-31": "26.86110", "2012-09-30": "26.55930", "2012-06-30": "26.71760", "2012-03-31": "27.58240", "2011-12-31": "25.42130", "2011-09-30": "25.28530", "2011-06-30": "27.01370", "2011-03-31": "25.37510", "2010-12-31": "26.45260", "2010-09-30": "27.12510", "2010-06-30": "26.03630", "2010-03-31": "24.47110", "2009-12-31": "25.40540", "2009-09-30": "23.96220", "2009-06-30": "20.36870", "2009-03-31": "23.68780", "2008-12-31": "26.65090", "2008-09-30": "25.35590", "2008-06-30": "26.86710", "2008-03-31": "26.91440", "2007-12-31": "28.25900", "2007-09-30": "28.86720", "2007-06-30": "28.09420", "2007-03-31": "24.59180", "2006-12-31": "27.44270", "2006-09-30": "28.18900", "2006-06-30": "28.12650", "2006-03-31": "27.53200", "2005-12-31": "27.82910", "2005-09-30": "27.45870", "2005-06-30": "27.18860", "2005-03-31": "25.63910"}, "Asset Turnover": {"2020-09-30": "0.00760", "2020-06-30": "0.00740", "2020-03-31": "0.00830", "2019-12-31": "0.00990", "2019-09-30": "0.01010", "2019-06-30": "0.01040", "2019-03-31": "0.01050", "2018-12-31": "0.01030", "2018-09-30": "0.01050", "2018-06-30": "0.01020", "2018-03-31": "0.01000", "2017-12-31": "0.00960", "2017-09-30": "0.00940", "2017-06-30": "0.00950", "2017-03-31": "0.00930", "2016-12-31": "0.00950", "2016-09-30": "0.00920", "2016-06-30": "0.00890", "2016-03-31": "0.00910", "2015-12-31": "0.00820", "2015-09-30": "0.00930", "2015-06-30": "0.00930", "2015-03-31": "0.00910", "2014-12-31": "0.00910", "2014-09-30": "0.00940", "2014-06-30": "0.00920", "2014-03-31": "0.00940", "2013-12-31": "0.00950", "2013-09-30": "0.00950", "2013-06-30": "0.00980", "2013-03-31": "0.01000", "2012-12-31": "0.00980", "2012-09-30": "0.01010", "2012-06-30": "0.01040", "2012-03-31": "0.01080", "2011-12-31": "0.01070", "2011-09-30": "0.01110", "2011-06-30": "0.01120", "2011-03-31": "0.01140", "2010-12-31": "0.01140", "2010-09-30": "0.01140", "2010-06-30": "0.01190", "2010-03-31": "0.01170", "2009-12-31": "0.01240", "2009-09-30": "0.01150", "2009-06-30": "0.01180", "2009-03-31": "0.01240", "2008-12-31": "0.01320", "2008-09-30": "0.01370", "2008-06-30": "0.01430", "2008-03-31": "0.01420", "2007-12-31": "0.01440", "2007-09-30": "0.01490", "2007-06-30": "0.01470", "2007-03-31": "0.01460", "2006-12-31": "0.01330", "2006-09-30": "0.01520", "2006-06-30": "0.01510", "2006-03-31": "0.01460", "2005-12-31": "0.01370", "2005-09-30": "0.01500", "2005-06-30": "0.01500", "2005-03-31": "0.01480"}, "Inventory Turnover Ratio": {"2020-09-30": "", "2020-06-30": "", "2020-03-31": "", "2019-12-31": "", "2019-09-30": "", "2019-06-30": "", "2019-03-31": "", "2018-12-31": "", "2018-09-30": "", "2018-06-30": "", "2018-03-31": "", "2017-12-31": "", "2017-09-30": "", "2017-06-30": "", "2017-03-31": "", "2016-12-31": "", "2016-09-30": "", "2016-06-30": "", "2016-03-31": "", "2015-12-31": "", "2015-09-30": "", "2015-06-30": "", "2015-03-31": "", "2014-12-31": "", "2014-09-30": "", "2014-06-30": "", "2014-03-31": "", "2013-12-31": "", "2013-09-30": "", "2013-06-30": "", "2013-03-31": "", "2012-12-31": "", "2012-09-30": "", "2012-06-30": "", "2012-03-31": "", "2011-12-31": "", "2011-09-30": "", "2011-06-30": "", "2011-03-31": "", "2010-12-31": "", "2010-09-30": "", "2010-06-30": "", "2010-03-31": "", "2009-12-31": "", "2009-09-30": "", "2009-06-30": "", "2009-03-31": "", "2008-12-31": "", "2008-09-30": "", "2008-06-30": "", "2008-03-31": "", "2007-12-31": "", "2007-09-30": "", "2007-06-30": "", "2007-03-31": "", "2006-12-31": "", "2006-09-30": "", "2006-06-30": "", "2006-03-31": "", "2005-12-31": "", "2005-09-30": "", "2005-06-30": "", "2005-03-31": ""}, "Receiveable Turnover": {"2020-09-30": "", "2020-06-30": "", "2020-03-31": "", "2019-12-31": "", "2019-09-30": "", "2019-06-30": "", "2019-03-31": "", "2018-12-31": "", "2018-09-30": "", "2018-06-30": "", "2018-03-31": "", "2017-12-31": "", "2017-09-30": "", "2017-06-30": "", "2017-03-31": "", "2016-12-31": "", "2016-09-30": "", "2016-06-30": "", "2016-03-31": "", "2015-12-31": "", "2015-09-30": "", "2015-06-30": "", "2015-03-31": "", "2014-12-31": "", "2014-09-30": "", "2014-06-30": "", "2014-03-31": "", "2013-12-31": "", "2013-09-30": "", "2013-06-30": "", "2013-03-31": "", "2012-12-31": "", "2012-09-30": "", "2012-06-30": "", "2012-03-31": "", "2011-12-31": "", "2011-09-30": "", "2011-06-30": "", "2011-03-31": "", "2010-12-31": "", "2010-09-30": "", "2010-06-30": "", "2010-03-31": "", "2009-12-31": "", "2009-09-30": "", "2009-06-30": "", "2009-03-31": "", "2008-12-31": "", "2008-09-30": "", "2008-06-30": "", "2008-03-31": "", "2007-12-31": "", "2007-09-30": "", "2007-06-30": "", "2007-03-31": "", "2006-12-31": "", "2006-09-30": "", "2006-06-30": "", "2006-03-31": "", "2005-12-31": "", "2005-09-30": "", "2005-06-30": "", "2005-03-31": ""}, "Days Sales In Receivables": {"2020-09-30": "", "2020-06-30": "", "2020-03-31": "", "2019-12-31": "", "2019-09-30": "", "2019-06-30": "", "2019-03-31": "", "2018-12-31": "", "2018-09-30": "", "2018-06-30": "", "2018-03-31": "", "2017-12-31": "", "2017-09-30": "", "2017-06-30": "", "2017-03-31": "", "2016-12-31": "", "2016-09-30": "", "2016-06-30": "", "2016-03-31": "", "2015-12-31": "", "2015-09-30": "", "2015-06-30": "", "2015-03-31": "", "2014-12-31": "", "2014-09-30": "", "2014-06-30": "", "2014-03-31": "", "2013-12-31": "", "2013-09-30": "", "2013-06-30": "", "2013-03-31": "", "2012-12-31": "", "2012-09-30": "", "2012-06-30": "", "2012-03-31": "", "2011-12-31": "", "2011-09-30": "", "2011-06-30": "", "2011-03-31": "", "2010-12-31": "", "2010-09-30": "", "2010-06-30": "", "2010-03-31": "", "2009-12-31": "", "2009-09-30": "", "2009-06-30": "", "2009-03-31": "", "2008-12-31": "", "2008-09-30": "", "2008-06-30": "", "2008-03-31": "", "2007-12-31": "", "2007-09-30": "", "2007-06-30": "", "2007-03-31": "", "2006-12-31": "", "2006-09-30": "", "2006-06-30": "", "2006-03-31": "", "2005-12-31": "", "2005-09-30": "", "2005-06-30": "", "2005-03-31": ""}, "ROE - Return On Equity": {"2020-09-30": "2.32690", "2020-06-30": "2.32170", "2020-03-31": "1.43080", "2019-12-31": "2.75220", "2019-09-30": "2.99270", "2019-06-30": "3.10240", "2019-03-31": "3.37760", "2018-12-31": "3.69840", "2018-09-30": "3.72480", "2018-06-30": "3.51790", "2018-03-31": "3.43600", "2017-12-31": "3.18780", "2017-09-30": "3.05890", "2017-06-30": "2.77820", "2017-03-31": "2.87650", "2016-12-31": "2.92920", "2016-09-30": "2.65860", "2016-06-30": "2.38980", "2016-03-31": "2.41650", "2015-12-31": "2.12090", "2015-09-30": "2.74770", "2015-06-30": "2.67960", "2015-03-31": "2.60850", "2014-12-31": "2.68590", "2014-09-30": "2.89450", "2014-06-30": "2.54000", "2014-03-31": "2.52690", "2013-12-31": "2.64050", "2013-09-30": "2.58670", "2013-06-30": "2.61300", "2013-03-31": "2.40090", "2012-12-31": "2.48970", "2012-09-30": "2.42570", "2012-06-30": "2.45750", "2012-03-31": "2.62990", "2011-12-31": "2.42670", "2011-09-30": "2.42590", "2011-06-30": "2.55830", "2011-03-31": "2.47590", "2010-12-31": "2.57320", "2010-09-30": "2.59880", "2010-06-30": "2.59210", "2010-03-31": "2.45320", "2009-12-31": "2.71820", "2009-09-30": "2.34530", "2009-06-30": "2.10680", "2009-03-31": "2.49440", "2008-12-31": "3.00320", "2008-09-30": "3.03970", "2008-06-30": "3.40670", "2008-03-31": "3.34640", "2007-12-31": "3.70320", "2007-09-30": "4.07170", "2007-06-30": "3.94920", "2007-03-31": "3.33460", "2006-12-31": "3.51240", "2006-09-30": "4.45880", "2006-06-30": "4.72250", "2006-03-31": "4.61810", "2005-12-31": "4.57290", "2005-09-30": "4.73430", "2005-06-30": "4.62750", "2005-03-31": "4.62470"}, "Return On Tangible Equity": {"2020-09-30": "2.77270", "2020-06-30": "2.77670", "2020-03-31": "1.72750", "2019-12-31": "3.18600", "2019-09-30": "3.46910", "2019-06-30": "3.61900", "2019-03-31": "3.96880", "2018-12-31": "4.40000", "2018-09-30": "4.44810", "2018-06-30": "4.20120", "2018-03-31": "4.12110", "2017-12-31": "3.81080", "2017-09-30": "3.68310", "2017-06-30": "3.33790", "2017-03-31": "3.48670", "2016-12-31": "3.57650", "2016-09-30": "3.20850", "2016-06-30": "2.88980", "2016-03-31": "2.95420", "2015-12-31": "2.61520", "2015-09-30": "3.38500", "2015-06-30": "3.31170", "2015-03-31": "3.21430", "2014-12-31": "3.32800", "2014-09-30": "3.59760", "2014-06-30": "3.16740", "2014-03-31": "3.02370", "2013-12-31": "3.17430", "2013-09-30": "3.11580", "2013-06-30": "3.16380", "2013-03-31": "2.90390", "2012-12-31": "3.21200", "2012-09-30": "3.13060", "2012-06-30": "3.19550", "2012-03-31": "3.44020", "2011-12-31": "3.17580", "2011-09-30": "3.19290", "2011-06-30": "3.40420", "2011-03-31": "3.33630", "2010-12-31": "3.49100", "2010-09-30": "3.49640", "2010-06-30": "3.53530", "2010-03-31": "3.40720", "2009-12-31": "3.82210", "2009-09-30": "3.29330", "2009-06-30": "3.03370", "2009-03-31": "3.59120", "2008-12-31": "4.36740", "2008-09-30": "4.63070", "2008-06-30": "5.31840", "2008-03-31": "5.17040", "2007-12-31": "5.95400", "2007-09-30": "6.83200", "2007-06-30": "6.74140", "2007-03-31": "5.53790", "2006-12-31": "5.93920", "2006-09-30": "5.85950", "2006-06-30": "6.38850", "2006-03-31": "6.29150", "2005-12-31": "5.62620", "2005-09-30": "5.40110", "2005-06-30": "5.30140", "2005-03-31": "5.39330"}, "ROA - Return On Assets": {"2020-09-30": "0.23700", "2020-06-30": "0.23640", "2020-03-31": "0.16030", "2019-12-31": "0.30470", "2019-09-30": "0.33790", "2019-06-30": "0.35070", "2019-03-31": "0.36790", "2018-12-31": "0.36930", "2018-09-30": "0.37740", "2018-06-30": "0.36280", "2018-03-31": "0.33850", "2017-12-31": "0.31660", "2017-09-30": "0.30050", "2017-06-30": "0.28320", "2017-03-31": "0.27830", "2016-12-31": "0.27720", "2016-09-30": "0.27100", "2016-06-30": "0.24680", "2016-03-31": "0.24230", "2015-12-31": "0.20390", "2015-09-30": "0.26760", "2015-06-30": "0.26300", "2015-03-31": "0.25630", "2014-12-31": "0.25710", "2014-09-30": "0.28270", "2014-06-30": "0.25150", "2014-03-31": "0.24790", "2013-12-31": "0.25740", "2013-09-30": "0.25690", "2013-06-30": "0.26430", "2013-03-31": "0.24530", "2012-12-31": "0.26030", "2012-09-30": "0.26850", "2012-06-30": "0.27830", "2012-03-31": "0.29890", "2011-12-31": "0.27270", "2011-09-30": "0.27970", "2011-06-30": "0.30140", "2011-03-31": "0.28940", "2010-12-31": "0.30110", "2010-09-30": "0.31000", "2010-06-30": "0.31010", "2010-03-31": "0.28530", "2009-12-31": "0.31610", "2009-09-30": "0.27660", "2009-06-30": "0.23980", "2009-03-31": "0.29340", "2008-12-31": "0.35230", "2008-09-30": "0.34820", "2008-06-30": "0.38440", "2008-03-31": "0.38260", "2007-12-31": "0.40560", "2007-09-30": "0.42880", "2007-06-30": "0.41410", "2007-03-31": "0.35880", "2006-12-31": "0.36570", "2006-09-30": "0.42930", "2006-06-30": "0.42580", "2006-03-31": "0.40310", "2005-12-31": "0.38260", "2005-09-30": "0.41300", "2005-06-30": "0.40880", "2005-03-31": "0.37940"}, "ROI - Return On Investment": {"2020-09-30": "2.20020", "2020-06-30": "2.19300", "2020-03-31": "1.34800", "2019-12-31": "2.50020", "2019-09-30": "2.71670", "2019-06-30": "2.80620", "2019-03-31": "3.04280", "2018-12-31": "3.30900", "2018-09-30": "3.32600", "2018-06-30": "3.14140", "2018-03-31": "3.06130", "2017-12-31": "2.84560", "2017-09-30": "2.72020", "2017-06-30": "2.47370", "2017-03-31": "2.54930", "2016-12-31": "2.58500", "2016-09-30": "2.36090", "2016-06-30": "2.12020", "2016-03-31": "2.13170", "2015-12-31": "1.86290", "2015-09-30": "2.41400", "2015-06-30": "2.35070", "2015-03-31": "2.29230", "2014-12-31": "2.35400", "2014-09-30": "2.53300", "2014-06-30": "2.21770", "2014-03-31": "2.19340", "2013-12-31": "2.28540", "2013-09-30": "2.23460", "2013-06-30": "2.25010", "2013-03-31": "2.06930", "2012-12-31": "2.27880", "2012-09-30": "2.22030", "2012-06-30": "2.24490", "2012-03-31": "2.39870", "2011-12-31": "2.21010", "2011-09-30": "2.20620", "2011-06-30": "2.18340", "2011-03-31": "2.10140", "2010-12-31": "2.17830", "2010-09-30": "2.20870", "2010-06-30": "2.17970", "2010-03-31": "2.04190", "2009-12-31": "2.25150", "2009-09-30": "1.76780", "2009-06-30": "1.56460", "2009-03-31": "1.85420", "2008-12-31": "2.45630", "2008-09-30": "2.44390", "2008-06-30": "2.71190", "2008-03-31": "2.67600", "2007-12-31": "2.91360", "2007-09-30": "3.15950", "2007-06-30": "3.03690", "2007-03-31": "2.56840", "2006-12-31": "2.67860", "2006-09-30": "3.28370", "2006-06-30": "3.39400", "2006-03-31": "3.29250", "2005-12-31": "3.21370", "2005-09-30": "3.33180", "2005-06-30": "3.23730", "2005-03-31": "3.15180"}, "Book Value Per Share": {"2020-09-30": "65.06680", "2020-06-30": "63.96680", "2020-03-31": "61.17480", "2019-12-31": "62.41790", "2019-09-30": "62.06660", "2019-06-30": "59.72900", "2019-03-31": "56.96770", "2018-12-31": "53.48680", "2018-09-30": "51.75360", "2018-06-30": "51.78880", "2018-03-31": "50.84220", "2017-12-31": "51.95450", "2017-09-30": "50.52830", "2017-06-30": "50.19660", "2017-03-31": "48.46090", "2016-12-31": "47.30330", "2016-09-30": "50.27420", "2016-06-30": "50.55150", "2016-03-31": "48.27440", "2015-12-31": "46.63200", "2015-09-30": "46.64230", "2015-06-30": "45.45220", "2015-03-31": "46.08530", "2014-12-31": "45.15360", "2014-09-30": "44.68530", "2014-06-30": "44.01390", "2014-03-31": "42.13610", "2013-12-31": "41.51110", "2013-09-30": "41.80430", "2013-06-30": "41.26170", "2013-03-31": "40.74260", "2012-12-31": "39.32210", "2012-09-30": "39.35140", "2012-06-30": "38.47650", "2012-03-31": "37.81330", "2011-12-31": "37.27370", "2011-09-30": "36.68670", "2011-06-30": "35.54000", "2011-03-31": "34.24690", "2010-12-31": "33.73830", "2010-09-30": "34.78430", "2010-06-30": "33.64630", "2010-03-31": "32.24920", "2009-12-31": "31.55380", "2009-09-30": "31.80240", "2009-06-30": "30.12420", "2009-03-31": "30.34680", "2008-12-31": "29.68100", "2008-09-30": "27.16500", "2008-06-30": "26.10750", "2008-03-31": "26.84730", "2007-12-31": "25.17960", "2007-09-30": "23.73590", "2007-06-30": "22.98770", "2007-03-31": "23.64150", "2006-12-31": "23.00980", "2006-09-30": "20.08960", "2006-06-30": "18.50950", "2006-03-31": "18.34170", "2005-12-31": "18.02830", "2005-09-30": "17.03010", "2005-06-30": "16.80770", "2005-03-31": "15.59300"}, "Operating Cash Flow Per Share": {"2020-09-30": 4.2553, "2020-06-30": -0.6526, "2020-03-31": "3.94810", "2019-12-31": 0.7294, "2019-09-30": 4.6722, "2019-06-30": 2.3037, "2019-03-31": "2.28950", "2018-12-31": 1.6051, "2018-09-30": 3.1751, "2018-06-30": 0.6552, "2018-03-31": "3.25860", "2017-12-31": 2.8162, "2017-09-30": 2.6074, "2017-06-30": 0.895, "2017-03-31": "2.00280", "2016-12-31": 1.6481, "2016-09-30": 2.4258, "2016-06-30": 0.7805, "2016-03-31": "2.09890", "2015-12-31": 0.555, "2015-09-30": 3.8473, "2015-06-30": 0.9597, "2015-03-31": "0.85890", "2014-12-31": 1.8654, "2014-09-30": 1.1331, "2014-06-30": 0.4257, "2014-03-31": "1.17850", "2013-12-31": 1.2019, "2013-09-30": 2.1868, "2013-06-30": 0.1903, "2013-03-31": "-0.73840", "2012-12-31": 0.5023, "2012-09-30": 1.6475, "2012-06-30": 1.0607, "2012-03-31": "1.65620", "2011-12-31": 0.2425, "2011-09-30": 1.5363, "2011-06-30": 1.5371, "2011-03-31": "1.16150", "2010-12-31": 2.347, "2010-09-30": 2.0548, "2010-06-30": 1.1892, "2010-03-31": "1.41610", "2009-12-31": 1.0213, "2009-09-30": 1.5088, "2009-06-30": 0.861, "2009-03-31": "1.21170", "2008-12-31": 0.229, "2008-09-30": 2.1788, "2008-06-30": 1.2357, "2008-03-31": "0.31750", "2007-12-31": 0.3252, "2007-09-30": 1.7813, "2007-06-30": 2.9339, "2007-03-31": "-1.66300", "2006-12-31": 1.9095, "2006-09-30": 0.3261, "2006-06-30": 1.3808, "2006-03-31": "-4.55450", "2005-12-31": 0.5163, "2005-09-30": 0.9933, "2005-06-30": 1.0953, "2005-03-31": "-0.14340"}, "Free Cash Flow Per Share": {"2020-09-30": 3.7828, "2020-06-30": -0.9291, "2020-03-31": "3.44460", "2019-12-31": 0.1359, "2019-09-30": 3.6123, "2019-06-30": 1.4424, "2019-03-31": "1.67260", "2018-12-31": 1.2669, "2018-09-30": 3.0058, "2018-06-30": 0.2321, "2018-03-31": "3.17440", "2017-12-31": 2.7035, "2017-09-30": 2.4617, "2017-06-30": 0.7698, "2017-03-31": "1.92920", "2016-12-31": 2.2226, "2016-09-30": 2.284, "2016-06-30": 0.5236, "2016-03-31": "2.00450", "2015-12-31": 0.156, "2015-09-30": 3.4819, "2015-06-30": 0.2584, "2015-03-31": "0.04660", "2014-12-31": 1.0313, "2014-09-30": 0.5862, "2014-06-30": -0.0738, "2014-03-31": "0.96420", "2013-12-31": 0.9948, "2013-09-30": 2.085, "2013-06-30": 0.0603, "2013-03-31": "-0.64500", "2012-12-31": 0.4397, "2012-09-30": 1.5903, "2012-06-30": 0.9902, "2012-03-31": "1.52520", "2011-12-31": 0.1878, "2011-09-30": 1.3584, "2011-06-30": 1.398, "2011-03-31": "1.11910", "2010-12-31": 2.2262, "2010-09-30": 2.0082, "2010-06-30": 1.1607, "2010-03-31": "1.35180", "2009-12-31": 0.7646, "2009-09-30": 1.1239, "2009-06-30": 0.6039, "2009-03-31": "0.80740", "2008-12-31": -0.1732, "2008-09-30": 1.9445, "2008-06-30": 0.8674, "2008-03-31": "0.20380", "2007-12-31": 0.2153, "2007-09-30": 1.7333, "2007-06-30": 2.8142, "2007-03-31": "-1.73880", "2006-12-31": 1.7963, "2006-09-30": 0.2392, "2006-06-30": 1.2128, "2006-03-31": "-4.66810", "2005-12-31": 0.4809, "2005-09-30": 0.8983, "2005-06-30": 1.0334, "2005-03-31": "-0.27880"}}, "revenue": {"Cullen/Frost Bankers Annual Revenue (Millions of US $)": {"2020": "$465", "2019": "$1,498", "2018": "$1,402", "2017": "$1,229", "2016": "$1,138", "2015": "$1,078", "2014": "$1,022", "2013": "$945", "2012": "$920", "2011": "$913", "2010": "$899", "2009": "$917", "2008": "$963", "2007": "$1,037", "2006": "$925", "2005": "$740"}, "Cullen/Frost Bankers Quarterly Revenue (Millions of US $)": {"2020-12-31": "$91", "2020-09-30": "$335", "2020-06-30": "$333", "2020-03-31": "$479", "2019-12-31": "$373", "2019-09-30": "$375", "2019-06-30": "$371", "2019-03-31": "$378", "2018-12-31": "$368", "2018-09-30": "$356", "2018-06-30": "$343", "2018-03-31": "$335", "2017-12-31": "$324", "2017-09-30": "$309", "2017-06-30": "$300", "2017-03-31": "$295", "2016-12-31": "$298", "2016-09-30": "$280", "2016-06-30": "$271", "2016-03-31": "$289", "2015-12-31": "$272", "2015-09-30": "$273", "2015-06-30": "$265", "2015-03-31": "$268", "2014-12-31": "$265", "2014-09-30": "$262", "2014-06-30": "$253", "2014-03-31": "$241", "2013-12-31": "$242", "2013-09-30": "$235", "2013-06-30": "$232", "2013-03-31": "$237", "2012-12-31": "$237", "2012-09-30": "$229", "2012-06-30": "$226", "2012-03-31": "$229", "2011-12-31": "$226", "2011-09-30": "$234", "2011-06-30": "$227", "2011-03-31": "$226", "2010-12-31": "$224", "2010-09-30": "$226", "2010-06-30": "$225", "2010-03-31": "$224", "2009-12-31": "$243", "2009-09-30": "$225", "2009-06-30": "$225", "2009-03-31": "$224", "2008-12-31": "$237", "2008-09-30": "$244", "2008-06-30": "$236", "2008-03-31": "$246", "2007-12-31": "$255", "2007-09-30": "$266", "2007-06-30": "$257", "2007-03-31": "$260", "2006-12-31": "$240", "2006-09-30": "$237", "2006-06-30": "$229", "2006-03-31": "$218", "2005-12-31": "$203", "2005-09-30": "$188", "2005-06-30": "$178", "2005-03-31": "$171"}}, "gross-profit": {"Cullen/Frost Bankers Annual Gross Profit (Millions of US $)": {"2020": "$465", "2019": "$1,368", "2018": "$1,309", "2017": "$1,203", "2016": "$1,126", "2015": "$1,065", "2014": "$1,007", "2013": "$923", "2012": "$894", "2011": "$872", "2010": "$845", "2009": "$830", "2008": "$821", "2007": "$787", "2006": "$710", "2005": "$622"}, "Cullen/Frost Bankers Quarterly Gross Profit (Millions of US $)": {"2020-12-31": "$91", "2020-09-30": "$327", "2020-06-30": "$323", "2020-03-31": "$457", "2019-12-31": "$346", "2019-09-30": "$342", "2019-06-30": "$336", "2019-03-31": "$343", "2018-12-31": "$336", "2018-09-30": "$329", "2018-06-30": "$322", "2018-03-31": "$321", "2017-12-31": "$314", "2017-09-30": "$301", "2017-06-30": "$296", "2017-03-31": "$292", "2016-12-31": "$295", "2016-09-30": "$277", "2016-06-30": "$269", "2016-03-31": "$286", "2015-12-31": "$269", "2015-09-30": "$270", "2015-06-30": "$262", "2015-03-31": "$264", "2014-12-31": "$262", "2014-09-30": "$259", "2014-06-30": "$249", "2014-03-31": "$238", "2013-12-31": "$238", "2013-09-30": "$229", "2013-06-30": "$226", "2013-03-31": "$231", "2012-12-31": "$230", "2012-09-30": "$223", "2012-06-30": "$219", "2012-03-31": "$222", "2011-12-31": "$218", "2011-09-30": "$225", "2011-06-30": "$215", "2011-03-31": "$214", "2010-12-31": "$212", "2010-09-30": "$213", "2010-06-30": "$212", "2010-03-31": "$209", "2009-12-31": "$225", "2009-09-30": "$203", "2009-06-30": "$202", "2009-03-31": "$199", "2008-12-31": "$207", "2008-09-30": "$212", "2008-06-30": "$202", "2008-03-31": "$200", "2007-12-31": "$197", "2007-09-30": "$201", "2007-06-30": "$194", "2007-03-31": "$195", "2006-12-31": "$180", "2006-09-30": "$179", "2006-06-30": "$178", "2006-03-31": "$173", "2005-12-31": "$164", "2005-09-30": "$157", "2005-06-30": "$152", "2005-03-31": "$148"}}, "operating-income": {"Cullen/Frost Bankers Annual Operating Income (Millions of US $)": {"2020": "$-625", "2019": "$499", "2018": "$509", "2017": "$408", "2016": "$341", "2015": "$320", "2014": "$336", "2013": "$291", "2012": "$308", "2011": "$286", "2010": "$266", "2009": "$233", "2008": "$297", "2007": "$310", "2006": "$285", "2005": "$244"}, "Cullen/Frost Bankers Quarterly Operating Income (Millions of US $)": {"2020-12-31": "$-145", "2020-09-30": "$105", "2020-06-30": "$92", "2020-03-31": "$58", "2019-12-31": "$117", "2019-09-30": "$125", "2019-06-30": "$126", "2019-03-31": "$130", "2018-12-31": "$133", "2018-09-30": "$133", "2018-06-30": "$125", "2018-03-31": "$118", "2017-12-31": "$110", "2017-09-30": "$103", "2017-06-30": "$99", "2017-03-31": "$96", "2016-12-31": "$92", "2016-09-30": "$91", "2016-06-30": "$80", "2016-03-31": "$78", "2015-12-31": "$62", "2015-09-30": "$88", "2015-06-30": "$86", "2015-03-31": "$84", "2014-12-31": "$88", "2014-09-30": "$94", "2014-06-30": "$80", "2014-03-31": "$73", "2013-12-31": "$77", "2013-09-30": "$72", "2013-06-30": "$72", "2013-03-31": "$69", "2012-12-31": "$80", "2012-09-30": "$76", "2012-06-30": "$74", "2012-03-31": "$79", "2011-12-31": "$74", "2011-09-30": "$78", "2011-06-30": "$69", "2011-03-31": "$65", "2010-12-31": "$67", "2010-09-30": "$70", "2010-06-30": "$69", "2010-03-31": "$61", "2009-12-31": "$68", "2009-09-30": "$54", "2009-06-30": "$50", "2009-03-31": "$60", "2008-12-31": "$75", "2008-09-30": "$70", "2008-06-30": "$75", "2008-03-31": "$76", "2007-12-31": "$81", "2007-09-30": "$82", "2007-06-30": "$78", "2007-03-31": "$70", "2006-12-31": "$71", "2006-09-30": "$74", "2006-06-30": "$72", "2006-03-31": "$69", "2005-12-31": "$66", "2005-09-30": "$63", "2005-06-30": "$60", "2005-03-31": "$55"}}, "ebitda": {"Cullen/Frost Bankers Annual EBITDA (Millions of US $)": {"2019": "$", "2018": "$", "2017": "$", "2016": "$", "2015": "$", "2014": "$", "2013": "$", "2012": "$", "2011": "$", "2010": "$", "2009": "$", "2008": "$", "2007": "$", "2006": "$", "2005": "$"}, "Cullen/Frost Bankers Quarterly EBITDA (Millions of US $)": {"2020-09-30": "", "2020-06-30": "", "2020-03-31": "", "2019-12-31": "", "2019-09-30": "", "2019-06-30": "", "2019-03-31": "", "2018-12-31": "", "2018-09-30": "", "2018-06-30": "", "2018-03-31": "", "2017-12-31": "", "2017-09-30": "", "2017-06-30": "", "2017-03-31": "", "2016-12-31": "", "2016-09-30": "", "2016-06-30": "", "2016-03-31": "", "2015-12-31": "", "2015-09-30": "", "2015-06-30": "", "2015-03-31": "", "2014-12-31": "", "2014-09-30": "", "2014-06-30": "", "2014-03-31": "", "2013-12-31": "", "2013-09-30": "", "2013-06-30": "", "2013-03-31": "", "2012-12-31": "", "2012-09-30": "", "2012-06-30": "", "2012-03-31": "", "2011-12-31": "", "2011-09-30": "", "2011-06-30": "", "2011-03-31": "", "2010-12-31": "", "2010-09-30": "", "2010-06-30": "", "2010-03-31": "", "2009-12-31": "", "2009-09-30": "", "2009-06-30": "", "2009-03-31": "", "2008-12-31": "", "2008-09-30": "", "2008-06-30": "", "2008-03-31": "", "2007-12-31": "", "2007-09-30": "", "2007-06-30": "", "2007-03-31": "", "2006-12-31": "", "2006-09-30": "", "2006-06-30": "", "2006-03-31": "", "2005-12-31": "", "2005-09-30": "", "2005-06-30": "", "2005-03-31": ""}}, "net-income": {"Cullen/Frost Bankers Annual Net Income (Millions of US $)": {"2020": "$324", "2019": "$432", "2018": "$444", "2017": "$354", "2016": "$295", "2015": "$270", "2014": "$269", "2013": "$231", "2012": "$238", "2011": "$218", "2010": "$209", "2009": "$179", "2008": "$207", "2007": "$212", "2006": "$194", "2005": "$165"}, "Cullen/Frost Bankers Quarterly Net Income (Millions of US $)": {"2020-12-31": "$88", "2020-09-30": "$95", "2020-06-30": "$93", "2020-03-31": "$47", "2019-12-31": "$98", "2019-09-30": "$110", "2019-06-30": "$110", "2019-03-31": "$114", "2018-12-31": "$116", "2018-09-30": "$115", "2018-06-30": "$109", "2018-03-31": "$104", "2017-12-31": "$97", "2017-09-30": "$91", "2017-06-30": "$83", "2017-03-31": "$83", "2016-12-31": "$81", "2016-09-30": "$78", "2016-06-30": "$69", "2016-03-31": "$67", "2015-12-31": "$55", "2015-09-30": "$74", "2015-06-30": "$71", "2015-03-31": "$70", "2014-12-31": "$70", "2014-09-30": "$75", "2014-06-30": "$65", "2014-03-31": "$59", "2013-12-31": "$61", "2013-09-30": "$58", "2013-06-30": "$57", "2013-03-31": "$55", "2012-12-31": "$61", "2012-09-30": "$58", "2012-06-30": "$58", "2012-03-31": "$61", "2011-12-31": "$55", "2011-09-30": "$55", "2011-06-30": "$56", "2011-03-31": "$52", "2010-12-31": "$53", "2010-09-30": "$55", "2010-06-30": "$53", "2010-03-31": "$48", "2009-12-31": "$51", "2009-09-30": "$45", "2009-06-30": "$38", "2009-03-31": "$45", "2008-12-31": "$53", "2008-09-30": "$49", "2008-06-30": "$53", "2008-03-31": "$53", "2007-12-31": "$55", "2007-09-30": "$56", "2007-06-30": "$54", "2007-03-31": "$47", "2006-12-31": "$48", "2006-09-30": "$50", "2006-06-30": "$49", "2006-03-31": "$47", "2005-12-31": "$45", "2005-09-30": "$42", "2005-06-30": "$41", "2005-03-31": "$37"}}, "eps-earnings-per-share-diluted": {"Cullen/Frost Bankers Annual EPS": {"2020": "$5.10", "2019": "$6.84", "2018": "$6.90", "2017": "$5.51", "2016": "$4.70", "2015": "$4.28", "2014": "$4.29", "2013": "$3.80", "2012": "$3.86", "2011": "$3.54", "2010": "$3.44", "2009": "$3.00", "2008": "$3.50", "2007": "$3.57", "2006": "$3.42", "2005": "$3.07"}, "Cullen/Frost Bankers Quarterly EPS": {"2020-12-31": "$1.38", "2020-09-30": "$1.50", "2020-06-30": "$1.47", "2020-03-31": "$0.75", "2019-12-31": "$1.60", "2019-09-30": "$1.73", "2019-06-30": "$1.72", "2019-03-31": "$1.79", "2018-12-31": "$1.83", "2018-09-30": "$1.78", "2018-06-30": "$1.68", "2018-03-31": "$1.61", "2017-12-31": "$1.53", "2017-09-30": "$1.41", "2017-06-30": "$1.29", "2017-03-31": "$1.28", "2016-12-31": "$1.28", "2016-09-30": "$1.24", "2016-06-30": "$1.11", "2016-03-31": "$1.07", "2015-12-31": "$0.90", "2015-09-30": "$1.17", "2015-06-30": "$1.11", "2015-03-31": "$1.10", "2014-12-31": "$1.12", "2014-09-30": "$1.18", "2014-06-30": "$1.03", "2014-03-31": "$0.96", "2013-12-31": "$0.99", "2013-09-30": "$0.96", "2013-06-30": "$0.94", "2013-03-31": "$0.91", "2012-12-31": "$0.98", "2012-09-30": "$0.95", "2012-06-30": "$0.94", "2012-03-31": "$0.99", "2011-12-31": "$0.89", "2011-09-30": "$0.89", "2011-06-30": "$0.91", "2011-03-31": "$0.85", "2010-12-31": "$0.88", "2010-09-30": "$0.90", "2010-06-30": "$0.87", "2010-03-31": "$0.79", "2009-12-31": "$0.86", "2009-09-30": "$0.75", "2009-06-30": "$0.63", "2009-03-31": "$0.76", "2008-12-31": "$0.89", "2008-09-30": "$0.83", "2008-06-30": "$0.89", "2008-03-31": "$0.89", "2007-12-31": "$0.95", "2007-09-30": "$0.95", "2007-06-30": "$0.89", "2007-03-31": "$0.78", "2006-12-31": "$0.85", "2006-09-30": "$0.88", "2006-06-30": "$0.86", "2006-03-31": "$0.83", "2005-12-31": "$0.81", "2005-09-30": "$0.79", "2005-06-30": "$0.77", "2005-03-31": "$0.70"}}, "shares-outstanding": {"Cullen/Frost Bankers Annual Shares Outstanding (Millions of Shares)": {"2020": "63", "2019": "63", "2018": "65", "2017": "65", "2016": "63", "2015": "63", "2014": "63", "2013": "61", "2012": "62", "2011": "61", "2010": "61", "2009": "60", "2008": "59", "2007": "60", "2006": "57", "2005": "54"}, "Cullen/Frost Bankers Quarterly Shares Outstanding (Millions of Shares)": {"2020-12-31": "63", "2020-09-30": "63", "2020-06-30": "63", "2020-03-31": "63", "2019-12-31": "63", "2019-09-30": "63", "2019-06-30": "64", "2019-03-31": "64", "2018-12-31": "65", "2018-09-30": "65", "2018-06-30": "65", "2018-03-31": "65", "2017-12-31": "65", "2017-09-30": "65", "2017-06-30": "65", "2017-03-31": "65", "2016-12-31": "63", "2016-09-30": "63", "2016-06-30": "62", "2016-03-31": "62", "2015-12-31": "63", "2015-09-30": "63", "2015-06-30": "64", "2015-03-31": "64", "2014-12-31": "63", "2014-09-30": "64", "2014-06-30": "62", "2014-03-31": "62", "2013-12-31": "61", "2013-09-30": "61", "2013-06-30": "61", "2013-03-31": "61", "2012-12-31": "62", "2012-09-30": "62", "2012-06-30": "62", "2012-03-31": "62", "2011-12-31": "61", "2011-09-30": "61", "2011-06-30": "61", "2011-03-31": "61", "2010-12-31": "61", "2010-09-30": "61", "2010-06-30": "61", "2010-03-31": "60", "2009-12-31": "60", "2009-09-30": "60", "2009-06-30": "59", "2009-03-31": "59", "2008-12-31": "59", "2008-09-30": "59", "2008-06-30": "59", "2008-03-31": "59", "2007-12-31": "60", "2007-09-30": "59", "2007-06-30": "60", "2007-03-31": "61", "2006-12-31": "57", "2006-09-30": "57", "2006-06-30": "56", "2006-03-31": "56", "2005-12-31": "54", "2005-09-30": "54", "2005-06-30": "53", "2005-03-31": "53"}}, "total-assets": {"Cullen/Frost Bankers Annual Total Assets (Millions of US $)": {"2019": "$34,027", "2018": "$32,293", "2017": "$31,748", "2016": "$30,196", "2015": "$28,566", "2014": "$28,278", "2013": "$24,313", "2012": "$23,124", "2011": "$20,317", "2010": "$17,617", "2009": "$16,288", "2008": "$15,034", "2007": "$13,485", "2006": "$13,224", "2005": "$11,741"}, "Cullen/Frost Bankers Quarterly Total Assets (Millions of US $)": {"2020-09-30": "$40,101", "2020-06-30": "$39,378", "2020-03-31": "$34,147", "2019-12-31": "$34,027", "2019-09-30": "$33,098", "2019-06-30": "$31,819", "2019-03-31": "$31,665", "2018-12-31": "$32,293", "2018-09-30": "$31,223", "2018-06-30": "$30,687", "2018-03-31": "$31,459", "2017-12-31": "$31,748", "2017-09-30": "$30,990", "2017-06-30": "$30,206", "2017-03-31": "$30,525", "2016-12-31": "$30,196", "2016-09-30": "$29,603", "2016-06-30": "$28,976", "2016-03-31": "$28,400", "2015-12-31": "$28,566", "2015-09-30": "$28,341", "2015-06-30": "$27,782", "2015-03-31": "$28,159", "2014-12-31": "$28,278", "2014-09-30": "$27,371", "2014-06-30": "$26,523", "2014-03-31": "$24,685", "2013-12-31": "$24,313", "2013-09-30": "$23,530", "2013-06-30": "$22,572", "2013-03-31": "$22,498", "2012-12-31": "$23,124", "2012-09-30": "$21,848", "2012-06-30": "$20,866", "2012-03-31": "$20,417", "2011-12-31": "$20,317", "2011-09-30": "$19,490", "2011-06-30": "$18,478", "2011-03-31": "$17,942", "2010-12-31": "$17,617", "2010-09-30": "$17,738", "2010-06-30": "$17,060", "2010-03-31": "$16,761", "2009-12-31": "$16,288", "2009-09-30": "$16,158", "2009-06-30": "$15,785", "2009-03-31": "$15,331", "2008-12-31": "$15,034", "2008-09-30": "$14,061", "2008-06-30": "$13,671", "2008-03-31": "$13,794", "2007-12-31": "$13,485", "2007-09-30": "$13,167", "2007-06-30": "$12,949", "2007-03-31": "$13,176", "2006-12-31": "$13,224", "2006-09-30": "$11,647", "2006-06-30": "$11,403", "2006-03-31": "$11,579", "2005-12-31": "$11,741", "2005-09-30": "$10,280", "2005-06-30": "$9,951", "2005-03-31": "$9,849"}}, "cash-on-hand": {"Cullen/Frost Bankers Annual Cash on Hand (Millions of US $)": {"2019": "$3,812", "2018": "$3,980", "2017": "$5,074", "2016": "$4,158", "2015": "$3,608", "2014": "$4,380", "2013": "$4,573", "2012": "$3,555", "2011": "$2,921", "2010": "$2,836", "2009": "$1,738", "2008": "$1,252", "2007": "$1,208", "2006": "$1,454", "2005": "$1,920"}, "Cullen/Frost Bankers Quarterly Cash on Hand (Millions of US $)": {"2020-09-30": "$7,201", "2020-06-30": "$6,624", "2020-03-31": "$4,222", "2019-12-31": "$3,812", "2019-09-30": "$2,936", "2019-06-30": "$1,971", "2019-03-31": "$2,307", "2018-12-31": "$3,980", "2018-09-30": "$3,442", "2018-06-30": "$3,337", "2018-03-31": "$4,701", "2017-12-31": "$5,074", "2017-09-30": "$5,112", "2017-06-30": "$3,734", "2017-03-31": "$4,546", "2016-12-31": "$4,158", "2016-09-30": "$4,021", "2016-06-30": "$3,393", "2016-03-31": "$3,880", "2015-12-31": "$3,608", "2015-09-30": "$3,775", "2015-06-30": "$3,285", "2015-03-31": "$3,860", "2014-12-31": "$4,380", "2014-09-30": "$5,317", "2014-06-30": "$5,036", "2014-03-31": "$5,194", "2013-12-31": "$4,573", "2013-09-30": "$4,335", "2013-06-30": "$2,918", "2013-03-31": "$3,241", "2012-12-31": "$3,555", "2012-09-30": "$2,767", "2012-06-30": "$2,312", "2012-03-31": "$2,146", "2011-12-31": "$2,921", "2011-09-30": "$4,503", "2011-06-30": "$3,435", "2011-03-31": "$2,719", "2010-12-31": "$2,836", "2010-09-30": "$2,868", "2010-06-30": "$2,665", "2010-03-31": "$2,576", "2009-12-31": "$1,738", "2009-09-30": "$1,804", "2009-06-30": "$1,530", "2009-03-31": "$1,232", "2008-12-31": "$1,252", "2008-09-30": "$1,154", "2008-06-30": "$903", "2008-03-31": "$1,296", "2007-12-31": "$1,208", "2007-09-30": "$1,184", "2007-06-30": "$1,248", "2007-03-31": "$1,429", "2006-12-31": "$1,454", "2006-09-30": "$1,586", "2006-06-30": "$1,240", "2006-03-31": "$1,340", "2005-12-31": "$1,920", "2005-09-30": "$1,356", "2005-06-30": "$994", "2005-03-31": "$915"}}, "long-term-debt": {"Cullen/Frost Bankers Annual Long Term Debt (Millions of US $)": {"2019": "$235", "2018": "$235", "2017": "$235", "2016": "$236", "2015": "$236", "2014": "$237", "2013": "$224", "2012": "$224", "2011": "$224", "2010": "$374", "2009": "$393", "2008": "$393", "2007": "$400", "2006": "$429", "2005": "$415"}, "Cullen/Frost Bankers Quarterly Long Term Debt (Millions of US $)": {"2020-09-30": "$235", "2020-06-30": "$235", "2020-03-31": "$235", "2019-12-31": "$235", "2019-09-30": "$235", "2019-06-30": "$235", "2019-03-31": "$235", "2018-12-31": "$235", "2018-09-30": "$235", "2018-06-30": "$235", "2018-03-31": "$235", "2017-12-31": "$235", "2017-09-30": "$235", "2017-06-30": "$235", "2017-03-31": "$235", "2016-12-31": "$236", "2016-09-30": "$236", "2016-06-30": "$236", "2016-03-31": "$236", "2015-12-31": "$236", "2015-09-30": "$237", "2015-06-30": "$237", "2015-03-31": "$237", "2014-12-31": "$237", "2014-09-30": "$237", "2014-06-30": "$237", "2014-03-31": "$224", "2013-12-31": "$224", "2013-09-30": "$224", "2013-06-30": "$224", "2013-03-31": "$224", "2012-12-31": "$224", "2012-09-30": "$224", "2012-06-30": "$224", "2012-03-31": "$224", "2011-12-31": "$224", "2011-09-30": "$224", "2011-06-30": "$374", "2011-03-31": "$374", "2010-12-31": "$374", "2010-09-30": "$374", "2010-06-30": "$386", "2010-03-31": "$393", "2009-12-31": "$393", "2009-09-30": "$623", "2009-06-30": "$623", "2009-03-31": "$623", "2008-12-31": "$393", "2008-09-30": "$393", "2008-06-30": "$395", "2008-03-31": "$395", "2007-12-31": "$400", "2007-09-30": "$400", "2007-06-30": "$408", "2007-03-31": "$423", "2006-12-31": "$429", "2006-09-30": "$401", "2006-06-30": "$402", "2006-03-31": "$407", "2005-12-31": "$415", "2005-09-30": "$377", "2005-06-30": "$378", "2005-03-31": "$378"}}, "total-liabilities": {"Cullen/Frost Bankers Annual Total Liabilities (Millions of US $)": {"2019": "$30,116", "2018": "$28,924", "2017": "$28,450", "2016": "$27,194", "2015": "$25,676", "2014": "$25,426", "2013": "$21,799", "2012": "$20,707", "2011": "$18,034", "2010": "$15,555", "2009": "$14,394", "2008": "$13,271", "2007": "$12,008", "2006": "$11,847", "2005": "$10,759"}, "Cullen/Frost Bankers Quarterly Total Liabilities (Millions of US $)": {"2020-09-30": "$36,016", "2020-06-30": "$35,369", "2020-03-31": "$30,321", "2019-12-31": "$30,116", "2019-09-30": "$29,217", "2019-06-30": "$28,078", "2019-03-31": "$28,071", "2018-12-31": "$28,924", "2018-09-30": "$27,915", "2018-06-30": "$27,378", "2018-03-31": "$28,216", "2017-12-31": "$28,450", "2017-09-30": "$27,801", "2017-06-30": "$26,982", "2017-03-31": "$27,427", "2016-12-31": "$27,194", "2016-09-30": "$26,441", "2016-06-30": "$25,840", "2016-03-31": "$25,408", "2015-12-31": "$25,676", "2015-09-30": "$25,436", "2015-06-30": "$24,910", "2015-03-31": "$25,248", "2014-12-31": "$25,426", "2014-09-30": "$24,553", "2014-06-30": "$23,753", "2014-03-31": "$22,119", "2013-12-31": "$21,799", "2013-09-30": "$21,049", "2013-06-30": "$20,144", "2013-03-31": "$20,054", "2012-12-31": "$20,707", "2012-09-30": "$19,429", "2012-06-30": "$18,504", "2012-03-31": "$18,096", "2011-12-31": "$18,034", "2011-09-30": "$17,243", "2011-06-30": "$16,302", "2011-03-31": "$15,844", "2010-12-31": "$15,555", "2010-09-30": "$15,622", "2010-06-30": "$15,019", "2010-03-31": "$14,812", "2009-12-31": "$14,394", "2009-09-30": "$14,252", "2009-06-30": "$13,988", "2009-03-31": "$13,528", "2008-12-31": "$13,271", "2008-09-30": "$12,451", "2008-06-30": "$12,129", "2008-03-31": "$12,217", "2007-12-31": "$12,008", "2007-09-30": "$11,780", "2007-06-30": "$11,591", "2007-03-31": "$11,759", "2006-12-31": "$11,847", "2006-09-30": "$10,526", "2006-06-30": "$10,375", "2006-03-31": "$10,568", "2005-12-31": "$10,759", "2005-09-30": "$9,383", "2005-06-30": "$9,072", "2005-03-31": "$9,041"}}, "total-share-holder-equity": {"Cullen/Frost Bankers Annual Share Holder Equity (Millions of US $)": {"2019": "$3,912", "2018": "$3,369", "2017": "$3,298", "2016": "$3,003", "2015": "$2,890", "2014": "$2,851", "2013": "$2,514", "2012": "$2,417", "2011": "$2,284", "2010": "$2,062", "2009": "$1,894", "2008": "$1,764", "2007": "$1,477", "2006": "$1,377", "2005": "$982"}, "Cullen/Frost Bankers Quarterly Share Holder Equity (Millions of US $)": {"2020-09-30": "$4,085", "2020-06-30": "$4,009", "2020-03-31": "$3,827", "2019-12-31": "$3,912", "2019-09-30": "$3,881", "2019-06-30": "$3,741", "2019-03-31": "$3,594", "2018-12-31": "$3,369", "2018-09-30": "$3,308", "2018-06-30": "$3,310", "2018-03-31": "$3,243", "2017-12-31": "$3,298", "2017-09-30": "$3,189", "2017-06-30": "$3,224", "2017-03-31": "$3,097", "2016-12-31": "$3,003", "2016-09-30": "$3,162", "2016-06-30": "$3,137", "2016-03-31": "$2,992", "2015-12-31": "$2,890", "2015-09-30": "$2,905", "2015-06-30": "$2,872", "2015-03-31": "$2,911", "2014-12-31": "$2,851", "2014-09-30": "$2,818", "2014-06-30": "$2,771", "2014-03-31": "$2,566", "2013-12-31": "$2,514", "2013-09-30": "$2,481", "2013-06-30": "$2,428", "2013-03-31": "$2,443", "2012-12-31": "$2,417", "2012-09-30": "$2,419", "2012-06-30": "$2,363", "2012-03-31": "$2,321", "2011-12-31": "$2,284", "2011-09-30": "$2,247", "2011-06-30": "$2,177", "2011-03-31": "$2,097", "2010-12-31": "$2,062", "2010-09-30": "$2,116", "2010-06-30": "$2,041", "2010-03-31": "$1,949", "2009-12-31": "$1,894", "2009-09-30": "$1,906", "2009-06-30": "$1,797", "2009-03-31": "$1,803", "2008-12-31": "$1,764", "2008-09-30": "$1,611", "2008-06-30": "$1,542", "2008-03-31": "$1,577", "2007-12-31": "$1,477", "2007-09-30": "$1,387", "2007-06-30": "$1,358", "2007-03-31": "$1,418", "2006-12-31": "$1,377", "2006-09-30": "$1,121", "2006-06-30": "$1,028", "2006-03-31": "$1,011", "2005-12-31": "$982", "2005-09-30": "$897", "2005-06-30": "$879", "2005-03-31": "$808"}}, "profit-margins": {"current": "22.81%"}, "gross margin": {"2020-12-31": "96.77%", "2020-09-30": "95.59%", "2020-06-30": "94.10%", "2020-03-31": "92.68%", "2019-12-31": "91.32%", "2019-09-30": "90.95%", "2019-06-30": "91.24%", "2019-03-31": "92.04%", "2018-12-31": "93.30%", "2018-09-30": "94.70%", "2018-06-30": "95.96%", "2018-03-31": "97.16%", "2017-12-31": "97.96%", "2017-09-30": "98.50%", "2017-06-30": "98.89%", "2017-03-31": "99.04%", "2016-12-31": "99.03%", "2016-09-30": "99.01%", "2016-06-30": "99.00%", "2016-03-31": "98.91%", "2015-12-31": "98.79%", "2015-09-30": "98.79%", "2015-06-30": "98.77%", "2015-03-31": "98.66%", "2014-12-31": "98.73%", "2014-09-30": "98.60%", "2014-06-30": "98.25%", "2014-03-31": "98.00%", "2013-12-31": "97.67%", "2013-09-30": "97.34%", "2013-06-30": "97.33%", "2013-03-31": "97.20%", "2012-12-31": "97.07%", "2012-09-30": "96.92%", "2012-06-30": "96.61%", "2012-03-31": "96.07%", "2011-12-31": "95.51%", "2011-09-30": "95.06%", "2011-06-30": "94.57%", "2011-03-31": "94.45%", "2010-12-31": "94.10%", "2010-09-30": "93.57%", "2010-06-30": "92.58%", "2010-03-31": "91.49%", "2009-12-31": "90.40%", "2009-09-30": "89.02%", "2009-06-30": "88.17%", "2009-03-31": "87.14%", "2008-12-31": "85.25%", "2008-09-30": "82.67%", "2008-06-30": "79.76%", "2008-03-31": "77.34%", "2007-12-31": "75.82%", "2007-09-30": "75.27%", "2007-06-30": "75.25%", "2007-03-31": "75.78%", "2006-12-31": "76.84%", "2006-09-30": "78.24%", "2006-06-30": "80.19%", "2006-03-31": "82.08%", "2005-12-31": "83.92%"}, "operating margin": {"2020-12-31": "8.89%", "2020-09-30": "24.47%", "2020-06-30": "25.13%", "2020-03-31": "26.66%", "2019-12-31": "33.27%", "2019-09-30": "34.45%", "2019-06-30": "35.44%", "2019-03-31": "36.06%", "2018-12-31": "36.31%", "2018-09-30": "35.79%", "2018-06-30": "34.78%", "2018-03-31": "33.91%", "2017-12-31": "33.22%", "2017-09-30": "32.45%", "2017-06-30": "32.23%", "2017-03-31": "31.38%", "2016-12-31": "29.96%", "2016-09-30": "27.97%", "2016-06-30": "27.87%", "2016-03-31": "28.57%", "2015-12-31": "29.68%", "2015-09-30": "32.31%", "2015-06-30": "33.21%", "2015-03-31": "33.02%", "2014-12-31": "32.81%", "2014-09-30": "32.46%", "2014-06-30": "31.10%", "2014-03-31": "30.95%", "2013-12-31": "30.66%", "2013-09-30": "31.14%", "2013-06-30": "31.76%", "2013-03-31": "32.19%", "2012-12-31": "33.55%", "2012-09-30": "33.30%", "2012-06-30": "33.33%", "2012-03-31": "32.75%", "2011-12-31": "31.33%", "2011-09-30": "30.63%", "2011-06-30": "30.01%", "2011-03-31": "30.08%", "2010-12-31": "29.70%", "2010-09-30": "29.19%", "2010-06-30": "27.48%", "2010-03-31": "25.41%", "2009-12-31": "25.30%", "2009-09-30": "26.23%", "2009-06-30": "27.42%", "2009-03-31": "29.76%", "2008-12-31": "30.74%", "2008-09-30": "30.78%", "2008-06-30": "31.31%", "2008-03-31": "30.96%", "2007-12-31": "29.96%", "2007-09-30": "29.42%", "2007-06-30": "29.48%", "2007-03-31": "29.71%", "2006-12-31": "30.95%", "2006-09-30": "31.68%", "2006-06-30": "32.22%", "2006-03-31": "32.78%", "2005-12-31": "32.97%"}, "ebitda margin": {"2020-09-30": "0.00%", "2020-06-30": "0.00%", "2020-03-31": "0.00%", "2019-12-31": "0.00%", "2019-09-30": "0.00%", "2019-06-30": "0.00%", "2019-03-31": "0.00%", "2018-12-31": "0.00%", "2018-09-30": "0.00%", "2018-06-30": "0.00%", "2018-03-31": "0.00%", "2017-12-31": "0.00%", "2017-09-30": "0.00%", "2017-06-30": "0.00%", "2017-03-31": "0.00%", "2016-12-31": "0.00%", "2016-09-30": "0.00%", "2016-06-30": "0.00%", "2016-03-31": "0.00%", "2015-12-31": "0.00%", "2015-09-30": "0.00%", "2015-06-30": "0.00%", "2015-03-31": "0.00%", "2014-12-31": "0.00%", "2014-09-30": "0.00%", "2014-06-30": "0.00%", "2014-03-31": "0.00%", "2013-12-31": "0.00%", "2013-09-30": "0.00%", "2013-06-30": "0.00%", "2013-03-31": "0.00%", "2012-12-31": "0.00%", "2012-09-30": "0.00%", "2012-06-30": "0.00%", "2012-03-31": "0.00%", "2011-12-31": "0.00%", "2011-09-30": "0.00%", "2011-06-30": "0.00%", "2011-03-31": "0.00%", "2010-12-31": "0.00%", "2010-09-30": "0.00%", "2010-06-30": "0.00%", "2010-03-31": "0.00%", "2009-12-31": "0.00%", "2009-09-30": "0.00%", "2009-06-30": "0.00%", "2009-03-31": "0.00%", "2008-12-31": "0.00%", "2008-09-30": "0.00%", "2008-06-30": "0.00%", "2008-03-31": "0.00%", "2007-12-31": "0.00%", "2007-09-30": "0.00%", "2007-06-30": "0.00%", "2007-03-31": "0.00%", "2006-12-31": "0.00%", "2006-09-30": "0.00%", "2006-06-30": "0.00%", "2006-03-31": "0.00%", "2005-12-31": "0.00%"}, "pre tax profit margin": {"2020-12-31": "28.43%", "2020-09-30": "24.47%", "2020-06-30": "25.13%", "2020-03-31": "26.66%", "2019-12-31": "33.27%", "2019-09-30": "34.45%", "2019-06-30": "35.44%", "2019-03-31": "36.06%", "2018-12-31": "36.31%", "2018-09-30": "35.79%", "2018-06-30": "34.78%", "2018-03-31": "33.91%", "2017-12-31": "33.22%", "2017-09-30": "32.45%", "2017-06-30": "32.23%", "2017-03-31": "31.38%", "2016-12-31": "29.96%", "2016-09-30": "27.97%", "2016-06-30": "27.87%", "2016-03-31": "28.57%", "2015-12-31": "29.68%", "2015-09-30": "32.31%", "2015-06-30": "33.21%", "2015-03-31": "33.02%", "2014-12-31": "32.81%", "2014-09-30": "32.46%", "2014-06-30": "31.10%", "2014-03-31": "30.95%", "2013-12-31": "30.66%", "2013-09-30": "31.14%", "2013-06-30": "31.76%", "2013-03-31": "32.19%", "2012-12-31": "33.55%", "2012-09-30": "33.30%", "2012-06-30": "33.33%", "2012-03-31": "32.75%", "2011-12-31": "31.33%", "2011-09-30": "30.63%", "2011-06-30": "30.01%", "2011-03-31": "30.08%", "2010-12-31": "29.70%", "2010-09-30": "29.19%", "2010-06-30": "27.48%", "2010-03-31": "25.41%", "2009-12-31": "25.30%", "2009-09-30": "26.23%", "2009-06-30": "27.42%", "2009-03-31": "29.76%", "2008-12-31": "30.74%", "2008-09-30": "30.58%", "2008-06-30": "31.11%", "2008-03-31": "30.76%", "2007-12-31": "29.77%", "2007-09-30": "29.42%", "2007-06-30": "29.48%", "2007-03-31": "29.71%", "2006-12-31": "30.95%", "2006-09-30": "31.68%", "2006-06-30": "32.22%", "2006-03-31": "32.78%", "2005-12-31": "32.97%"}, "net profit margin": {"2020-12-31": "26.09%", "2020-09-30": "21.91%", "2020-06-30": "22.31%", "2020-03-31": "22.84%", "2019-12-31": "28.86%", "2019-09-30": "30.16%", "2019-06-30": "30.89%", "2019-03-31": "31.42%", "2018-12-31": "31.67%", "2018-09-30": "31.30%", "2018-06-30": "30.59%", "2018-03-31": "29.57%", "2017-12-31": "28.83%", "2017-09-30": "28.12%", "2017-06-30": "27.71%", "2017-03-31": "27.19%", "2016-12-31": "25.92%", "2016-09-30": "24.19%", "2016-06-30": "23.98%", "2016-03-31": "24.29%", "2015-12-31": "25.05%", "2015-09-30": "26.61%", "2015-06-30": "26.98%", "2015-03-31": "26.72%", "2014-12-31": "26.35%", "2014-09-30": "26.05%", "2014-06-30": "25.03%", "2014-03-31": "24.74%", "2013-12-31": "24.42%", "2013-09-30": "24.55%", "2013-06-30": "24.71%", "2013-03-31": "24.97%", "2012-12-31": "25.84%", "2012-09-30": "25.49%", "2012-06-30": "25.03%", "2012-03-31": "24.78%", "2011-12-31": "23.88%", "2011-09-30": "23.71%", "2011-06-30": "23.92%", "2011-03-31": "23.64%", "2010-12-31": "23.25%", "2010-09-30": "22.55%", "2010-06-30": "21.48%", "2010-03-31": "19.85%", "2009-12-31": "19.52%", "2009-09-30": "19.87%", "2009-06-30": "19.89%", "2009-03-31": "21.25%", "2008-12-31": "21.60%", "2008-09-30": "21.41%", "2008-06-30": "21.64%", "2008-03-31": "21.29%", "2007-12-31": "20.42%", "2007-09-30": "20.04%", "2007-06-30": "20.02%", "2007-03-31": "20.08%", "2006-12-31": "21.00%", "2006-09-30": "21.53%", "2006-06-30": "21.84%", "2006-03-31": "22.24%", "2005-12-31": "22.30%"}, "pe ratio": {"current": "25.65", "2021-02-05": "25.93", "2020-12-31": "23.45", "2020-09-30": "11.92", "2020-06-30": "13.22", "2020-03-31": "9.36", "2019-12-31": "13.79", "2019-09-30": "12.01", "2019-06-30": "12.50", "2019-03-31": "12.93", "2018-12-31": "11.95", "2018-09-30": "14.81", "2018-06-30": "16.16", "2018-03-31": "16.80", "2017-12-31": "15.80", "2017-09-30": "16.51", "2017-06-30": "16.77", "2017-03-31": "16.36", "2016-12-31": "16.86", "2016-09-30": "14.85", "2016-06-30": "13.28", "2016-03-31": "11.39", "2015-12-31": "12.18", "2015-09-30": "12.21", "2015-06-30": "14.90", "2015-03-31": "13.27", "2014-12-31": "13.91", "2014-09-30": "15.40", "2014-06-30": "16.81", "2014-03-31": "16.64", "2013-12-31": "16.07", "2013-09-30": "15.17", "2013-06-30": "14.29", "2013-03-31": "13.28", "2012-12-31": "11.20", "2012-09-30": "12.00", "2012-06-30": "12.10", "2012-03-31": "12.24", "2011-12-31": "11.48", "2011-09-30": "9.94", "2011-06-30": "12.17", "2011-03-31": "12.68", "2010-12-31": "13.26", "2010-09-30": "11.62", "2010-06-30": "11.50", "2010-03-31": "13.36", "2009-12-31": "12.00", "2009-09-30": "12.16", "2009-06-30": "10.52", "2009-03-31": "9.79", "2008-12-31": "10.08", "2008-09-30": "11.71", "2008-06-30": "9.31", "2008-03-31": "9.83", "2007-12-31": "9.61", "2007-09-30": "9.68", "2007-06-30": "10.46", "2007-03-31": "10.25", "2006-12-31": "10.71"}, "price sales": {"2021-02-05": "4.91", "2020-12-31": "4.44", "2020-09-30": "2.63", "2020-06-30": "2.97", "2020-03-31": "2.15", "2019-12-31": "4.00", "2019-09-30": "3.62", "2019-06-30": "3.88", "2019-03-31": "4.08", "2018-12-31": "3.80", "2018-09-30": "4.66", "2018-06-30": "4.97", "2018-03-31": "5.01", "2017-12-31": "4.59", "2017-09-30": "4.64", "2017-06-30": "4.65", "2017-03-31": "4.44", "2016-12-31": "4.36", "2016-09-30": "3.62", "2016-06-30": "3.20", "2016-03-31": "2.78", "2015-12-31": "3.08", "2015-09-30": "3.25", "2015-06-30": "4.03", "2015-03-31": "3.54", "2014-12-31": "3.66", "2014-09-30": "3.99", "2014-06-30": "4.19", "2014-03-31": "4.12", "2013-12-31": "3.94", "2013-09-30": "3.74", "2013-06-30": "3.55", "2013-03-31": "3.33", "2012-12-31": "2.89", "2012-09-30": "3.07", "2012-06-30": "3.02", "2012-03-31": "3.03", "2011-12-31": "2.74", "2011-09-30": "2.35", "2011-06-30": "2.90", "2011-03-31": "2.98", "2010-12-31": "3.06", "2010-09-30": "2.61", "2010-06-30": "2.46", "2010-03-31": "2.64", "2009-12-31": "2.33", "2009-09-30": "2.40", "2009-06-30": "2.08", "2009-03-31": "2.07", "2008-12-31": "2.16", "2008-09-30": "2.49", "2008-06-30": "2.01", "2008-03-31": "2.09", "2007-12-31": "1.97", "2007-09-30": "1.94", "2007-06-30": "2.09", "2007-03-31": "2.05", "2006-12-31": "2.23"}, "price book": {"current": "1.48", "2021-02-05": "1.48", "2020-09-30": "0.97", "2020-06-30": "1.15", "2020-03-31": "0.89", "2019-12-31": "1.51", "2019-09-30": "1.37", "2019-06-30": "1.49", "2019-03-31": "1.61", "2018-12-31": "1.54", "2018-09-30": "1.89", "2018-06-30": "1.94", "2018-03-31": "1.93", "2017-12-31": "1.68", "2017-09-30": "1.72", "2017-06-30": "1.70", "2017-03-31": "1.66", "2016-12-31": "1.67", "2016-09-30": "1.28", "2016-06-30": "1.12", "2016-03-31": "1.00", "2015-12-31": "1.12", "2015-09-30": "1.18", "2015-06-30": "1.48", "2015-03-31": "1.27", "2014-12-31": "1.32", "2014-09-30": "1.43", "2014-06-30": "1.50", "2014-03-31": "1.52", "2013-12-31": "1.47", "2013-09-30": "1.38", "2013-06-30": "1.31", "2013-03-31": "1.23", "2012-12-31": "1.10", "2012-09-30": "1.15", "2012-06-30": "1.17", "2012-03-31": "1.19", "2011-12-31": "1.09", "2011-09-30": "0.95", "2011-06-30": "1.21", "2011-03-31": "1.29", "2010-12-31": "1.35", "2010-09-30": "1.14", "2010-06-30": "1.12", "2010-03-31": "1.26", "2009-12-31": "1.14", "2009-09-30": "1.16", "2009-06-30": "1.08", "2009-03-31": "1.08", "2008-12-31": "1.19", "2008-09-30": "1.52", "2008-06-30": "1.30", "2008-03-31": "1.34", "2007-12-31": "1.35", "2007-09-30": "1.41", "2007-06-30": "1.54", "2007-03-31": "1.46", "2006-12-31": "1.59", "2006-09-30": "1.87", "2006-06-30": "2.00", "2006-03-31": "1.88"}, "price fcf": {"2021-02-05": "", "2020-09-30": "$6.43", "2020-06-30": "$6.26", "2020-03-31": "$8.64", "2019-12-31": "$6.86", "2019-09-30": "$7.99", "2019-06-30": "$7.39", "2019-03-31": "$6.18", "2018-12-31": "$7.68", "2018-09-30": "$9.12", "2018-06-30": "$8.57", "2018-03-31": "$9.11", "2017-12-31": "$7.86", "2017-09-30": "$7.38", "2017-06-30": "$7.21", "2017-03-31": "$6.96", "2016-12-31": "$7.03", "2016-09-30": "$4.97", "2016-06-30": "$6.17", "2016-03-31": "$5.90", "2015-12-31": "$3.94", "2015-09-30": "$4.82", "2015-06-30": "$1.92", "2015-03-31": "$1.59", "2014-12-31": "$2.51", "2014-09-30": "$2.47", "2014-06-30": "$3.97", "2014-03-31": "$4.10", "2013-12-31": "$2.50", "2013-09-30": "$1.94", "2013-06-30": "$1.45", "2013-03-31": "$2.38", "2012-12-31": "$4.55", "2012-09-30": "$4.29", "2012-06-30": "$4.06", "2012-03-31": "$4.47", "2011-12-31": "$4.06", "2011-09-30": "$6.10", "2011-06-30": "$6.75", "2011-03-31": "$6.51", "2010-12-31": "$6.75", "2010-09-30": "$5.29", "2010-06-30": "$4.40", "2010-03-31": "$3.84", "2009-12-31": "$3.30", "2009-09-30": "$2.36", "2009-06-30": "$3.18", "2009-03-31": "$3.45", "2008-12-31": "$2.84", "2008-09-30": "$3.23", "2008-06-30": "$3.02", "2008-03-31": "$4.97", "2007-12-31": "$3.02", "2007-09-30": "$4.61", "2007-06-30": "$3.11", "2007-03-31": "$1.51", "2006-12-31": "$-1.42"}, "net worth": {"value": "$6.06B"}, "current ratio": {"2020-12-31": "0.00", "2020-09-30": "0.72", "2020-06-30": "0.71", "2020-03-31": "0.66", "2019-12-31": "0.63", "2019-09-30": "0.62", "2019-06-30": "0.60", "2019-03-31": "0.61", "2018-12-31": "0.64", "2018-09-30": "0.63", "2018-06-30": "0.64", "2018-03-31": "0.65", "2017-12-31": "0.65", "2017-09-30": "0.65", "2017-06-30": "0.62", "2017-03-31": "0.62", "2016-12-31": "0.61", "2016-09-30": "0.60", "2016-06-30": "0.59", "2016-03-31": "0.62", "2015-12-31": "0.60", "2015-09-30": "0.61", "2015-06-30": "0.61", "2015-03-31": "0.61", "2014-12-31": "0.62", "2014-09-30": "0.67", "2014-06-30": "0.68", "2014-03-31": "0.69", "2013-12-31": "0.66", "2013-09-30": "0.66", "2013-06-30": "0.62", "2013-03-31": "0.64", "2012-12-31": "0.63", "2012-09-30": "0.61", "2012-06-30": "0.60", "2012-03-31": "0.59", "2011-12-31": "0.63", "2011-09-30": "0.75", "2011-06-30": "0.74", "2011-03-31": "0.71", "2010-12-31": "0.74", "2010-09-30": "0.74", "2010-06-30": "0.76", "2010-03-31": "0.77", "2009-12-31": "0.74", "2009-09-30": "0.78", "2009-06-30": "0.78", "2009-03-31": "0.80", "2008-12-31": "0.82", "2008-09-30": "0.83", "2008-06-30": "0.81", "2008-03-31": "0.81", "2007-12-31": "0.79", "2007-09-30": "0.78", "2007-06-30": "0.79", "2007-03-31": "0.81", "2006-12-31": "0.79", "2006-09-30": "0.82", "2006-06-30": "0.80", "2006-03-31": "0.79", "2005-12-31": "0.79", "2005-09-30": "0.80", "2005-06-30": "0.77", "2005-03-31": "0.75"}, "quick ratio": {"2020-12-31": "0.00", "2020-09-30": "0.00", "2020-06-30": "0.00", "2020-03-31": "0.00", "2019-12-31": "0.00", "2019-09-30": "0.00", "2019-06-30": "0.00", "2019-03-31": "0.00", "2018-12-31": "0.00", "2018-09-30": "0.00", "2018-06-30": "0.00", "2018-03-31": "0.00", "2017-12-31": "0.00", "2017-09-30": "0.00", "2017-06-30": "0.00", "2017-03-31": "0.00", "2016-12-31": "0.00", "2016-09-30": "0.00", "2016-06-30": "0.00", "2016-03-31": "0.00", "2015-12-31": "0.00", "2015-09-30": "0.00", "2015-06-30": "0.00", "2015-03-31": "0.00", "2014-12-31": "0.00", "2014-09-30": "0.00", "2014-06-30": "0.00", "2014-03-31": "0.00", "2013-12-31": "0.00", "2013-09-30": "0.00", "2013-06-30": "0.00", "2013-03-31": "0.00", "2012-12-31": "0.00", "2012-09-30": "0.00", "2012-06-30": "0.00", "2012-03-31": "0.00", "2011-12-31": "0.00", "2011-09-30": "0.00", "2011-06-30": "0.00", "2011-03-31": "0.00", "2010-12-31": "0.00", "2010-09-30": "0.00", "2010-06-30": "0.00", "2010-03-31": "0.00", "2009-12-31": "0.00", "2009-09-30": "0.00", "2009-06-30": "0.00", "2009-03-31": "0.00", "2008-12-31": "0.00", "2008-09-30": "0.00", "2008-06-30": "0.00", "2008-03-31": "0.00", "2007-12-31": "0.00", "2007-09-30": "0.00", "2007-06-30": "0.00", "2007-03-31": "0.00", "2006-12-31": "0.00", "2006-09-30": "0.00", "2006-06-30": "0.00", "2006-03-31": "0.00", "2005-12-31": "0.00", "2005-09-30": "0.00", "2005-06-30": "0.00", "2005-03-31": "0.00"}, "debt equity ratio": {"current": "0.06", "2020-12-31": "0.00", "2020-09-30": "8.82", "2020-06-30": "8.82", "2020-03-31": "7.92", "2019-12-31": "7.70", "2019-09-30": "7.53", "2019-06-30": "7.51", "2019-03-31": "7.81", "2018-12-31": "8.59", "2018-09-30": "8.44", "2018-06-30": "8.27", "2018-03-31": "8.70", "2017-12-31": "8.63", "2017-09-30": "8.72", "2017-06-30": "8.37", "2017-03-31": "8.86", "2016-12-31": "9.06", "2016-09-30": "8.36", "2016-06-30": "8.24", "2016-03-31": "8.49", "2015-12-31": "8.88", "2015-09-30": "8.76", "2015-06-30": "8.67", "2015-03-31": "8.67", "2014-12-31": "8.92", "2014-09-30": "8.71", "2014-06-30": "8.57", "2014-03-31": "8.62", "2013-12-31": "8.67", "2013-09-30": "8.48", "2013-06-30": "8.30", "2013-03-31": "8.21", "2012-12-31": "8.57", "2012-09-30": "8.03", "2012-06-30": "7.83", "2012-03-31": "7.80", "2011-12-31": "7.90", "2011-09-30": "7.67", "2011-06-30": "7.49", "2011-03-31": "7.55", "2010-12-31": "7.55", "2010-09-30": "7.38", "2010-06-30": "7.36", "2010-03-31": "7.60", "2009-12-31": "7.60", "2009-09-30": "7.48", "2009-06-30": "7.78", "2009-03-31": "7.50", "2008-12-31": "7.53", "2008-09-30": "7.73", "2008-06-30": "7.86", "2008-03-31": "7.75", "2007-12-31": "8.13", "2007-09-30": "8.50", "2007-06-30": "8.54", "2007-03-31": "8.29", "2006-12-31": "8.60", "2006-09-30": "9.39", "2006-06-30": "10.09", "2006-03-31": "10.46", "2005-12-31": "10.95", "2005-09-30": "10.46", "2005-06-30": "10.32", "2005-03-31": "11.19"}, "return on equity": {"2020-12-31": "10.84%", "2020-09-30": "8.41%", "2020-06-30": "8.91%", "2020-03-31": "9.50%", "2019-12-31": "11.42%", "2019-09-30": "12.34%", "2019-06-30": "12.99%", "2019-03-31": "13.37%", "2018-12-31": "13.42%", "2018-09-30": "12.92%", "2018-06-30": "12.30%", "2018-03-31": "11.58%", "2017-12-31": "11.06%", "2017-09-30": "10.80%", "2017-06-30": "10.41%", "2017-03-31": "10.03%", "2016-12-31": "9.60%", "2016-09-30": "8.83%", "2016-06-30": "8.89%", "2016-03-31": "9.16%", "2015-12-31": "9.33%", "2015-09-30": "9.88%", "2015-06-30": "9.99%", "2015-03-31": "9.87%", "2014-12-31": "9.78%", "2014-09-30": "9.75%", "2014-06-30": "9.41%", "2014-03-31": "9.41%", "2013-12-31": "9.37%", "2013-09-30": "9.46%", "2013-06-30": "9.52%", "2013-03-31": "9.62%", "2012-12-31": "10.00%", "2012-09-30": "9.89%", "2012-06-30": "9.94%", "2012-03-31": "10.06%", "2011-12-31": "9.90%", "2011-09-30": "10.07%", "2011-06-30": "10.22%", "2011-03-31": "10.25%", "2010-12-31": "10.24%", "2010-09-30": "10.35%", "2010-06-30": "10.12%", "2010-03-31": "9.65%", "2009-12-31": "9.68%", "2009-09-30": "9.96%", "2009-06-30": "10.61%", "2009-03-31": "11.90%", "2008-12-31": "12.81%", "2008-09-30": "13.53%", "2008-06-30": "14.51%", "2008-03-31": "15.04%", "2007-12-31": "15.04%", "2007-09-30": "14.80%", "2007-06-30": "15.09%", "2007-03-31": "15.70%", "2006-12-31": "17.10%", "2006-09-30": "18.45%", "2006-06-30": "18.68%", "2006-03-31": "18.57%", "2005-12-31": "18.51%"}, "return on assets": {"2020-12-31": "1.14%", "2020-09-30": "0.90%", "2020-06-30": "0.99%", "2020-03-31": "1.10%", "2019-12-31": "1.32%", "2019-09-30": "1.40%", "2019-06-30": "1.43%", "2019-03-31": "1.44%", "2018-12-31": "1.41%", "2018-09-30": "1.36%", "2018-06-30": "1.28%", "2018-03-31": "1.21%", "2017-12-31": "1.15%", "2017-09-30": "1.11%", "2017-06-30": "1.08%", "2017-03-31": "1.04%", "2016-12-31": "1.01%", "2016-09-30": "0.93%", "2016-06-30": "0.93%", "2016-03-31": "0.94%", "2015-12-31": "0.96%", "2015-09-30": "1.01%", "2015-06-30": "1.03%", "2015-03-31": "1.02%", "2014-12-31": "1.01%", "2014-09-30": "1.01%", "2014-06-30": "0.98%", "2014-03-31": "0.99%", "2013-12-31": "0.99%", "2013-09-30": "1.01%", "2013-06-30": "1.03%", "2013-03-31": "1.05%", "2012-12-31": "1.10%", "2012-09-30": "1.11%", "2012-06-30": "1.13%", "2012-03-31": "1.15%", "2011-12-31": "1.14%", "2011-09-30": "1.18%", "2011-06-30": "1.20%", "2011-03-31": "1.21%", "2010-12-31": "1.21%", "2010-09-30": "1.22%", "2010-06-30": "1.19%", "2010-03-31": "1.12%", "2009-12-31": "1.13%", "2009-09-30": "1.16%", "2009-06-30": "1.23%", "2009-03-31": "1.38%", "2008-12-31": "1.47%", "2008-09-30": "1.53%", "2008-06-30": "1.60%", "2008-03-31": "1.63%", "2007-12-31": "1.61%", "2007-09-30": "1.56%", "2007-06-30": "1.56%", "2007-03-31": "1.57%", "2006-12-31": "1.62%", "2006-09-30": "1.65%", "2006-06-30": "1.63%", "2006-03-31": "1.61%", "2005-12-31": "1.58%"}, "return on investments": {"2020-12-31": "3.48%", "2020-09-30": "8.87%", "2020-06-30": "9.46%", "2020-03-31": "10.45%", "2019-12-31": "12.40%", "2019-09-30": "13.24%", "2019-06-30": "13.96%", "2019-03-31": "14.35%", "2018-12-31": "14.37%", "2018-09-30": "13.79%", "2018-06-30": "13.05%", "2018-03-31": "12.38%", "2017-12-31": "11.87%", "2017-09-30": "11.60%", "2017-06-30": "11.26%", "2017-03-31": "10.76%", "2016-12-31": "10.30%", "2016-09-30": "9.48%", "2016-06-30": "9.57%", "2016-03-31": "9.96%", "2015-12-31": "10.22%", "2015-09-30": "11.08%", "2015-06-30": "11.35%", "2015-03-31": "11.25%", "2014-12-31": "11.22%", "2014-09-30": "11.18%", "2014-06-30": "10.75%", "2014-03-31": "10.80%", "2013-12-31": "10.78%", "2013-09-30": "10.99%", "2013-06-30": "11.21%", "2013-03-31": "11.35%", "2012-12-31": "11.87%", "2012-09-30": "11.79%", "2012-06-30": "12.07%", "2012-03-31": "11.91%", "2011-12-31": "11.44%", "2011-09-30": "11.24%", "2011-06-30": "10.90%", "2011-03-31": "11.04%", "2010-12-31": "11.02%", "2010-09-30": "11.23%", "2010-06-30": "10.52%", "2010-03-31": "9.73%", "2009-12-31": "9.60%", "2009-09-30": "10.03%", "2009-06-30": "11.33%", "2009-03-31": "13.14%", "2008-12-31": "14.67%", "2008-09-30": "15.51%", "2008-06-30": "16.58%", "2008-03-31": "17.13%", "2007-12-31": "17.11%", "2007-09-30": "16.72%", "2007-06-30": "16.90%", "2007-03-31": "17.39%", "2006-12-31": "18.52%", "2006-09-30": "19.48%", "2006-06-30": "19.57%", "2006-03-31": "19.30%", "2005-12-31": "19.08%"}, "return on tangible equity": {"2020-09-30": "10.09%", "2020-06-30": "10.71%", "2020-03-31": "11.47%", "2019-12-31": "13.83%", "2019-09-30": "15.06%", "2019-06-30": "16.00%", "2019-03-31": "16.59%", "2018-12-31": "16.77%", "2018-09-30": "16.16%", "2018-06-30": "15.42%", "2018-03-31": "14.54%", "2017-12-31": "13.93%", "2017-09-30": "13.70%", "2017-06-30": "13.21%", "2017-03-31": "12.76%", "2016-12-31": "12.24%", "2016-09-30": "11.29%", "2016-06-30": "11.43%", "2016-03-31": "11.86%", "2015-12-31": "12.11%", "2015-09-30": "12.84%", "2015-06-30": "13.02%", "2015-03-31": "12.89%", "2014-12-31": "12.71%", "2014-09-30": "12.60%", "2014-06-30": "12.09%", "2014-03-31": "12.02%", "2013-12-31": "12.00%", "2013-09-30": "12.16%", "2013-06-30": "12.26%", "2013-03-31": "12.43%", "2012-12-31": "12.97%", "2012-09-30": "12.87%", "2012-06-30": "13.01%", "2012-03-31": "13.23%", "2011-12-31": "13.12%", "2011-09-30": "13.46%", "2011-06-30": "13.75%", "2011-03-31": "13.86%", "2010-12-31": "13.95%", "2010-09-30": "14.23%", "2010-06-30": "14.06%", "2010-03-31": "13.59%", "2009-12-31": "13.76%", "2009-09-30": "14.28%", "2009-06-30": "15.51%", "2009-03-31": "17.73%", "2008-12-31": "19.44%", "2008-09-30": "21.08%", "2008-06-30": "23.12%", "2008-03-31": "24.48%", "2007-12-31": "24.98%", "2007-09-30": "24.92%", "2007-06-30": "24.00%", "2007-03-31": "23.65%", "2006-12-31": "24.49%", "2006-09-30": "24.23%", "2006-06-30": "23.72%", "2006-03-31": "22.63%", "2005-12-31": "21.68%"}, "dividend yield history": {"last payout": "$2.88", "last yield": "2.99%"}}