{"ticker": "FRT", "price": {"title": "Federal Realty Investment Trust Historical Annual Stock Price Data", "value": 97.99, "historical": {"2021": {"Average Stock Price": "87.9218", "Year Open": "82.2700", "Year High": "97.9900", "Year Low": "82.2700", "Year Close": "97.9900", "Annual % Change": "15.12%"}, "2020": {"Average Stock Price": "89.3051", "Year Open": "125.2800", "Year High": "131.0700", "Year Low": "65.8100", "Year Close": "85.1200", "Annual % Change": "-33.88%"}, "2019": {"Average Stock Price": "132.0930", "Year Open": "115.8100", "Year High": "141.1600", "Year Low": "115.8100", "Year Close": "128.7300", "Annual % Change": "9.06%"}, "2018": {"Average Stock Price": "122.1843", "Year Open": "133.7500", "Year High": "135.5500", "Year Low": "108.1100", "Year Close": "118.0400", "Annual % Change": "-11.12%"}, "2017": {"Average Stock Price": "131.1799", "Year Open": "143.4000", "Year High": "145.2900", "Year Low": "120.5200", "Year Close": "132.8100", "Annual % Change": "-6.54%"}, "2016": {"Average Stock Price": "152.3123", "Year Open": "144.8600", "Year High": "170.3500", "Year Low": "136.9800", "Year Close": "142.1100", "Annual % Change": "-2.73%"}, "2015": {"Average Stock Price": "139.3202", "Year Open": "135.7400", "Year High": "150.2700", "Year Low": "124.9600", "Year Close": "146.1000", "Annual % Change": "9.47%"}, "2014": {"Average Stock Price": "120.1035", "Year Open": "100.9000", "Year High": "137.1800", "Year Low": "100.9000", "Year Close": "133.4600", "Annual % Change": "31.60%"}, "2013": {"Average Stock Price": "105.8551", "Year Open": "105.3200", "Year High": "117.9600", "Year Low": "96.2100", "Year Close": "101.4100", "Annual % Change": "-2.51%"}, "2012": {"Average Stock Price": "101.4935", "Year Open": "90.7500", "Year High": "110.0300", "Year Low": "89.2300", "Year Close": "104.0200", "Annual % Change": "14.62%"}, "2011": {"Average Stock Price": "84.6225", "Year Open": "80.0100", "Year High": "92.4500", "Year Low": "75.3100", "Year Close": "90.7500", "Annual % Change": "16.45%"}, "2010": {"Average Stock Price": "75.3610", "Year Open": "67.0300", "Year High": "84.3200", "Year Low": "63.0700", "Year Close": "77.9300", "Annual % Change": "15.08%"}, "2009": {"Average Stock Price": "55.7310", "Year Open": "59.4200", "Year High": "70.4900", "Year Low": "38.8200", "Year Close": "67.7200", "Annual % Change": "9.09%"}, "2008": {"Average Stock Price": "71.5571", "Year Open": "81.9000", "Year High": "88.3700", "Year Low": "44.8700", "Year Close": "62.0800", "Annual % Change": "-24.43%"}, "2007": {"Average Stock Price": "85.7758", "Year Open": "84.4600", "Year High": "97.1200", "Year Low": "73.8200", "Year Close": "82.1500", "Annual % Change": "-3.35%"}, "2006": {"Average Stock Price": "72.4517", "Year Open": "61.6300", "Year High": "87.1500", "Year Low": "61.6300", "Year Close": "85.0000", "Annual % Change": "40.15%"}, "2005": {"Average Stock Price": "56.7915", "Year Open": "51.1300", "Year High": "65.7300", "Year Low": "46.5000", "Year Close": "60.6500", "Annual % Change": "17.42%"}, "2004": {"Average Stock Price": "43.5549", "Year Open": "38.5500", "Year High": "52.5500", "Year Low": "34.7300", "Year Close": "51.6500", "Annual % Change": "34.54%"}, "2003": {"Average Stock Price": "33.5854", "Year Open": "28.3500", "Year High": "39.8000", "Year Low": "26.6200", "Year Close": "38.3900", "Annual % Change": "36.52%"}, "2002": {"Average Stock Price": "26.3933", "Year Open": "22.9300", "Year High": "28.7500", "Year Low": "22.9300", "Year Close": "28.1200", "Annual % Change": "22.26%"}, "2001": {"Average Stock Price": "21.0417", "Year Open": "19.0600", "Year High": "23.7100", "Year Low": "18.9800", "Year Close": "23.0000", "Annual % Change": "21.05%"}, "2000": {"Average Stock Price": "20.1538", "Year Open": "18.8100", "Year High": "22.3100", "Year Low": "17.9400", "Year Close": "19.0000", "Annual % Change": "1.01%"}, "1999": {"Average Stock Price": "21.4314", "Year Open": "23.5000", "Year High": "24.5000", "Year Low": "16.6300", "Year Close": "18.8100", "Annual % Change": "-20.40%"}, "1998": {"Average Stock Price": "23.7643", "Year Open": "25.8800", "Year High": "25.8800", "Year Low": "19.5600", "Year Close": "23.6300", "Annual % Change": "-8.23%"}, "1997": {"Average Stock Price": "26.4098", "Year Open": "26.7500", "Year High": "28.6300", "Year Low": "24.6300", "Year Close": "25.7500", "Annual % Change": "-5.05%"}, "1996": {"Average Stock Price": "23.0556", "Year Open": "23.0000", "Year High": "27.8800", "Year Low": "20.3750", "Year Close": "27.1200", "Annual % Change": "19.21%"}, "1995": {"Average Stock Price": "21.5857", "Year Open": "21.0000", "Year High": "23.5000", "Year Low": "19.7500", "Year Close": "22.7500", "Annual % Change": "8.96%"}, "1994": {"Average Stock Price": "24.0695", "Year Open": "24.7500", "Year High": "28.6300", "Year Low": "20.1300", "Year Close": "20.8800", "Annual % Change": "-16.48%"}, "1993": {"Average Stock Price": "27.0729", "Year Open": "25.0000", "Year High": "30.0000", "Year Low": "24.1300", "Year Close": "25.0000", "Annual % Change": "0.00%"}, "1992": {"Average Stock Price": "22.2033", "Year Open": "18.8800", "Year High": "25.0000", "Year Low": "18.8800", "Year Close": "25.0000", "Annual % Change": "32.42%"}, "1991": {"Average Stock Price": "18.2839", "Year Open": "14.2500", "Year High": "20.5000", "Year Low": "13.7500", "Year Close": "18.8800", "Annual % Change": "31.29%"}, "1990": {"Average Stock Price": "18.6696", "Year Open": "22.0000", "Year High": "22.0000", "Year Low": "12.5000", "Year Close": "14.3800", "Annual % Change": "-34.64%"}, "1989": {"Average Stock Price": "23.3666", "Year Open": "20.7500", "Year High": "26.0000", "Year Low": "20.7500", "Year Close": "22.0000", "Annual % Change": "4.17%"}, "1988": {"Average Stock Price": "20.6252", "Year Open": "20.3700", "Year High": "21.8700", "Year Low": "19.2500", "Year Close": "21.1200", "Annual % Change": "6.29%"}, "1987": {"Average Stock Price": "22.1806", "Year Open": "20.2500", "Year High": "25.5000", "Year Low": "18.2500", "Year Close": "19.8700", "Annual % Change": "-0.05%"}, "1986": {"Average Stock Price": "19.1321", "Year Open": "16.7500", "Year High": "22.6200", "Year Low": "16.3800", "Year Close": "19.8800", "Annual % Change": "17.77%"}, "1985": {"Average Stock Price": "14.9997", "Year Open": "13.8333", "Year High": "16.8800", "Year Low": "13.5800", "Year Close": "16.8800", "Annual % Change": "25.04%"}, "1984": {"Average Stock Price": "12.0677", "Year Open": "11.4200", "Year High": "13.6667", "Year Low": "10.7467", "Year Close": "13.5000", "Annual % Change": "16.58%"}, "1983": {"Average Stock Price": "10.4856", "Year Open": "9.0000", "Year High": "12.0000", "Year Low": "8.6667", "Year Close": "11.5800", "Annual % Change": "28.67%"}, "1982": {"Average Stock Price": "7.4644", "Year Open": "6.7500", "Year High": "10.5000", "Year Low": "6.5000", "Year Close": "9.0000", "Annual % Change": "35.00%"}, "1981": {"Average Stock Price": "7.0369", "Year Open": "7.0833", "Year High": "7.9567", "Year Low": "6.0433", "Year Close": "6.6667", "Annual % Change": "-6.45%"}, "1980": {"Average Stock Price": "6.2229", "Year Open": "5.0000", "Year High": "7.4567", "Year Low": "4.9167", "Year Close": "7.1267", "Annual % Change": "42.53%"}, "1979": {"Average Stock Price": "5.3180", "Year Open": "5.0833", "Year High": "5.9567", "Year Low": "4.5833", "Year Close": "5.0000", "Annual % Change": "0.87%"}, "1978": {"Average Stock Price": "5.5751", "Year Open": "5.3333", "Year High": "6.3733", "Year Low": "4.9567", "Year Close": "4.9567", "Annual % Change": "-8.49%"}, "1977": {"Average Stock Price": "4.8198", "Year Open": "4.4567", "Year High": "5.4167", "Year Low": "4.3733", "Year Close": "5.4167", "Annual % Change": "23.86%"}, "1976": {"Average Stock Price": "4.2639", "Year Open": "3.6667", "Year High": "4.7933", "Year Low": "3.6667", "Year Close": "4.3733", "Annual % Change": "19.27%"}, "1975": {"Average Stock Price": "3.4165", "Year Open": "2.3733", "Year High": "4.0000", "Year Low": "2.3733", "Year Close": "3.6667", "Annual % Change": "57.15%"}, "1974": {"Average Stock Price": "2.6594", "Year Open": "3.0833", "Year High": "3.1667", "Year Low": "2.2500", "Year Close": "2.3333", "Annual % Change": "-24.32%"}}}, "market cap": {"value": "$7.04B"}, "income statement": {"Revenue": {"2019-12-31": "935.78800", "2018-12-31": "915.43600", "2017-12-31": "857.34800", "2016-12-31": "801.59100", "2015-12-31": "744.01200", "2014-12-31": "686.09000", "2013-12-31": "637.41300", "2012-12-31": "605.79100", "2011-12-31": "551.10300", "2010-12-31": "541.79700", "2009-12-31": "528.56900", "2008-12-31": "519.61100", "2007-12-31": "482.78800", "2006-12-31": "426.81600", "2005-12-31": "390.80800"}, "Cost Of Goods Sold": {"2019-12-31": "298.75800", "2018-12-31": "287.87000", "2017-12-31": "272.72900", "2016-12-31": "253.61200", "2015-12-31": "233.41700", "2014-12-31": "211.92300", "2013-12-31": "190.45400", "2012-12-31": "179.07000", "2011-12-31": "169.76800", "2010-12-31": "169.18200", "2009-12-31": "166.21000", "2008-12-31": "164.88000", "2007-12-31": "146.14600", "2006-12-31": "125.30300", "2005-12-31": "118.50400"}, "Gross Profit": {"2019-12-31": "637.03000", "2018-12-31": "627.56600", "2017-12-31": "584.61900", "2016-12-31": "547.97900", "2015-12-31": "510.59500", "2014-12-31": "474.16700", "2013-12-31": "446.95900", "2012-12-31": "426.72100", "2011-12-31": "381.33500", "2010-12-31": "372.61500", "2009-12-31": "362.35890", "2008-12-31": "354.73100", "2007-12-31": "336.64200", "2006-12-31": "301.51300", "2005-12-31": "272.30400"}, "Research And Development Expenses": {"2019-12-31": "", "2018-12-31": "", "2017-12-31": "", "2016-12-31": "", "2015-12-31": "", "2014-12-31": "", "2013-12-31": "", "2012-12-31": "", "2011-12-31": "", "2010-12-31": "", "2009-12-31": "", "2008-12-31": "", "2007-12-31": "", "2006-12-31": "", "2005-12-31": ""}, "SG&A Expenses": {"2019-12-31": "42.75400", "2018-12-31": "33.60000", "2017-12-31": "36.28100", "2016-12-31": "33.39900", "2015-12-31": "35.64500", "2014-12-31": "32.31600", "2013-12-31": "31.97000", "2012-12-31": "31.15800", "2011-12-31": "28.98500", "2010-12-31": "24.18900", "2009-12-31": "22.03200", "2008-12-31": "26.73200", "2007-12-31": "26.58100", "2006-12-31": "21.92100", "2005-12-31": "19.90900"}, "Other Operating Income Or Expenses": {"2019-12-31": "116.39300", "2018-12-31": "11.91500", "2017-12-31": "77.92200", "2016-12-31": "", "2015-12-31": "", "2014-12-31": "", "2013-12-31": "", "2012-12-31": "", "2011-12-31": "", "2010-12-31": "-0.33000", "2009-12-31": "-16.35500", "2008-12-31": "0.00000", "2007-12-31": "", "2006-12-31": "", "2005-12-31": ""}, "Operating Expenses": {"2019-12-31": "464.87700", "2018-12-31": "553.80000", "2017-12-31": "447.13800", "2016-12-31": "480.59600", "2015-12-31": "443.85800", "2014-12-31": "415.05300", "2013-12-31": "383.25200", "2012-12-31": "351.92900", "2011-12-31": "324.64100", "2010-12-31": "312.57900", "2009-12-31": "319.04000", "2008-12-31": "302.36000", "2007-12-31": "274.36000", "2006-12-31": "239.97500", "2005-12-31": "222.93400"}, "Operating Income": {"2019-12-31": "470.91100", "2018-12-31": "361.63600", "2017-12-31": "410.21000", "2016-12-31": "320.99500", "2015-12-31": "300.15400", "2014-12-31": "271.03700", "2013-12-31": "254.16100", "2012-12-31": "253.86200", "2011-12-31": "226.46200", "2010-12-31": "229.21800", "2009-12-31": "209.52890", "2008-12-31": "217.25100", "2007-12-31": "208.42800", "2006-12-31": "186.84100", "2005-12-31": "167.87400"}, "Total Non-Operating Income/Expense": {"2019-12-31": "-110.36900", "2018-12-31": "-112.61000", "2017-12-31": "-112.34000", "2016-12-31": "-94.57000", "2015-12-31": "-110.06000", "2014-12-31": "-103.14900", "2013-12-31": "-116.35000", "2012-12-31": "-110.89000", "2011-12-31": "-96.14300", "2010-12-31": "-103.36700", "2009-12-31": "-108.20400", "2008-12-31": "-96.63500", "2007-12-31": "-109.04900", "2006-12-31": "-92.53600", "2005-12-31": "-79.39300"}, "Pre-Tax Income": {"2019-12-31": "360.54200", "2018-12-31": "249.02600", "2017-12-31": "297.87000", "2016-12-31": "226.42500", "2015-12-31": "190.09400", "2014-12-31": "167.88800", "2013-12-31": "137.81100", "2012-12-31": "142.97200", "2011-12-31": "130.31900", "2010-12-31": "125.85100", "2009-12-31": "101.32490", "2008-12-31": "120.61600", "2007-12-31": "99.37900", "2006-12-31": "94.30500", "2005-12-31": "88.48100"}, "Income Taxes": {"2019-12-31": "", "2018-12-31": "", "2017-12-31": "", "2016-12-31": "", "2015-12-31": "", "2014-12-31": "", "2013-12-31": "", "2012-12-31": "", "2011-12-31": "", "2010-12-31": "", "2009-12-31": "", "2008-12-31": "", "2007-12-31": "", "2006-12-31": "", "2005-12-31": ""}, "Income After Taxes": {"2019-12-31": "360.54200", "2018-12-31": "249.02600", "2017-12-31": "297.87000", "2016-12-31": "226.42500", "2015-12-31": "190.09400", "2014-12-31": "167.88800", "2013-12-31": "137.81100", "2012-12-31": "142.97200", "2011-12-31": "130.31900", "2010-12-31": "125.85100", "2009-12-31": "101.32490", "2008-12-31": "120.61600", "2007-12-31": "99.37900", "2006-12-31": "94.30500", "2005-12-31": "88.48100"}, "Other Income": {"2019-12-31": "", "2018-12-31": "", "2017-12-31": "", "2016-12-31": "", "2015-12-31": "", "2014-12-31": "", "2013-12-31": "", "2012-12-31": "", "2011-12-31": "", "2010-12-31": "", "2009-12-31": "", "2008-12-31": "0.00000", "2007-12-31": "", "2006-12-31": "7.44100", "2005-12-31": ""}, "Income From Continuous Operations": {"2019-12-31": "360.54200", "2018-12-31": "249.02600", "2017-12-31": "297.87000", "2016-12-31": "226.42500", "2015-12-31": "190.09400", "2014-12-31": "167.88800", "2013-12-31": "137.81100", "2012-12-31": "142.97200", "2011-12-31": "130.31900", "2010-12-31": "125.85100", "2009-12-31": "101.32500", "2008-12-31": "120.61600", "2007-12-31": "99.37900", "2006-12-31": "97.39300", "2005-12-31": "83.24700"}, "Income From Discontinued Operations": {"2019-12-31": "", "2018-12-31": "", "2017-12-31": "", "2016-12-31": "", "2015-12-31": "", "2014-12-31": "", "2013-12-31": "24.80300", "2012-12-31": "1.40000", "2011-12-31": "19.29300", "2010-12-31": "1.97600", "2009-12-31": "2.54700", "2008-12-31": "14.53700", "2007-12-31": "101.74800", "2006-12-31": "21.31900", "2005-12-31": "31.36500"}, "Net Income": {"2019-12-31": "344.81700", "2018-12-31": "232.93500", "2017-12-31": "286.51400", "2016-12-31": "249.36900", "2015-12-31": "208.88100", "2014-12-31": "162.99100", "2013-12-31": "161.25100", "2012-12-31": "150.53900", "2011-12-31": "142.67100", "2010-12-31": "121.67700", "2009-12-31": "97.76300", "2008-12-31": "129.24600", "2007-12-31": "195.09500", "2006-12-31": "103.51400", "2005-12-31": "103.13700"}, "EBITDA": {"2019-12-31": "710.66900", "2018-12-31": "605.88100", "2017-12-31": "626.26000", "2016-12-31": "514.58000", "2015-12-31": "474.95000", "2014-12-31": "441.85100", "2013-12-31": "415.26000", "2012-12-31": "395.90100", "2011-12-31": "353.03000", "2010-12-31": "349.03500", "2009-12-31": "324.62190", "2008-12-31": "328.32000", "2007-12-31": "314.39400", "2006-12-31": "284.72000", "2005-12-31": "259.37700"}, "EBIT": {"2019-12-31": "470.91100", "2018-12-31": "361.63600", "2017-12-31": "410.21000", "2016-12-31": "320.99500", "2015-12-31": "300.15400", "2014-12-31": "271.03700", "2013-12-31": "254.16100", "2012-12-31": "253.86200", "2011-12-31": "226.46200", "2010-12-31": "229.21800", "2009-12-31": "209.52890", "2008-12-31": "217.25100", "2007-12-31": "208.42800", "2006-12-31": "186.84100", "2005-12-31": "167.87400"}, "Basic Shares Outstanding": {"2019-12-31": "74.76600", "2018-12-31": "73.27400", "2017-12-31": "72.11700", "2016-12-31": "70.87700", "2015-12-31": "68.79700", "2014-12-31": "67.32200", "2013-12-31": "65.33100", "2012-12-31": "63.88100", "2011-12-31": "62.43800", "2010-12-31": "61.18200", "2009-12-31": "59.70400", "2008-12-31": "58.66500", "2007-12-31": "56.10800", "2006-12-31": "53.46900", "2005-12-31": "52.53300"}, "Shares Outstanding": {"2019-12-31": "74.76600", "2018-12-31": "73.30200", "2017-12-31": "72.23300", "2016-12-31": "71.04900", "2015-12-31": "68.98100", "2014-12-31": "67.49200", "2013-12-31": "65.48300", "2012-12-31": "64.05600", "2011-12-31": "62.60300", "2010-12-31": "61.32400", "2009-12-31": "59.83000", "2008-12-31": "58.88900", "2007-12-31": "56.47300", "2006-12-31": "53.96200", "2005-12-31": "53.05000"}, "Basic EPS": {"2019-12-31": "4.61000", "2018-12-31": "3.18000", "2017-12-31": "3.97000", "2016-12-31": "3.51000", "2015-12-31": "3.04000", "2014-12-31": "2.42000", "2013-12-31": "2.47000", "2012-12-31": "2.36000", "2011-12-31": "2.29000", "2010-12-31": "1.99000", "2009-12-31": "1.63000", "2008-12-31": "2.19000", "2007-12-31": "3.47000", "2006-12-31": "1.94000", "2005-12-31": "1.96000"}, "EPS - Earnings Per Share": {"2019-12-31": "4.61000", "2018-12-31": "3.18000", "2017-12-31": "3.97000", "2016-12-31": "3.50000", "2015-12-31": "3.03000", "2014-12-31": "2.41000", "2013-12-31": "2.46000", "2012-12-31": "2.35000", "2011-12-31": "2.28000", "2010-12-31": "1.98000", "2009-12-31": "1.63000", "2008-12-31": "2.19000", "2007-12-31": "3.45000", "2006-12-31": "1.92000", "2005-12-31": "1.94000"}}, "income statement, quarterly": {"Revenue": {"2020-09-30": "208.19700", "2020-06-30": "176.22700", "2020-03-31": "231.55700", "2019-12-31": "239.14900", "2019-09-30": "233.94700", "2019-06-30": "230.46500", "2019-03-31": "232.22700", "2018-12-31": "235.37600", "2018-09-30": "229.75300", "2018-06-30": "224.90200", "2018-03-31": "225.40500", "2017-12-31": "223.95700", "2017-09-30": "217.95300", "2017-06-30": "208.04900", "2017-03-31": "207.38900", "2016-12-31": "204.10900", "2016-09-30": "201.15700", "2016-06-30": "197.98100", "2016-03-31": "198.34400", "2015-12-31": "192.50700", "2015-09-30": "185.25200", "2015-06-30": "181.46100", "2015-03-31": "184.79200", "2014-12-31": "176.37700", "2014-09-30": "170.93800", "2014-06-30": "167.94700", "2014-03-31": "170.82800", "2013-12-31": "163.84600", "2013-09-30": "159.03000", "2013-06-30": "157.38800", "2013-03-31": "157.14900", "2012-12-31": "154.71000", "2012-09-30": "157.23200", "2012-06-30": "147.56000", "2012-03-31": "146.28900", "2011-12-31": "139.51000", "2011-09-30": "137.66400", "2011-06-30": "136.28000", "2011-03-31": "137.64900", "2010-12-31": "136.81100", "2010-09-30": "133.44600", "2010-06-30": "133.21600", "2010-03-31": "138.32400", "2009-12-31": "136.16290", "2009-09-30": "130.99200", "2009-06-30": "130.33800", "2009-03-31": "131.07600", "2008-12-31": "132.82300", "2008-09-30": "131.70700", "2008-06-30": "128.71200", "2008-03-31": "126.36900", "2007-12-31": "125.00700", "2007-09-30": "123.56400", "2007-06-30": "118.95400", "2007-03-31": "115.26300", "2006-12-31": "97.62700", "2006-09-30": "112.26500", "2006-06-30": "108.54400", "2006-03-31": "108.38000", "2005-12-31": "89.51800", "2005-09-30": "100.51900", "2005-06-30": "99.25300", "2005-03-31": "101.51800"}, "Cost Of Goods Sold": {"2020-09-30": "72.35200", "2020-06-30": "67.01600", "2020-03-31": "73.37600", "2019-12-31": "76.69300", "2019-09-30": "83.51400", "2019-06-30": "66.60400", "2019-03-31": "71.94700", "2018-12-31": "75.44200", "2018-09-30": "70.99500", "2018-06-30": "68.21200", "2018-03-31": "73.22100", "2017-12-31": "74.13800", "2017-09-30": "68.74200", "2017-06-30": "63.65000", "2017-03-31": "66.19900", "2016-12-31": "64.06300", "2016-09-30": "63.56100", "2016-06-30": "60.37500", "2016-03-31": "65.61300", "2015-12-31": "62.05100", "2015-09-30": "56.24300", "2015-06-30": "53.29000", "2015-03-31": "61.83300", "2014-12-31": "53.24200", "2014-09-30": "52.28200", "2014-06-30": "50.56900", "2014-03-31": "55.83000", "2013-12-31": "50.09500", "2013-09-30": "47.44500", "2013-06-30": "45.84100", "2013-03-31": "47.07300", "2012-12-31": "46.57800", "2012-09-30": "46.88200", "2012-06-30": "43.44300", "2012-03-31": "42.16700", "2011-12-31": "42.63700", "2011-09-30": "41.64200", "2011-06-30": "40.68000", "2011-03-31": "44.80900", "2010-12-31": "41.63600", "2010-09-30": "42.21500", "2010-06-30": "40.33900", "2010-03-31": "44.99200", "2009-12-31": "44.92800", "2009-09-30": "38.85200", "2009-06-30": "39.90100", "2009-03-31": "42.52900", "2008-12-31": "42.69500", "2008-09-30": "42.23900", "2008-06-30": "40.29500", "2008-03-31": "39.65100", "2007-12-31": "39.30900", "2007-09-30": "37.25500", "2007-06-30": "34.71600", "2007-03-31": "34.86600", "2006-12-31": "29.50900", "2006-09-30": "32.37000", "2006-06-30": "30.80800", "2006-03-31": "32.61600", "2005-12-31": "27.89000", "2005-09-30": "29.71400", "2005-06-30": "28.10600", "2005-03-31": "32.79400"}, "Gross Profit": {"2020-09-30": "135.84500", "2020-06-30": "109.21100", "2020-03-31": "158.18100", "2019-12-31": "162.45600", "2019-09-30": "150.43300", "2019-06-30": "163.86100", "2019-03-31": "160.28000", "2018-12-31": "159.93400", "2018-09-30": "158.75800", "2018-06-30": "156.69000", "2018-03-31": "152.18400", "2017-12-31": "149.81900", "2017-09-30": "149.21100", "2017-06-30": "144.39900", "2017-03-31": "141.19000", "2016-12-31": "140.04600", "2016-09-30": "137.59600", "2016-06-30": "137.60600", "2016-03-31": "132.73100", "2015-12-31": "130.45600", "2015-09-30": "129.00900", "2015-06-30": "128.17100", "2015-03-31": "122.95900", "2014-12-31": "123.13500", "2014-09-30": "118.65600", "2014-06-30": "117.37800", "2014-03-31": "114.99800", "2013-12-31": "113.75100", "2013-09-30": "111.58500", "2013-06-30": "111.54700", "2013-03-31": "110.07600", "2012-12-31": "108.13200", "2012-09-30": "110.35000", "2012-06-30": "104.11700", "2012-03-31": "104.12200", "2011-12-31": "96.87300", "2011-09-30": "96.02200", "2011-06-30": "95.60000", "2011-03-31": "92.84000", "2010-12-31": "95.17500", "2010-09-30": "91.23100", "2010-06-30": "92.87700", "2010-03-31": "93.33200", "2009-12-31": "91.23490", "2009-09-30": "92.14000", "2009-06-30": "90.43700", "2009-03-31": "88.54700", "2008-12-31": "90.12800", "2008-09-30": "89.46800", "2008-06-30": "88.41700", "2008-03-31": "86.71800", "2007-12-31": "85.69800", "2007-09-30": "86.30900", "2007-06-30": "84.23800", "2007-03-31": "80.39700", "2006-12-31": "68.11800", "2006-09-30": "79.89500", "2006-06-30": "77.73600", "2006-03-31": "75.76400", "2005-12-31": "61.62800", "2005-09-30": "70.80500", "2005-06-30": "71.14700", "2005-03-31": "68.72400"}, "Research And Development Expenses": {"2020-09-30": "", "2020-06-30": "", "2020-03-31": "", "2019-12-31": "", "2019-09-30": "", "2019-06-30": "", "2019-03-31": "", "2018-12-31": "", "2018-09-30": "", "2018-06-30": "", "2018-03-31": "", "2017-12-31": "", "2017-09-30": "", "2017-06-30": "", "2017-03-31": "", "2016-12-31": "", "2016-09-30": "", "2016-06-30": "", "2016-03-31": "", "2015-12-31": "", "2015-09-30": "", "2015-06-30": "", "2015-03-31": "", "2014-12-31": "", "2014-09-30": "", "2014-06-30": "", "2014-03-31": "", "2013-12-31": "", "2013-09-30": "", "2013-06-30": "", "2013-03-31": "", "2012-12-31": "", "2012-09-30": "", "2012-06-30": "", "2012-03-31": "", "2011-12-31": "", "2011-09-30": "", "2011-06-30": "", "2011-03-31": "", "2010-12-31": "", "2010-09-30": "", "2010-06-30": "", "2010-03-31": "", "2009-12-31": "", "2009-09-30": "", "2009-06-30": "", "2009-03-31": "", "2008-12-31": "", "2008-09-30": "", "2008-06-30": "", "2008-03-31": "", "2007-12-31": "", "2007-09-30": "", "2007-06-30": "", "2007-03-31": "", "2006-12-31": "", "2006-09-30": "", "2006-06-30": "", "2006-03-31": "", "2005-12-31": "", "2005-09-30": "", "2005-06-30": "", "2005-03-31": ""}, "SG&A Expenses": {"2020-09-30": "9.30800", "2020-06-30": "9.81400", "2020-03-31": "10.25100", "2019-12-31": "10.70700", "2019-09-30": "11.06000", "2019-06-30": "11.42200", "2019-03-31": "9.56500", "2018-12-31": "9.62000", "2018-09-30": "7.63800", "2018-06-30": "8.41300", "2018-03-31": "7.92900", "2017-12-31": "10.26800", "2017-09-30": "9.10300", "2017-06-30": "8.64300", "2017-03-31": "8.26700", "2016-12-31": "8.12100", "2016-09-30": "8.23200", "2016-06-30": "9.03600", "2016-03-31": "8.01000", "2015-12-31": "8.11900", "2015-09-30": "9.37400", "2015-06-30": "9.29900", "2015-03-31": "8.85300", "2014-12-31": "8.11400", "2014-09-30": "8.37400", "2014-06-30": "8.12400", "2014-03-31": "7.70400", "2013-12-31": "9.06800", "2013-09-30": "7.54300", "2013-06-30": "8.30200", "2013-03-31": "7.05700", "2012-12-31": "8.26400", "2012-09-30": "8.75100", "2012-06-30": "7.13900", "2012-03-31": "7.00400", "2011-12-31": "9.34200", "2011-09-30": "7.19700", "2011-06-30": "6.39500", "2011-03-31": "6.05100", "2010-12-31": "6.78000", "2010-09-30": "5.90400", "2010-06-30": "6.01600", "2010-03-31": "5.48900", "2009-12-31": "5.86200", "2009-09-30": "5.74900", "2009-06-30": "5.27600", "2009-03-31": "5.14500", "2008-12-31": "7.28100", "2008-09-30": "5.39100", "2008-06-30": "7.11800", "2008-03-31": "6.94200", "2007-12-31": "7.68700", "2007-09-30": "7.17200", "2007-06-30": "6.11400", "2007-03-31": "5.60800", "2006-12-31": "6.17400", "2006-09-30": "6.26500", "2006-06-30": "4.98100", "2006-03-31": "4.50100", "2005-12-31": "5.46800", "2005-09-30": "4.95700", "2005-06-30": "4.98200", "2005-03-31": "4.50200"}, "Other Operating Income Or Expenses": {"2020-09-30": "-57.21800", "2020-06-30": "11.68200", "2020-03-31": "", "2019-12-31": "85.90300", "2019-09-30": "14.29300", "2019-06-30": "16.19700", "2019-03-31": "", "2018-12-31": "1.50200", "2018-09-30": "3.12500", "2018-06-30": "3.97200", "2018-03-31": "3.31600", "2017-12-31": "", "2017-09-30": "", "2017-06-30": "", "2017-03-31": "", "2016-12-31": "", "2016-09-30": "", "2016-06-30": "", "2016-03-31": "", "2015-12-31": "", "2015-09-30": "", "2015-06-30": "", "2015-03-31": "", "2014-12-31": "", "2014-09-30": "", "2014-06-30": "", "2014-03-31": "", "2013-12-31": "", "2013-09-30": "", "2013-06-30": "", "2013-03-31": "", "2012-12-31": "", "2012-09-30": "", "2012-06-30": "", "2012-03-31": "", "2011-12-31": "", "2011-09-30": "", "2011-06-30": "", "2011-03-31": "", "2010-12-31": "", "2010-09-30": "", "2010-06-30": "", "2010-03-31": "", "2009-12-31": "4.73200", "2009-09-30": "-0.33000", "2009-06-30": "-0.12500", "2009-03-31": "-20.63200", "2008-12-31": "", "2008-09-30": "", "2008-06-30": "", "2008-03-31": "", "2007-12-31": "", "2007-09-30": "", "2007-06-30": "", "2007-03-31": "", "2006-12-31": "", "2006-09-30": "", "2006-06-30": "", "2006-03-31": "", "2005-12-31": "", "2005-09-30": "", "2005-06-30": "", "2005-03-31": ""}, "Operating Expenses": {"2020-09-30": "204.50900", "2020-06-30": "127.93200", "2020-03-31": "145.81500", "2019-12-31": "62.92800", "2019-09-30": "139.92900", "2019-06-30": "120.88600", "2019-03-31": "141.13400", "2018-12-31": "150.53600", "2018-09-30": "136.28600", "2018-06-30": "131.03400", "2018-03-31": "135.94400", "2017-12-31": "62.87800", "2017-09-30": "133.45600", "2017-06-30": "124.95900", "2017-03-31": "125.84500", "2016-12-31": "120.63200", "2016-09-30": "120.69600", "2016-06-30": "117.84600", "2016-03-31": "121.42200", "2015-12-31": "116.59300", "2015-09-30": "109.33500", "2015-06-30": "105.26000", "2015-03-31": "112.67000", "2014-12-31": "104.76700", "2014-09-30": "103.31600", "2014-06-30": "99.58600", "2014-03-31": "107.38400", "2013-12-31": "100.37600", "2013-09-30": "94.32900", "2013-06-30": "93.90000", "2013-03-31": "94.64700", "2012-12-31": "89.92600", "2012-09-30": "90.48000", "2012-06-30": "85.78100", "2012-03-31": "85.74200", "2011-12-31": "83.51200", "2011-09-30": "80.90700", "2011-06-30": "78.94600", "2011-03-31": "81.27600", "2010-12-31": "78.31200", "2010-09-30": "77.55000", "2010-06-30": "77.37500", "2010-03-31": "79.34200", "2009-12-31": "73.86600", "2009-09-30": "73.34100", "2009-06-30": "74.93500", "2009-03-31": "96.89800", "2008-12-31": "78.92000", "2008-09-30": "76.26100", "2008-06-30": "75.19700", "2008-03-31": "71.98200", "2007-12-31": "73.17900", "2007-09-30": "69.47200", "2007-06-30": "66.32300", "2007-03-31": "65.38600", "2006-12-31": "56.63000", "2006-09-30": "62.35700", "2006-06-30": "59.96500", "2006-03-31": "61.02300", "2005-12-31": "51.61500", "2005-09-30": "56.76400", "2005-06-30": "55.33000", "2005-03-31": "59.22500"}, "Operating Income": {"2020-09-30": "3.68800", "2020-06-30": "48.29500", "2020-03-31": "85.74200", "2019-12-31": "176.22100", "2019-09-30": "94.01800", "2019-06-30": "109.57900", "2019-03-31": "91.09300", "2018-12-31": "84.84000", "2018-09-30": "93.46700", "2018-06-30": "93.86800", "2018-03-31": "89.46100", "2017-12-31": "161.07900", "2017-09-30": "84.49700", "2017-06-30": "83.09000", "2017-03-31": "81.54400", "2016-12-31": "83.47700", "2016-09-30": "80.46100", "2016-06-30": "80.13500", "2016-03-31": "76.92200", "2015-12-31": "75.91400", "2015-09-30": "75.91700", "2015-06-30": "76.20100", "2015-03-31": "72.12200", "2014-12-31": "71.61000", "2014-09-30": "67.62200", "2014-06-30": "68.36100", "2014-03-31": "63.44400", "2013-12-31": "63.47000", "2013-09-30": "64.70100", "2013-06-30": "63.48800", "2013-03-31": "62.50200", "2012-12-31": "64.78410", "2012-09-30": "66.75200", "2012-06-30": "61.77900", "2012-03-31": "60.54700", "2011-12-31": "55.99800", "2011-09-30": "56.75700", "2011-06-30": "57.33400", "2011-03-31": "56.37300", "2010-12-31": "58.49900", "2010-09-30": "55.89600", "2010-06-30": "55.84100", "2010-03-31": "58.98200", "2009-12-31": "62.29690", "2009-09-30": "57.65100", "2009-06-30": "55.40300", "2009-03-31": "34.17800", "2008-12-31": "53.90300", "2008-09-30": "55.44600", "2008-06-30": "53.51500", "2008-03-31": "54.38700", "2007-12-31": "51.82800", "2007-09-30": "54.09200", "2007-06-30": "52.63100", "2007-03-31": "49.87700", "2006-12-31": "40.99700", "2006-09-30": "49.90800", "2006-06-30": "48.57900", "2006-03-31": "47.35700", "2005-12-31": "37.90300", "2005-09-30": "43.75500", "2005-06-30": "43.92300", "2005-03-31": "42.29300"}, "Total Non-Operating Income/Expense": {"2020-09-30": "-37.31100", "2020-06-30": "-37.43600", "2020-03-31": "-29.30100", "2019-12-31": "-27.25500", "2019-09-30": "-26.91200", "2019-06-30": "-26.91200", "2019-03-31": "-29.29000", "2018-12-31": "-28.45800", "2018-09-30": "-29.28700", "2018-06-30": "-28.33500", "2018-03-31": "-26.53000", "2017-12-31": "-38.34500", "2017-09-30": "-26.39000", "2017-06-30": "-23.95300", "2017-03-31": "-23.65200", "2016-12-31": "-23.75300", "2016-09-30": "-24.20800", "2016-06-30": "-23.02400", "2016-03-31": "-23.58500", "2015-12-31": "-22.73700", "2015-09-30": "-21.36700", "2015-06-30": "-42.03700", "2015-03-31": "-23.91900", "2014-12-31": "-34.33100", "2014-09-30": "-22.97400", "2014-06-30": "-22.94500", "2014-03-31": "-22.89900", "2013-12-31": "-33.86700", "2013-09-30": "-25.31100", "2013-06-30": "-30.10900", "2013-03-31": "-27.06300", "2012-12-31": "-26.95500", "2012-09-30": "-27.46700", "2012-06-30": "-28.18300", "2012-03-31": "-28.28500", "2011-12-31": "-25.06700", "2011-09-30": "-23.22500", "2011-06-30": "-23.44100", "2011-03-31": "-24.41000", "2010-12-31": "-24.62600", "2010-09-30": "-25.15600", "2010-06-30": "-25.19700", "2010-03-31": "-28.38800", "2009-12-31": "-29.96200", "2009-09-30": "-28.81200", "2009-06-30": "-26.15300", "2009-03-31": "-23.27700", "2008-12-31": "-24.31100", "2008-09-30": "-24.81500", "2008-06-30": "-23.82600", "2008-03-31": "-23.68300", "2007-12-31": "-26.54600", "2007-09-30": "-28.06700", "2007-06-30": "-27.60800", "2007-03-31": "-26.82800", "2006-12-31": "-20.04900", "2006-09-30": "-24.38500", "2006-06-30": "-24.23300", "2006-03-31": "-23.86900", "2005-12-31": "-16.13500", "2005-09-30": "-21.28400", "2005-06-30": "-20.37300", "2005-03-31": "-21.60100"}, "Pre-Tax Income": {"2020-09-30": "-33.62300", "2020-06-30": "10.85900", "2020-03-31": "56.44100", "2019-12-31": "148.96600", "2019-09-30": "67.10600", "2019-06-30": "82.66700", "2019-03-31": "61.80300", "2018-12-31": "56.38200", "2018-09-30": "64.18000", "2018-06-30": "65.53300", "2018-03-31": "62.93100", "2017-12-31": "122.73400", "2017-09-30": "58.10700", "2017-06-30": "59.13700", "2017-03-31": "57.89200", "2016-12-31": "59.72400", "2016-09-30": "56.25300", "2016-06-30": "57.11100", "2016-03-31": "53.33700", "2015-12-31": "53.17700", "2015-09-30": "54.55000", "2015-06-30": "34.16400", "2015-03-31": "48.20300", "2014-12-31": "37.27900", "2014-09-30": "44.64800", "2014-06-30": "45.41600", "2014-03-31": "40.54500", "2013-12-31": "29.60300", "2013-09-30": "39.39000", "2013-06-30": "33.37900", "2013-03-31": "35.43900", "2012-12-31": "37.82900", "2012-09-30": "39.28500", "2012-06-30": "33.59600", "2012-03-31": "32.26200", "2011-12-31": "30.93100", "2011-09-30": "33.53200", "2011-06-30": "33.89300", "2011-03-31": "31.96300", "2010-12-31": "33.87300", "2010-09-30": "30.74000", "2010-06-30": "30.64400", "2010-03-31": "30.59400", "2009-12-31": "32.33490", "2009-09-30": "28.83900", "2009-06-30": "29.25000", "2009-03-31": "10.90100", "2008-12-31": "29.59200", "2008-09-30": "30.63100", "2008-06-30": "29.68900", "2008-03-31": "30.70400", "2007-12-31": "25.28200", "2007-09-30": "26.02500", "2007-06-30": "25.02300", "2007-03-31": "23.04900", "2006-12-31": "20.94800", "2006-09-30": "25.52300", "2006-06-30": "24.34600", "2006-03-31": "23.48800", "2005-12-31": "21.76800", "2005-09-30": "22.47100", "2005-06-30": "23.55000", "2005-03-31": "20.69200"}, "Income Taxes": {"2020-09-30": "", "2020-06-30": "", "2020-03-31": "", "2019-12-31": "", "2019-09-30": "", "2019-06-30": "", "2019-03-31": "", "2018-12-31": "", "2018-09-30": "", "2018-06-30": "", "2018-03-31": "", "2017-12-31": "", "2017-09-30": "", "2017-06-30": "", "2017-03-31": "", "2016-12-31": "", "2016-09-30": "", "2016-06-30": "", "2016-03-31": "", "2015-12-31": "", "2015-09-30": "", "2015-06-30": "", "2015-03-31": "", "2014-12-31": "", "2014-09-30": "", "2014-06-30": "", "2014-03-31": "", "2013-12-31": "", "2013-09-30": "", "2013-06-30": "", "2013-03-31": "", "2012-12-31": "", "2012-09-30": "", "2012-06-30": "", "2012-03-31": "", "2011-12-31": "", "2011-09-30": "", "2011-06-30": "", "2011-03-31": "", "2010-12-31": "", "2010-09-30": "", "2010-06-30": "", "2010-03-31": "", "2009-12-31": "", "2009-09-30": "", "2009-06-30": "", "2009-03-31": "", "2008-12-31": "", "2008-09-30": "", "2008-06-30": "", "2008-03-31": "", "2007-12-31": "", "2007-09-30": "", "2007-06-30": "", "2007-03-31": "", "2006-12-31": "", "2006-09-30": "", "2006-06-30": "", "2006-03-31": "", "2005-12-31": "", "2005-09-30": "", "2005-06-30": "", "2005-03-31": ""}, "Income After Taxes": {"2020-09-30": "-33.62300", "2020-06-30": "10.85900", "2020-03-31": "56.44100", "2019-12-31": "148.96600", "2019-09-30": "67.10600", "2019-06-30": "82.66700", "2019-03-31": "61.80300", "2018-12-31": "56.38200", "2018-09-30": "64.18000", "2018-06-30": "65.53300", "2018-03-31": "62.93100", "2017-12-31": "122.73400", "2017-09-30": "58.10700", "2017-06-30": "59.13700", "2017-03-31": "57.89200", "2016-12-31": "59.72400", "2016-09-30": "56.25300", "2016-06-30": "57.11100", "2016-03-31": "53.33700", "2015-12-31": "53.17700", "2015-09-30": "54.55000", "2015-06-30": "34.16400", "2015-03-31": "48.20300", "2014-12-31": "37.27900", "2014-09-30": "44.64800", "2014-06-30": "45.41600", "2014-03-31": "40.54500", "2013-12-31": "29.60300", "2013-09-30": "39.39000", "2013-06-30": "33.37900", "2013-03-31": "35.43900", "2012-12-31": "37.82900", "2012-09-30": "39.28500", "2012-06-30": "33.59600", "2012-03-31": "32.26200", "2011-12-31": "30.93100", "2011-09-30": "33.53200", "2011-06-30": "33.89300", "2011-03-31": "31.96300", "2010-12-31": "33.87300", "2010-09-30": "30.74000", "2010-06-30": "30.64400", "2010-03-31": "30.59400", "2009-12-31": "32.33490", "2009-09-30": "28.83900", "2009-06-30": "29.25000", "2009-03-31": "10.90100", "2008-12-31": "29.59200", "2008-09-30": "30.63100", "2008-06-30": "29.68900", "2008-03-31": "30.70400", "2007-12-31": "25.28200", "2007-09-30": "26.02500", "2007-06-30": "25.02300", "2007-03-31": "23.04900", "2006-12-31": "20.94800", "2006-09-30": "25.52300", "2006-06-30": "24.34600", "2006-03-31": "23.48800", "2005-12-31": "21.76800", "2005-09-30": "22.47100", "2005-06-30": "23.55000", "2005-03-31": "20.69200"}, "Other Income": {"2020-09-30": "", "2020-06-30": "", "2020-03-31": "", "2019-12-31": "", "2019-09-30": "", "2019-06-30": "", "2019-03-31": "", "2018-12-31": "", "2018-09-30": "", "2018-06-30": "", "2018-03-31": "", "2017-12-31": "", "2017-09-30": "", "2017-06-30": "", "2017-03-31": "", "2016-12-31": "", "2016-09-30": "", "2016-06-30": "", "2016-03-31": "", "2015-12-31": "", "2015-09-30": "", "2015-06-30": "", "2015-03-31": "", "2014-12-31": "", "2014-09-30": "", "2014-06-30": "", "2014-03-31": "", "2013-12-31": "", "2013-09-30": "", "2013-06-30": "", "2013-03-31": "", "2012-12-31": "", "2012-09-30": "", "2012-06-30": "", "2012-03-31": "", "2011-12-31": "", "2011-09-30": "", "2011-06-30": "", "2011-03-31": "", "2010-12-31": "", "2010-09-30": "", "2010-06-30": "", "2010-03-31": "", "2009-12-31": "", "2009-09-30": "", "2009-06-30": "", "2009-03-31": "", "2008-12-31": "", "2008-09-30": "", "2008-06-30": "", "2008-03-31": "", "2007-12-31": "", "2007-09-30": "", "2007-06-30": "", "2007-03-31": "", "2006-12-31": "", "2006-09-30": "", "2006-06-30": "7.44100", "2006-03-31": "", "2005-12-31": "", "2005-09-30": "", "2005-06-30": "", "2005-03-31": ""}, "Income From Continuous Operations": {"2020-09-30": "-33.62300", "2020-06-30": "10.85900", "2020-03-31": "56.44100", "2019-12-31": "148.96600", "2019-09-30": "67.10600", "2019-06-30": "82.66700", "2019-03-31": "61.80300", "2018-12-31": "56.38200", "2018-09-30": "64.18000", "2018-06-30": "65.53300", "2018-03-31": "62.93100", "2017-12-31": "122.73400", "2017-09-30": "58.10700", "2017-06-30": "59.13700", "2017-03-31": "57.89200", "2016-12-31": "59.72400", "2016-09-30": "56.25300", "2016-06-30": "57.11100", "2016-03-31": "53.33700", "2015-12-31": "53.17700", "2015-09-30": "54.55000", "2015-06-30": "34.16400", "2015-03-31": "48.20300", "2014-12-31": "37.27900", "2014-09-30": "44.64800", "2014-06-30": "45.41600", "2014-03-31": "40.54500", "2013-12-31": "29.60300", "2013-09-30": "39.39000", "2013-06-30": "33.37900", "2013-03-31": "35.43900", "2012-12-31": "37.82900", "2012-09-30": "39.28500", "2012-06-30": "33.59600", "2012-03-31": "32.26200", "2011-12-31": "30.93100", "2011-09-30": "33.53200", "2011-06-30": "33.89300", "2011-03-31": "31.96300", "2010-12-31": "33.87300", "2010-09-30": "30.74000", "2010-06-30": "30.64400", "2010-03-31": "30.59400", "2009-12-31": "32.33500", "2009-09-30": "28.83900", "2009-06-30": "29.25000", "2009-03-31": "10.90100", "2008-12-31": "29.59200", "2008-09-30": "30.63100", "2008-06-30": "29.68900", "2008-03-31": "30.70400", "2007-12-31": "29.59100", "2007-09-30": "24.39600", "2007-06-30": "23.63900", "2007-03-31": "21.75300", "2006-12-31": "20.07800", "2006-09-30": "24.43700", "2006-06-30": "30.46300", "2006-03-31": "22.41500", "2005-12-31": "20.53700", "2005-09-30": "21.26300", "2005-06-30": "22.27100", "2005-03-31": "19.17600"}, "Income From Discontinued Operations": {"2020-09-30": "", "2020-06-30": "", "2020-03-31": "", "2019-12-31": "", "2019-09-30": "", "2019-06-30": "", "2019-03-31": "", "2018-12-31": "", "2018-09-30": "", "2018-06-30": "", "2018-03-31": "", "2017-12-31": "", "2017-09-30": "", "2017-06-30": "", "2017-03-31": "", "2016-12-31": "", "2016-09-30": "", "2016-06-30": "", "2016-03-31": "25.72600", "2015-12-31": "", "2015-09-30": "", "2015-06-30": "", "2015-03-31": "", "2014-12-31": "", "2014-09-30": "", "2014-06-30": "", "2014-03-31": "", "2013-12-31": "0.00000", "2013-09-30": "23.97600", "2013-06-30": "0.42400", "2013-03-31": "0.40300", "2012-12-31": "1.02900", "2012-09-30": "0.37100", "2012-06-30": "", "2012-03-31": "", "2011-12-31": "1.52400", "2011-09-30": "14.77000", "2011-06-30": "2.57800", "2011-03-31": "0.42100", "2010-12-31": "0.43200", "2010-09-30": "0.27000", "2010-06-30": "1.31400", "2010-03-31": "-0.04000", "2009-12-31": "1.03100", "2009-09-30": "", "2009-06-30": "0.54400", "2009-03-31": "0.97200", "2008-12-31": "5.44300", "2008-09-30": "7.78600", "2008-06-30": "0.69400", "2008-03-31": "0.61400", "2007-12-31": "98.16700", "2007-09-30": "-0.88100", "2007-06-30": "3.07900", "2007-03-31": "1.38300", "2006-12-31": "4.36300", "2006-09-30": "0.54700", "2006-06-30": "7.79300", "2006-03-31": "8.61600", "2005-12-31": "14.59100", "2005-09-30": "9.41700", "2005-06-30": "2.53600", "2005-03-31": "4.82100"}, "Net Income": {"2020-09-30": "-30.29900", "2020-06-30": "8.49600", "2020-03-31": "52.75300", "2019-12-31": "144.33700", "2019-09-30": "63.45500", "2019-06-30": "78.89100", "2019-03-31": "58.13400", "2018-12-31": "51.56600", "2018-09-30": "60.54800", "2018-06-30": "61.58400", "2018-03-31": "59.23700", "2017-12-31": "47.70300", "2017-09-30": "106.60000", "2017-06-30": "76.15600", "2017-03-31": "56.05500", "2016-12-31": "57.90200", "2016-09-30": "58.84100", "2016-06-30": "55.80600", "2016-03-31": "76.82000", "2015-12-31": "67.02200", "2015-09-30": "52.31100", "2015-06-30": "43.49700", "2015-03-31": "46.05100", "2014-12-31": "34.02400", "2014-09-30": "46.93900", "2014-06-30": "43.41000", "2014-03-31": "38.61800", "2013-12-31": "27.43200", "2013-09-30": "61.96200", "2013-06-30": "37.40400", "2013-03-31": "34.45300", "2012-12-31": "37.35000", "2012-09-30": "38.28700", "2012-06-30": "32.26000", "2012-03-31": "42.64200", "2011-12-31": "30.41300", "2011-09-30": "46.71000", "2011-06-30": "34.49700", "2011-03-31": "31.05100", "2010-12-31": "32.10900", "2010-09-30": "29.50400", "2010-06-30": "30.97900", "2010-03-31": "29.08500", "2009-12-31": "31.83500", "2009-09-30": "27.29700", "2009-06-30": "28.28200", "2009-03-31": "10.34900", "2008-12-31": "33.59000", "2008-09-30": "36.96600", "2008-06-30": "28.83900", "2008-03-31": "29.85100", "2007-12-31": "122.03300", "2007-09-30": "23.37900", "2007-06-30": "26.58300", "2007-03-31": "23.10000", "2006-12-31": "17.85000", "2006-09-30": "22.11500", "2006-06-30": "35.38700", "2006-03-31": "28.16200", "2005-12-31": "32.26000", "2005-09-30": "27.81100", "2005-06-30": "21.93800", "2005-03-31": "21.12800"}, "EBITDA": {"2020-09-30": "69.31900", "2020-06-30": "111.07900", "2020-03-31": "147.93000", "2019-12-31": "237.65200", "2019-09-30": "153.66600", "2019-06-30": "168.63600", "2019-03-31": "150.71500", "2018-12-31": "151.81600", "2018-09-30": "154.24500", "2018-06-30": "152.24900", "2018-03-31": "147.57100", "2017-12-31": "217.47300", "2017-09-30": "140.10800", "2017-06-30": "135.75600", "2017-03-31": "132.92300", "2016-12-31": "131.92500", "2016-09-30": "129.36400", "2016-06-30": "128.57000", "2016-03-31": "124.72100", "2015-12-31": "122.33700", "2015-09-30": "119.63500", "2015-06-30": "118.87200", "2015-03-31": "114.10600", "2014-12-31": "115.02100", "2014-09-30": "110.28200", "2014-06-30": "109.25400", "2014-03-31": "107.29400", "2013-12-31": "104.68400", "2013-09-30": "104.10900", "2013-06-30": "103.34100", "2013-03-31": "103.12600", "2012-12-31": "100.12100", "2012-09-30": "101.68400", "2012-06-30": "96.97800", "2012-03-31": "97.11800", "2011-12-31": "87.85100", "2011-09-30": "88.84000", "2011-06-30": "89.39700", "2011-03-31": "86.94200", "2010-12-31": "88.61500", "2010-09-30": "85.48700", "2010-06-30": "87.01900", "2010-03-31": "87.91400", "2009-12-31": "90.75490", "2009-09-30": "86.06100", "2009-06-30": "85.03600", "2009-03-31": "62.77000", "2008-12-31": "83.13400", "2008-09-30": "84.08900", "2008-06-30": "81.31000", "2008-03-31": "79.78700", "2007-12-31": "78.33700", "2007-09-30": "80.16400", "2007-06-30": "79.53200", "2007-03-31": "76.36100", "2006-12-31": "66.55800", "2006-09-30": "73.88700", "2006-06-30": "72.88100", "2006-03-31": "71.39400", "2005-12-31": "61.09500", "2005-09-30": "66.47900", "2005-06-30": "66.91500", "2005-03-31": "64.88800"}, "EBIT": {"2020-09-30": "3.68800", "2020-06-30": "48.29500", "2020-03-31": "85.74200", "2019-12-31": "176.22100", "2019-09-30": "94.01800", "2019-06-30": "109.57900", "2019-03-31": "91.09300", "2018-12-31": "84.84000", "2018-09-30": "93.46700", "2018-06-30": "93.86800", "2018-03-31": "89.46100", "2017-12-31": "161.07900", "2017-09-30": "84.49700", "2017-06-30": "83.09000", "2017-03-31": "81.54400", "2016-12-31": "83.47700", "2016-09-30": "80.46100", "2016-06-30": "80.13500", "2016-03-31": "76.92200", "2015-12-31": "75.91400", "2015-09-30": "75.91700", "2015-06-30": "76.20100", "2015-03-31": "72.12200", "2014-12-31": "71.61000", "2014-09-30": "67.62200", "2014-06-30": "68.36100", "2014-03-31": "63.44400", "2013-12-31": "63.47000", "2013-09-30": "64.70100", "2013-06-30": "63.48800", "2013-03-31": "62.50200", "2012-12-31": "64.78400", "2012-09-30": "66.75200", "2012-06-30": "61.77900", "2012-03-31": "60.54700", "2011-12-31": "55.99800", "2011-09-30": "56.75700", "2011-06-30": "57.33400", "2011-03-31": "56.37300", "2010-12-31": "58.49900", "2010-09-30": "55.89600", "2010-06-30": "55.84100", "2010-03-31": "58.98200", "2009-12-31": "62.29690", "2009-09-30": "57.65100", "2009-06-30": "55.40300", "2009-03-31": "34.17800", "2008-12-31": "53.90300", "2008-09-30": "55.44600", "2008-06-30": "53.51500", "2008-03-31": "54.38700", "2007-12-31": "51.82800", "2007-09-30": "54.09200", "2007-06-30": "52.63100", "2007-03-31": "49.87700", "2006-12-31": "40.99700", "2006-09-30": "49.90800", "2006-06-30": "48.57900", "2006-03-31": "47.35700", "2005-12-31": "37.90300", "2005-09-30": "43.75500", "2005-06-30": "43.92300", "2005-03-31": "42.29300"}, "Basic Shares Outstanding": {"2020-09-30": "75.40400", "2020-06-30": "75.39400", "2020-03-31": "75.36000", "2019-12-31": "74.76600", "2019-09-30": "74.83200", "2019-06-30": "74.71300", "2019-03-31": "74.20000", "2018-12-31": "73.27400", "2018-09-30": "73.40000", "2018-06-30": "72.99000", "2018-03-31": "72.90500", "2017-12-31": "72.11700", "2017-09-30": "72.09100", "2017-06-30": "72.00100", "2017-03-31": "71.86200", "2016-12-31": "70.87700", "2016-09-30": "71.31900", "2016-06-30": "70.79700", "2016-03-31": "69.77100", "2015-12-31": "68.79700", "2015-09-30": "69.00600", "2015-06-30": "68.53100", "2015-03-31": "68.36800", "2014-12-31": "67.32200", "2014-09-30": "67.55900", "2014-06-30": "67.11000", "2014-03-31": "66.61500", "2013-12-31": "65.33100", "2013-09-30": "65.50400", "2013-06-30": "65.14900", "2013-03-31": "64.69200", "2012-12-31": "63.88100", "2012-09-30": "64.01400", "2012-06-30": "63.70000", "2012-03-31": "63.41100", "2011-12-31": "62.43800", "2011-09-30": "62.81800", "2011-06-30": "62.21400", "2011-03-31": "61.47100", "2010-12-31": "61.18200", "2010-09-30": "61.21500", "2010-06-30": "61.16900", "2010-03-31": "61.08900", "2009-12-31": "59.70400", "2009-09-30": "60.01600", "2009-06-30": "58.91700", "2009-03-31": "58.84100", "2008-12-31": "58.66500", "2008-09-30": "58.72000", "2008-06-30": "58.63600", "2008-03-31": "58.50300", "2007-12-31": "56.10800", "2007-09-30": "56.30200", "2007-06-30": "56.16800", "2007-03-31": "55.42200", "2006-12-31": "53.46900", "2006-09-30": "52.92300", "2006-06-30": "52.78900", "2006-03-31": "52.73100", "2005-12-31": "52.53300", "2005-09-30": "52.61800", "2005-06-30": "52.45400", "2005-03-31": "52.19000"}, "Shares Outstanding": {"2020-09-30": "75.40400", "2020-06-30": "75.39400", "2020-03-31": "75.36000", "2019-12-31": "74.76600", "2019-09-30": "74.83200", "2019-06-30": "74.71300", "2019-03-31": "74.20000", "2018-12-31": "73.30200", "2018-09-30": "73.40800", "2018-06-30": "73.02500", "2018-03-31": "72.96800", "2017-12-31": "72.23300", "2017-09-30": "72.20600", "2017-06-30": "72.12400", "2017-03-31": "72.00500", "2016-12-31": "71.04900", "2016-09-30": "71.48900", "2016-06-30": "70.97400", "2016-03-31": "69.95700", "2015-12-31": "68.98100", "2015-09-30": "69.18100", "2015-06-30": "68.71300", "2015-03-31": "68.56300", "2014-12-31": "67.49200", "2014-09-30": "67.73200", "2014-06-30": "67.27700", "2014-03-31": "66.77300", "2013-12-31": "65.48300", "2013-09-30": "65.64700", "2013-06-30": "65.31100", "2013-03-31": "64.84700", "2012-12-31": "64.05600", "2012-09-30": "64.20200", "2012-06-30": "63.88000", "2012-03-31": "63.58500", "2011-12-31": "62.60300", "2011-09-30": "62.99000", "2011-06-30": "62.39100", "2011-03-31": "61.62900", "2010-12-31": "61.32400", "2010-09-30": "61.35900", "2010-06-30": "61.31100", "2010-03-31": "61.22000", "2009-12-31": "59.83000", "2009-09-30": "60.14000", "2009-06-30": "59.04200", "2009-03-31": "58.96000", "2008-12-31": "58.88900", "2008-09-30": "58.92100", "2008-06-30": "58.90600", "2008-03-31": "58.78000", "2007-12-31": "56.47300", "2007-09-30": "56.69000", "2007-06-30": "56.59100", "2007-03-31": "55.92100", "2006-12-31": "53.96200", "2006-09-30": "53.41800", "2006-06-30": "53.28700", "2006-03-31": "53.25400", "2005-12-31": "53.05000", "2005-09-30": "53.14900", "2005-06-30": "52.98600", "2005-03-31": "52.74200"}, "Basic EPS": {"2020-09-30": "-0.41000", "2020-06-30": "0.11000", "2020-03-31": "0.70000", "2019-12-31": "1.94000", "2019-09-30": "0.84000", "2019-06-30": "1.05000", "2019-03-31": "0.78000", "2018-12-31": "0.71000", "2018-09-30": "0.82000", "2018-06-30": "0.84000", "2018-03-31": "0.81000", "2017-12-31": "0.67000", "2017-09-30": "1.47000", "2017-06-30": "1.05000", "2017-03-31": "0.78000", "2016-12-31": "0.80000", "2016-09-30": "0.82000", "2016-06-30": "0.79000", "2016-03-31": "1.10000", "2015-12-31": "0.99000", "2015-09-30": "0.75000", "2015-06-30": "0.63000", "2015-03-31": "0.67000", "2014-12-31": "0.51000", "2014-09-30": "0.69000", "2014-06-30": "0.64000", "2014-03-31": "0.58000", "2013-12-31": "0.43000", "2013-09-30": "0.94000", "2013-06-30": "0.57000", "2013-03-31": "0.53000", "2012-12-31": "0.58000", "2012-09-30": "0.60000", "2012-06-30": "0.51000", "2012-03-31": "0.67000", "2011-12-31": "0.50000", "2011-09-30": "0.74000", "2011-06-30": "0.55000", "2011-03-31": "0.50000", "2010-12-31": "0.54000", "2010-09-30": "0.48000", "2010-06-30": "0.50000", "2010-03-31": "0.47000", "2009-12-31": "0.53000", "2009-09-30": "0.45000", "2009-06-30": "0.48000", "2009-03-31": "0.17000", "2008-12-31": "0.56000", "2008-09-30": "0.63000", "2008-06-30": "0.49000", "2008-03-31": "0.51000", "2007-12-31": "2.16000", "2007-09-30": "0.42000", "2007-06-30": "0.47000", "2007-03-31": "0.42000", "2006-12-31": "0.32000", "2006-09-30": "0.42000", "2006-06-30": "0.67000", "2006-03-31": "0.53000", "2005-12-31": "0.61000", "2005-09-30": "0.53000", "2005-06-30": "0.42000", "2005-03-31": "0.40000"}, "EPS - Earnings Per Share": {"2020-09-30": "-0.41000", "2020-06-30": "0.11000", "2020-03-31": "0.70000", "2019-12-31": "1.94000", "2019-09-30": "0.84000", "2019-06-30": "1.05000", "2019-03-31": "0.78000", "2018-12-31": "0.71000", "2018-09-30": "0.82000", "2018-06-30": "0.84000", "2018-03-31": "0.81000", "2017-12-31": "0.67000", "2017-09-30": "1.47000", "2017-06-30": "1.05000", "2017-03-31": "0.78000", "2016-12-31": "0.80000", "2016-09-30": "0.82000", "2016-06-30": "0.78000", "2016-03-31": "1.10000", "2015-12-31": "0.98000", "2015-09-30": "0.75000", "2015-06-30": "0.63000", "2015-03-31": "0.67000", "2014-12-31": "0.51000", "2014-09-30": "0.69000", "2014-06-30": "0.64000", "2014-03-31": "0.57000", "2013-12-31": "0.42000", "2013-09-30": "0.94000", "2013-06-30": "0.57000", "2013-03-31": "0.53000", "2012-12-31": "0.57000", "2012-09-30": "0.60000", "2012-06-30": "0.51000", "2012-03-31": "0.67000", "2011-12-31": "0.49000", "2011-09-30": "0.74000", "2011-06-30": "0.55000", "2011-03-31": "0.50000", "2010-12-31": "0.53000", "2010-09-30": "0.48000", "2010-06-30": "0.50000", "2010-03-31": "0.47000", "2009-12-31": "0.53000", "2009-09-30": "0.45000", "2009-06-30": "0.48000", "2009-03-31": "0.17000", "2008-12-31": "0.56000", "2008-09-30": "0.63000", "2008-06-30": "0.49000", "2008-03-31": "0.51000", "2007-12-31": "2.16000", "2007-09-30": "0.41000", "2007-06-30": "0.47000", "2007-03-31": "0.41000", "2006-12-31": "0.32000", "2006-09-30": "0.41000", "2006-06-30": "0.66000", "2006-03-31": "0.53000", "2005-12-31": "0.61000", "2005-09-30": "0.52000", "2005-06-30": "0.41000", "2005-03-31": "0.40000"}}, "balance sheet": {"Cash On Hand": {"2019-12-31": "127.43200", "2018-12-31": "64.08700", "2017-12-31": "15.18800", "2016-12-31": "23.36800", "2015-12-31": "21.04600", "2014-12-31": "47.95100", "2013-12-31": "88.92700", "2012-12-31": "36.98800", "2011-12-31": "67.80600", "2010-12-31": "15.79700", "2009-12-31": "135.38900", "2008-12-31": "15.22300", "2007-12-31": "50.69100", "2006-12-31": "11.49500", "2005-12-31": "8.63900"}, "Receivables": {"2019-12-31": "", "2018-12-31": "", "2017-12-31": "", "2016-12-31": "", "2015-12-31": "", "2014-12-31": "", "2013-12-31": "", "2012-12-31": "", "2011-12-31": "", "2010-12-31": "", "2009-12-31": "", "2008-12-31": "", "2007-12-31": "", "2006-12-31": "", "2005-12-31": ""}, "Inventory": {"2019-12-31": "", "2018-12-31": "", "2017-12-31": "", "2016-12-31": "", "2015-12-31": "", "2014-12-31": "", "2013-12-31": "", "2012-12-31": "", "2011-12-31": "", "2010-12-31": "", "2009-12-31": "", "2008-12-31": "", "2007-12-31": "", "2006-12-31": "", "2005-12-31": ""}, "Pre-Paid Expenses": {"2019-12-31": "", "2018-12-31": "", "2017-12-31": "", "2016-12-31": "", "2015-12-31": "", "2014-12-31": "", "2013-12-31": "", "2012-12-31": "", "2011-12-31": "", "2010-12-31": "", "2009-12-31": "", "2008-12-31": "", "2007-12-31": "", "2006-12-31": "", "2005-12-31": ""}, "Other Current Assets": {"2019-12-31": "", "2018-12-31": "", "2017-12-31": "", "2016-12-31": "", "2015-12-31": "", "2014-12-31": "", "2013-12-31": "", "2012-12-31": "", "2011-12-31": "", "2010-12-31": "", "2009-12-31": "", "2008-12-31": "", "2007-12-31": "", "2006-12-31": "", "2005-12-31": ""}, "Total Current Assets": {"2019-12-31": "310.43300", "2018-12-31": "236.75300", "2017-12-31": "255.49400", "2016-12-31": "170.02100", "2015-12-31": "173.06600", "2014-12-31": "192.23000", "2013-12-31": "228.92000", "2012-12-31": "166.49700", "2011-12-31": "199.69400", "2010-12-31": "129.60700", "2009-12-31": "255.91600", "2008-12-31": "134.69100", "2007-12-31": "152.43700", "2006-12-31": "99.74400", "2005-12-31": "87.33100"}, "Property, Plant, And Equipment": {"2019-12-31": "6082.71900", "2018-12-31": "5760.32900", "2017-12-31": "5758.51700", "2016-12-31": "5029.83900", "2015-12-31": "4490.36500", "2014-12-31": "4141.94800", "2013-12-31": "3798.99200", "2012-12-31": "3555.37900", "2011-12-31": "3298.85600", "2010-12-31": "2860.73800", "2009-12-31": "2821.14700", "2008-12-31": "2827.42700", "2007-12-31": "2696.14400", "2006-12-31": "2463.75100", "2005-12-31": "2165.57100"}, "Long-Term Investments": {"2019-12-31": "", "2018-12-31": "", "2017-12-31": "", "2016-12-31": "", "2015-12-31": "", "2014-12-31": "", "2013-12-31": "", "2012-12-31": "", "2011-12-31": "", "2010-12-31": "", "2009-12-31": "", "2008-12-31": "", "2007-12-31": "", "2006-12-31": "", "2005-12-31": ""}, "Goodwill And Intangible Assets": {"2019-12-31": "", "2018-12-31": "", "2017-12-31": "", "2016-12-31": "", "2015-12-31": "", "2014-12-31": "", "2013-12-31": "", "2012-12-31": "", "2011-12-31": "", "2010-12-31": "", "2009-12-31": "", "2008-12-31": "", "2007-12-31": "", "2006-12-31": "", "2005-12-31": ""}, "Other Long-Term Assets": {"2019-12-31": "255.66400", "2018-12-31": "292.56200", "2017-12-31": "261.74400", "2016-12-31": "223.41900", "2015-12-31": "233.12800", "2014-12-31": "212.69200", "2013-12-31": "191.38200", "2012-12-31": "176.68900", "2011-12-31": "167.66000", "2010-12-31": "169.20800", "2009-12-31": "145.24600", "2008-12-31": "130.65800", "2007-12-31": "140.71600", "2006-12-31": "125.11100", "2005-12-31": "97.95000"}, "Total Long-Term Assets": {"2019-12-31": "6338.38300", "2018-12-31": "6052.89100", "2017-12-31": "6020.26100", "2016-12-31": "5253.25800", "2015-12-31": "4723.49300", "2014-12-31": "4354.64000", "2013-12-31": "3990.37400", "2012-12-31": "3732.06800", "2011-12-31": "3466.51600", "2010-12-31": "3029.94600", "2009-12-31": "2966.39300", "2008-12-31": "2958.08500", "2007-12-31": "2836.86000", "2006-12-31": "2588.86200", "2005-12-31": "2263.52100"}, "Total Assets": {"2019-12-31": "6794.99200", "2018-12-31": "6289.64400", "2017-12-31": "6275.75500", "2016-12-31": "5423.27900", "2015-12-31": "4896.55900", "2014-12-31": "4546.87000", "2013-12-31": "4219.29400", "2012-12-31": "3898.56500", "2011-12-31": "3666.21000", "2010-12-31": "3159.55300", "2009-12-31": "3222.30900", "2008-12-31": "3092.77600", "2007-12-31": "2989.29700", "2006-12-31": "2688.60600", "2005-12-31": "2350.85200"}, "Total Current Liabilities": {"2019-12-31": "255.50300", "2018-12-31": "177.92200", "2017-12-31": "196.33200", "2016-12-31": "201.75600", "2015-12-31": "146.53200", "2014-12-31": "145.68500", "2013-12-31": "156.27000", "2012-12-31": "120.92900", "2011-12-31": "104.66000", "2010-12-31": "102.57400", "2009-12-31": "109.06100", "2008-12-31": "86.95000", "2007-12-31": "99.36000", "2006-12-31": "97.72700", "2005-12-31": "88.08900"}, "Long Term Debt": {"2019-12-31": "3428.65600", "2018-12-31": "3229.20400", "2017-12-31": "3284.76600", "2016-12-31": "2798.45200", "2015-12-31": "2627.21600", "2014-12-31": "2409.67700", "2013-12-31": "2321.86200", "2012-12-31": "2208.60200", "2011-12-31": "2110.41000", "2010-12-31": "1767.14900", "2009-12-31": "1793.84800", "2008-12-31": "1745.78500", "2007-12-31": "1638.46000", "2006-12-31": "1696.93000", "2005-12-31": "1390.14300"}, "Other Non-Current Liabilities": {"2019-12-31": "261.31500", "2018-12-31": "278.98000", "2017-12-31": "261.98600", "2016-12-31": "203.54200", "2015-12-31": "203.56400", "2014-12-31": "179.89900", "2013-12-31": "165.44000", "2012-12-31": "164.02100", "2011-12-31": "125.21100", "2010-12-31": "108.70000", "2009-12-31": "110.33700", "2008-12-31": "113.08700", "2007-12-31": "105.02700", "2006-12-31": "87.68000", "2005-12-31": "78.58000"}, "Total Long Term Liabilities": {"2019-12-31": "3829.72900", "2018-12-31": "3644.39200", "2017-12-31": "3687.90900", "2016-12-31": "3145.68800", "2015-12-31": "2968.09600", "2014-12-31": "2708.62900", "2013-12-31": "2591.72700", "2012-12-31": "2467.04300", "2011-12-31": "2320.94600", "2010-12-31": "1941.21100", "2009-12-31": "1904.18500", "2008-12-31": "1858.87200", "2007-12-31": "1775.30500", "2006-12-31": "1806.80100", "2005-12-31": "1487.91600"}, "Total Liabilities": {"2019-12-31": "4158.86000", "2018-12-31": "3822.31400", "2017-12-31": "3884.24100", "2016-12-31": "3347.44400", "2015-12-31": "3114.62800", "2014-12-31": "2854.31400", "2013-12-31": "2747.99700", "2012-12-31": "2587.97200", "2011-12-31": "2425.60600", "2010-12-31": "2043.78500", "2009-12-31": "2013.24600", "2008-12-31": "1945.82200", "2007-12-31": "1874.66500", "2006-12-31": "1904.52800", "2005-12-31": "1576.00500"}, "Common Stock Net": {"2019-12-31": "0.75900", "2018-12-31": "0.74500", "2017-12-31": "0.73300", "2016-12-31": "0.72200", "2015-12-31": "0.69600", "2014-12-31": "0.68700", "2013-12-31": "0.66700", "2012-12-31": "0.64800", "2011-12-31": "0.63600", "2010-12-31": "0.61500", "2009-12-31": "0.61200", "2008-12-31": "0.59000", "2007-12-31": "0.60100", "2006-12-31": "0.56800", "2005-12-31": "0.54400"}, "Retained Earnings (Accumulated Deficit)": {"2019-12-31": "-791.12400", "2018-12-31": "-818.87700", "2017-12-31": "-749.36700", "2016-12-31": "-749.73400", "2015-12-31": "-724.70100", "2014-12-31": "-683.99100", "2013-12-31": "-623.79500", "2012-12-31": "-586.97000", "2011-12-31": "-555.54100", "2010-12-31": "-527.58200", "2009-12-31": "-486.44900", "2008-12-31": "-426.57400", "2007-12-31": "-407.37600", "2006-12-31": "-467.36900", "2005-12-31": "-437.81700"}, "Comprehensive Income": {"2019-12-31": "-0.81300", "2018-12-31": "-0.41600", "2017-12-31": "0.02200", "2016-12-31": "-2.57700", "2015-12-31": "-4.11000", "2014-12-31": "-3.51500", "2013-12-31": "-1.41700", "2012-12-31": "-12.38800", "2011-12-31": "-3.94000", "2010-12-31": "0.00000", "2009-12-31": "", "2008-12-31": "", "2007-12-31": "-0.80300", "2006-12-31": "-1.53100", "2005-12-31": "0.88600"}, "Other Share Holders Equity": {"2019-12-31": "", "2018-12-31": "", "2017-12-31": "", "2016-12-31": "", "2015-12-31": "", "2014-12-31": "", "2013-12-31": "", "2012-12-31": "", "2011-12-31": "", "2010-12-31": "", "2009-12-31": "", "2008-12-31": "", "2007-12-31": "", "2006-12-31": "", "2005-12-31": ""}, "Share Holder Equity": {"2019-12-31": "2636.13200", "2018-12-31": "2467.33000", "2017-12-31": "2391.51400", "2016-12-31": "2075.83500", "2015-12-31": "1781.93100", "2014-12-31": "1692.55600", "2013-12-31": "1471.29700", "2012-12-31": "1310.59300", "2011-12-31": "1240.60400", "2010-12-31": "1115.76800", "2009-12-31": "1209.06300", "2008-12-31": "1146.95400", "2007-12-31": "1114.63200", "2006-12-31": "784.07800", "2005-12-31": "774.84700"}, "Total Liabilities And Share Holders Equity": {"2019-12-31": "6794.99200", "2018-12-31": "6289.64400", "2017-12-31": "6275.75500", "2016-12-31": "5423.27900", "2015-12-31": "4896.55900", "2014-12-31": "4546.87000", "2013-12-31": "4219.29400", "2012-12-31": "3898.56500", "2011-12-31": "3666.21000", "2010-12-31": "3159.55300", "2009-12-31": "3222.30900", "2008-12-31": "3092.77600", "2007-12-31": "2989.29700", "2006-12-31": "2688.60600", "2005-12-31": "2350.85200"}}, "balance sheet, quarterly": {"Cash On Hand": {"2020-09-30": "863.27900", "2020-06-30": "980.03900", "2020-03-31": "994.68800", "2019-12-31": "127.43200", "2019-09-30": "162.54300", "2019-06-30": "105.90300", "2019-03-31": "43.00300", "2018-12-31": "64.08700", "2018-09-30": "41.87200", "2018-06-30": "56.11600", "2018-03-31": "64.40700", "2017-12-31": "15.18800", "2017-09-30": "22.85000", "2017-06-30": "96.32600", "2017-03-31": "20.11200", "2016-12-31": "23.36800", "2016-09-30": "101.28100", "2016-06-30": "18.62200", "2016-03-31": "19.71600", "2015-12-31": "21.04600", "2015-09-30": "12.86400", "2015-06-30": "22.17500", "2015-03-31": "171.43700", "2014-12-31": "47.95100", "2014-09-30": "23.91700", "2014-06-30": "41.31200", "2014-03-31": "75.69900", "2013-12-31": "88.92700", "2013-09-30": "127.83100", "2013-06-30": "108.36600", "2013-03-31": "31.27400", "2012-12-31": "36.98800", "2012-09-30": "147.68000", "2012-06-30": "82.77400", "2012-03-31": "69.18200", "2011-12-31": "67.80600", "2011-09-30": "22.07000", "2011-06-30": "19.84800", "2011-03-31": "10.00100", "2010-12-31": "15.79700", "2010-09-30": "9.17400", "2010-06-30": "23.55700", "2010-03-31": "22.59400", "2009-12-31": "135.38900", "2009-09-30": "408.42800", "2009-06-30": "170.05900", "2009-03-31": "22.46000", "2008-12-31": "15.22300", "2008-09-30": "48.99100", "2008-06-30": "20.28100", "2008-03-31": "27.65400", "2007-12-31": "50.69100", "2007-09-30": "10.28100", "2007-06-30": "11.71800", "2007-03-31": "15.98700", "2006-12-31": "11.49500", "2006-09-30": "66.42400", "2006-06-30": "14.04200", "2006-03-31": "4.79200", "2005-12-31": "8.63900", "2005-09-30": "16.57300", "2005-06-30": "13.62500", "2005-03-31": "27.64500"}, "Receivables": {"2020-09-30": "", "2020-06-30": "", "2020-03-31": "", "2019-12-31": "", "2019-09-30": "", "2019-06-30": "", "2019-03-31": "", "2018-12-31": "", "2018-09-30": "", "2018-06-30": "", "2018-03-31": "", "2017-12-31": "", "2017-09-30": "", "2017-06-30": "", "2017-03-31": "", "2016-12-31": "", "2016-09-30": "", "2016-06-30": "", "2016-03-31": "", "2015-12-31": "", "2015-09-30": "", "2015-06-30": "", "2015-03-31": "", "2014-12-31": "", "2014-09-30": "", "2014-06-30": "", "2014-03-31": "", "2013-12-31": "", "2013-09-30": "", "2013-06-30": "", "2013-03-31": "", "2012-12-31": "", "2012-09-30": "", "2012-06-30": "", "2012-03-31": "", "2011-12-31": "", "2011-09-30": "", "2011-06-30": "", "2011-03-31": "", "2010-12-31": "", "2010-09-30": "", "2010-06-30": "", "2010-03-31": "", "2009-12-31": "", "2009-09-30": "", "2009-06-30": "", "2009-03-31": "", "2008-12-31": "", "2008-09-30": "", "2008-06-30": "", "2008-03-31": "", "2007-12-31": "", "2007-09-30": "", "2007-06-30": "", "2007-03-31": "", "2006-12-31": "", "2006-09-30": "", "2006-06-30": "", "2006-03-31": "", "2005-12-31": "", "2005-09-30": "", "2005-06-30": "", "2005-03-31": ""}, "Inventory": {"2020-09-30": "", "2020-06-30": "", "2020-03-31": "", "2019-12-31": "", "2019-09-30": "", "2019-06-30": "", "2019-03-31": "", "2018-12-31": "", "2018-09-30": "", "2018-06-30": "", "2018-03-31": "", "2017-12-31": "", "2017-09-30": "", "2017-06-30": "", "2017-03-31": "", "2016-12-31": "", "2016-09-30": "", "2016-06-30": "", "2016-03-31": "", "2015-12-31": "", "2015-09-30": "", "2015-06-30": "", "2015-03-31": "", "2014-12-31": "", "2014-09-30": "", "2014-06-30": "", "2014-03-31": "", "2013-12-31": "", "2013-09-30": "", "2013-06-30": "", "2013-03-31": "", "2012-12-31": "", "2012-09-30": "", "2012-06-30": "", "2012-03-31": "", "2011-12-31": "", "2011-09-30": "", "2011-06-30": "", "2011-03-31": "", "2010-12-31": "", "2010-09-30": "", "2010-06-30": "", "2010-03-31": "", "2009-12-31": "", "2009-09-30": "", "2009-06-30": "", "2009-03-31": "", "2008-12-31": "", "2008-09-30": "", "2008-06-30": "", "2008-03-31": "", "2007-12-31": "", "2007-09-30": "", "2007-06-30": "", "2007-03-31": "", "2006-12-31": "", "2006-09-30": "", "2006-06-30": "", "2006-03-31": "", "2005-12-31": "", "2005-09-30": "", "2005-06-30": "", "2005-03-31": ""}, "Pre-Paid Expenses": {"2020-09-30": "", "2020-06-30": "", "2020-03-31": "", "2019-12-31": "", "2019-09-30": "", "2019-06-30": "", "2019-03-31": "", "2018-12-31": "", "2018-09-30": "", "2018-06-30": "", "2018-03-31": "", "2017-12-31": "", "2017-09-30": "", "2017-06-30": "", "2017-03-31": "", "2016-12-31": "", "2016-09-30": "", "2016-06-30": "", "2016-03-31": "", "2015-12-31": "", "2015-09-30": "", "2015-06-30": "", "2015-03-31": "", "2014-12-31": "", "2014-09-30": "", "2014-06-30": "", "2014-03-31": "", "2013-12-31": "", "2013-09-30": "", "2013-06-30": "", "2013-03-31": "", "2012-12-31": "", "2012-09-30": "", "2012-06-30": "", "2012-03-31": "", "2011-12-31": "", "2011-09-30": "", "2011-06-30": "", "2011-03-31": "", "2010-12-31": "", "2010-09-30": "", "2010-06-30": "", "2010-03-31": "", "2009-12-31": "", "2009-09-30": "", "2009-06-30": "", "2009-03-31": "", "2008-12-31": "", "2008-09-30": "", "2008-06-30": "", "2008-03-31": "", "2007-12-31": "", "2007-09-30": "", "2007-06-30": "", "2007-03-31": "", "2006-12-31": "", "2006-09-30": "", "2006-06-30": "", "2006-03-31": "", "2005-12-31": "", "2005-09-30": "", "2005-06-30": "", "2005-03-31": ""}, "Other Current Assets": {"2020-09-30": "", "2020-06-30": "", "2020-03-31": "", "2019-12-31": "", "2019-09-30": "", "2019-06-30": "", "2019-03-31": "", "2018-12-31": "", "2018-09-30": "", "2018-06-30": "", "2018-03-31": "", "2017-12-31": "", "2017-09-30": "", "2017-06-30": "", "2017-03-31": "", "2016-12-31": "", "2016-09-30": "", "2016-06-30": "", "2016-03-31": "", "2015-12-31": "", "2015-09-30": "", "2015-06-30": "", "2015-03-31": "", "2014-12-31": "", "2014-09-30": "", "2014-06-30": "", "2014-03-31": "", "2013-12-31": "", "2013-09-30": "", "2013-06-30": "", "2013-03-31": "", "2012-12-31": "", "2012-09-30": "", "2012-06-30": "", "2012-03-31": "", "2011-12-31": "", "2011-09-30": "", "2011-06-30": "", "2011-03-31": "", "2010-12-31": "", "2010-09-30": "", "2010-06-30": "", "2010-03-31": "", "2009-12-31": "", "2009-09-30": "", "2009-06-30": "", "2009-03-31": "", "2008-12-31": "", "2008-09-30": "", "2008-06-30": "", "2008-03-31": "", "2007-12-31": "", "2007-09-30": "", "2007-06-30": "", "2007-03-31": "", "2006-12-31": "", "2006-09-30": "", "2006-06-30": "", "2006-03-31": "", "2005-12-31": "", "2005-09-30": "", "2005-06-30": "", "2005-03-31": ""}, "Total Current Assets": {"2020-09-30": "1068.06600", "2020-06-30": "1178.01200", "2020-03-31": "1178.26300", "2019-12-31": "310.43300", "2019-09-30": "336.82700", "2019-06-30": "275.20200", "2019-03-31": "211.21100", "2018-12-31": "236.75300", "2018-09-30": "223.70400", "2018-06-30": "236.40600", "2018-03-31": "237.98400", "2017-12-31": "255.49400", "2017-09-30": "254.15700", "2017-06-30": "295.75100", "2017-03-31": "165.79100", "2016-12-31": "170.02100", "2016-09-30": "251.32000", "2016-06-30": "174.67100", "2016-03-31": "175.08300", "2015-12-31": "173.06600", "2015-09-30": "166.38100", "2015-06-30": "179.07000", "2015-03-31": "323.32900", "2014-12-31": "192.23000", "2014-09-30": "179.85400", "2014-06-30": "193.98500", "2014-03-31": "223.75500", "2013-12-31": "228.92000", "2013-09-30": "270.31300", "2013-06-30": "247.96300", "2013-03-31": "164.12100", "2012-12-31": "166.49700", "2012-09-30": "285.49300", "2012-06-30": "215.26200", "2012-03-31": "201.12900", "2011-12-31": "199.69400", "2011-09-30": "156.64900", "2011-06-30": "150.38400", "2011-03-31": "126.33400", "2010-12-31": "129.60700", "2010-09-30": "127.44500", "2010-06-30": "138.66000", "2010-03-31": "135.30900", "2009-12-31": "255.91600", "2009-09-30": "529.01700", "2009-06-30": "287.24900", "2009-03-31": "140.73600", "2008-12-31": "134.69100", "2008-09-30": "158.86700", "2008-06-30": "127.20000", "2008-03-31": "132.94000", "2007-12-31": "152.43700", "2007-09-30": "110.87500", "2007-06-30": "105.24600", "2007-03-31": "107.69900", "2006-12-31": "99.74400", "2006-09-30": "152.49300", "2006-06-30": "93.49700", "2006-03-31": "84.57300", "2005-12-31": "87.33100", "2005-09-30": "88.12900", "2005-06-30": "90.33000", "2005-03-31": "111.51800"}, "Property, Plant, And Equipment": {"2020-09-30": "6247.82300", "2020-06-30": "6237.49400", "2020-03-31": "6192.77300", "2019-12-31": "6082.71900", "2019-09-30": "5854.25000", "2019-06-30": "5726.36900", "2019-03-31": "5739.00900", "2018-12-31": "5760.32900", "2018-09-30": "5742.23300", "2018-06-30": "5774.93700", "2018-03-31": "5799.84700", "2017-12-31": "5758.51700", "2017-09-30": "5699.76500", "2017-06-30": "5283.10100", "2017-03-31": "5249.11500", "2016-12-31": "5029.83900", "2016-09-30": "4915.82200", "2016-06-30": "4806.84000", "2016-03-31": "4741.76700", "2015-12-31": "4490.36500", "2015-09-30": "4370.67000", "2015-06-30": "4335.78200", "2015-03-31": "4236.38400", "2014-12-31": "4141.94800", "2014-09-30": "4105.32600", "2014-06-30": "4060.18700", "2014-03-31": "4005.13300", "2013-12-31": "3798.99200", "2013-09-30": "3710.72400", "2013-06-30": "3664.99600", "2013-03-31": "3567.38500", "2012-12-31": "3555.37900", "2012-09-30": "3345.79200", "2012-06-30": "3306.97400", "2012-03-31": "3301.61300", "2011-12-31": "3298.85600", "2011-09-30": "2921.62600", "2011-06-30": "2908.19100", "2011-03-31": "2927.85100", "2010-12-31": "2860.73800", "2010-09-30": "2834.89000", "2010-06-30": "2818.21000", "2010-03-31": "2825.70800", "2009-12-31": "2821.14700", "2009-09-30": "2813.82500", "2009-06-30": "2818.66200", "2009-03-31": "2827.55700", "2008-12-31": "2827.42700", "2008-09-30": "2816.58700", "2008-06-30": "2767.63700", "2008-03-31": "2715.99800", "2007-12-31": "2696.14400", "2007-09-30": "2674.78400", "2007-06-30": "2656.42400", "2007-03-31": "2679.74600", "2006-12-31": "2463.75100", "2006-09-30": "2370.35500", "2006-06-30": "2156.00500", "2006-03-31": "2163.38700", "2005-12-31": "2165.57100", "2005-09-30": "2123.80100", "2005-06-30": "2123.96900", "2005-03-31": "2128.00300"}, "Long-Term Investments": {"2020-09-30": "", "2020-06-30": "", "2020-03-31": "", "2019-12-31": "", "2019-09-30": "", "2019-06-30": "", "2019-03-31": "", "2018-12-31": "", "2018-09-30": "", "2018-06-30": "", "2018-03-31": "", "2017-12-31": "", "2017-09-30": "", "2017-06-30": "", "2017-03-31": "", "2016-12-31": "", "2016-09-30": "", "2016-06-30": "", "2016-03-31": "", "2015-12-31": "", "2015-09-30": "", "2015-06-30": "", "2015-03-31": "", "2014-12-31": "", "2014-09-30": "", "2014-06-30": "", "2014-03-31": "", "2013-12-31": "", "2013-09-30": "", "2013-06-30": "", "2013-03-31": "", "2012-12-31": "", "2012-09-30": "", "2012-06-30": "", "2012-03-31": "", "2011-12-31": "", "2011-09-30": "", "2011-06-30": "", "2011-03-31": "", "2010-12-31": "", "2010-09-30": "", "2010-06-30": "", "2010-03-31": "", "2009-12-31": "", "2009-09-30": "", "2009-06-30": "", "2009-03-31": "", "2008-12-31": "", "2008-09-30": "", "2008-06-30": "", "2008-03-31": "", "2007-12-31": "", "2007-09-30": "", "2007-06-30": "", "2007-03-31": "", "2006-12-31": "", "2006-09-30": "", "2006-06-30": "", "2006-03-31": "", "2005-12-31": "", "2005-09-30": "", "2005-06-30": "", "2005-03-31": ""}, "Goodwill And Intangible Assets": {"2020-09-30": "", "2020-06-30": "", "2020-03-31": "", "2019-12-31": "", "2019-09-30": "", "2019-06-30": "", "2019-03-31": "", "2018-12-31": "", "2018-09-30": "", "2018-06-30": "", "2018-03-31": "", "2017-12-31": "", "2017-09-30": "", "2017-06-30": "", "2017-03-31": "", "2016-12-31": "", "2016-09-30": "", "2016-06-30": "", "2016-03-31": "", "2015-12-31": "", "2015-09-30": "", "2015-06-30": "", "2015-03-31": "", "2014-12-31": "", "2014-09-30": "", "2014-06-30": "", "2014-03-31": "", "2013-12-31": "", "2013-09-30": "", "2013-06-30": "", "2013-03-31": "", "2012-12-31": "", "2012-09-30": "", "2012-06-30": "", "2012-03-31": "", "2011-12-31": "", "2011-09-30": "", "2011-06-30": "", "2011-03-31": "", "2010-12-31": "", "2010-09-30": "", "2010-06-30": "", "2010-03-31": "", "2009-12-31": "", "2009-09-30": "", "2009-06-30": "", "2009-03-31": "", "2008-12-31": "", "2008-09-30": "", "2008-06-30": "", "2008-03-31": "", "2007-12-31": "", "2007-09-30": "", "2007-06-30": "", "2007-03-31": "", "2006-12-31": "", "2006-09-30": "", "2006-06-30": "", "2006-03-31": "", "2005-12-31": "", "2005-09-30": "", "2005-06-30": "", "2005-03-31": ""}, "Other Long-Term Assets": {"2020-09-30": "251.13000", "2020-06-30": "229.17200", "2020-03-31": "242.65200", "2019-12-31": "255.66400", "2019-09-30": "269.49400", "2019-06-30": "234.29800", "2019-03-31": "252.37900", "2018-12-31": "292.56200", "2018-09-30": "319.72700", "2018-06-30": "291.36000", "2018-03-31": "255.79400", "2017-12-31": "261.74400", "2017-09-30": "267.21500", "2017-06-30": "224.65100", "2017-03-31": "241.29400", "2016-12-31": "223.41900", "2016-09-30": "230.19500", "2016-06-30": "206.95700", "2016-03-31": "208.60700", "2015-12-31": "233.12800", "2015-09-30": "246.75200", "2015-06-30": "218.98600", "2015-03-31": "221.03700", "2014-12-31": "212.69200", "2014-09-30": "194.21800", "2014-06-30": "177.31300", "2014-03-31": "176.75900", "2013-12-31": "191.38200", "2013-09-30": "178.43900", "2013-06-30": "172.24400", "2013-03-31": "174.42600", "2012-12-31": "176.68900", "2012-09-30": "173.05400", "2012-06-30": "158.69300", "2012-03-31": "166.10600", "2011-12-31": "167.66000", "2011-09-30": "176.57300", "2011-06-30": "162.09300", "2011-03-31": "163.27600", "2010-12-31": "169.20800", "2010-09-30": "164.82400", "2010-06-30": "146.77500", "2010-03-31": "135.32700", "2009-12-31": "145.24600", "2009-09-30": "137.44300", "2009-06-30": "129.04500", "2009-03-31": "122.66900", "2008-12-31": "130.65800", "2008-09-30": "136.08800", "2008-06-30": "131.71000", "2008-03-31": "130.19200", "2007-12-31": "140.71600", "2007-09-30": "144.20000", "2007-06-30": "139.48500", "2007-03-31": "141.91800", "2006-12-31": "125.11100", "2006-09-30": "117.27400", "2006-06-30": "98.96700", "2006-03-31": "99.90900", "2005-12-31": "97.95000", "2005-09-30": "91.14200", "2005-06-30": "82.72300", "2005-03-31": "87.80400"}, "Total Long-Term Assets": {"2020-09-30": "6498.95300", "2020-06-30": "6466.66600", "2020-03-31": "6435.42500", "2019-12-31": "6338.38300", "2019-09-30": "6123.74400", "2019-06-30": "5960.66700", "2019-03-31": "5991.38800", "2018-12-31": "6052.89100", "2018-09-30": "6061.96000", "2018-06-30": "6066.29700", "2018-03-31": "6055.64100", "2017-12-31": "6020.26100", "2017-09-30": "5966.98000", "2017-06-30": "5507.75200", "2017-03-31": "5490.40900", "2016-12-31": "5253.25800", "2016-09-30": "5146.01700", "2016-06-30": "5013.79700", "2016-03-31": "4950.37400", "2015-12-31": "4723.49300", "2015-09-30": "4617.42200", "2015-06-30": "4554.76800", "2015-03-31": "4457.42100", "2014-12-31": "4354.64000", "2014-09-30": "4299.54400", "2014-06-30": "4237.50000", "2014-03-31": "4181.89200", "2013-12-31": "3990.37400", "2013-09-30": "3889.16300", "2013-06-30": "3837.24000", "2013-03-31": "3741.81100", "2012-12-31": "3732.06800", "2012-09-30": "3518.84600", "2012-06-30": "3465.66700", "2012-03-31": "3467.71900", "2011-12-31": "3466.51600", "2011-09-30": "3098.19900", "2011-06-30": "3070.28400", "2011-03-31": "3091.12700", "2010-12-31": "3029.94600", "2010-09-30": "2999.71400", "2010-06-30": "2964.98500", "2010-03-31": "2961.03500", "2009-12-31": "2966.39300", "2009-09-30": "2951.26800", "2009-06-30": "2947.70700", "2009-03-31": "2950.22600", "2008-12-31": "2958.08500", "2008-09-30": "2952.67500", "2008-06-30": "2899.34700", "2008-03-31": "2846.19000", "2007-12-31": "2836.86000", "2007-09-30": "2818.98400", "2007-06-30": "2795.90900", "2007-03-31": "2821.66400", "2006-12-31": "2588.86200", "2006-09-30": "2487.62900", "2006-06-30": "2254.97200", "2006-03-31": "2263.29600", "2005-12-31": "2263.52100", "2005-09-30": "2214.94300", "2005-06-30": "2206.69200", "2005-03-31": "2215.80700"}, "Total Assets": {"2020-09-30": "7711.29300", "2020-06-30": "7789.93000", "2020-03-31": "7759.91400", "2019-12-31": "6794.99200", "2019-09-30": "6607.56500", "2019-06-30": "6383.74100", "2019-03-31": "6351.36600", "2018-12-31": "6289.64400", "2018-09-30": "6285.66400", "2018-06-30": "6302.70300", "2018-03-31": "6293.62500", "2017-12-31": "6275.75500", "2017-09-30": "6221.13700", "2017-06-30": "5803.50300", "2017-03-31": "5656.20000", "2016-12-31": "5423.27900", "2016-09-30": "5397.33700", "2016-06-30": "5188.46800", "2016-03-31": "5125.45700", "2015-12-31": "4896.55900", "2015-09-30": "4783.80300", "2015-06-30": "4733.83800", "2015-03-31": "4780.75000", "2014-12-31": "4546.87000", "2014-09-30": "4479.39800", "2014-06-30": "4431.48500", "2014-03-31": "4405.64700", "2013-12-31": "4219.29400", "2013-09-30": "4159.47600", "2013-06-30": "4085.20300", "2013-03-31": "3905.93200", "2012-12-31": "3898.56500", "2012-09-30": "3804.33900", "2012-06-30": "3680.92900", "2012-03-31": "3668.84800", "2011-12-31": "3666.21000", "2011-09-30": "3254.84800", "2011-06-30": "3220.66800", "2011-03-31": "3217.46100", "2010-12-31": "3159.55300", "2010-09-30": "3127.15900", "2010-06-30": "3103.64500", "2010-03-31": "3096.34400", "2009-12-31": "3222.30900", "2009-09-30": "3480.28500", "2009-06-30": "3234.95600", "2009-03-31": "3090.96200", "2008-12-31": "3092.77600", "2008-09-30": "3111.54200", "2008-06-30": "3026.54700", "2008-03-31": "2979.13000", "2007-12-31": "2989.29700", "2007-09-30": "2929.85900", "2007-06-30": "2901.15500", "2007-03-31": "2929.36300", "2006-12-31": "2688.60600", "2006-09-30": "2640.12200", "2006-06-30": "2348.46900", "2006-03-31": "2347.86900", "2005-12-31": "2350.85200", "2005-09-30": "2303.07200", "2005-06-30": "2297.02200", "2005-03-31": "2327.32500"}, "Total Current Liabilities": {"2020-09-30": "276.39600", "2020-06-30": "244.48200", "2020-03-31": "245.96800", "2019-12-31": "255.50300", "2019-09-30": "221.78100", "2019-06-30": "177.07800", "2019-03-31": "156.02900", "2018-12-31": "177.92200", "2018-09-30": "184.68300", "2018-06-30": "178.66500", "2018-03-31": "181.36100", "2017-12-31": "196.33200", "2017-09-30": "206.44100", "2017-06-30": "190.45900", "2017-03-31": "191.90100", "2016-12-31": "201.75600", "2016-09-30": "184.00700", "2016-06-30": "171.98200", "2016-03-31": "165.40700", "2015-12-31": "146.53200", "2015-09-30": "154.76300", "2015-06-30": "137.94400", "2015-03-31": "149.37900", "2014-12-31": "145.68500", "2014-09-30": "160.20500", "2014-06-30": "168.61500", "2014-03-31": "157.35700", "2013-12-31": "156.27000", "2013-09-30": "160.63400", "2013-06-30": "138.93200", "2013-03-31": "126.71500", "2012-12-31": "120.92900", "2012-09-30": "121.23300", "2012-06-30": "110.78600", "2012-03-31": "92.35200", "2011-12-31": "104.66000", "2011-09-30": "89.62300", "2011-06-30": "86.55200", "2011-03-31": "80.53700", "2010-12-31": "102.57400", "2010-09-30": "112.49000", "2010-06-30": "106.77100", "2010-03-31": "97.05200", "2009-12-31": "109.06100", "2009-09-30": "110.39700", "2009-06-30": "109.82000", "2009-03-31": "107.13200", "2008-12-31": "86.95000", "2008-09-30": "92.58900", "2008-06-30": "99.86100", "2008-03-31": "95.75700", "2007-12-31": "99.36000", "2007-09-30": "99.46100", "2007-06-30": "91.64600", "2007-03-31": "96.40700", "2006-12-31": "97.72700", "2006-09-30": "96.16400", "2006-06-30": "79.82700", "2006-03-31": "86.91000", "2005-12-31": "88.08900", "2005-09-30": "94.94000", "2005-06-30": "80.51900", "2005-03-31": "71.90100"}, "Long Term Debt": {"2020-09-30": "4532.90100", "2020-06-30": "4534.02800", "2020-03-31": "4426.47200", "2019-12-31": "3428.65600", "2019-09-30": "3348.97600", "2019-06-30": "3229.85100", "2019-03-31": "3228.63000", "2018-12-31": "3229.20400", "2018-09-30": "3256.63400", "2018-06-30": "3320.48400", "2018-03-31": "3335.41400", "2017-12-31": "3284.76600", "2017-09-30": "3263.46200", "2017-06-30": "3142.98800", "2017-03-31": "3013.36900", "2016-12-31": "2798.45200", "2016-09-30": "2809.56400", "2016-06-30": "2664.95300", "2016-03-31": "2659.32200", "2015-12-31": "2627.21600", "2015-09-30": "2532.82500", "2015-06-30": "2539.50500", "2015-03-31": "2636.73300", "2014-12-31": "2409.67700", "2014-09-30": "2364.93600", "2014-06-30": "2357.75100", "2014-03-31": "2391.93700", "2013-12-31": "2321.86200", "2013-09-30": "2306.19800", "2013-06-30": "2309.97800", "2013-03-31": "2195.89500", "2012-12-31": "2208.60200", "2012-09-30": "2178.41500", "2012-06-30": "2110.32100", "2012-03-31": "2115.27400", "2011-12-31": "2110.41000", "2011-09-30": "1730.87500", "2011-06-30": "1760.29200", "2011-03-31": "1804.05500", "2010-12-31": "1767.14900", "2010-09-30": "1721.18900", "2010-06-30": "1697.13800", "2010-03-31": "1690.68700", "2009-12-31": "1793.84800", "2009-09-30": "2042.21700", "2009-06-30": "1896.23300", "2009-03-31": "1750.61900", "2008-12-31": "1745.78500", "2008-09-30": "1754.52100", "2008-06-30": "1665.93400", "2008-03-31": "1636.45700", "2007-12-31": "1638.46000", "2007-09-30": "1834.90300", "2007-06-30": "1813.47500", "2007-03-31": "1828.76400", "2006-12-31": "1696.93000", "2006-09-30": "1513.49600", "2006-06-30": "1393.76600", "2006-03-31": "1391.99300", "2005-12-31": "1390.14300", "2005-09-30": "1333.48700", "2005-06-30": "1342.49200", "2005-03-31": "1359.48500"}, "Other Non-Current Liabilities": {"2020-09-30": "251.27000", "2020-06-30": "247.20900", "2020-03-31": "254.25000", "2019-12-31": "261.31500", "2019-09-30": "267.37300", "2019-06-30": "256.92000", "2019-03-31": "255.37900", "2018-12-31": "278.98000", "2018-09-30": "269.46000", "2018-06-30": "274.54500", "2018-03-31": "262.19900", "2017-12-31": "261.98600", "2017-09-30": "265.62800", "2017-06-30": "231.33400", "2017-03-31": "233.12500", "2016-12-31": "203.54200", "2016-09-30": "206.69000", "2016-06-30": "202.44500", "2016-03-31": "205.55510", "2015-12-31": "203.56400", "2015-09-30": "197.46800", "2015-06-30": "194.46300", "2015-03-31": "183.56700", "2014-12-31": "179.89900", "2014-09-30": "181.79300", "2014-06-30": "176.37500", "2014-03-31": "171.71700", "2013-12-31": "165.44000", "2013-09-30": "167.71400", "2013-06-30": "158.35600", "2013-03-31": "155.54300", "2012-12-31": "164.02100", "2012-09-30": "110.91800", "2012-06-30": "111.50600", "2012-03-31": "112.68400", "2011-12-31": "125.21100", "2011-09-30": "111.22300", "2011-06-30": "109.92800", "2011-03-31": "111.20000", "2010-12-31": "108.70000", "2010-09-30": "106.60400", "2010-06-30": "105.33100", "2010-03-31": "108.04400", "2009-12-31": "110.33700", "2009-09-30": "113.40600", "2009-06-30": "114.17400", "2009-03-31": "111.58400", "2008-12-31": "113.08700", "2008-09-30": "115.68200", "2008-06-30": "117.47100", "2008-03-31": "102.14700", "2007-12-31": "105.02700", "2007-09-30": "99.21800", "2007-06-30": "93.04700", "2007-03-31": "98.59000", "2006-12-31": "87.68000", "2006-09-30": "87.22100", "2006-06-30": "78.33200", "2006-03-31": "79.77300", "2005-12-31": "78.58000", "2005-09-30": "77.45000", "2005-06-30": "77.29300", "2005-03-31": "75.59700"}, "Total Long Term Liabilities": {"2020-09-30": "4943.89200", "2020-06-30": "4940.82000", "2020-03-31": "4840.25600", "2019-12-31": "3829.72900", "2019-09-30": "3738.63100", "2019-06-30": "3621.48100", "2019-03-31": "3618.71700", "2018-12-31": "3644.39200", "2018-09-30": "3667.54200", "2018-06-30": "3736.44600", "2018-03-31": "3739.15400", "2017-12-31": "3687.90900", "2017-09-30": "3680.90500", "2017-06-30": "3526.36700", "2017-03-31": "3387.49700", "2016-12-31": "3145.68800", "2016-09-30": "3142.11500", "2016-06-30": "2993.50000", "2016-03-31": "2991.10900", "2015-12-31": "2968.09600", "2015-09-30": "2851.46500", "2015-06-30": "2854.32800", "2015-03-31": "2939.44500", "2014-12-31": "2708.62900", "2014-09-30": "2657.59400", "2014-06-30": "2644.81400", "2014-03-31": "2674.02200", "2013-12-31": "2591.72700", "2013-09-30": "2567.73200", "2013-06-30": "2562.48400", "2013-03-31": "2445.68700", "2012-12-31": "2467.04300", "2012-09-30": "2371.18400", "2012-06-30": "2303.68500", "2012-03-31": "2310.21000", "2011-12-31": "2320.94600", "2011-09-30": "1842.09800", "2011-06-30": "1870.22000", "2011-03-31": "1915.25500", "2010-12-31": "1941.21100", "2010-09-30": "1827.79300", "2010-06-30": "1802.46900", "2010-03-31": "1798.73100", "2009-12-31": "1904.18500", "2009-09-30": "2155.62300", "2009-06-30": "2010.40700", "2009-03-31": "1862.20300", "2008-12-31": "1858.87200", "2008-09-30": "1902.28800", "2008-06-30": "1815.44200", "2008-03-31": "1770.88400", "2007-12-31": "1775.30500", "2007-09-30": "1968.47500", "2007-06-30": "1944.55500", "2007-03-31": "1965.97700", "2006-12-31": "1806.80100", "2006-09-30": "1619.36100", "2006-06-30": "1491.31300", "2006-03-31": "1491.24600", "2005-12-31": "1487.91600", "2005-09-30": "1430.21900", "2005-06-30": "1438.91900", "2005-03-31": "1454.59300"}, "Total Liabilities": {"2020-09-30": "5293.20900", "2020-06-30": "5258.82900", "2020-03-31": "5160.30600", "2019-12-31": "4158.86000", "2019-09-30": "4034.44400", "2019-06-30": "3873.09500", "2019-03-31": "3849.80300", "2018-12-31": "3822.31400", "2018-09-30": "3852.22500", "2018-06-30": "3915.11100", "2018-03-31": "3920.51500", "2017-12-31": "3884.24100", "2017-09-30": "3887.34600", "2017-06-30": "3716.82600", "2017-03-31": "3579.39800", "2016-12-31": "3347.44400", "2016-09-30": "3326.12200", "2016-06-30": "3165.48200", "2016-03-31": "3156.51600", "2015-12-31": "3114.62800", "2015-09-30": "3006.22800", "2015-06-30": "2992.27200", "2015-03-31": "3088.82400", "2014-12-31": "2854.31400", "2014-09-30": "2817.79900", "2014-06-30": "2813.42900", "2014-03-31": "2831.37900", "2013-12-31": "2747.99700", "2013-09-30": "2728.36600", "2013-06-30": "2701.41600", "2013-03-31": "2572.40200", "2012-12-31": "2587.97200", "2012-09-30": "2492.41700", "2012-06-30": "2414.47100", "2012-03-31": "2402.56200", "2011-12-31": "2425.60600", "2011-09-30": "1931.72100", "2011-06-30": "1956.77200", "2011-03-31": "1995.79200", "2010-12-31": "2043.78500", "2010-09-30": "1940.28300", "2010-06-30": "1909.24000", "2010-03-31": "1895.78300", "2009-12-31": "2013.24600", "2009-09-30": "2266.02000", "2009-06-30": "2120.22700", "2009-03-31": "1969.33500", "2008-12-31": "1945.82200", "2008-09-30": "1994.87700", "2008-06-30": "1915.30300", "2008-03-31": "1866.64100", "2007-12-31": "1874.66500", "2007-09-30": "2067.93600", "2007-06-30": "2036.20100", "2007-03-31": "2062.38400", "2006-12-31": "1904.52800", "2006-09-30": "1715.52500", "2006-06-30": "1571.14000", "2006-03-31": "1578.15600", "2005-12-31": "1576.00500", "2005-09-30": "1525.15900", "2005-06-30": "1519.43800", "2005-03-31": "1526.49400"}, "Common Stock Net": {"2020-09-30": "0.76000", "2020-06-30": "0.76000", "2020-03-31": "0.76000", "2019-12-31": "0.75900", "2019-09-30": "0.75800", "2019-06-30": "0.75200", "2019-03-31": "0.75200", "2018-12-31": "0.74500", "2018-09-30": "0.74100", "2018-06-30": "0.73700", "2018-03-31": "0.73500", "2017-12-31": "0.73300", "2017-09-30": "0.72800", "2017-06-30": "0.72500", "2017-03-31": "0.72500", "2016-12-31": "0.72200", "2016-09-30": "0.72100", "2016-06-30": "0.71600", "2016-03-31": "0.71000", "2015-12-31": "0.69600", "2015-09-30": "0.69600", "2015-06-30": "0.69200", "2015-03-31": "0.68800", "2014-12-31": "0.68700", "2014-09-30": "0.68200", "2014-06-30": "0.67800", "2014-03-31": "0.67300", "2013-12-31": "0.66700", "2013-09-30": "0.66000", "2013-06-30": "0.65700", "2013-03-31": "0.65300", "2012-12-31": "0.64800", "2012-09-30": "0.64700", "2012-06-30": "0.64100", "2012-03-31": "0.63900", "2011-12-31": "0.63600", "2011-09-30": "0.63500", "2011-06-30": "0.62800", "2011-03-31": "0.62200", "2010-12-31": "0.61500", "2010-09-30": "0.61500", "2010-06-30": "0.61400", "2010-03-31": "0.61300", "2009-12-31": "0.61200", "2009-09-30": "0.61200", "2009-06-30": "0.59200", "2009-03-31": "0.59100", "2008-12-31": "0.59000", "2008-09-30": "0.60500", "2008-06-30": "0.60400", "2008-03-31": "0.60300", "2007-12-31": "0.60100", "2007-09-30": "0.58100", "2007-06-30": "0.57900", "2007-03-31": "0.57800", "2006-12-31": "0.56800", "2006-09-30": "0.56800", "2006-06-30": "0.54500", "2006-03-31": "0.54500", "2005-12-31": "0.54400", "2005-09-30": "0.54200", "2005-06-30": "0.54100", "2005-03-31": "0.54000"}, "Retained Earnings (Accumulated Deficit)": {"2020-09-30": "-999.66400", "2020-06-30": "-889.19500", "2020-03-31": "-818.28400", "2019-12-31": "-791.12400", "2019-09-30": "-857.15200", "2019-06-30": "-841.50500", "2019-03-31": "-843.94700", "2018-12-31": "-818.87700", "2018-09-30": "-795.64900", "2018-06-30": "-780.97300", "2018-03-31": "-769.31100", "2017-12-31": "-749.36700", "2017-09-30": "-724.91900", "2017-06-30": "-759.05800", "2017-03-31": "-764.45800", "2016-12-31": "-749.73400", "2016-09-30": "-737.12400", "2016-06-30": "-725.66500", "2016-03-31": "-714.45200", "2015-12-31": "-724.70100", "2015-09-30": "-727.20300", "2015-06-30": "-714.23900", "2015-03-31": "-697.69200", "2014-12-31": "-683.99100", "2014-09-30": "-659.33400", "2014-06-30": "-647.00600", "2014-03-31": "-637.63800", "2013-12-31": "-623.79500", "2013-09-30": "-600.09100", "2013-06-30": "-610.56900", "2013-03-31": "-600.02400", "2012-12-31": "-586.97000", "2012-09-30": "-577.21400", "2012-06-30": "-568.54100", "2012-03-31": "-556.78300", "2011-12-31": "-555.54100", "2011-09-30": "-542.48000", "2011-06-30": "-545.58900", "2011-03-31": "-538.20000", "2010-12-31": "-527.58200", "2010-09-30": "-519.05000", "2010-06-30": "-507.38900", "2010-03-31": "-497.84300", "2009-12-31": "-486.44900", "2009-09-30": "-477.86800", "2009-06-30": "-464.79200", "2009-03-31": "-454.62900", "2008-12-31": "-426.57400", "2008-09-30": "-421.82400", "2008-06-30": "-420.46900", "2008-03-31": "-413.37600", "2007-12-31": "-407.37600", "2007-09-30": "-493.63500", "2007-06-30": "-482.49200", "2007-03-31": "-476.65200", "2006-12-31": "-467.36900", "2006-09-30": "-453.40900", "2006-06-30": "-443.75600", "2006-03-31": "-449.69200", "2005-12-31": "-437.81700", "2005-09-30": "-430.15000", "2005-06-30": "-428.69500", "2005-03-31": "-421.40400"}, "Comprehensive Income": {"2020-09-30": "-7.30000", "2020-06-30": "-7.75800", "2020-03-31": "-7.26500", "2019-12-31": "-0.81300", "2019-09-30": "-1.13500", "2019-06-30": "-1.02400", "2019-03-31": "-0.62500", "2018-12-31": "-0.41600", "2018-09-30": "0.12700", "2018-06-30": "0.41200", "2018-03-31": "0.48900", "2017-12-31": "0.02200", "2017-09-30": "-0.74200", "2017-06-30": "-1.10000", "2017-03-31": "-1.49300", "2016-12-31": "-2.57700", "2016-09-30": "-5.39400", "2016-06-30": "-7.29300", "2016-03-31": "-6.88500", "2015-12-31": "-4.11000", "2015-09-30": "-7.13000", "2015-06-30": "-4.90900", "2015-03-31": "-5.97600", "2014-12-31": "-3.51500", "2014-09-30": "-1.76000", "2014-06-30": "-4.06000", "2014-03-31": "-1.96000", "2013-12-31": "-1.41700", "2013-09-30": "-3.53900", "2013-06-30": "-2.36800", "2013-03-31": "-10.77300", "2012-12-31": "-12.38800", "2012-09-30": "-13.22700", "2012-06-30": "-10.37500", "2012-03-31": "-2.58200", "2011-12-31": "-3.94000", "2011-09-30": "", "2011-06-30": "", "2011-03-31": "", "2010-12-31": "", "2010-09-30": "", "2010-06-30": "", "2010-03-31": "", "2009-12-31": "", "2009-09-30": "", "2009-06-30": "", "2009-03-31": "", "2008-12-31": "", "2008-09-30": "0.08600", "2008-06-30": "-0.69300", "2008-03-31": "-1.23200", "2007-12-31": "-0.80300", "2007-09-30": "-0.80300", "2007-06-30": "-0.80300", "2007-03-31": "-1.53100", "2006-12-31": "-1.53100", "2006-09-30": "-1.59600", "2006-06-30": "-0.51600", "2006-03-31": "0.32900", "2005-12-31": "0.88600", "2005-09-30": "1.24900", "2005-06-30": "0.98000", "2005-03-31": "1.35400"}, "Other Share Holders Equity": {"2020-09-30": "", "2020-06-30": "", "2020-03-31": "", "2019-12-31": "", "2019-09-30": "", "2019-06-30": "", "2019-03-31": "", "2018-12-31": "", "2018-09-30": "", "2018-06-30": "", "2018-03-31": "", "2017-12-31": "", "2017-09-30": "", "2017-06-30": "", "2017-03-31": "", "2016-12-31": "", "2016-09-30": "", "2016-06-30": "", "2016-03-31": "", "2015-12-31": "", "2015-09-30": "", "2015-06-30": "", "2015-03-31": "", "2014-12-31": "", "2014-09-30": "", "2014-06-30": "", "2014-03-31": "", "2013-12-31": "", "2013-09-30": "", "2013-06-30": "", "2013-03-31": "", "2012-12-31": "", "2012-09-30": "", "2012-06-30": "", "2012-03-31": "", "2011-12-31": "", "2011-09-30": "", "2011-06-30": "", "2011-03-31": "", "2010-12-31": "", "2010-09-30": "", "2010-06-30": "", "2010-03-31": "", "2009-12-31": "", "2009-09-30": "", "2009-06-30": "", "2009-03-31": "", "2008-12-31": "", "2008-09-30": "", "2008-06-30": "", "2008-03-31": "", "2007-12-31": "", "2007-09-30": "", "2007-06-30": "", "2007-03-31": "", "2006-12-31": "", "2006-09-30": "", "2006-06-30": "", "2006-03-31": "", "2005-12-31": "", "2005-09-30": "", "2005-06-30": "", "2005-03-31": ""}, "Share Holder Equity": {"2020-09-30": "2418.08400", "2020-06-30": "2531.10100", "2020-03-31": "2599.60800", "2019-12-31": "2636.13200", "2019-09-30": "2573.12100", "2019-06-30": "2510.64600", "2019-03-31": "2501.56300", "2018-12-31": "2467.33000", "2018-09-30": "2433.43900", "2018-06-30": "2387.59200", "2018-03-31": "2373.11000", "2017-12-31": "2391.51400", "2017-09-30": "2333.79100", "2017-06-30": "2086.67700", "2017-03-31": "2076.80200", "2016-12-31": "2075.83500", "2016-09-30": "2071.21500", "2016-06-30": "2022.98600", "2016-03-31": "1968.94100", "2015-12-31": "1781.93100", "2015-09-30": "1777.57500", "2015-06-30": "1741.56600", "2015-03-31": "1691.92600", "2014-12-31": "1692.55600", "2014-09-30": "1661.59900", "2014-06-30": "1618.05600", "2014-03-31": "1574.26800", "2013-12-31": "1471.29700", "2013-09-30": "1431.11000", "2013-06-30": "1383.78700", "2013-03-31": "1333.53000", "2012-12-31": "1310.59300", "2012-09-30": "1311.92200", "2012-06-30": "1266.45800", "2012-03-31": "1266.28600", "2011-12-31": "1240.60400", "2011-09-30": "1323.12700", "2011-06-30": "1263.89600", "2011-03-31": "1221.66900", "2010-12-31": "1115.76800", "2010-09-30": "1186.87600", "2010-06-30": "1194.40500", "2010-03-31": "1200.56100", "2009-12-31": "1209.06300", "2009-09-30": "1214.26500", "2009-06-30": "1114.72900", "2009-03-31": "1121.62700", "2008-12-31": "1146.95400", "2008-09-30": "1116.66500", "2008-06-30": "1111.24400", "2008-03-31": "1112.48900", "2007-12-31": "1114.63200", "2007-09-30": "861.92300", "2007-06-30": "864.95400", "2007-03-31": "866.97900", "2006-12-31": "784.07800", "2006-09-30": "924.59700", "2006-06-30": "777.32900", "2006-03-31": "769.71300", "2005-12-31": "774.84700", "2005-09-30": "777.91300", "2005-06-30": "777.58400", "2005-03-31": "800.83100"}, "Total Liabilities And Share Holders Equity": {"2020-09-30": "7711.29300", "2020-06-30": "7789.93000", "2020-03-31": "7759.91400", "2019-12-31": "6794.99200", "2019-09-30": "6607.56500", "2019-06-30": "6383.74100", "2019-03-31": "6351.36600", "2018-12-31": "6289.64400", "2018-09-30": "6285.66400", "2018-06-30": "6302.70300", "2018-03-31": "6293.62500", "2017-12-31": "6275.75500", "2017-09-30": "6221.13700", "2017-06-30": "5803.50300", "2017-03-31": "5656.20000", "2016-12-31": "5423.27900", "2016-09-30": "5397.33700", "2016-06-30": "5188.46800", "2016-03-31": "5125.45700", "2015-12-31": "4896.55900", "2015-09-30": "4783.80300", "2015-06-30": "4733.83800", "2015-03-31": "4780.75000", "2014-12-31": "4546.87000", "2014-09-30": "4479.39800", "2014-06-30": "4431.48500", "2014-03-31": "4405.64700", "2013-12-31": "4219.29400", "2013-09-30": "4159.47600", "2013-06-30": "4085.20300", "2013-03-31": "3905.93200", "2012-12-31": "3898.56500", "2012-09-30": "3804.33900", "2012-06-30": "3680.92900", "2012-03-31": "3668.84800", "2011-12-31": "3666.21000", "2011-09-30": "3254.84800", "2011-06-30": "3220.66800", "2011-03-31": "3217.46100", "2010-12-31": "3159.55300", "2010-09-30": "3127.15900", "2010-06-30": "3103.64500", "2010-03-31": "3096.34400", "2009-12-31": "3222.30900", "2009-09-30": "3480.28500", "2009-06-30": "3234.95600", "2009-03-31": "3090.96200", "2008-12-31": "3092.77600", "2008-09-30": "3111.54200", "2008-06-30": "3026.54700", "2008-03-31": "2979.13000", "2007-12-31": "2989.29700", "2007-09-30": "2929.85900", "2007-06-30": "2901.15500", "2007-03-31": "2929.36300", "2006-12-31": "2688.60600", "2006-09-30": "2640.12200", "2006-06-30": "2348.46900", "2006-03-31": "2347.86900", "2005-12-31": "2350.85200", "2005-09-30": "2303.07200", "2005-06-30": "2297.02200", "2005-03-31": "2327.32500"}}, "cash flow statement": {"Net Income/Loss": {"2019-12-31": "360.54200", "2018-12-31": "249.02600", "2017-12-31": "297.87000", "2016-12-31": "258.88300", "2015-12-31": "218.42400", "2014-12-31": "172.28900", "2013-12-31": "167.60800", "2012-12-31": "156.23200", "2011-12-31": "149.61200", "2010-12-31": "128.23700", "2009-12-31": "103.87200", "2008-12-31": "135.15300", "2007-12-31": "201.12700", "2006-12-31": "118.71200", "2005-12-31": "114.61200"}, "Total Depreciation And Amortization - Cash Flow": {"2019-12-31": "239.75800", "2018-12-31": "244.24500", "2017-12-31": "216.05000", "2016-12-31": "193.58500", "2015-12-31": "174.79600", "2014-12-31": "170.81400", "2013-12-31": "161.09900", "2012-12-31": "142.03900", "2011-12-31": "126.56800", "2010-12-31": "119.81700", "2009-12-31": "115.09300", "2008-12-31": "111.06900", "2007-12-31": "105.96600", "2006-12-31": "97.87900", "2005-12-31": "91.50300"}, "Other Non-Cash Items": {"2019-12-31": "-114.38100", "2018-12-31": "-8.51700", "2017-12-31": "-65.23200", "2016-12-31": "-32.50800", "2015-12-31": "-10.67400", "2014-12-31": "4.90100", "2013-12-31": "-17.04900", "2012-12-31": "-13.61700", "2011-12-31": "-19.20500", "2010-12-31": "0.08100", "2009-12-31": "15.70900", "2008-12-31": "-14.18400", "2007-12-31": "-96.16300", "2006-12-31": "-20.25900", "2005-12-31": "-26.00700"}, "Total Non-Cash Items": {"2019-12-31": "125.37700", "2018-12-31": "235.72800", "2017-12-31": "150.81800", "2016-12-31": "161.07700", "2015-12-31": "164.12200", "2014-12-31": "175.71500", "2013-12-31": "144.05000", "2012-12-31": "128.42200", "2011-12-31": "107.36300", "2010-12-31": "119.89800", "2009-12-31": "130.80200", "2008-12-31": "96.88500", "2007-12-31": "9.80300", "2006-12-31": "77.62000", "2005-12-31": "65.49600"}, "Change In Accounts Receivable": {"2019-12-31": "-16.12800", "2018-12-31": "0.91700", "2017-12-31": "2.05900", "2016-12-31": "1.86800", "2015-12-31": "-9.20000", "2014-12-31": "-3.06300", "2013-12-31": "-6.32100", "2012-12-31": "7.33200", "2011-12-31": "1.88800", "2010-12-31": "7.46100", "2009-12-31": "7.07900", "2008-12-31": "-6.30300", "2007-12-31": "-6.74300", "2006-12-31": "-3.78600", "2005-12-31": "-3.27400"}, "Change In Inventories": {"2019-12-31": "", "2018-12-31": "", "2017-12-31": "", "2016-12-31": "", "2015-12-31": "", "2014-12-31": "", "2013-12-31": "", "2012-12-31": "", "2011-12-31": "", "2010-12-31": "", "2009-12-31": "", "2008-12-31": "", "2007-12-31": "", "2006-12-31": "", "2005-12-31": ""}, "Change In Accounts Payable": {"2019-12-31": "", "2018-12-31": "", "2017-12-31": "", "2016-12-31": "", "2015-12-31": "", "2014-12-31": "", "2013-12-31": "", "2012-12-31": "", "2011-12-31": "", "2010-12-31": "", "2009-12-31": "", "2008-12-31": "", "2007-12-31": "", "2006-12-31": "", "2005-12-31": ""}, "Change In Assets/Liabilities": {"2019-12-31": "-10.36800", "2018-12-31": "24.22000", "2017-12-31": "-3.48700", "2016-12-31": "-1.78900", "2015-12-31": "-2.96600", "2014-12-31": "-3.79700", "2013-12-31": "1.13200", "2012-12-31": "-2.96000", "2011-12-31": "-3.02900", "2010-12-31": "-2.08100", "2009-12-31": "-0.00600", "2008-12-31": "5.29400", "2007-12-31": "12.02300", "2006-12-31": "-11.06600", "2005-12-31": "-6.94700"}, "Total Change In Assets/Liabilities": {"2019-12-31": "-24.16900", "2018-12-31": "27.78700", "2017-12-31": "12.81400", "2016-12-31": "7.23800", "2015-12-31": "-13.47100", "2014-12-31": "-2.60700", "2013-12-31": "0.13600", "2012-12-31": "7.63100", "2011-12-31": "-16.13500", "2010-12-31": "4.50100", "2009-12-31": "16.82600", "2008-12-31": "-5.33800", "2007-12-31": "5.54600", "2006-12-31": "-12.00600", "2005-12-31": "-9.46900"}, "Cash Flow From Operating Activities": {"2019-12-31": "461.91900", "2018-12-31": "516.68800", "2017-12-31": "458.82800", "2016-12-31": "427.67200", "2015-12-31": "369.04600", "2014-12-31": "346.13000", "2013-12-31": "314.49800", "2012-12-31": "296.63300", "2011-12-31": "244.71100", "2010-12-31": "256.73500", "2009-12-31": "256.76500", "2008-12-31": "228.28500", "2007-12-31": "214.20900", "2006-12-31": "186.65400", "2005-12-31": "174.94100"}, "Net Change In Property, Plant, And Equipment": {"2019-12-31": "-409.91000", "2018-12-31": "-368.25800", "2017-12-31": "-518.93600", "2016-12-31": "-437.28000", "2015-12-31": "-282.53300", "2014-12-31": "-360.95800", "2013-12-31": "-290.14200", "2012-12-31": "-180.67100", "2011-12-31": "-142.46200", "2010-12-31": "-89.09500", "2009-12-31": "-102.07900", "2008-12-31": "-137.98600", "2007-12-31": "-137.35500", "2006-12-31": "-119.67900", "2005-12-31": "-169.65700"}, "Net Change In Intangible Assets": {"2019-12-31": "", "2018-12-31": "", "2017-12-31": "", "2016-12-31": "", "2015-12-31": "", "2014-12-31": "", "2013-12-31": "", "2012-12-31": "", "2011-12-31": "", "2010-12-31": "", "2009-12-31": "", "2008-12-31": "", "2007-12-31": "", "2006-12-31": "", "2005-12-31": ""}, "Net Acquisitions/Divestitures": {"2019-12-31": "117.48100", "2018-12-31": "164.27200", "2017-12-31": "-301.71700", "2016-12-31": "-142.95800", "2015-12-31": "-56.89100", "2014-12-31": "1.25200", "2013-12-31": "-44.41000", "2012-12-31": "-80.86500", "2011-12-31": "-79.86200", "2010-12-31": "-57.13300", "2009-12-31": "-8.40900", "2008-12-31": "-54.73500", "2007-12-31": "14.49200", "2006-12-31": "-184.63900", "2005-12-31": "16.22100"}, "Net Change In Short-term Investments": {"2019-12-31": "", "2018-12-31": "", "2017-12-31": "", "2016-12-31": "", "2015-12-31": "", "2014-12-31": "", "2013-12-31": "", "2012-12-31": "", "2011-12-31": "", "2010-12-31": "", "2009-12-31": "", "2008-12-31": "", "2007-12-31": "", "2006-12-31": "", "2005-12-31": ""}, "Net Change In Long-Term Investments": {"2019-12-31": "-1.05200", "2018-12-31": "-1.03700", "2017-12-31": "-0.69600", "2016-12-31": "-7.22000", "2015-12-31": "-2.80200", "2014-12-31": "-6.73100", "2013-12-31": "", "2012-12-31": "", "2011-12-31": "-6.94700", "2010-12-31": "-16.93000", "2009-12-31": "-7.02000", "2008-12-31": "", "2007-12-31": "-20.42700", "2006-12-31": "-4.96000", "2005-12-31": "-0.01300"}, "Net Change In Investments - Total": {"2019-12-31": "-1.05200", "2018-12-31": "-1.03700", "2017-12-31": "-0.69600", "2016-12-31": "-7.22000", "2015-12-31": "-2.80200", "2014-12-31": "-6.73100", "2013-12-31": "", "2012-12-31": "", "2011-12-31": "-6.94700", "2010-12-31": "-16.93000", "2009-12-31": "-7.02000", "2008-12-31": "", "2007-12-31": "-20.42700", "2006-12-31": "-4.96000", "2005-12-31": "-0.01300"}, "Investing Activities - Other": {"2019-12-31": "-23.05100", "2018-12-31": "12.77600", "2017-12-31": "-16.57300", "2016-12-31": "-2.76300", "2015-12-31": "-11.53700", "2014-12-31": "-29.71300", "2013-12-31": "-10.64600", "2012-12-31": "-12.02200", "2011-12-31": "32.90200", "2010-12-31": "-23.93000", "2009-12-31": "-9.83300", "2008-12-31": "-14.84600", "2007-12-31": "-8.14900", "2006-12-31": "-8.15100", "2005-12-31": "0.71900"}, "Cash Flow From Investing Activities": {"2019-12-31": "-316.53200", "2018-12-31": "-192.24700", "2017-12-31": "-837.92200", "2016-12-31": "-590.22100", "2015-12-31": "-353.76300", "2014-12-31": "-396.15000", "2013-12-31": "-345.19800", "2012-12-31": "-273.55800", "2011-12-31": "-196.36900", "2010-12-31": "-187.08800", "2009-12-31": "-127.34100", "2008-12-31": "-207.56700", "2007-12-31": "-151.43900", "2006-12-31": "-317.42900", "2005-12-31": "-152.73000"}, "Net Long-Term Debt": {"2019-12-31": "-301.02900", "2018-12-31": "-16.62000", "2017-12-31": "-218.25800", "2016-12-31": "-49.55900", "2015-12-31": "55.60800", "2014-12-31": "-228.66200", "2013-12-31": "-466.23500", "2012-12-31": "-223.01500", "2011-12-31": "105.24100", "2010-12-31": "-252.39000", "2009-12-31": "13.52900", "2008-12-31": "-39.31200", "2007-12-31": "-157.60300", "2006-12-31": "63.83500", "2005-12-31": "79.45800"}, "Net Current Debt": {"2019-12-31": "395.90100", "2018-12-31": "-41.00000", "2017-12-31": "613.13400", "2016-12-31": "184.87900", "2015-12-31": "53.50000", "2014-12-31": "244.57900", "2013-12-31": "562.46000", "2012-12-31": "244.80700", "2011-12-31": "-81.15900", "2010-12-31": "225.00700", "2009-12-31": "24.03400", "2008-12-31": "123.50000", "2007-12-31": "101.52500", "2006-12-31": "191.18800", "2005-12-31": "0.50000"}, "Debt Issuance/Retirement Net - Total": {"2019-12-31": "94.87200", "2018-12-31": "-57.62000", "2017-12-31": "394.87600", "2016-12-31": "135.32000", "2015-12-31": "109.10800", "2014-12-31": "15.91700", "2013-12-31": "96.22500", "2012-12-31": "21.79200", "2011-12-31": "24.08200", "2010-12-31": "-27.38300", "2009-12-31": "37.56300", "2008-12-31": "84.18800", "2007-12-31": "-56.07800", "2006-12-31": "255.02300", "2005-12-31": "79.95800"}, "Net Common Equity Issued/Repurchased": {"2019-12-31": "143.02700", "2018-12-31": "130.91800", "2017-12-31": "118.58300", "2016-12-31": "329.10300", "2015-12-31": "110.85500", "2014-12-31": "216.15500", "2013-12-31": "186.54800", "2012-12-31": "112.27000", "2011-12-31": "154.92100", "2010-12-31": "6.61000", "2009-12-31": "115.50200", "2008-12-31": "11.58500", "2007-12-31": "170.85500", "2006-12-31": "161.29200", "2005-12-31": "14.11100"}, "Net Total Equity Issued/Repurchased": {"2019-12-31": "143.02700", "2018-12-31": "130.91800", "2017-12-31": "263.57400", "2016-12-31": "329.10300", "2015-12-31": "110.85500", "2014-12-31": "216.15500", "2013-12-31": "186.54800", "2012-12-31": "112.27000", "2011-12-31": "154.92100", "2010-12-31": "6.61000", "2009-12-31": "115.50200", "2008-12-31": "11.58500", "2007-12-31": "170.85500", "2006-12-31": "26.29200", "2005-12-31": "14.11100"}, "Total Common And Preferred Stock Dividends Paid": {"2019-12-31": "-313.64900", "2018-12-31": "-301.19400", "2017-12-31": "-282.99500", "2016-12-31": "-267.69400", "2015-12-31": "-243.31400", "2014-12-31": "-215.21600", "2013-12-31": "-193.01600", "2012-12-31": "-178.02000", "2011-12-31": "-167.31300", "2010-12-31": "-163.12000", "2009-12-31": "-156.10000", "2008-12-31": "-146.41800", "2007-12-31": "-131.44300", "2006-12-31": "-142.94700", "2005-12-31": "-133.37700"}, "Financial Activities - Other": {"2019-12-31": "-24.35500", "2018-12-31": "-13.41300", "2017-12-31": "-6.01000", "2016-12-31": "-27.89100", "2015-12-31": "-18.83700", "2014-12-31": "-7.81200", "2013-12-31": "-7.11800", "2012-12-31": "-9.93500", "2011-12-31": "-8.02300", "2010-12-31": "-5.34600", "2009-12-31": "-6.22300", "2008-12-31": "-5.54100", "2007-12-31": "-6.90800", "2006-12-31": "-4.73700", "2005-12-31": "-4.73900"}, "Cash Flow From Financial Activities": {"2019-12-31": "-100.10500", "2018-12-31": "-241.30900", "2017-12-31": "369.44500", "2016-12-31": "168.83800", "2015-12-31": "-42.18800", "2014-12-31": "9.04400", "2013-12-31": "82.63900", "2012-12-31": "-53.89300", "2011-12-31": "3.66700", "2010-12-31": "-189.23900", "2009-12-31": "-9.25800", "2008-12-31": "-56.18600", "2007-12-31": "-23.57400", "2006-12-31": "133.63100", "2005-12-31": "-44.04700"}, "Net Cash Flow": {"2019-12-31": "45.28200", "2018-12-31": "83.13200", "2017-12-31": "-9.64900", "2016-12-31": "6.28900", "2015-12-31": "-26.90500", "2014-12-31": "-40.97600", "2013-12-31": "51.93900", "2012-12-31": "-30.81800", "2011-12-31": "52.00900", "2010-12-31": "-119.59200", "2009-12-31": "120.16600", "2008-12-31": "-35.46800", "2007-12-31": "39.19600", "2006-12-31": "2.85600", "2005-12-31": "-21.83600"}, "Stock-Based Compensation": {"2019-12-31": "", "2018-12-31": "", "2017-12-31": "", "2016-12-31": "", "2015-12-31": "", "2014-12-31": "", "2013-12-31": "", "2012-12-31": "", "2011-12-31": "", "2010-12-31": "", "2009-12-31": "", "2008-12-31": "", "2007-12-31": "", "2006-12-31": "", "2005-12-31": ""}, "Common Stock Dividends Paid": {"2019-12-31": "-313.64900", "2018-12-31": "-301.19400", "2017-12-31": "-282.99500", "2016-12-31": "-267.69400", "2015-12-31": "-243.31400", "2014-12-31": "-215.21600", "2013-12-31": "-193.01600", "2012-12-31": "-178.02000", "2011-12-31": "-167.31300", "2010-12-31": "-163.12000", "2009-12-31": "-156.10000", "2008-12-31": "-146.41800", "2007-12-31": "-131.44300", "2006-12-31": "-142.94700", "2005-12-31": "-133.37700"}}, "cash flow statement, quarterly": {"Net Income/Loss": {"2020-09-30": -33.623, "2020-06-30": 10.859, "2020-03-31": "56.44100", "2019-12-31": 148.966, "2019-09-30": 67.106, "2019-06-30": 82.667, "2019-03-31": "61.80300", "2018-12-31": 56.382, "2018-09-30": 64.18, "2018-06-30": 65.533, "2018-03-31": "62.93100", "2017-12-31": 52.785, "2017-09-30": 108.882, "2017-06-30": 78.133, "2017-03-31": "58.07000", "2016-12-31": 59.724, "2016-09-30": 61.198, "2016-06-30": 58.898, "2016-03-31": "79.06300", "2015-12-31": 69.998, "2015-09-30": 54.55, "2015-06-30": 45.673, "2015-03-31": "48.20300", "2014-12-31": 37.279, "2014-09-30": 49.049, "2014-06-30": 45.416, "2014-03-31": "40.54500", "2013-12-31": 29.603, "2013-09-30": 63.366, "2013-06-30": 38.797, "2013-03-31": "35.84200", "2012-12-31": 38.858, "2012-09-30": 39.656, "2012-06-30": 33.596, "2012-03-31": "44.12200", "2011-12-31": 32.455, "2011-09-30": 48.302, "2011-06-30": 36.471, "2011-03-31": "32.38400", "2010-12-31": 34.305, "2010-09-30": 31.01, "2010-06-30": 32.368, "2010-03-31": "30.55400", "2009-12-31": 33.366, "2009-09-30": 28.839, "2009-06-30": 29.794, "2009-03-31": "11.87300", "2008-12-31": 35.035, "2008-09-30": 38.417, "2008-06-30": 30.383, "2008-03-31": "31.31800", "2007-12-31": 127.758, "2007-09-30": 23.515, "2007-06-30": 26.718, "2007-03-31": "23.13600", "2006-12-31": 24.441, "2006-09-30": 24.984, "2006-06-30": 38.256, "2006-03-31": "31.03100", "2005-12-31": 35.128, "2005-09-30": 30.68, "2005-06-30": 24.807, "2005-03-31": "23.99700"}, "Total Depreciation And Amortization - Cash Flow": {"2020-09-30": 65.631, "2020-06-30": 62.784, "2020-03-31": "62.18800", "2019-12-31": 61.431, "2019-09-30": 59.648, "2019-06-30": 59.057, "2019-03-31": "59.62200", "2018-12-31": 66.976, "2018-09-30": 60.778, "2018-06-30": 58.381, "2018-03-31": "58.11000", "2017-12-31": 56.394, "2017-09-30": 55.611, "2017-06-30": 52.666, "2017-03-31": "51.37900", "2016-12-31": 48.448, "2016-09-30": 48.903, "2016-06-30": 48.435, "2016-03-31": "47.79900", "2015-12-31": 46.423, "2015-09-30": 43.718, "2015-06-30": 42.671, "2015-03-31": "41.98400", "2014-12-31": 43.411, "2014-09-30": 42.66, "2014-06-30": 40.893, "2014-03-31": "43.85000", "2013-12-31": 41.214, "2013-09-30": 39.408, "2013-06-30": 39.853, "2013-03-31": "40.62400", "2012-12-31": 35.337, "2012-09-30": 34.932, "2012-06-30": 35.199, "2012-03-31": "36.57100", "2011-12-31": 31.853, "2011-09-30": 32.083, "2011-06-30": 32.063, "2011-03-31": "30.56900", "2010-12-31": 30.116, "2010-09-30": 29.591, "2010-06-30": 31.178, "2010-03-31": "28.93200", "2009-12-31": 28.458, "2009-09-30": 28.41, "2009-06-30": 29.633, "2009-03-31": "28.59200", "2008-12-31": 29.231, "2008-09-30": 28.643, "2008-06-30": 27.795, "2008-03-31": "25.40000", "2007-12-31": 26.509, "2007-09-30": 26.072, "2007-06-30": 26.901, "2007-03-31": "26.48400", "2006-12-31": 25.561, "2006-09-30": 23.979, "2006-06-30": 24.302, "2006-03-31": "24.03700", "2005-12-31": 23.192, "2005-09-30": 22.724, "2005-06-30": 22.992, "2005-03-31": "22.59500"}, "Other Non-Cash Items": {"2020-09-30": 58.839, "2020-06-30": -7.81, "2020-03-31": "1.16400", "2019-12-31": -85.193, "2019-09-30": -14.044, "2019-06-30": -16.578, "2019-03-31": "1.43400", "2018-12-31": -0.797, "2018-09-30": -1.685, "2018-06-30": -3.244, "2018-03-31": "-2.79100", "2017-12-31": 4.421, "2017-09-30": -50.593, "2017-06-30": -18.882, "2017-03-31": "-0.17800", "2016-12-31": -0.009, "2016-09-30": -4.945, "2016-06-30": -1.787, "2016-03-31": "-25.76700", "2015-12-31": -17.251, "2015-09-30": -0.36, "2015-06-30": 7.157, "2015-03-31": "-0.22000", "2014-12-31": 10.211, "2014-09-30": -4.847, "2014-06-30": -0.25, "2014-03-31": "-0.21300", "2013-12-31": 12.871, "2013-09-30": -24.242, "2013-06-30": -5.366, "2013-03-31": "-0.31200", "2012-12-31": -0.528, "2012-09-30": -0.49, "2012-06-30": -0.438, "2012-03-31": "-12.16100", "2011-12-31": -0.882, "2011-09-30": -15.191, "2011-06-30": -2.513, "2011-03-31": "-0.61900", "2010-12-31": -0.804, "2010-09-30": -0.125, "2010-06-30": -1.598, "2010-03-31": "2.60800", "2009-12-31": -3.519, "2009-09-30": -0.473, "2009-06-30": 0.2, "2009-03-31": "19.50100", "2008-12-31": -5.566, "2008-09-30": -7.845, "2008-06-30": -0.442, "2008-03-31": "-0.33100", "2007-12-31": -100.403, "2007-09-30": 4.055, "2007-06-30": -0.827, "2007-03-31": "1.01200", "2006-12-31": 0.657, "2006-09-30": 0.796, "2006-06-30": -13.9, "2006-03-31": "-7.81200", "2005-12-31": -12.314, "2005-09-30": -8.38, "2005-06-30": -2.476, "2005-03-31": "-2.83700"}, "Total Non-Cash Items": {"2020-09-30": 124.47, "2020-06-30": 54.974, "2020-03-31": "63.35200", "2019-12-31": -23.762, "2019-09-30": 45.604, "2019-06-30": 42.479, "2019-03-31": "61.05600", "2018-12-31": 66.179, "2018-09-30": 59.093, "2018-06-30": 55.137, "2018-03-31": "55.31900", "2017-12-31": 60.815, "2017-09-30": 5.018, "2017-06-30": 33.784, "2017-03-31": "51.20100", "2016-12-31": 48.439, "2016-09-30": 43.958, "2016-06-30": 46.648, "2016-03-31": "22.03200", "2015-12-31": 29.172, "2015-09-30": 43.358, "2015-06-30": 49.828, "2015-03-31": "41.76400", "2014-12-31": 53.622, "2014-09-30": 37.813, "2014-06-30": 40.643, "2014-03-31": "43.63700", "2013-12-31": 54.085, "2013-09-30": 15.166, "2013-06-30": 34.487, "2013-03-31": "40.31200", "2012-12-31": 34.809, "2012-09-30": 34.442, "2012-06-30": 34.761, "2012-03-31": "24.41000", "2011-12-31": 30.971, "2011-09-30": 16.892, "2011-06-30": 29.55, "2011-03-31": "29.95000", "2010-12-31": 29.312, "2010-09-30": 29.466, "2010-06-30": 29.58, "2010-03-31": "31.54000", "2009-12-31": 24.939, "2009-09-30": 27.937, "2009-06-30": 29.833, "2009-03-31": "48.09300", "2008-12-31": 23.665, "2008-09-30": 20.798, "2008-06-30": 27.353, "2008-03-31": "25.06900", "2007-12-31": -73.894, "2007-09-30": 30.127, "2007-06-30": 26.074, "2007-03-31": "27.49600", "2006-12-31": 26.218, "2006-09-30": 24.775, "2006-06-30": 10.402, "2006-03-31": "16.22500", "2005-12-31": 10.878, "2005-09-30": 14.344, "2005-06-30": 20.516, "2005-03-31": "19.75800"}, "Change In Accounts Receivable": {"2020-09-30": 5.591, "2020-06-30": -20.14, "2020-03-31": "3.01200", "2019-12-31": -7.261, "2019-09-30": -3.542, "2019-06-30": -4.08, "2019-03-31": "-1.24500", "2018-12-31": 5.431, "2018-09-30": -0.709, "2018-06-30": -6.127, "2018-03-31": "2.32200", "2017-12-31": 3.624, "2017-09-30": -5.032, "2017-06-30": -0.923, "2017-03-31": "4.39000", "2016-12-31": 5.472, "2016-09-30": -4.539, "2016-06-30": 1.771, "2016-03-31": "-0.83600", "2015-12-31": 5.55, "2015-09-30": -6.985, "2015-06-30": -1.158, "2015-03-31": "-6.60700", "2014-12-31": 13.051, "2014-09-30": -5.275, "2014-06-30": -4.123, "2014-03-31": "-6.71600", "2013-12-31": 3.861, "2013-09-30": -2.426, "2013-06-30": -5.298, "2013-03-31": "-2.45800", "2012-12-31": 9.751, "2012-09-30": -4.046, "2012-06-30": 0.887, "2012-03-31": "0.74000", "2011-12-31": 8.031, "2011-09-30": -3.222, "2011-06-30": -1.641, "2011-03-31": "-1.28000", "2010-12-31": 5.793, "2010-09-30": -0.75, "2010-06-30": 0.142, "2010-03-31": "2.27600", "2009-12-31": 0.951, "2009-09-30": -2.235, "2009-06-30": 3.684, "2009-03-31": "4.67900", "2008-12-31": -3.426, "2008-09-30": -1.068, "2008-06-30": -0.678, "2008-03-31": "-1.13100", "2007-12-31": -1.754, "2007-09-30": -5.165, "2007-06-30": 1.764, "2007-03-31": "-1.58800", "2006-12-31": -1.329, "2006-09-30": -5.004, "2006-06-30": 2.39, "2006-03-31": "0.15700", "2005-12-31": -0.524, "2005-09-30": 1.657, "2005-06-30": 0.3, "2005-03-31": "-4.70700"}, "Change In Inventories": {"2020-09-30": 0, "2020-06-30": 0, "2020-03-31": "", "2019-12-31": 0, "2019-09-30": 0, "2019-06-30": 0, "2019-03-31": "", "2018-12-31": 0, "2018-09-30": 0, "2018-06-30": 0, "2018-03-31": "", "2017-12-31": 0, "2017-09-30": 0, "2017-06-30": 0, "2017-03-31": "", "2016-12-31": 0, "2016-09-30": 0, "2016-06-30": 0, "2016-03-31": "", "2015-12-31": 0, "2015-09-30": 0, "2015-06-30": 0, "2015-03-31": "", "2014-12-31": 0, "2014-09-30": 0, "2014-06-30": 0, "2014-03-31": "", "2013-12-31": 0, "2013-09-30": 0, "2013-06-30": 0, "2013-03-31": "", "2012-12-31": 0, "2012-09-30": 0, "2012-06-30": 0, "2012-03-31": "", "2011-12-31": 0, "2011-09-30": 0, "2011-06-30": 0, "2011-03-31": "", "2010-12-31": 0, "2010-09-30": 0, "2010-06-30": 0, "2010-03-31": "", "2009-12-31": 0, "2009-09-30": 0, "2009-06-30": 0, "2009-03-31": "", "2008-12-31": 0, "2008-09-30": 0, "2008-06-30": 0, "2008-03-31": "", "2007-12-31": 0, "2007-09-30": 0, "2007-06-30": 0, "2007-03-31": "", "2006-12-31": 0, "2006-09-30": 0, "2006-06-30": 0, "2006-03-31": "", "2005-12-31": 0, "2005-09-30": 0, "2005-06-30": 0, "2005-03-31": ""}, "Change In Accounts Payable": {"2020-09-30": 0, "2020-06-30": 0, "2020-03-31": "", "2019-12-31": 0, "2019-09-30": 0, "2019-06-30": 0, "2019-03-31": "", "2018-12-31": 0, "2018-09-30": 0, "2018-06-30": 0, "2018-03-31": "", "2017-12-31": 0, "2017-09-30": 0, "2017-06-30": 0, "2017-03-31": "", "2016-12-31": 0, "2016-09-30": 0, "2016-06-30": 0, "2016-03-31": "", "2015-12-31": 0, "2015-09-30": 0, "2015-06-30": 0, "2015-03-31": "", "2014-12-31": 0, "2014-09-30": 0, "2014-06-30": 0, "2014-03-31": "", "2013-12-31": 0, "2013-09-30": 0, "2013-06-30": 0, "2013-03-31": "", "2012-12-31": 0, "2012-09-30": 0, "2012-06-30": 0, "2012-03-31": "", "2011-12-31": 0, "2011-09-30": 0, "2011-06-30": 0, "2011-03-31": "", "2010-12-31": 0, "2010-09-30": 0, "2010-06-30": 0, "2010-03-31": "", "2009-12-31": 0, "2009-09-30": 0, "2009-06-30": 0, "2009-03-31": "", "2008-12-31": 0, "2008-09-30": 0, "2008-06-30": 0, "2008-03-31": "", "2007-12-31": 0, "2007-09-30": 0, "2007-06-30": 0, "2007-03-31": "", "2006-12-31": 0, "2006-09-30": 0, "2006-06-30": 0, "2006-03-31": "", "2005-12-31": 0, "2005-09-30": 0, "2005-06-30": 0, "2005-03-31": ""}, "Change In Assets/Liabilities": {"2020-09-30": -18.268, "2020-06-30": 2.215, "2020-03-31": "-0.32700", "2019-12-31": 2.979, "2019-09-30": -12.309, "2019-06-30": 11.072, "2019-03-31": "-12.11000", "2018-12-31": 23.33, "2018-09-30": -25.567, "2018-06-30": 19.206, "2018-03-31": "7.25100", "2017-12-31": -1.998, "2017-09-30": -16.19, "2017-06-30": 6.826, "2017-03-31": "7.87500", "2016-12-31": 24.716, "2016-09-30": -21.826, "2016-06-30": -3.535, "2016-03-31": "-1.14400", "2015-12-31": 5.576, "2015-09-30": -15.282, "2015-06-30": 10.405, "2015-03-31": "-3.66500", "2014-12-31": 2.376, "2014-09-30": -15.525, "2014-06-30": 10.999, "2014-03-31": "-1.64700", "2013-12-31": -0.324, "2013-09-30": -1.836, "2013-06-30": 10.669, "2013-03-31": "-7.37700", "2012-12-31": 5.906, "2012-09-30": -15.02, "2012-06-30": 6.356, "2012-03-31": "-0.20200", "2011-12-31": -3.404, "2011-09-30": -8.082, "2011-06-30": 6.144, "2011-03-31": "2.31300", "2010-12-31": 4.134, "2010-09-30": -9.917, "2010-06-30": 3.036, "2010-03-31": "0.66600", "2009-12-31": -0.282, "2009-09-30": -10.962, "2009-06-30": 6.891, "2009-03-31": "4.34700", "2008-12-31": 1.742, "2008-09-30": -10.397, "2008-06-30": 12.359, "2008-03-31": "1.59000", "2007-12-31": 6.464, "2007-09-30": -3.88, "2007-06-30": 6.365, "2007-03-31": "3.07400", "2006-12-31": -4.032, "2006-09-30": -8.3, "2006-06-30": 0.222, "2006-03-31": "1.04400", "2005-12-31": -3.38, "2005-09-30": -10.988, "2005-06-30": 4.482, "2005-03-31": "2.93900"}, "Total Change In Assets/Liabilities": {"2020-09-30": -3.725, "2020-06-30": -8.55, "2020-03-31": "-0.93400", "2019-12-31": -8.217, "2019-09-30": -8.096, "2019-06-30": 12.314, "2019-03-31": "-20.17000", "2018-12-31": 28.515, "2018-09-30": -22.094, "2018-06-30": 17.173, "2018-03-31": "4.19300", "2017-12-31": 3.249, "2017-09-30": -9.668, "2017-06-30": 2.832, "2017-03-31": "16.40100", "2016-12-31": 26.183, "2016-09-30": -15.633, "2016-06-30": -6.398, "2016-03-31": "3.08600", "2015-12-31": 9.837, "2015-09-30": -9.663, "2015-06-30": -4.173, "2015-03-31": "-9.47200", "2014-12-31": 14.796, "2014-09-30": -16.883, "2014-06-30": 6.032, "2014-03-31": "-6.55200", "2013-12-31": 3.956, "2013-09-30": 1.05, "2013-06-30": 5.367, "2013-03-31": "-10.23700", "2012-12-31": 13.699, "2012-09-30": -15.936, "2012-06-30": 11.064, "2012-03-31": "-1.19600", "2011-12-31": 7.165, "2011-09-30": -11.968, "2011-06-30": 6, "2011-03-31": "-17.33200", "2010-12-31": 10.888, "2010-09-30": -10.672, "2010-06-30": 9.377, "2010-03-31": "-5.09200", "2009-12-31": 3.131, "2009-09-30": -11.074, "2009-06-30": 12.923, "2009-03-31": "11.84600", "2008-12-31": -5.775, "2008-09-30": -8.12, "2008-06-30": 12.716, "2008-03-31": "-4.15900", "2007-12-31": 1.417, "2007-09-30": -4.531, "2007-06-30": 3.007, "2007-03-31": "5.65300", "2006-12-31": -8.37, "2006-09-30": -1.317, "2006-06-30": -2.107, "2006-03-31": "-0.21200", "2005-12-31": -2.113, "2005-09-30": -2.68, "2005-06-30": 1.311, "2005-03-31": "-5.98700"}, "Cash Flow From Operating Activities": {"2020-09-30": 87.04, "2020-06-30": 62.633, "2020-03-31": "118.74900", "2019-12-31": 117.613, "2019-09-30": 102.019, "2019-06-30": 137.368, "2019-03-31": "104.91900", "2018-12-31": 151.972, "2018-09-30": 101.605, "2018-06-30": 138.931, "2018-03-31": "124.18000", "2017-12-31": 119.357, "2017-09-30": 100.811, "2017-06-30": 114.727, "2017-03-31": "123.93300", "2016-12-31": 134.264, "2016-09-30": 89.801, "2016-06-30": 98.728, "2016-03-31": "104.87900", "2015-12-31": 107.896, "2015-09-30": 87.502, "2015-06-30": 91.662, "2015-03-31": "81.98600", "2014-12-31": 104.284, "2014-09-30": 69.777, "2014-06-30": 92.907, "2014-03-31": "79.16200", "2013-12-31": 87.77, "2013-09-30": 80.032, "2013-06-30": 79.003, "2013-03-31": "67.69300", "2012-12-31": 87.478, "2012-09-30": 59.26, "2012-06-30": 80.438, "2012-03-31": "69.45700", "2011-12-31": 71.76, "2011-09-30": 54.253, "2011-06-30": 72.699, "2011-03-31": "45.99900", "2010-12-31": 77.05, "2010-09-30": 50.34, "2010-06-30": 71.384, "2010-03-31": "57.96100", "2009-12-31": 62.561, "2009-09-30": 47.995, "2009-06-30": 73.623, "2009-03-31": "72.58600", "2008-12-31": 53.781, "2008-09-30": 51.521, "2008-06-30": 70.563, "2008-03-31": "52.42000", "2007-12-31": 55.475, "2007-09-30": 48.503, "2007-06-30": 54.546, "2007-03-31": "55.68500", "2006-12-31": 46.199, "2006-09-30": 46.657, "2006-06-30": 46.397, "2006-03-31": "47.40100", "2005-12-31": 40.076, "2005-09-30": 45.72, "2005-06-30": 50.406, "2005-03-31": "38.73900"}, "Net Change In Property, Plant, And Equipment": {"2020-09-30": -105.627, "2020-06-30": -116.717, "2020-03-31": "-139.77600", "2019-12-31": -129.788, "2019-09-30": -109.883, "2019-06-30": -92.798, "2019-03-31": "-77.44100", "2018-12-31": -100.077, "2018-09-30": -203.799, "2018-06-30": -26.528, "2018-03-31": "-37.85400", "2017-12-31": -257.933, "2017-09-30": 1.817, "2017-06-30": -127.992, "2017-03-31": "-134.82800", "2016-12-31": -133.348, "2016-09-30": -138.247, "2016-06-30": -97.754, "2016-03-31": "-67.93100", "2015-12-31": -77.552, "2015-09-30": -59.32, "2015-06-30": -80.297, "2015-03-31": "-65.36400", "2014-12-31": -90.797, "2014-09-30": -95.149, "2014-06-30": -91.081, "2014-03-31": "-83.93100", "2013-12-31": -101.291, "2013-09-30": -75.547, "2013-06-30": -70.477, "2013-03-31": "-42.82700", "2012-12-31": -54.655, "2012-09-30": -57.95, "2012-06-30": -31.027, "2012-03-31": "-37.03900", "2011-12-31": -53.12, "2011-09-30": -34.34, "2011-06-30": -24.827, "2011-03-31": "-30.17500", "2010-12-31": -32.447, "2010-09-30": -27.735, "2010-06-30": -17.439, "2010-03-31": "-11.47400", "2009-12-31": -27.713, "2009-09-30": -23.093, "2009-06-30": -21.662, "2009-03-31": "-29.61100", "2008-12-31": -39.756, "2008-09-30": -36.833, "2008-06-30": -25.167, "2008-03-31": "-36.23000", "2007-12-31": -31.458, "2007-09-30": -35.782, "2007-06-30": -39.529, "2007-03-31": "-30.58600", "2006-12-31": -39.821, "2006-09-30": -28.809, "2006-06-30": -27.872, "2006-03-31": "-23.17700", "2005-12-31": -66.621, "2005-09-30": -41.645, "2005-06-30": -33.69, "2005-03-31": "-27.70100"}, "Net Change In Intangible Assets": {"2020-09-30": 0, "2020-06-30": 0, "2020-03-31": "", "2019-12-31": 0, "2019-09-30": 0, "2019-06-30": 0, "2019-03-31": "", "2018-12-31": 0, "2018-09-30": 0, "2018-06-30": 0, "2018-03-31": "", "2017-12-31": 0, "2017-09-30": 0, "2017-06-30": 0, "2017-03-31": "", "2016-12-31": 0, "2016-09-30": 0, "2016-06-30": 0, "2016-03-31": "", "2015-12-31": 0, "2015-09-30": 0, "2015-06-30": 0, "2015-03-31": "", "2014-12-31": 0, "2014-09-30": 0, "2014-06-30": 0, "2014-03-31": "", "2013-12-31": 0, "2013-09-30": 0, "2013-06-30": 0, "2013-03-31": "", "2012-12-31": 0, "2012-09-30": 0, "2012-06-30": 0, "2012-03-31": "", "2011-12-31": 0, "2011-09-30": 0, "2011-06-30": 0, "2011-03-31": "", "2010-12-31": 0, "2010-09-30": 0, "2010-06-30": 0, "2010-03-31": "", "2009-12-31": 0, "2009-09-30": 0, "2009-06-30": 0, "2009-03-31": "", "2008-12-31": 0, "2008-09-30": 0, "2008-06-30": 0, "2008-03-31": "", "2007-12-31": 0, "2007-09-30": 0, "2007-06-30": 0, "2007-03-31": "", "2006-12-31": 0, "2006-09-30": 0, "2006-06-30": 0, "2006-03-31": "", "2005-12-31": 0, "2005-09-30": 0, "2005-06-30": 0, "2005-03-31": ""}, "Net Acquisitions/Divestitures": {"2020-09-30": 0.901, "2020-06-30": 14.715, "2020-03-31": "-7.10900", "2019-12-31": 46.822, "2019-09-30": 2.81, "2019-06-30": 86.919, "2019-03-31": "-19.07000", "2018-12-31": 25.185, "2018-09-30": 140.823, "2018-06-30": -1.736, "2018-03-31": "", "2017-12-31": 136.055, "2017-09-30": -319.438, "2017-06-30": 22.888, "2017-03-31": "-141.22200", "2016-12-31": -7.807, "2016-09-30": -5.381, "2016-06-30": 0.006, "2016-03-31": "-129.77600", "2015-12-31": 18.418, "2015-09-30": -12.211, "2015-06-30": -36.684, "2015-03-31": "-26.41400", "2014-12-31": -4.802, "2014-09-30": 10.406, "2014-06-30": -4.044, "2014-03-31": "-0.30800", "2013-12-31": -40.074, "2013-09-30": 34.258, "2013-06-30": -38.594, "2013-03-31": "", "2012-12-31": -71.938, "2012-09-30": -8.927, "2012-06-30": 0, "2012-03-31": "", "2011-12-31": -74.227, "2011-09-30": 12.064, "2011-06-30": 1.497, "2011-03-31": "-19.19600", "2010-12-31": -39.551, "2010-09-30": -17.582, "2010-06-30": 0, "2010-03-31": "", "2009-12-31": -10.531, "2009-09-30": 0, "2009-06-30": 2.122, "2009-03-31": "", "2008-12-31": 6.783, "2008-09-30": -18.888, "2008-06-30": -42.63, "2008-03-31": "", "2007-12-31": 12.208, "2007-09-30": -0.075, "2007-06-30": 26.952, "2007-03-31": "-24.59300", "2006-12-31": -42.71, "2006-09-30": -184.386, "2006-06-30": 29.379, "2006-03-31": "13.07800", "2005-12-31": 22.297, "2005-09-30": 36.621, "2005-06-30": 8.071, "2005-03-31": "-50.76800"}, "Net Change In Short-term Investments": {"2020-09-30": 0, "2020-06-30": 0, "2020-03-31": "", "2019-12-31": 0, "2019-09-30": 0, "2019-06-30": 0, "2019-03-31": "", "2018-12-31": 0, "2018-09-30": 0, "2018-06-30": 0, "2018-03-31": "", "2017-12-31": 0, "2017-09-30": 0, "2017-06-30": 0, "2017-03-31": "", "2016-12-31": 0, "2016-09-30": 0, "2016-06-30": 0, "2016-03-31": "", "2015-12-31": 0, "2015-09-30": 0, "2015-06-30": 0, "2015-03-31": "", "2014-12-31": 0, "2014-09-30": 0, "2014-06-30": 0, "2014-03-31": "", "2013-12-31": 0, "2013-09-30": 0, "2013-06-30": 0, "2013-03-31": "", "2012-12-31": 0, "2012-09-30": 0, "2012-06-30": 0, "2012-03-31": "", "2011-12-31": 0, "2011-09-30": 0, "2011-06-30": 0, "2011-03-31": "", "2010-12-31": 0, "2010-09-30": 0, "2010-06-30": 0, "2010-03-31": "", "2009-12-31": 0, "2009-09-30": 0, "2009-06-30": 0, "2009-03-31": "", "2008-12-31": 0, "2008-09-30": 0, "2008-06-30": 0, "2008-03-31": "", "2007-12-31": 0, "2007-09-30": 0, "2007-06-30": 0, "2007-03-31": "", "2006-12-31": 0, "2006-09-30": 0, "2006-06-30": 0, "2006-03-31": "", "2005-12-31": 0, "2005-09-30": 0, "2005-06-30": 0, "2005-03-31": ""}, "Net Change In Long-Term Investments": {"2020-09-30": -0.69, "2020-06-30": -0.781, "2020-03-31": "-0.13600", "2019-12-31": -0.072, "2019-09-30": -0.073, "2019-06-30": -0.607, "2019-03-31": "-0.30000", "2018-12-31": -0.421, "2018-09-30": -0.496, "2018-06-30": 0.06, "2018-03-31": "-0.18000", "2017-12-31": -0.194, "2017-09-30": -0.072, "2017-06-30": -0.312, "2017-03-31": "-0.11800", "2016-12-31": -3.726, "2016-09-30": -1.43, "2016-06-30": -1.367, "2016-03-31": "-0.69700", "2015-12-31": -1.247, "2015-09-30": -1.406, "2015-06-30": -0.102, "2015-03-31": "-0.04700", "2014-12-31": 0, "2014-09-30": -3.15, "2014-06-30": -3.581, "2014-03-31": "", "2013-12-31": 0, "2013-09-30": 0, "2013-06-30": 0, "2013-03-31": "", "2012-12-31": 0, "2012-09-30": 0, "2012-06-30": 0, "2012-03-31": "", "2011-12-31": 0, "2011-09-30": 0, "2011-06-30": -6.862, "2011-03-31": "-0.08500", "2010-12-31": 0, "2010-09-30": -0.21, "2010-06-30": -16.72, "2010-03-31": "", "2009-12-31": -7.02, "2009-09-30": 0, "2009-06-30": 0, "2009-03-31": "", "2008-12-31": 0, "2008-09-30": 0, "2008-06-30": 0, "2008-03-31": "", "2007-12-31": -0.009, "2007-09-30": -0.004, "2007-06-30": 1.214, "2007-03-31": "-21.62800", "2006-12-31": -0.002, "2006-09-30": -0.028, "2006-06-30": -4.93, "2006-03-31": "", "2005-12-31": -0.013, "2005-09-30": 0, "2005-06-30": 0, "2005-03-31": ""}, "Net Change In Investments - Total": {"2020-09-30": -0.69, "2020-06-30": -0.781, "2020-03-31": "-0.13600", "2019-12-31": -0.072, "2019-09-30": -0.073, "2019-06-30": -0.607, "2019-03-31": "-0.30000", "2018-12-31": -0.421, "2018-09-30": -0.496, "2018-06-30": 0.06, "2018-03-31": "-0.18000", "2017-12-31": -0.194, "2017-09-30": -0.072, "2017-06-30": -0.312, "2017-03-31": "-0.11800", "2016-12-31": -3.726, "2016-09-30": -1.43, "2016-06-30": -1.367, "2016-03-31": "-0.69700", "2015-12-31": -1.247, "2015-09-30": -1.406, "2015-06-30": -0.102, "2015-03-31": "-0.04700", "2014-12-31": 0, "2014-09-30": -3.15, "2014-06-30": -3.581, "2014-03-31": "", "2013-12-31": 0, "2013-09-30": 0, "2013-06-30": 0, "2013-03-31": "", "2012-12-31": 0, "2012-09-30": 0, "2012-06-30": 0, "2012-03-31": "", "2011-12-31": 0, "2011-09-30": 0, "2011-06-30": -6.862, "2011-03-31": "-0.08500", "2010-12-31": 0, "2010-09-30": -0.21, "2010-06-30": -16.72, "2010-03-31": "", "2009-12-31": -7.02, "2009-09-30": 0, "2009-06-30": 0, "2009-03-31": "", "2008-12-31": 0, "2008-09-30": 0, "2008-06-30": 0, "2008-03-31": "", "2007-12-31": -0.009, "2007-09-30": -0.004, "2007-06-30": 1.214, "2007-03-31": "-21.62800", "2006-12-31": -0.002, "2006-09-30": -0.028, "2006-06-30": -4.93, "2006-03-31": "", "2005-12-31": -0.013, "2005-09-30": 0, "2005-06-30": 0, "2005-03-31": ""}, "Investing Activities - Other": {"2020-09-30": -10.958, "2020-06-30": -2.583, "2020-03-31": "-4.81100", "2019-12-31": -6.228, "2019-09-30": -6.752, "2019-06-30": -2.845, "2019-03-31": "-7.22600", "2018-12-31": -5.161, "2018-09-30": 30.394, "2018-06-30": -4.313, "2018-03-31": "-8.14400", "2017-12-31": -6.45, "2017-09-30": -5.008, "2017-06-30": -2.007, "2017-03-31": "-3.10800", "2016-12-31": -6.923, "2016-09-30": 7.543, "2016-06-30": -0.1, "2016-03-31": "-3.28300", "2015-12-31": -6.903, "2015-09-30": 2.809, "2015-06-30": -4.323, "2015-03-31": "-3.12000", "2014-12-31": -19.627, "2014-09-30": -2.909, "2014-06-30": -3.376, "2014-03-31": "-3.80100", "2013-12-31": -2.346, "2013-09-30": -2.02, "2013-06-30": -3.432, "2013-03-31": "-2.84800", "2012-12-31": -3.53, "2012-09-30": -3.21, "2012-06-30": -3.039, "2012-03-31": "-2.24300", "2011-12-31": 32.291, "2011-09-30": -2.277, "2011-06-30": 6.34, "2011-03-31": "-3.45200", "2010-12-31": -3.785, "2010-09-30": -3.833, "2010-06-30": -2.551, "2010-03-31": "-13.76100", "2009-12-31": -1.735, "2009-09-30": -2.261, "2009-06-30": -4.543, "2009-03-31": "-1.29400", "2008-12-31": -7.387, "2008-09-30": -1.829, "2008-06-30": -3.045, "2008-03-31": "-2.58500", "2007-12-31": -2.117, "2007-09-30": -1.455, "2007-06-30": -2.79, "2007-03-31": "-1.78700", "2006-12-31": -1.614, "2006-09-30": -2.184, "2006-06-30": -2.553, "2006-03-31": "-1.80000", "2005-12-31": -6.68, "2005-09-30": 2.75, "2005-06-30": 7.04, "2005-03-31": "-2.39100"}, "Cash Flow From Investing Activities": {"2020-09-30": -116.374, "2020-06-30": -105.366, "2020-03-31": "-151.83200", "2019-12-31": -89.266, "2019-09-30": -113.898, "2019-06-30": -9.331, "2019-03-31": "-104.03700", "2018-12-31": -80.474, "2018-09-30": -33.078, "2018-06-30": -32.517, "2018-03-31": "-46.17800", "2017-12-31": -128.522, "2017-09-30": -322.701, "2017-06-30": -107.423, "2017-03-31": "-279.27600", "2016-12-31": -151.804, "2016-09-30": -137.515, "2016-06-30": -99.215, "2016-03-31": "-201.68700", "2015-12-31": -67.284, "2015-09-30": -70.128, "2015-06-30": -121.406, "2015-03-31": "-94.94500", "2014-12-31": -115.226, "2014-09-30": -90.802, "2014-06-30": -102.082, "2014-03-31": "-88.04000", "2013-12-31": -143.711, "2013-09-30": -43.309, "2013-06-30": -112.503, "2013-03-31": "-45.67500", "2012-12-31": -130.123, "2012-09-30": -70.087, "2012-06-30": -34.066, "2012-03-31": "-39.28200", "2011-12-31": -95.056, "2011-09-30": -24.553, "2011-06-30": -23.852, "2011-03-31": "-52.90800", "2010-12-31": -75.783, "2010-09-30": -49.36, "2010-06-30": -36.71, "2010-03-31": "-25.23500", "2009-12-31": -46.999, "2009-09-30": -25.354, "2009-06-30": -24.083, "2009-03-31": "-30.90500", "2008-12-31": -40.36, "2008-09-30": -57.55, "2008-06-30": -70.842, "2008-03-31": "-38.81500", "2007-12-31": -21.376, "2007-09-30": -37.316, "2007-06-30": -14.153, "2007-03-31": "-78.59400", "2006-12-31": -84.147, "2006-09-30": -215.407, "2006-06-30": -5.976, "2006-03-31": "-11.89900", "2005-12-31": -51.017, "2005-09-30": -2.274, "2005-06-30": -18.579, "2005-03-31": "-80.86000"}, "Net Long-Term Debt": {"2020-09-30": -1.598, "2020-06-30": 698.345, "2020-03-31": "-1.52400", "2019-12-31": -401.65, "2019-09-30": 101.645, "2019-06-30": 20.694, "2019-03-31": "-21.71800", "2018-12-31": -1.483, "2018-09-30": -1.729, "2018-06-30": -1.43, "2018-03-31": "-11.97800", "2017-12-31": -163.414, "2017-09-30": -0.92, "2017-06-30": -52.357, "2017-03-31": "-1.56700", "2016-12-31": -10.71, "2016-09-30": -1.616, "2016-06-30": -35.81, "2016-03-31": "-1.42300", "2015-12-31": 436.737, "2015-09-30": -148.564, "2015-06-30": -430.184, "2015-03-31": "197.61900", "2014-12-31": -199.358, "2014-09-30": -3.207, "2014-06-30": -23.255, "2014-03-31": "-2.84200", "2013-12-31": -563.207, "2013-09-30": 266.477, "2013-06-30": -157.41, "2013-03-31": "-12.09500", "2012-12-31": -281.909, "2012-09-30": 66.765, "2012-06-30": -4.579, "2012-03-31": "-3.29200", "2011-12-31": 269.196, "2011-09-30": -2.934, "2011-06-30": -40.722, "2011-03-31": "-120.29900", "2010-12-31": -151.455, "2010-09-30": -2.939, "2010-06-30": 6.254, "2010-03-31": "-104.25000", "2009-12-31": -248.386, "2009-09-30": -2.75, "2009-06-30": 277.32, "2009-03-31": "-12.65500", "2008-12-31": -3.218, "2008-09-30": -32.336, "2008-06-30": -1.719, "2008-03-31": "-2.03900", "2007-12-31": -151.964, "2007-09-30": -1.983, "2007-06-30": -1.937, "2007-03-31": "-1.71900", "2006-12-31": -17.857, "2006-09-30": 124.852, "2006-06-30": -1.369, "2006-03-31": "-41.79100", "2005-12-31": 82.824, "2005-09-30": -1.147, "2005-06-30": 7.495, "2005-03-31": "-9.71400"}, "Net Current Debt": {"2020-09-30": 0.01, "2020-06-30": -591.268, "2020-03-31": "990.00000", "2019-12-31": 395.901, "2019-09-30": 0, "2019-06-30": -20, "2019-03-31": "20.00000", "2018-12-31": -26.5, "2018-09-30": -62.5, "2018-06-30": -14, "2018-03-31": "62.00000", "2017-12-31": 172.18, "2017-09-30": 41.544, "2017-06-30": 182.41, "2017-03-31": "217.00000", "2016-12-31": -3.408, "2016-09-30": 146.787, "2016-06-30": 42, "2016-03-31": "-0.50000", "2015-12-31": -402.692, "2015-09-30": 141.048, "2015-06-30": 315.144, "2015-03-31": "", "2014-12-31": 233.579, "2014-09-30": 11, "2014-06-30": 0, "2014-03-31": "", "2013-12-31": 564.389, "2013-09-30": -271.272, "2013-06-30": 269.343, "2013-03-31": "", "2012-12-31": 244.807, "2012-09-30": 0, "2012-06-30": 0, "2012-03-31": "", "2011-12-31": -158, "2011-09-30": -35.159, "2011-06-30": -3, "2011-03-31": "115.00000", "2010-12-31": 198.457, "2010-09-30": 27, "2010-06-30": 0, "2010-03-31": "-0.45000", "2009-12-31": 0, "2009-09-30": 147.534, "2009-06-30": -141, "2009-03-31": "17.50000", "2008-12-31": -5.5, "2008-09-30": 100, "2008-06-30": 29, "2008-03-31": "", "2007-12-31": 31.525, "2007-09-30": 21, "2007-06-30": -10.5, "2007-03-31": "59.50000", "2006-12-31": 170.728, "2006-09-30": -26.04, "2006-06-30": 3, "2006-03-31": "43.50000", "2005-12-31": -40.5, "2005-09-30": -8, "2005-06-30": -16, "2005-03-31": "65.00000"}, "Debt Issuance/Retirement Net - Total": {"2020-09-30": -1.588, "2020-06-30": 107.077, "2020-03-31": "988.47600", "2019-12-31": -5.749, "2019-09-30": 101.645, "2019-06-30": 0.694, "2019-03-31": "-1.71800", "2018-12-31": -27.983, "2018-09-30": -64.229, "2018-06-30": -15.43, "2018-03-31": "50.02200", "2017-12-31": 8.766, "2017-09-30": 40.624, "2017-06-30": 130.053, "2017-03-31": "215.43300", "2016-12-31": -14.118, "2016-09-30": 145.171, "2016-06-30": 6.19, "2016-03-31": "-1.92300", "2015-12-31": 34.045, "2015-09-30": -7.516, "2015-06-30": -115.04, "2015-03-31": "197.61900", "2014-12-31": 34.221, "2014-09-30": 7.793, "2014-06-30": -23.255, "2014-03-31": "-2.84200", "2013-12-31": 1.182, "2013-09-30": -4.795, "2013-06-30": 111.933, "2013-03-31": "-12.09500", "2012-12-31": -37.102, "2012-09-30": 66.765, "2012-06-30": -4.579, "2012-03-31": "-3.29200", "2011-12-31": 111.196, "2011-09-30": -38.093, "2011-06-30": -43.722, "2011-03-31": "-5.29900", "2010-12-31": 47.002, "2010-09-30": 24.061, "2010-06-30": 6.254, "2010-03-31": "-104.70000", "2009-12-31": -248.386, "2009-09-30": 144.784, "2009-06-30": 136.32, "2009-03-31": "4.84500", "2008-12-31": -8.718, "2008-09-30": 67.664, "2008-06-30": 27.281, "2008-03-31": "-2.03900", "2007-12-31": -120.439, "2007-09-30": 19.017, "2007-06-30": -12.437, "2007-03-31": "57.78100", "2006-12-31": 152.871, "2006-09-30": 98.812, "2006-06-30": 1.631, "2006-03-31": "1.70900", "2005-12-31": 42.324, "2005-09-30": -9.147, "2005-06-30": -8.505, "2005-03-31": "55.28600"}, "Net Common Equity Issued/Repurchased": {"2020-09-30": 0.073, "2020-06-30": 0.078, "2020-03-31": "0.01900", "2019-12-31": 3.298, "2019-09-30": 71.268, "2019-06-30": 9.034, "2019-03-31": "59.42700", "2018-12-31": 49.29, "2018-09-30": 59.136, "2018-06-30": 21.156, "2018-03-31": "1.33600", "2017-12-31": 67.394, "2017-09-30": 33.799, "2017-06-30": 0.031, "2017-03-31": "17.35900", "2016-12-31": 29.063, "2016-09-30": 54.819, "2016-06-30": 63.464, "2016-03-31": "181.75700", "2015-12-31": 9.715, "2015-09-30": 43.133, "2015-06-30": 57.418, "2015-03-31": "0.58900", "2014-12-31": 61.905, "2014-09-30": 50.319, "2014-06-30": 52.316, "2014-03-31": "51.61500", "2013-12-31": 68.461, "2013-09-30": 34.867, "2013-06-30": 50.678, "2013-03-31": "32.54200", "2012-12-31": 18.602, "2012-09-30": 54.039, "2012-06-30": 17.227, "2012-03-31": "22.40200", "2011-12-31": 1.128, "2011-09-30": 57.006, "2011-06-30": 47.775, "2011-03-31": "49.01200", "2010-12-31": 0.613, "2010-09-30": 2.508, "2010-06-30": 2.122, "2010-03-31": "1.36700", "2009-12-31": 1.808, "2009-09-30": 110.899, "2009-06-30": 1.996, "2009-03-31": "0.79900", "2008-12-31": 1.164, "2008-09-30": 4.787, "2008-06-30": 3.406, "2008-03-31": "2.22800", "2007-12-31": 163.804, "2007-09-30": 2.319, "2007-06-30": 2.263, "2007-03-31": "2.46900", "2006-12-31": 1.966, "2006-09-30": 155.793, "2006-06-30": 0.975, "2006-03-31": "2.55800", "2005-12-31": 6.581, "2005-09-30": 1.628, "2005-06-30": -7.675, "2005-03-31": "13.57700"}, "Net Total Equity Issued/Repurchased": {"2020-09-30": 0.073, "2020-06-30": 0.078, "2020-03-31": "0.01900", "2019-12-31": 3.298, "2019-09-30": 71.268, "2019-06-30": 9.034, "2019-03-31": "59.42700", "2018-12-31": 49.29, "2018-09-30": 59.136, "2018-06-30": 21.156, "2018-03-31": "1.33600", "2017-12-31": 66.929, "2017-09-30": 179.255, "2017-06-30": 0.031, "2017-03-31": "17.35900", "2016-12-31": 29.063, "2016-09-30": 54.819, "2016-06-30": 63.464, "2016-03-31": "181.75700", "2015-12-31": 9.715, "2015-09-30": 43.133, "2015-06-30": 57.418, "2015-03-31": "0.58900", "2014-12-31": 61.905, "2014-09-30": 50.319, "2014-06-30": 52.316, "2014-03-31": "51.61500", "2013-12-31": 68.461, "2013-09-30": 34.867, "2013-06-30": 50.678, "2013-03-31": "32.54200", "2012-12-31": 18.602, "2012-09-30": 54.039, "2012-06-30": 17.227, "2012-03-31": "22.40200", "2011-12-31": 1.128, "2011-09-30": 57.006, "2011-06-30": 47.775, "2011-03-31": "49.01200", "2010-12-31": 0.613, "2010-09-30": 2.508, "2010-06-30": 2.122, "2010-03-31": "1.36700", "2009-12-31": 1.808, "2009-09-30": 110.899, "2009-06-30": 1.996, "2009-03-31": "0.79900", "2008-12-31": 1.164, "2008-09-30": 4.787, "2008-06-30": 3.406, "2008-03-31": "2.22800", "2007-12-31": 163.804, "2007-09-30": 2.319, "2007-06-30": 2.263, "2007-03-31": "2.46900", "2006-12-31": -133.034, "2006-09-30": 155.793, "2006-06-30": 0.975, "2006-03-31": "2.55800", "2005-12-31": 6.581, "2005-09-30": 1.628, "2005-06-30": -7.675, "2005-03-31": "13.57700"}, "Total Common And Preferred Stock Dividends Paid": {"2020-09-30": -80.979, "2020-06-30": -80.976, "2020-03-31": "-80.89800", "2019-12-31": -80.664, "2019-09-30": -78.02, "2019-06-30": -77.669, "2019-03-31": "-77.29600", "2018-12-31": -76.883, "2018-09-30": -74.708, "2018-06-30": -74.678, "2018-03-31": "-74.92500", "2017-12-31": -72.15, "2017-09-30": -70.398, "2017-06-30": -70.33, "2017-03-31": "-70.11700", "2016-12-31": -69.944, "2016-09-30": -66.674, "2016-06-30": -66.192, "2016-03-31": "-64.88400", "2015-12-31": -64.901, "2015-09-30": -59.692, "2015-06-30": -59.391, "2015-03-31": "-59.33000", "2014-12-31": -58.904, "2014-09-30": -52.456, "2014-06-30": -52.142, "2014-03-31": "-51.71400", "2013-12-31": -51.167, "2013-09-30": -47.653, "2013-06-30": -47.312, "2013-03-31": "-46.88400", "2012-12-31": -46.848, "2012-09-30": -43.913, "2012-06-30": -43.762, "2012-03-31": "-43.49700", "2011-12-31": -42.007, "2011-09-30": -42.208, "2011-06-30": -41.74, "2011-03-31": "-41.35800", "2010-12-31": -41.297, "2010-09-30": -40.658, "2010-06-30": -40.612, "2010-03-31": "-40.55300", "2009-12-31": -40.507, "2009-09-30": -38.585, "2009-06-30": -38.528, "2009-03-31": "-38.48000", "2008-12-31": -38.455, "2008-09-30": -36.067, "2008-06-30": -35.987, "2008-03-31": "-35.90900", "2007-12-31": -34.658, "2007-09-30": -32.556, "2007-06-30": -32.419, "2007-03-31": "-31.81000", "2006-12-31": -35.497, "2006-09-30": -32.319, "2006-06-30": -32.301, "2006-03-31": "-42.83000", "2005-12-31": -44.578, "2005-09-30": -31.843, "2005-06-30": -28.343, "2005-03-31": "-28.61300"}, "Financial Activities - Other": {"2020-09-30": -0.97, "2020-06-30": -1.635, "2020-03-31": "-8.70200", "2019-12-31": 1.466, "2019-09-30": -16.367, "2019-06-30": -2.039, "2019-03-31": "-7.41500", "2018-12-31": -2.391, "2018-09-30": -2.887, "2018-06-30": -2.2, "2018-03-31": "-5.93500", "2017-12-31": -2.224, "2017-09-30": -2.465, "2017-06-30": 7.4, "2017-03-31": "-8.72100", "2016-12-31": -1.407, "2016-09-30": -2.943, "2016-06-30": -4.069, "2016-03-31": "-19.47200", "2015-12-31": -11.289, "2015-09-30": -2.61, "2015-06-30": -2.505, "2015-03-31": "-2.43300", "2014-12-31": -2.246, "2014-09-30": -2.026, "2014-06-30": -2.131, "2014-03-31": "-1.40900", "2013-12-31": -1.439, "2013-09-30": 0.323, "2013-06-30": -4.707, "2013-03-31": "-1.29500", "2012-12-31": -2.699, "2012-09-30": -1.158, "2012-06-30": -1.666, "2012-03-31": "-4.41200", "2011-12-31": -1.285, "2011-09-30": -4.183, "2011-06-30": -1.313, "2011-03-31": "-1.24200", "2010-12-31": -0.962, "2010-09-30": -1.274, "2010-06-30": -1.475, "2010-03-31": "-1.63500", "2009-12-31": -1.516, "2009-09-30": -1.37, "2009-06-30": -1.729, "2009-03-31": "-1.60800", "2008-12-31": -1.18, "2008-09-30": -1.645, "2008-06-30": -1.794, "2008-03-31": "-0.92200", "2007-12-31": -2.396, "2007-09-30": -1.404, "2007-06-30": -2.069, "2007-03-31": "-1.03900", "2006-12-31": -1.321, "2006-09-30": -1.154, "2006-06-30": -1.476, "2006-03-31": "-0.78600", "2005-12-31": -1.32, "2005-09-30": -1.136, "2005-06-30": -1.324, "2005-03-31": "-0.95900"}, "Cash Flow From Financial Activities": {"2020-09-30": -83.464, "2020-06-30": 24.544, "2020-03-31": "898.89500", "2019-12-31": -81.649, "2019-09-30": 78.526, "2019-06-30": -69.98, "2019-03-31": "-27.00200", "2018-12-31": -57.967, "2018-09-30": -82.688, "2018-06-30": -71.152, "2018-03-31": "-29.50200", "2017-12-31": 1.321, "2017-09-30": 147.016, "2017-06-30": 67.154, "2017-03-31": "153.95400", "2016-12-31": -56.406, "2016-09-30": 130.373, "2016-06-30": -0.607, "2016-03-31": "95.47800", "2015-12-31": -32.43, "2015-09-30": -26.685, "2015-06-30": -119.518, "2015-03-31": "136.44500", "2014-12-31": 34.976, "2014-09-30": 3.63, "2014-06-30": -25.212, "2014-03-31": "-4.35000", "2013-12-31": 17.037, "2013-09-30": -17.258, "2013-06-30": 110.592, "2013-03-31": "-27.73200", "2012-12-31": -68.047, "2012-09-30": 75.733, "2012-06-30": -32.78, "2012-03-31": "-28.79900", "2011-12-31": 69.032, "2011-09-30": -27.478, "2011-06-30": -39, "2011-03-31": "1.11300", "2010-12-31": 5.356, "2010-09-30": -15.363, "2010-06-30": -33.711, "2010-03-31": "-145.52100", "2009-12-31": -288.601, "2009-09-30": 215.728, "2009-06-30": 98.059, "2009-03-31": "-34.44400", "2008-12-31": -47.189, "2008-09-30": 34.739, "2008-06-30": -7.094, "2008-03-31": "-36.64200", "2007-12-31": 6.311, "2007-09-30": -12.624, "2007-06-30": -44.662, "2007-03-31": "27.40100", "2006-12-31": -16.981, "2006-09-30": 221.132, "2006-06-30": -31.171, "2006-03-31": "-39.34900", "2005-12-31": 3.007, "2005-09-30": -40.498, "2005-06-30": -45.847, "2005-03-31": "39.29100"}, "Net Cash Flow": {"2020-09-30": -112.798, "2020-06-30": -18.189, "2020-03-31": "865.81200", "2019-12-31": -53.302, "2019-09-30": 66.647, "2019-06-30": 58.057, "2019-03-31": "-26.12000", "2018-12-31": 13.531, "2018-09-30": -14.161, "2018-06-30": 35.262, "2018-03-31": "48.50000", "2017-12-31": -7.844, "2017-09-30": -74.874, "2017-06-30": 74.458, "2017-03-31": "-1.38900", "2016-12-31": -73.946, "2016-09-30": 82.659, "2016-06-30": -1.094, "2016-03-31": "-1.33000", "2015-12-31": 8.182, "2015-09-30": -9.311, "2015-06-30": -149.262, "2015-03-31": "123.48600", "2014-12-31": 24.034, "2014-09-30": -17.395, "2014-06-30": -34.387, "2014-03-31": "-13.22800", "2013-12-31": -38.904, "2013-09-30": 19.465, "2013-06-30": 77.092, "2013-03-31": "-5.71400", "2012-12-31": -110.692, "2012-09-30": 64.906, "2012-06-30": 13.592, "2012-03-31": "1.37600", "2011-12-31": 45.736, "2011-09-30": 2.222, "2011-06-30": 9.847, "2011-03-31": "-5.79600", "2010-12-31": 6.623, "2010-09-30": -14.383, "2010-06-30": 0.963, "2010-03-31": "-112.79500", "2009-12-31": -273.039, "2009-09-30": 238.369, "2009-06-30": 147.599, "2009-03-31": "7.23700", "2008-12-31": -33.768, "2008-09-30": 28.71, "2008-06-30": -7.373, "2008-03-31": "-23.03700", "2007-12-31": 40.41, "2007-09-30": -1.437, "2007-06-30": -4.269, "2007-03-31": "4.49200", "2006-12-31": -54.929, "2006-09-30": 52.382, "2006-06-30": 9.25, "2006-03-31": "-3.84700", "2005-12-31": -7.934, "2005-09-30": 2.948, "2005-06-30": -14.02, "2005-03-31": "-2.83000"}, "Stock-Based Compensation": {"2020-09-30": 0, "2020-06-30": 0, "2020-03-31": "", "2019-12-31": 0, "2019-09-30": 0, "2019-06-30": 0, "2019-03-31": "", "2018-12-31": 0, "2018-09-30": 0, "2018-06-30": 0, "2018-03-31": "", "2017-12-31": 0, "2017-09-30": 0, "2017-06-30": 0, "2017-03-31": "", "2016-12-31": 0, "2016-09-30": 0, "2016-06-30": 0, "2016-03-31": "", "2015-12-31": 0, "2015-09-30": 0, "2015-06-30": 0, "2015-03-31": "", "2014-12-31": 0, "2014-09-30": 0, "2014-06-30": 0, "2014-03-31": "", "2013-12-31": 0, "2013-09-30": 0, "2013-06-30": 0, "2013-03-31": "", "2012-12-31": 0, "2012-09-30": 0, "2012-06-30": 0, "2012-03-31": "", "2011-12-31": 0, "2011-09-30": 0, "2011-06-30": 0, "2011-03-31": "", "2010-12-31": 0, "2010-09-30": 0, "2010-06-30": 0, "2010-03-31": "", "2009-12-31": 0, "2009-09-30": 0, "2009-06-30": 0, "2009-03-31": "", "2008-12-31": 0, "2008-09-30": 0, "2008-06-30": 0, "2008-03-31": "", "2007-12-31": 0, "2007-09-30": 0, "2007-06-30": 0, "2007-03-31": "", "2006-12-31": 0, "2006-09-30": 0, "2006-06-30": 0, "2006-03-31": "", "2005-12-31": 0, "2005-09-30": 0, "2005-06-30": 0, "2005-03-31": ""}, "Common Stock Dividends Paid": {"2020-09-30": -80.979, "2020-06-30": -80.976, "2020-03-31": "-80.89800", "2019-12-31": -80.664, "2019-09-30": -78.02, "2019-06-30": -77.669, "2019-03-31": "-77.29600", "2018-12-31": -76.883, "2018-09-30": -74.708, "2018-06-30": -74.678, "2018-03-31": "-74.92500", "2017-12-31": -72.15, "2017-09-30": -70.398, "2017-06-30": -70.33, "2017-03-31": "-70.11700", "2016-12-31": -69.944, "2016-09-30": -66.674, "2016-06-30": -66.192, "2016-03-31": "-64.88400", "2015-12-31": -64.901, "2015-09-30": -59.692, "2015-06-30": -59.391, "2015-03-31": "-59.33000", "2014-12-31": -58.904, "2014-09-30": -52.456, "2014-06-30": -52.142, "2014-03-31": "-51.71400", "2013-12-31": -51.167, "2013-09-30": -47.653, "2013-06-30": -47.312, "2013-03-31": "-46.88400", "2012-12-31": -46.848, "2012-09-30": -43.913, "2012-06-30": -43.762, "2012-03-31": "-43.49700", "2011-12-31": -42.007, "2011-09-30": -42.208, "2011-06-30": -41.74, "2011-03-31": "-41.35800", "2010-12-31": -41.297, "2010-09-30": -40.658, "2010-06-30": -40.612, "2010-03-31": "-40.55300", "2009-12-31": -40.507, "2009-09-30": -38.585, "2009-06-30": -38.528, "2009-03-31": "-38.48000", "2008-12-31": -38.455, "2008-09-30": -36.067, "2008-06-30": -35.987, "2008-03-31": "-35.90900", "2007-12-31": -34.658, "2007-09-30": -32.556, "2007-06-30": -32.419, "2007-03-31": "-31.81000", "2006-12-31": -35.497, "2006-09-30": -32.319, "2006-06-30": -32.301, "2006-03-31": "-42.83000", "2005-12-31": -44.578, "2005-09-30": -31.843, "2005-06-30": -28.343, "2005-03-31": "-28.61300"}}, "financial ratios": {"Current Ratio": {"2019-12-31": "", "2018-12-31": "", "2017-12-31": "", "2016-12-31": "", "2015-12-31": "", "2014-12-31": "", "2013-12-31": "", "2012-12-31": "", "2011-12-31": "", "2010-12-31": "", "2009-12-31": "", "2008-12-31": "", "2007-12-31": "", "2006-12-31": "", "2005-12-31": ""}, "Long-term Debt / Capital": {"2019-12-31": "0.56530", "2018-12-31": "0.56690", "2017-12-31": "0.57870", "2016-12-31": "0.57410", "2015-12-31": "0.59590", "2014-12-31": "0.58740", "2013-12-31": "0.61210", "2012-12-31": "0.62760", "2011-12-31": "0.62980", "2010-12-31": "0.61300", "2009-12-31": "0.59740", "2008-12-31": "0.60350", "2007-12-31": "0.59510", "2006-12-31": "0.68400", "2005-12-31": "0.64210"}, "Debt/Equity Ratio": {"2019-12-31": "1.30060", "2018-12-31": "1.30880", "2017-12-31": "1.37350", "2016-12-31": "1.34810", "2015-12-31": "1.47440", "2014-12-31": "1.42370", "2013-12-31": "1.57810", "2012-12-31": "1.68520", "2011-12-31": "1.70110", "2010-12-31": "1.58380", "2009-12-31": "1.48370", "2008-12-31": "1.52210", "2007-12-31": "1.47000", "2006-12-31": "2.16420", "2005-12-31": "1.79410"}, "Gross Margin": {"2019-12-31": "", "2018-12-31": "", "2017-12-31": "", "2016-12-31": "", "2015-12-31": "", "2014-12-31": "", "2013-12-31": "", "2012-12-31": "", "2011-12-31": "", "2010-12-31": "", "2009-12-31": "", "2008-12-31": "", "2007-12-31": "", "2006-12-31": "", "2005-12-31": ""}, "Operating Margin": {"2019-12-31": "50.32240", "2018-12-31": "39.50420", "2017-12-31": "47.84640", "2016-12-31": "40.04470", "2015-12-31": "40.34260", "2014-12-31": "39.50460", "2013-12-31": "39.87380", "2012-12-31": "41.90590", "2011-12-31": "41.09250", "2010-12-31": "42.30700", "2009-12-31": "39.64080", "2008-12-31": "41.81030", "2007-12-31": "43.17180", "2006-12-31": "43.77550", "2005-12-31": "42.95560"}, "EBIT Margin": {"2019-12-31": "50.32240", "2018-12-31": "39.50420", "2017-12-31": "47.84640", "2016-12-31": "40.04470", "2015-12-31": "40.34260", "2014-12-31": "39.50460", "2013-12-31": "39.87380", "2012-12-31": "41.90590", "2011-12-31": "41.09250", "2010-12-31": "42.30700", "2009-12-31": "39.64080", "2008-12-31": "41.81030", "2007-12-31": "43.17180", "2006-12-31": "43.77550", "2005-12-31": "42.95560"}, "EBITDA Margin": {"2019-12-31": "75.94340", "2018-12-31": "66.18500", "2017-12-31": "73.04620", "2016-12-31": "64.19480", "2015-12-31": "63.83630", "2014-12-31": "64.40130", "2013-12-31": "65.14770", "2012-12-31": "65.35270", "2011-12-31": "64.05880", "2010-12-31": "64.42170", "2009-12-31": "61.41530", "2008-12-31": "63.18570", "2007-12-31": "65.12050", "2006-12-31": "66.70790", "2005-12-31": "66.36940"}, "Pre-Tax Profit Margin": {"2019-12-31": "38.52820", "2018-12-31": "27.20300", "2017-12-31": "34.74320", "2016-12-31": "28.24700", "2015-12-31": "25.54990", "2014-12-31": "24.47030", "2013-12-31": "21.62040", "2012-12-31": "23.60090", "2011-12-31": "23.64690", "2010-12-31": "23.22850", "2009-12-31": "19.16970", "2008-12-31": "23.21280", "2007-12-31": "20.58440", "2006-12-31": "22.09500", "2005-12-31": "22.64050"}, "Net Profit Margin": {"2019-12-31": "36.84780", "2018-12-31": "25.44530", "2017-12-31": "33.41860", "2016-12-31": "31.10930", "2015-12-31": "28.07500", "2014-12-31": "23.75650", "2013-12-31": "25.29770", "2012-12-31": "24.85000", "2011-12-31": "25.88830", "2010-12-31": "22.45800", "2009-12-31": "18.49580", "2008-12-31": "24.87360", "2007-12-31": "40.41010", "2006-12-31": "24.25260", "2005-12-31": "26.39070"}, "Asset Turnover": {"2019-12-31": "0.13770", "2018-12-31": "0.14550", "2017-12-31": "0.13660", "2016-12-31": "0.14780", "2015-12-31": "0.15190", "2014-12-31": "0.15090", "2013-12-31": "0.15110", "2012-12-31": "0.15540", "2011-12-31": "0.15030", "2010-12-31": "0.17150", "2009-12-31": "0.16400", "2008-12-31": "0.16800", "2007-12-31": "0.16150", "2006-12-31": "0.15870", "2005-12-31": "0.16620"}, "Inventory Turnover Ratio": {"2019-12-31": "", "2018-12-31": "", "2017-12-31": "", "2016-12-31": "", "2015-12-31": "", "2014-12-31": "", "2013-12-31": "", "2012-12-31": "", "2011-12-31": "", "2010-12-31": "", "2009-12-31": "", "2008-12-31": "", "2007-12-31": "", "2006-12-31": "", "2005-12-31": ""}, "Receiveable Turnover": {"2019-12-31": "", "2018-12-31": "", "2017-12-31": "", "2016-12-31": "", "2015-12-31": "", "2014-12-31": "", "2013-12-31": "", "2012-12-31": "", "2011-12-31": "", "2010-12-31": "", "2009-12-31": "", "2008-12-31": "", "2007-12-31": "", "2006-12-31": "", "2005-12-31": ""}, "Days Sales In Receivables": {"2019-12-31": "", "2018-12-31": "", "2017-12-31": "", "2016-12-31": "", "2015-12-31": "", "2014-12-31": "", "2013-12-31": "", "2012-12-31": "", "2011-12-31": "", "2010-12-31": "", "2009-12-31": "", "2008-12-31": "", "2007-12-31": "", "2006-12-31": "", "2005-12-31": ""}, "ROE - Return On Equity": {"2019-12-31": "14.56070", "2018-12-31": "10.79280", "2017-12-31": "13.34830", "2016-12-31": "10.96040", "2015-12-31": "10.72810", "2014-12-31": "9.97810", "2013-12-31": "9.43070", "2012-12-31": "10.99280", "2011-12-31": "10.58980", "2010-12-31": "11.38130", "2009-12-31": "8.45030", "2008-12-31": "10.60870", "2007-12-31": "8.99650", "2006-12-31": "12.42130", "2005-12-31": "13.01050"}, "Return On Tangible Equity": {"2019-12-31": "13.67690", "2018-12-31": "10.09290", "2017-12-31": "12.45530", "2016-12-31": "10.90770", "2015-12-31": "10.66790", "2014-12-31": "9.91920", "2013-12-31": "9.36660", "2012-12-31": "10.90900", "2011-12-31": "10.50450", "2010-12-31": "11.27930", "2009-12-31": "8.38050", "2008-12-31": "10.51620", "2007-12-31": "8.91590", "2006-12-31": "12.42130", "2005-12-31": "10.74370"}, "ROA - Return On Assets": {"2019-12-31": "5.30600", "2018-12-31": "3.95930", "2017-12-31": "4.74640", "2016-12-31": "4.17510", "2015-12-31": "3.88220", "2014-12-31": "3.69240", "2013-12-31": "3.26620", "2012-12-31": "3.66730", "2011-12-31": "3.55460", "2010-12-31": "3.98320", "2009-12-31": "3.14450", "2008-12-31": "3.89990", "2007-12-31": "3.32450", "2006-12-31": "3.62240", "2005-12-31": "3.54110"}, "ROI - Return On Investment": {"2019-12-31": "5.94480", "2018-12-31": "4.37150", "2017-12-31": "5.24760", "2016-12-31": "4.64530", "2015-12-31": "4.31140", "2014-12-31": "4.09260", "2013-12-31": "3.63310", "2012-12-31": "4.06260", "2011-12-31": "3.88890", "2010-12-31": "4.36540", "2009-12-31": "3.37420", "2008-12-31": "4.16960", "2007-12-31": "3.60970", "2006-12-31": "3.92550", "2005-12-31": "3.84510"}, "Book Value Per Share": {"2019-12-31": "34.89680", "2018-12-31": "33.23020", "2017-12-31": "32.71970", "2016-12-31": "28.83260", "2015-12-31": "25.64190", "2014-12-31": "24.67070", "2013-12-31": "22.05810", "2012-12-31": "20.22050", "2011-12-31": "19.52350", "2010-12-31": "18.13490", "2009-12-31": "19.74240", "2008-12-31": "19.44450", "2007-12-31": "19.00610", "2006-12-31": "14.17320", "2005-12-31": "14.64990"}, "Operating Cash Flow Per Share": {"2019-12-31": -0.8706, "2018-12-31": 0.6967, "2017-12-31": 0.3327, "2016-12-31": 0.6694, "2015-12-31": 0.2215, "2014-12-31": 0.3258, "2013-12-31": 0.1719, "2012-12-31": 0.7219, "2011-12-31": -0.2776, "2010-12-31": -0.1051, "2009-12-31": 0.4151, "2008-12-31": 0.0834, "2007-12-31": 0.3341, "2006-12-31": 0.1613, "2005-12-31": 3.2977}, "Free Cash Flow Per Share": {"2019-12-31": -1.3293, "2018-12-31": 2.857, "2017-12-31": -0.6969, "2016-12-31": -1.3894, "2015-12-31": 1.4739, "2014-12-31": -0.5916, "2013-12-31": -1.4384, "2012-12-31": 0.177, "2011-12-31": -1.1004, "2010-12-31": 0.1483, "2009-12-31": 1.052, "2008-12-31": 0.1725, "2007-12-31": 0.1197, "2006-12-31": 1.1416, "2005-12-31": 0.0996}}, "financial ratios, quarterly": {"Current Ratio": {"2020-09-30": "", "2020-06-30": "", "2020-03-31": "", "2019-12-31": "", "2019-09-30": "", "2019-06-30": "", "2019-03-31": "", "2018-12-31": "", "2018-09-30": "", "2018-06-30": "", "2018-03-31": "", "2017-12-31": "", "2017-09-30": "", "2017-06-30": "", "2017-03-31": "", "2016-12-31": "", "2016-09-30": "", "2016-06-30": "", "2016-03-31": "", "2015-12-31": "", "2015-09-30": "", "2015-06-30": "", "2015-03-31": "", "2014-12-31": "", "2014-09-30": "", "2014-06-30": "", "2014-03-31": "", "2013-12-31": "", "2013-09-30": "", "2013-06-30": "", "2013-03-31": "", "2012-12-31": "", "2012-09-30": "", "2012-06-30": "", "2012-03-31": "", "2011-12-31": "", "2011-09-30": "", "2011-06-30": "", "2011-03-31": "", "2010-12-31": "", "2010-09-30": "", "2010-06-30": "", "2010-03-31": "", "2009-12-31": "", "2009-09-30": "", "2009-06-30": "", "2009-03-31": "", "2008-12-31": "", "2008-09-30": "", "2008-06-30": "", "2008-03-31": "", "2007-12-31": "", "2007-09-30": "", "2007-06-30": "", "2007-03-31": "", "2006-12-31": "", "2006-09-30": "", "2006-06-30": "", "2006-03-31": "", "2005-12-31": "", "2005-09-30": "", "2005-06-30": "", "2005-03-31": ""}, "Long-term Debt / Capital": {"2020-09-30": "0.65210", "2020-06-30": "0.64170", "2020-03-31": "0.63000", "2019-12-31": "0.56530", "2019-09-30": "0.56550", "2019-06-30": "0.56260", "2019-03-31": "0.56340", "2018-12-31": "0.56690", "2018-09-30": "0.57230", "2018-06-30": "0.58170", "2018-03-31": "0.58430", "2017-12-31": "0.57870", "2017-09-30": "0.58300", "2017-06-30": "0.60100", "2017-03-31": "0.59200", "2016-12-31": "0.57410", "2016-09-30": "0.57560", "2016-06-30": "0.56850", "2016-03-31": "0.57460", "2015-12-31": "0.59590", "2015-09-30": "0.58760", "2015-06-30": "0.59320", "2015-03-31": "0.60910", "2014-12-31": "0.58740", "2014-09-30": "0.58730", "2014-06-30": "0.59300", "2014-03-31": "0.60310", "2013-12-31": "0.61210", "2013-09-30": "0.61710", "2013-06-30": "0.62540", "2013-03-31": "0.62220", "2012-12-31": "0.62760", "2012-09-30": "0.62410", "2012-06-30": "0.62500", "2012-03-31": "0.62550", "2011-12-31": "0.62980", "2011-09-30": "0.56680", "2011-06-30": "0.58210", "2011-03-31": "0.59620", "2010-12-31": "0.61300", "2010-09-30": "0.59190", "2010-06-30": "0.58690", "2010-03-31": "0.58480", "2009-12-31": "0.59740", "2009-09-30": "0.62710", "2009-06-30": "0.62980", "2009-03-31": "0.60950", "2008-12-31": "0.60350", "2008-09-30": "0.61110", "2008-06-30": "0.59990", "2008-03-31": "0.59530", "2007-12-31": "0.59510", "2007-09-30": "0.68040", "2007-06-30": "0.67710", "2007-03-31": "0.67840", "2006-12-31": "0.68400", "2006-09-30": "0.62080", "2006-06-30": "0.64200", "2006-03-31": "0.64390", "2005-12-31": "0.64210", "2005-09-30": "0.63160", "2005-06-30": "0.63320", "2005-03-31": "0.62930"}, "Debt/Equity Ratio": {"2020-09-30": "1.87460", "2020-06-30": "1.79130", "2020-03-31": "1.70270", "2019-12-31": "1.30060", "2019-09-30": "1.30150", "2019-06-30": "1.28650", "2019-03-31": "1.29060", "2018-12-31": "1.30880", "2018-09-30": "1.33830", "2018-06-30": "1.39070", "2018-03-31": "1.40550", "2017-12-31": "1.37350", "2017-09-30": "1.39840", "2017-06-30": "1.50620", "2017-03-31": "1.45100", "2016-12-31": "1.34810", "2016-09-30": "1.35650", "2016-06-30": "1.31730", "2016-03-31": "1.35060", "2015-12-31": "1.47440", "2015-09-30": "1.42490", "2015-06-30": "1.45820", "2015-03-31": "1.55840", "2014-12-31": "1.42370", "2014-09-30": "1.42330", "2014-06-30": "1.45720", "2014-03-31": "1.51940", "2013-12-31": "1.57810", "2013-09-30": "1.61150", "2013-06-30": "1.66930", "2013-03-31": "1.64670", "2012-12-31": "1.68520", "2012-09-30": "1.66050", "2012-06-30": "1.66630", "2012-03-31": "1.67050", "2011-12-31": "1.70110", "2011-09-30": "1.30820", "2011-06-30": "1.39280", "2011-03-31": "1.47670", "2010-12-31": "1.58380", "2010-09-30": "1.45020", "2010-06-30": "1.42090", "2010-03-31": "1.40820", "2009-12-31": "1.48370", "2009-09-30": "1.68190", "2009-06-30": "1.70110", "2009-03-31": "1.56080", "2008-12-31": "1.52210", "2008-09-30": "1.57120", "2008-06-30": "1.49920", "2008-03-31": "1.47100", "2007-12-31": "1.47000", "2007-09-30": "2.12880", "2007-06-30": "2.09660", "2007-03-31": "2.10940", "2006-12-31": "2.16420", "2006-09-30": "1.63690", "2006-06-30": "1.79300", "2006-03-31": "1.80850", "2005-12-31": "1.79410", "2005-09-30": "1.71420", "2005-06-30": "1.72650", "2005-03-31": "1.69760"}, "Gross Margin": {"2020-09-30": "", "2020-06-30": "", "2020-03-31": "", "2019-12-31": "", "2019-09-30": "", "2019-06-30": "", "2019-03-31": "", "2018-12-31": "", "2018-09-30": "", "2018-06-30": "", "2018-03-31": "", "2017-12-31": "", "2017-09-30": "", "2017-06-30": "", "2017-03-31": "", "2016-12-31": "", "2016-09-30": "", "2016-06-30": "", "2016-03-31": "", "2015-12-31": "", "2015-09-30": "", "2015-06-30": "", "2015-03-31": "", "2014-12-31": "", "2014-09-30": "", "2014-06-30": "", "2014-03-31": "", "2013-12-31": "", "2013-09-30": "", "2013-06-30": "", "2013-03-31": "", "2012-12-31": "", "2012-09-30": "", "2012-06-30": "", "2012-03-31": "", "2011-12-31": "", "2011-09-30": "", "2011-06-30": "", "2011-03-31": "", "2010-12-31": "", "2010-09-30": "", "2010-06-30": "", "2010-03-31": "", "2009-12-31": "", "2009-09-30": "", "2009-06-30": "", "2009-03-31": "", "2008-12-31": "", "2008-09-30": "", "2008-06-30": "", "2008-03-31": "", "2007-12-31": "", "2007-09-30": "", "2007-06-30": "", "2007-03-31": "", "2006-12-31": "", "2006-09-30": "", "2006-06-30": "", "2006-03-31": "", "2005-12-31": "", "2005-09-30": "", "2005-06-30": "", "2005-03-31": ""}, "Operating Margin": {"2020-09-30": "1.77140", "2020-06-30": "27.40500", "2020-03-31": "37.02850", "2019-12-31": "73.68670", "2019-09-30": "40.18770", "2019-06-30": "47.54690", "2019-03-31": "39.22590", "2018-12-31": "36.04450", "2018-09-30": "40.68150", "2018-06-30": "41.73730", "2018-03-31": "39.68900", "2017-12-31": "71.92410", "2017-09-30": "38.76850", "2017-06-30": "39.93770", "2017-03-31": "39.31940", "2016-12-31": "40.89830", "2016-09-30": "39.99910", "2016-06-30": "40.47610", "2016-03-31": "38.78210", "2015-12-31": "39.43440", "2015-09-30": "40.98040", "2015-06-30": "41.99310", "2015-03-31": "39.02880", "2014-12-31": "40.60050", "2014-09-30": "39.55940", "2014-06-30": "40.70390", "2014-03-31": "37.13910", "2013-12-31": "38.73760", "2013-09-30": "40.68480", "2013-06-30": "40.33850", "2013-03-31": "39.77250", "2012-12-31": "41.87450", "2012-09-30": "42.45450", "2012-06-30": "41.86700", "2012-03-31": "41.38860", "2011-12-31": "40.13910", "2011-09-30": "41.22870", "2011-06-30": "42.07070", "2011-03-31": "40.95420", "2010-12-31": "42.75900", "2010-09-30": "41.88660", "2010-06-30": "41.91760", "2010-03-31": "42.64050", "2009-12-31": "45.75170", "2009-09-30": "44.01110", "2009-06-30": "42.50720", "2009-03-31": "26.07500", "2008-12-31": "40.58260", "2008-09-30": "42.09800", "2008-06-30": "41.57730", "2008-03-31": "43.03830", "2007-12-31": "41.46010", "2007-09-30": "43.77650", "2007-06-30": "44.24480", "2007-03-31": "43.27230", "2006-12-31": "41.99350", "2006-09-30": "44.45550", "2006-06-30": "44.75510", "2006-03-31": "43.69530", "2005-12-31": "42.34120", "2005-09-30": "43.52910", "2005-06-30": "44.25360", "2005-03-31": "41.66060"}, "EBIT Margin": {"2020-09-30": "1.77140", "2020-06-30": "27.40500", "2020-03-31": "37.02850", "2019-12-31": "73.68670", "2019-09-30": "40.18770", "2019-06-30": "47.54690", "2019-03-31": "39.22590", "2018-12-31": "36.04450", "2018-09-30": "40.68150", "2018-06-30": "41.73730", "2018-03-31": "39.68900", "2017-12-31": "71.92410", "2017-09-30": "38.76850", "2017-06-30": "39.93770", "2017-03-31": "39.31940", "2016-12-31": "40.89820", "2016-09-30": "39.99910", "2016-06-30": "40.47610", "2016-03-31": "38.78210", "2015-12-31": "39.43440", "2015-09-30": "40.98040", "2015-06-30": "41.99310", "2015-03-31": "39.02880", "2014-12-31": "40.60050", "2014-09-30": "39.55940", "2014-06-30": "40.70390", "2014-03-31": "37.13910", "2013-12-31": "38.73760", "2013-09-30": "40.68480", "2013-06-30": "40.33850", "2013-03-31": "39.77250", "2012-12-31": "41.87450", "2012-09-30": "42.45450", "2012-06-30": "41.86700", "2012-03-31": "41.38860", "2011-12-31": "40.13910", "2011-09-30": "41.22870", "2011-06-30": "42.07070", "2011-03-31": "40.95420", "2010-12-31": "42.75900", "2010-09-30": "41.88660", "2010-06-30": "41.91760", "2010-03-31": "42.64050", "2009-12-31": "45.75170", "2009-09-30": "44.01110", "2009-06-30": "42.50720", "2009-03-31": "26.07500", "2008-12-31": "40.58260", "2008-09-30": "42.09800", "2008-06-30": "41.57730", "2008-03-31": "43.03830", "2007-12-31": "41.46010", "2007-09-30": "43.77650", "2007-06-30": "44.24480", "2007-03-31": "43.27230", "2006-12-31": "41.99350", "2006-09-30": "44.45550", "2006-06-30": "44.75510", "2006-03-31": "43.69530", "2005-12-31": "42.34120", "2005-09-30": "43.52910", "2005-06-30": "44.25360", "2005-03-31": "41.66060"}, "EBITDA Margin": {"2020-09-30": "", "2020-06-30": "", "2020-03-31": "", "2019-12-31": "", "2019-09-30": "", "2019-06-30": "", "2019-03-31": "", "2018-12-31": "", "2018-09-30": "", "2018-06-30": "", "2018-03-31": "", "2017-12-31": "", "2017-09-30": "", "2017-06-30": "", "2017-03-31": "", "2016-12-31": "", "2016-09-30": "", "2016-06-30": "", "2016-03-31": "", "2015-12-31": "", "2015-09-30": "", "2015-06-30": "", "2015-03-31": "", "2014-12-31": "", "2014-09-30": "", "2014-06-30": "", "2014-03-31": "", "2013-12-31": "", "2013-09-30": "", "2013-06-30": "", "2013-03-31": "", "2012-12-31": "", "2012-09-30": "", "2012-06-30": "", "2012-03-31": "", "2011-12-31": "", "2011-09-30": "", "2011-06-30": "", "2011-03-31": "", "2010-12-31": "", "2010-09-30": "", "2010-06-30": "", "2010-03-31": "", "2009-12-31": "", "2009-09-30": "", "2009-06-30": "", "2009-03-31": "", "2008-12-31": "", "2008-09-30": "", "2008-06-30": "", "2008-03-31": "", "2007-12-31": "", "2007-09-30": "", "2007-06-30": "", "2007-03-31": "", "2006-12-31": "", "2006-09-30": "", "2006-06-30": "", "2006-03-31": "", "2005-12-31": "", "2005-09-30": "", "2005-06-30": "", "2005-03-31": ""}, "Pre-Tax Profit Margin": {"2020-09-30": "-16.14960", "2020-06-30": "6.16190", "2020-03-31": "24.37460", "2019-12-31": "62.29000", "2019-09-30": "28.68430", "2019-06-30": "35.86970", "2019-03-31": "26.61320", "2018-12-31": "23.95400", "2018-09-30": "27.93430", "2018-06-30": "29.13850", "2018-03-31": "27.91910", "2017-12-31": "54.80250", "2017-09-30": "26.66030", "2017-06-30": "28.42460", "2017-03-31": "27.91470", "2016-12-31": "29.26080", "2016-09-30": "27.96470", "2016-06-30": "28.84670", "2016-03-31": "26.89120", "2015-12-31": "27.62340", "2015-09-30": "29.44640", "2015-06-30": "18.82720", "2015-03-31": "26.08500", "2014-12-31": "21.13600", "2014-09-30": "26.11940", "2014-06-30": "27.04190", "2014-03-31": "23.73440", "2013-12-31": "18.06760", "2013-09-30": "24.76890", "2013-06-30": "21.20810", "2013-03-31": "22.55120", "2012-12-31": "24.45160", "2012-09-30": "24.98540", "2012-06-30": "22.76770", "2012-03-31": "22.05360", "2011-12-31": "22.17120", "2011-09-30": "24.35790", "2011-06-30": "24.87010", "2011-03-31": "23.22070", "2010-12-31": "24.75900", "2010-09-30": "23.03550", "2010-06-30": "23.00330", "2010-03-31": "22.11760", "2009-12-31": "23.74720", "2009-09-30": "22.01590", "2009-06-30": "22.44170", "2009-03-31": "8.31660", "2008-12-31": "22.27930", "2008-09-30": "23.25690", "2008-06-30": "23.06620", "2008-03-31": "24.29710", "2007-12-31": "20.22450", "2007-09-30": "21.06200", "2007-06-30": "21.03590", "2007-03-31": "19.99690", "2006-12-31": "21.45720", "2006-09-30": "22.73460", "2006-06-30": "22.42960", "2006-03-31": "21.67190", "2005-12-31": "24.31690", "2005-09-30": "22.35500", "2005-06-30": "23.72720", "2005-03-31": "20.38260"}, "Net Profit Margin": {"2020-09-30": "-14.55300", "2020-06-30": "4.82110", "2020-03-31": "22.78190", "2019-12-31": "60.35440", "2019-09-30": "27.12370", "2019-06-30": "34.23120", "2019-03-31": "25.03330", "2018-12-31": "21.90790", "2018-09-30": "26.35350", "2018-06-30": "27.38260", "2018-03-31": "26.28030", "2017-12-31": "21.30010", "2017-09-30": "48.90960", "2017-06-30": "36.60480", "2017-03-31": "27.02890", "2016-12-31": "28.36820", "2016-09-30": "29.25130", "2016-06-30": "28.18760", "2016-03-31": "38.73070", "2015-12-31": "34.81540", "2015-09-30": "28.23780", "2015-06-30": "23.97040", "2015-03-31": "24.92050", "2014-12-31": "19.29050", "2014-09-30": "27.45970", "2014-06-30": "25.84740", "2014-03-31": "22.60640", "2013-12-31": "16.74260", "2013-09-30": "38.96250", "2013-06-30": "23.76550", "2013-03-31": "21.92380", "2012-12-31": "24.14190", "2012-09-30": "24.35060", "2012-06-30": "21.86230", "2012-03-31": "29.14920", "2011-12-31": "21.79990", "2011-09-30": "33.93040", "2011-06-30": "25.31330", "2011-03-31": "22.55810", "2010-12-31": "23.46960", "2010-09-30": "22.10930", "2010-06-30": "23.25470", "2010-03-31": "21.02670", "2009-12-31": "23.38010", "2009-09-30": "20.83870", "2009-06-30": "21.69900", "2009-03-31": "7.89540", "2008-12-31": "25.28930", "2008-09-30": "28.06680", "2008-06-30": "22.40580", "2008-03-31": "23.62210", "2007-12-31": "97.62090", "2007-09-30": "18.92060", "2007-06-30": "22.34730", "2007-03-31": "20.04110", "2006-12-31": "18.28390", "2006-09-30": "19.69890", "2006-06-30": "32.60150", "2006-03-31": "25.98450", "2005-12-31": "36.03740", "2005-09-30": "27.66740", "2005-06-30": "22.10310", "2005-03-31": "20.81210"}, "Asset Turnover": {"2020-09-30": "0.02700", "2020-06-30": "0.02260", "2020-03-31": "0.02980", "2019-12-31": "0.03520", "2019-09-30": "0.03540", "2019-06-30": "0.03610", "2019-03-31": "0.03660", "2018-12-31": "0.03740", "2018-09-30": "0.03660", "2018-06-30": "0.03570", "2018-03-31": "0.03580", "2017-12-31": "0.03570", "2017-09-30": "0.03500", "2017-06-30": "0.03580", "2017-03-31": "0.03670", "2016-12-31": "0.03760", "2016-09-30": "0.03730", "2016-06-30": "0.03820", "2016-03-31": "0.03870", "2015-12-31": "0.03930", "2015-09-30": "0.03870", "2015-06-30": "0.03830", "2015-03-31": "0.03870", "2014-12-31": "0.03880", "2014-09-30": "0.03820", "2014-06-30": "0.03790", "2014-03-31": "0.03880", "2013-12-31": "0.03880", "2013-09-30": "0.03820", "2013-06-30": "0.03850", "2013-03-31": "0.04020", "2012-12-31": "0.03970", "2012-09-30": "0.04130", "2012-06-30": "0.04010", "2012-03-31": "0.03990", "2011-12-31": "0.03810", "2011-09-30": "0.04230", "2011-06-30": "0.04230", "2011-03-31": "0.04280", "2010-12-31": "0.04330", "2010-09-30": "0.04270", "2010-06-30": "0.04290", "2010-03-31": "0.04470", "2009-12-31": "0.04230", "2009-09-30": "0.03760", "2009-06-30": "0.04030", "2009-03-31": "0.04240", "2008-12-31": "0.04290", "2008-09-30": "0.04230", "2008-06-30": "0.04250", "2008-03-31": "0.04240", "2007-12-31": "0.04180", "2007-09-30": "0.04220", "2007-06-30": "0.04100", "2007-03-31": "0.03930", "2006-12-31": "0.03630", "2006-09-30": "0.04250", "2006-06-30": "0.04620", "2006-03-31": "0.04620", "2005-12-31": "0.03810", "2005-09-30": "0.04360", "2005-06-30": "0.04320", "2005-03-31": "0.04360"}, "Inventory Turnover Ratio": {"2020-09-30": "", "2020-06-30": "", "2020-03-31": "", "2019-12-31": "", "2019-09-30": "", "2019-06-30": "", "2019-03-31": "", "2018-12-31": "", "2018-09-30": "", "2018-06-30": "", "2018-03-31": "", "2017-12-31": "", "2017-09-30": "", "2017-06-30": "", "2017-03-31": "", "2016-12-31": "", "2016-09-30": "", "2016-06-30": "", "2016-03-31": "", "2015-12-31": "", "2015-09-30": "", "2015-06-30": "", "2015-03-31": "", "2014-12-31": "", "2014-09-30": "", "2014-06-30": "", "2014-03-31": "", "2013-12-31": "", "2013-09-30": "", "2013-06-30": "", "2013-03-31": "", "2012-12-31": "", "2012-09-30": "", "2012-06-30": "", "2012-03-31": "", "2011-12-31": "", "2011-09-30": "", "2011-06-30": "", "2011-03-31": "", "2010-12-31": "", "2010-09-30": "", "2010-06-30": "", "2010-03-31": "", "2009-12-31": "", "2009-09-30": "", "2009-06-30": "", "2009-03-31": "", "2008-12-31": "", "2008-09-30": "", "2008-06-30": "", "2008-03-31": "", "2007-12-31": "", "2007-09-30": "", "2007-06-30": "", "2007-03-31": "", "2006-12-31": "", "2006-09-30": "", "2006-06-30": "", "2006-03-31": "", "2005-12-31": "", "2005-09-30": "", "2005-06-30": "", "2005-03-31": ""}, "Receiveable Turnover": {"2020-09-30": "", "2020-06-30": "", "2020-03-31": "", "2019-12-31": "", "2019-09-30": "", "2019-06-30": "", "2019-03-31": "", "2018-12-31": "", "2018-09-30": "", "2018-06-30": "", "2018-03-31": "", "2017-12-31": "", "2017-09-30": "", "2017-06-30": "", "2017-03-31": "", "2016-12-31": "", "2016-09-30": "", "2016-06-30": "", "2016-03-31": "", "2015-12-31": "", "2015-09-30": "", "2015-06-30": "", "2015-03-31": "", "2014-12-31": "", "2014-09-30": "", "2014-06-30": "", "2014-03-31": "", "2013-12-31": "", "2013-09-30": "", "2013-06-30": "", "2013-03-31": "", "2012-12-31": "", "2012-09-30": "", "2012-06-30": "", "2012-03-31": "", "2011-12-31": "", "2011-09-30": "", "2011-06-30": "", "2011-03-31": "", "2010-12-31": "", "2010-09-30": "", "2010-06-30": "", "2010-03-31": "", "2009-12-31": "", "2009-09-30": "", "2009-06-30": "", "2009-03-31": "", "2008-12-31": "", "2008-09-30": "", "2008-06-30": "", "2008-03-31": "", "2007-12-31": "", "2007-09-30": "", "2007-06-30": "", "2007-03-31": "", "2006-12-31": "", "2006-09-30": "", "2006-06-30": "", "2006-03-31": "", "2005-12-31": "", "2005-09-30": "", "2005-06-30": "", "2005-03-31": ""}, "Days Sales In Receivables": {"2020-09-30": "", "2020-06-30": "", "2020-03-31": "", "2019-12-31": "", "2019-09-30": "", "2019-06-30": "", "2019-03-31": "", "2018-12-31": "", "2018-09-30": "", "2018-06-30": "", "2018-03-31": "", "2017-12-31": "", "2017-09-30": "", "2017-06-30": "", "2017-03-31": "", "2016-12-31": "", "2016-09-30": "", "2016-06-30": "", "2016-03-31": "", "2015-12-31": "", "2015-09-30": "", "2015-06-30": "", "2015-03-31": "", "2014-12-31": "", "2014-09-30": "", "2014-06-30": "", "2014-03-31": "", "2013-12-31": "", "2013-09-30": "", "2013-06-30": "", "2013-03-31": "", "2012-12-31": "", "2012-09-30": "", "2012-06-30": "", "2012-03-31": "", "2011-12-31": "", "2011-09-30": "", "2011-06-30": "", "2011-03-31": "", "2010-12-31": "", "2010-09-30": "", "2010-06-30": "", "2010-03-31": "", "2009-12-31": "", "2009-09-30": "", "2009-06-30": "", "2009-03-31": "", "2008-12-31": "", "2008-09-30": "", "2008-06-30": "", "2008-03-31": "", "2007-12-31": "", "2007-09-30": "", "2007-06-30": "", "2007-03-31": "", "2006-12-31": "", "2006-09-30": "", "2006-06-30": "", "2006-03-31": "", "2005-12-31": "", "2005-09-30": "", "2005-06-30": "", "2005-03-31": ""}, "ROE - Return On Equity": {"2020-09-30": "-1.48900", "2020-06-30": "0.45800", "2020-03-31": "2.31350", "2019-12-31": "6.01610", "2019-09-30": "2.78090", "2019-06-30": "3.51680", "2019-03-31": "2.63940", "2018-12-31": "2.44360", "2018-09-30": "2.82300", "2018-06-30": "2.94190", "2018-03-31": "2.84360", "2017-12-31": "5.50000", "2017-09-30": "2.67310", "2017-06-30": "2.84770", "2017-03-31": "2.80100", "2016-12-31": "2.89100", "2016-09-30": "2.72910", "2016-06-30": "2.83710", "2016-03-31": "2.72270", "2015-12-31": "3.00110", "2015-09-30": "3.08610", "2015-06-30": "1.97300", "2015-03-31": "2.86590", "2014-12-31": "2.21560", "2014-09-30": "2.70330", "2014-06-30": "2.82430", "2014-03-31": "2.59190", "2013-12-31": "2.02580", "2013-09-30": "2.77180", "2013-06-30": "2.42970", "2013-03-31": "2.67760", "2012-12-31": "2.90860", "2012-09-30": "3.01750", "2012-06-30": "2.67390", "2012-03-31": "2.56800", "2011-12-31": "2.51350", "2011-09-30": "2.55360", "2011-06-30": "2.70300", "2011-03-31": "2.63790", "2010-12-31": "3.06330", "2010-09-30": "2.61200", "2010-06-30": "2.58730", "2010-03-31": "2.56970", "2009-12-31": "2.69670", "2009-09-30": "2.39470", "2009-06-30": "2.64770", "2009-03-31": "0.98060", "2008-12-31": "2.60270", "2008-09-30": "2.76790", "2008-06-30": "2.69590", "2008-03-31": "2.78500", "2007-12-31": "2.67880", "2007-09-30": "2.86360", "2007-06-30": "2.76490", "2007-03-31": "2.53830", "2006-12-31": "2.56070", "2006-09-30": "3.09490", "2006-06-30": "4.74260", "2006-03-31": "3.53150", "2005-12-31": "3.20970", "2005-09-30": "3.30730", "2005-06-30": "3.46590", "2005-03-31": "2.88000"}, "Return On Tangible Equity": {"2020-09-30": "-1.39050", "2020-06-30": "0.42900", "2020-03-31": "2.17110", "2019-12-31": "5.65090", "2019-09-30": "2.60800", "2019-06-30": "3.29270", "2019-03-31": "2.47060", "2018-12-31": "2.28510", "2018-09-30": "2.63740", "2018-06-30": "2.74470", "2018-03-31": "2.65180", "2017-12-31": "5.13210", "2017-09-30": "2.48980", "2017-06-30": "2.83400", "2017-03-31": "2.78760", "2016-12-31": "2.87710", "2016-09-30": "2.71590", "2016-06-30": "2.82310", "2016-03-31": "2.70890", "2015-12-31": "2.98420", "2015-09-30": "3.06880", "2015-06-30": "1.96170", "2015-03-31": "2.84900", "2014-12-31": "2.20250", "2014-09-30": "2.68710", "2014-06-30": "2.80680", "2014-03-31": "2.57550", "2013-12-31": "2.01200", "2013-09-30": "2.75240", "2013-06-30": "2.41210", "2013-03-31": "2.65750", "2012-12-31": "2.88640", "2012-09-30": "2.99450", "2012-06-30": "2.65280", "2012-03-31": "2.54780", "2011-12-31": "2.49320", "2011-09-30": "2.53430", "2011-06-30": "2.68160", "2011-03-31": "2.61630", "2010-12-31": "3.03580", "2010-09-30": "2.59000", "2010-06-30": "2.56560", "2010-03-31": "2.54830", "2009-12-31": "2.67440", "2009-09-30": "2.37500", "2009-06-30": "2.62400", "2009-03-31": "0.97190", "2008-12-31": "2.58010", "2008-09-30": "2.74310", "2008-06-30": "2.67170", "2008-03-31": "2.75990", "2007-12-31": "2.65480", "2007-09-30": "2.83040", "2007-06-30": "2.73300", "2007-03-31": "2.50910", "2006-12-31": "2.56070", "2006-09-30": "2.64300", "2006-06-30": "3.91890", "2006-03-31": "2.91210", "2005-12-31": "2.65050", "2005-09-30": "2.73330", "2005-06-30": "2.86410", "2005-03-31": "2.39450"}, "ROA - Return On Assets": {"2020-09-30": "-0.43600", "2020-06-30": "0.13940", "2020-03-31": "0.72730", "2019-12-31": "2.19230", "2019-09-30": "1.01560", "2019-06-30": "1.29500", "2019-03-31": "0.97310", "2018-12-31": "0.89640", "2018-09-30": "1.02110", "2018-06-30": "1.03980", "2018-03-31": "0.99990", "2017-12-31": "1.95570", "2017-09-30": "0.93400", "2017-06-30": "1.01900", "2017-03-31": "1.02350", "2016-12-31": "1.10130", "2016-09-30": "1.04220", "2016-06-30": "1.10070", "2016-03-31": "1.04060", "2015-12-31": "1.08600", "2015-09-30": "1.14030", "2015-06-30": "0.72170", "2015-03-31": "1.00830", "2014-12-31": "0.81990", "2014-09-30": "0.99670", "2014-06-30": "1.02480", "2014-03-31": "0.92030", "2013-12-31": "0.70160", "2013-09-30": "0.94700", "2013-06-30": "0.81710", "2013-03-31": "0.90730", "2012-12-31": "0.97030", "2012-09-30": "1.03260", "2012-06-30": "0.91270", "2012-03-31": "0.87930", "2011-12-31": "0.84370", "2011-09-30": "1.03020", "2011-06-30": "1.05240", "2011-03-31": "0.99340", "2010-12-31": "1.07210", "2010-09-30": "0.98300", "2010-06-30": "0.98740", "2010-03-31": "0.98810", "2009-12-31": "1.00350", "2009-09-30": "0.82860", "2009-06-30": "0.90420", "2009-03-31": "0.35270", "2008-12-31": "0.95680", "2008-09-30": "0.98440", "2008-06-30": "0.98100", "2008-03-31": "1.03060", "2007-12-31": "0.98990", "2007-09-30": "0.83270", "2007-06-30": "0.81480", "2007-03-31": "0.74260", "2006-12-31": "0.74680", "2006-09-30": "0.92560", "2006-06-30": "1.29710", "2006-03-31": "0.95470", "2005-12-31": "0.87360", "2005-09-30": "0.92320", "2005-06-30": "0.96960", "2005-03-31": "0.82400"}, "ROI - Return On Investment": {"2020-09-30": "-0.48370", "2020-06-30": "0.15370", "2020-03-31": "0.80330", "2019-12-31": "2.45620", "2019-09-30": "1.13310", "2019-06-30": "1.44010", "2019-03-31": "1.07860", "2018-12-31": "0.98980", "2018-09-30": "1.12790", "2018-06-30": "1.14810", "2018-03-31": "1.10240", "2017-12-31": "2.16220", "2017-09-30": "1.03810", "2017-06-30": "1.13080", "2017-03-31": "1.13730", "2016-12-31": "1.22530", "2016-09-30": "1.15250", "2016-06-30": "1.21830", "2016-03-31": "1.15240", "2015-12-31": "1.20610", "2015-09-30": "1.26550", "2015-06-30": "0.79800", "2015-03-31": "1.11360", "2014-12-31": "0.90870", "2014-09-30": "1.10880", "2014-06-30": "1.14230", "2014-03-31": "1.02230", "2013-12-31": "0.78040", "2013-09-30": "1.05400", "2013-06-30": "0.90370", "2013-03-31": "1.00410", "2012-12-31": "1.07490", "2012-09-30": "1.12550", "2012-06-30": "0.99490", "2012-03-31": "0.95410", "2011-12-31": "0.92300", "2011-09-30": "1.09800", "2011-06-30": "1.12070", "2011-03-31": "1.05640", "2010-12-31": "1.17500", "2010-09-30": "1.05710", "2010-06-30": "1.05980", "2010-03-31": "1.05820", "2009-12-31": "1.07680", "2009-09-30": "0.88560", "2009-06-30": "0.97150", "2009-03-31": "0.37950", "2008-12-31": "1.02300", "2008-09-30": "1.06680", "2008-06-30": "1.06900", "2008-03-31": "1.11690", "2007-12-31": "1.07480", "2007-09-30": "0.90460", "2007-06-30": "0.88260", "2007-03-31": "0.80690", "2006-12-31": "0.80930", "2006-09-30": "1.00230", "2006-06-30": "1.40310", "2006-03-31": "1.03690", "2005-12-31": "0.94860", "2005-09-30": "1.00710", "2005-06-30": "1.05050", "2005-03-31": "0.88760"}, "Book Value Per Share": {"2020-09-30": "31.96790", "2020-06-30": "33.46560", "2020-03-31": "34.37590", "2019-12-31": "34.89670", "2019-09-30": "34.08330", "2019-06-30": "33.49760", "2019-03-31": "33.42680", "2018-12-31": "33.23020", "2018-09-30": "32.94710", "2018-06-30": "32.51300", "2018-03-31": "32.41200", "2017-12-31": "32.71970", "2017-09-30": "32.30120", "2017-06-30": "28.88090", "2017-03-31": "28.74980", "2016-12-31": "28.83260", "2016-09-30": "28.85380", "2016-06-30": "28.32640", "2016-03-31": "27.78590", "2015-12-31": "25.64190", "2015-09-30": "25.59540", "2015-06-30": "25.19590", "2015-03-31": "24.63560", "2014-12-31": "24.67070", "2014-09-30": "24.38900", "2014-06-30": "24.00250", "2014-03-31": "23.40330", "2013-12-31": "22.05810", "2013-09-30": "21.67170", "2013-06-30": "21.06640", "2013-03-31": "20.44070", "2012-12-31": "20.22050", "2012-09-30": "20.30180", "2012-06-30": "19.75750", "2012-03-31": "19.81390", "2011-12-31": "19.52350", "2011-09-30": "20.83860", "2011-06-30": "20.12640", "2011-03-31": "19.63090", "2010-12-31": "18.13490", "2010-09-30": "19.31420", "2010-06-30": "19.45030", "2010-03-31": "19.57190", "2009-12-31": "19.74240", "2009-09-30": "19.84870", "2009-06-30": "18.84360", "2009-03-31": "18.98460", "2008-12-31": "19.44450", "2008-09-30": "18.93490", "2008-06-30": "18.86530", "2008-03-31": "18.92600", "2007-12-31": "19.00610", "2007-09-30": "15.22730", "2007-06-30": "15.33960", "2007-03-31": "15.38640", "2006-12-31": "14.17320", "2006-09-30": "16.72570", "2006-06-30": "14.64860", "2006-03-31": "14.51330", "2005-12-31": "14.64990", "2005-09-30": "14.75220", "2005-06-30": "14.76470", "2005-03-31": "15.25600"}, "Operating Cash Flow Per Share": {"2020-09-30": 1.154, "2020-06-30": 0.83, "2020-03-31": "1.57580", "2019-12-31": 1.5771, "2019-09-30": 1.3582, "2019-06-30": 1.8289, "2019-03-31": "1.41400", "2018-12-31": 2.0805, "2018-09-30": 1.3653, "2018-06-30": 1.9012, "2018-03-31": "1.70180", "2017-12-31": 1.6507, "2017-09-30": 1.3924, "2017-06-30": 1.5878, "2017-03-31": "1.72120", "2016-12-31": 1.9152, "2016-09-30": 1.2354, "2016-06-30": 1.3696, "2016-03-31": "1.49920", "2015-12-31": 1.5751, "2015-09-30": 1.2478, "2015-06-30": 1.3313, "2015-03-31": "1.19580", "2014-12-31": 1.5579, "2014-09-30": 1.013, "2014-06-30": 1.3721, "2014-03-31": "1.18550", "2013-12-31": 1.349, "2013-09-30": 1.2076, "2013-06-30": 1.2022, "2013-03-31": "1.04390", "2012-12-31": 1.373, "2012-09-30": 0.9113, "2012-06-30": 1.2542, "2012-03-31": "1.09230", "2011-12-31": 1.1632, "2011-09-30": 0.8432, "2011-06-30": 1.1561, "2011-03-31": "0.74640", "2010-12-31": 1.2581, "2010-09-30": 0.8187, "2010-06-30": 1.1629, "2010-03-31": "0.94680", "2009-12-31": 1.0624, "2009-09-30": 0.7528, "2009-06-30": 1.2453, "2009-03-31": "1.23110", "2008-12-31": 0.9148, "2008-09-30": 0.8739, "2008-06-30": 1.196, "2008-03-31": "0.89180", "2007-12-31": 0.9931, "2007-09-30": 0.8521, "2007-06-30": 0.9521, "2007-03-31": "0.99580", "2006-12-31": 0.8296, "2006-09-30": 0.8692, "2006-06-30": 0.8701, "2006-03-31": "0.89010", "2005-12-31": 0.7602, "2005-09-30": 0.8551, "2005-06-30": 0.9479, "2005-03-31": "0.73450"}, "Free Cash Flow Per Share": {"2020-09-30": -0.2464, "2020-06-30": -0.7172, "2020-03-31": "-0.27900", "2019-12-31": -0.1621, "2019-09-30": -0.1066, "2019-06-30": 0.594, "2019-03-31": "0.37030", "2018-12-31": 0.7099, "2018-09-30": -1.4064, "2018-06-30": 1.5383, "2018-03-31": "1.18310", "2017-12-31": -1.9188, "2017-09-30": 1.4217, "2017-06-30": -0.1837, "2017-03-31": "-0.15130", "2016-12-31": 0.012, "2016-09-30": -0.6815, "2016-06-30": 0.0061, "2016-03-31": "0.52820", "2015-12-31": 0.4423, "2015-09-30": 0.4046, "2015-06-30": 0.1649, "2015-03-31": "0.24240", "2014-12-31": 0.1983, "2014-09-30": -0.3743, "2014-06-30": 0.0277, "2014-03-31": "-0.07140", "2013-12-31": -0.2051, "2013-09-30": 0.0657, "2013-06-30": 0.1278, "2013-03-31": "0.38350", "2012-12-31": 0.5153, "2012-09-30": 0.014, "2012-06-30": 0.7712, "2012-03-31": "0.50980", "2011-12-31": 0.306, "2011-09-30": 0.3064, "2011-06-30": 0.7641, "2011-03-31": "0.25680", "2010-12-31": 0.7285, "2010-09-30": 0.3671, "2010-06-30": 0.8788, "2010-03-31": "0.75930", "2009-12-31": 0.5927, "2009-09-30": 0.3848, "2009-06-30": 0.879, "2009-03-31": "0.72890", "2008-12-31": 0.2389, "2008-09-30": 0.249, "2008-06-30": 0.7701, "2008-03-31": "0.27540", "2007-12-31": 0.4289, "2007-09-30": 0.2231, "2007-06-30": 0.2601, "2007-03-31": "0.44880", "2006-12-31": 0.1068, "2006-09-30": 0.3322, "2006-06-30": 0.3473, "2006-03-31": "0.45490", "2005-12-31": -0.4993, "2005-09-30": 0.0751, "2005-06-30": 0.3145, "2005-03-31": "0.20930"}}, "revenue": {"Federal Realty Investment Trust Annual Revenue (Millions of US $)": {"2019": "$936", "2018": "$915", "2017": "$857", "2016": "$802", "2015": "$744", "2014": "$686", "2013": "$637", "2012": "$606", "2011": "$551", "2010": "$542", "2009": "$529", "2008": "$520", "2007": "$483", "2006": "$427", "2005": "$391"}, "Federal Realty Investment Trust Quarterly Revenue (Millions of US $)": {"2020-09-30": "$208", "2020-06-30": "$176", "2020-03-31": "$232", "2019-12-31": "$239", "2019-09-30": "$234", "2019-06-30": "$230", "2019-03-31": "$232", "2018-12-31": "$235", "2018-09-30": "$230", "2018-06-30": "$225", "2018-03-31": "$225", "2017-12-31": "$224", "2017-09-30": "$218", "2017-06-30": "$208", "2017-03-31": "$207", "2016-12-31": "$204", "2016-09-30": "$201", "2016-06-30": "$198", "2016-03-31": "$198", "2015-12-31": "$193", "2015-09-30": "$185", "2015-06-30": "$181", "2015-03-31": "$185", "2014-12-31": "$176", "2014-09-30": "$171", "2014-06-30": "$168", "2014-03-31": "$171", "2013-12-31": "$164", "2013-09-30": "$159", "2013-06-30": "$157", "2013-03-31": "$157", "2012-12-31": "$155", "2012-09-30": "$157", "2012-06-30": "$148", "2012-03-31": "$146", "2011-12-31": "$140", "2011-09-30": "$138", "2011-06-30": "$136", "2011-03-31": "$138", "2010-12-31": "$137", "2010-09-30": "$133", "2010-06-30": "$133", "2010-03-31": "$138", "2009-12-31": "$136", "2009-09-30": "$131", "2009-06-30": "$130", "2009-03-31": "$131", "2008-12-31": "$133", "2008-09-30": "$132", "2008-06-30": "$129", "2008-03-31": "$126", "2007-12-31": "$125", "2007-09-30": "$124", "2007-06-30": "$119", "2007-03-31": "$115", "2006-12-31": "$98", "2006-09-30": "$112", "2006-06-30": "$109", "2006-03-31": "$108", "2005-12-31": "$90", "2005-09-30": "$101", "2005-06-30": "$99", "2005-03-31": "$102"}}, "gross-profit": {"Federal Realty Investment Trust Annual Gross Profit (Millions of US $)": {"2019": "$637", "2018": "$628", "2017": "$585", "2016": "$548", "2015": "$511", "2014": "$474", "2013": "$447", "2012": "$427", "2011": "$381", "2010": "$373", "2009": "$362", "2008": "$355", "2007": "$337", "2006": "$302", "2005": "$272"}, "Federal Realty Investment Trust Quarterly Gross Profit (Millions of US $)": {"2020-09-30": "$136", "2020-06-30": "$109", "2020-03-31": "$158", "2019-12-31": "$162", "2019-09-30": "$150", "2019-06-30": "$164", "2019-03-31": "$160", "2018-12-31": "$160", "2018-09-30": "$159", "2018-06-30": "$157", "2018-03-31": "$152", "2017-12-31": "$150", "2017-09-30": "$149", "2017-06-30": "$144", "2017-03-31": "$141", "2016-12-31": "$140", "2016-09-30": "$138", "2016-06-30": "$138", "2016-03-31": "$133", "2015-12-31": "$130", "2015-09-30": "$129", "2015-06-30": "$128", "2015-03-31": "$123", "2014-12-31": "$123", "2014-09-30": "$119", "2014-06-30": "$117", "2014-03-31": "$115", "2013-12-31": "$114", "2013-09-30": "$112", "2013-06-30": "$112", "2013-03-31": "$110", "2012-12-31": "$108", "2012-09-30": "$110", "2012-06-30": "$104", "2012-03-31": "$104", "2011-12-31": "$97", "2011-09-30": "$96", "2011-06-30": "$96", "2011-03-31": "$93", "2010-12-31": "$95", "2010-09-30": "$91", "2010-06-30": "$93", "2010-03-31": "$93", "2009-12-31": "$91", "2009-09-30": "$92", "2009-06-30": "$90", "2009-03-31": "$89", "2008-12-31": "$90", "2008-09-30": "$89", "2008-06-30": "$88", "2008-03-31": "$87", "2007-12-31": "$86", "2007-09-30": "$86", "2007-06-30": "$84", "2007-03-31": "$80", "2006-12-31": "$68", "2006-09-30": "$80", "2006-06-30": "$78", "2006-03-31": "$76", "2005-12-31": "$62", "2005-09-30": "$71", "2005-06-30": "$71", "2005-03-31": "$69"}}, "operating-income": {"Federal Realty Investment Trust Annual Operating Income (Millions of US $)": {"2019": "$471", "2018": "$362", "2017": "$410", "2016": "$321", "2015": "$300", "2014": "$271", "2013": "$254", "2012": "$254", "2011": "$226", "2010": "$229", "2009": "$210", "2008": "$217", "2007": "$208", "2006": "$187", "2005": "$168"}, "Federal Realty Investment Trust Quarterly Operating Income (Millions of US $)": {"2020-09-30": "$4", "2020-06-30": "$48", "2020-03-31": "$86", "2019-12-31": "$176", "2019-09-30": "$94", "2019-06-30": "$110", "2019-03-31": "$91", "2018-12-31": "$85", "2018-09-30": "$93", "2018-06-30": "$94", "2018-03-31": "$89", "2017-12-31": "$161", "2017-09-30": "$84", "2017-06-30": "$83", "2017-03-31": "$82", "2016-12-31": "$83", "2016-09-30": "$80", "2016-06-30": "$80", "2016-03-31": "$77", "2015-12-31": "$76", "2015-09-30": "$76", "2015-06-30": "$76", "2015-03-31": "$72", "2014-12-31": "$72", "2014-09-30": "$68", "2014-06-30": "$68", "2014-03-31": "$63", "2013-12-31": "$63", "2013-09-30": "$65", "2013-06-30": "$63", "2013-03-31": "$63", "2012-12-31": "$65", "2012-09-30": "$67", "2012-06-30": "$62", "2012-03-31": "$61", "2011-12-31": "$56", "2011-09-30": "$57", "2011-06-30": "$57", "2011-03-31": "$56", "2010-12-31": "$58", "2010-09-30": "$56", "2010-06-30": "$56", "2010-03-31": "$59", "2009-12-31": "$62", "2009-09-30": "$58", "2009-06-30": "$55", "2009-03-31": "$34", "2008-12-31": "$54", "2008-09-30": "$55", "2008-06-30": "$54", "2008-03-31": "$54", "2007-12-31": "$52", "2007-09-30": "$54", "2007-06-30": "$53", "2007-03-31": "$50", "2006-12-31": "$41", "2006-09-30": "$50", "2006-06-30": "$49", "2006-03-31": "$47", "2005-12-31": "$38", "2005-09-30": "$44", "2005-06-30": "$44", "2005-03-31": "$42"}}, "ebitda": {"Federal Realty Investment Trust Annual EBITDA (Millions of US $)": {"2019": "$711", "2018": "$606", "2017": "$626", "2016": "$515", "2015": "$475", "2014": "$442", "2013": "$415", "2012": "$396", "2011": "$353", "2010": "$349", "2009": "$325", "2008": "$328", "2007": "$314", "2006": "$285", "2005": "$259"}, "Federal Realty Investment Trust Quarterly EBITDA (Millions of US $)": {"2020-09-30": "$69", "2020-06-30": "$111", "2020-03-31": "$148", "2019-12-31": "$238", "2019-09-30": "$154", "2019-06-30": "$169", "2019-03-31": "$151", "2018-12-31": "$152", "2018-09-30": "$154", "2018-06-30": "$152", "2018-03-31": "$148", "2017-12-31": "$217", "2017-09-30": "$140", "2017-06-30": "$136", "2017-03-31": "$133", "2016-12-31": "$132", "2016-09-30": "$129", "2016-06-30": "$129", "2016-03-31": "$125", "2015-12-31": "$122", "2015-09-30": "$120", "2015-06-30": "$119", "2015-03-31": "$114", "2014-12-31": "$115", "2014-09-30": "$110", "2014-06-30": "$109", "2014-03-31": "$107", "2013-12-31": "$105", "2013-09-30": "$104", "2013-06-30": "$103", "2013-03-31": "$103", "2012-12-31": "$100", "2012-09-30": "$102", "2012-06-30": "$97", "2012-03-31": "$97", "2011-12-31": "$88", "2011-09-30": "$89", "2011-06-30": "$89", "2011-03-31": "$87", "2010-12-31": "$89", "2010-09-30": "$85", "2010-06-30": "$87", "2010-03-31": "$88", "2009-12-31": "$91", "2009-09-30": "$86", "2009-06-30": "$85", "2009-03-31": "$63", "2008-12-31": "$83", "2008-09-30": "$84", "2008-06-30": "$81", "2008-03-31": "$80", "2007-12-31": "$78", "2007-09-30": "$80", "2007-06-30": "$80", "2007-03-31": "$76", "2006-12-31": "$67", "2006-09-30": "$74", "2006-06-30": "$73", "2006-03-31": "$71", "2005-12-31": "$61", "2005-09-30": "$66", "2005-06-30": "$67", "2005-03-31": "$65"}}, "net-income": {"Federal Realty Investment Trust Annual Net Income (Millions of US $)": {"2019": "$345", "2018": "$233", "2017": "$287", "2016": "$249", "2015": "$209", "2014": "$163", "2013": "$161", "2012": "$151", "2011": "$143", "2010": "$122", "2009": "$98", "2008": "$129", "2007": "$195", "2006": "$104", "2005": "$103"}, "Federal Realty Investment Trust Quarterly Net Income (Millions of US $)": {"2020-09-30": "$-30", "2020-06-30": "$8", "2020-03-31": "$53", "2019-12-31": "$144", "2019-09-30": "$63", "2019-06-30": "$79", "2019-03-31": "$58", "2018-12-31": "$52", "2018-09-30": "$61", "2018-06-30": "$62", "2018-03-31": "$59", "2017-12-31": "$48", "2017-09-30": "$107", "2017-06-30": "$76", "2017-03-31": "$56", "2016-12-31": "$58", "2016-09-30": "$59", "2016-06-30": "$56", "2016-03-31": "$77", "2015-12-31": "$67", "2015-09-30": "$52", "2015-06-30": "$43", "2015-03-31": "$46", "2014-12-31": "$34", "2014-09-30": "$47", "2014-06-30": "$43", "2014-03-31": "$39", "2013-12-31": "$27", "2013-09-30": "$62", "2013-06-30": "$37", "2013-03-31": "$34", "2012-12-31": "$37", "2012-09-30": "$38", "2012-06-30": "$32", "2012-03-31": "$43", "2011-12-31": "$30", "2011-09-30": "$47", "2011-06-30": "$34", "2011-03-31": "$31", "2010-12-31": "$32", "2010-09-30": "$30", "2010-06-30": "$31", "2010-03-31": "$29", "2009-12-31": "$32", "2009-09-30": "$27", "2009-06-30": "$28", "2009-03-31": "$10", "2008-12-31": "$34", "2008-09-30": "$37", "2008-06-30": "$29", "2008-03-31": "$30", "2007-12-31": "$122", "2007-09-30": "$23", "2007-06-30": "$27", "2007-03-31": "$23", "2006-12-31": "$18", "2006-09-30": "$22", "2006-06-30": "$35", "2006-03-31": "$28", "2005-12-31": "$32", "2005-09-30": "$28", "2005-06-30": "$22", "2005-03-31": "$21"}}, "eps-earnings-per-share-diluted": {"Federal Realty Investment Trust Annual EPS": {"2019": "$4.61", "2018": "$3.18", "2017": "$3.97", "2016": "$3.50", "2015": "$3.03", "2014": "$2.41", "2013": "$2.46", "2012": "$2.35", "2011": "$2.28", "2010": "$1.98", "2009": "$1.63", "2008": "$2.19", "2007": "$3.45", "2006": "$1.92", "2005": "$1.94"}, "Federal Realty Investment Trust Quarterly EPS": {"2020-09-30": "$-0.41", "2020-06-30": "$0.11", "2020-03-31": "$0.70", "2019-12-31": "$1.94", "2019-09-30": "$0.84", "2019-06-30": "$1.05", "2019-03-31": "$0.78", "2018-12-31": "$0.71", "2018-09-30": "$0.82", "2018-06-30": "$0.84", "2018-03-31": "$0.81", "2017-12-31": "$0.67", "2017-09-30": "$1.47", "2017-06-30": "$1.05", "2017-03-31": "$0.78", "2016-12-31": "$0.80", "2016-09-30": "$0.82", "2016-06-30": "$0.78", "2016-03-31": "$1.10", "2015-12-31": "$0.98", "2015-09-30": "$0.75", "2015-06-30": "$0.63", "2015-03-31": "$0.67", "2014-12-31": "$0.51", "2014-09-30": "$0.69", "2014-06-30": "$0.64", "2014-03-31": "$0.57", "2013-12-31": "$0.42", "2013-09-30": "$0.94", "2013-06-30": "$0.57", "2013-03-31": "$0.53", "2012-12-31": "$0.57", "2012-09-30": "$0.60", "2012-06-30": "$0.51", "2012-03-31": "$0.67", "2011-12-31": "$0.49", "2011-09-30": "$0.74", "2011-06-30": "$0.55", "2011-03-31": "$0.50", "2010-12-31": "$0.53", "2010-09-30": "$0.48", "2010-06-30": "$0.50", "2010-03-31": "$0.47", "2009-12-31": "$0.53", "2009-09-30": "$0.45", "2009-06-30": "$0.48", "2009-03-31": "$0.17", "2008-12-31": "$0.56", "2008-09-30": "$0.63", "2008-06-30": "$0.49", "2008-03-31": "$0.51", "2007-12-31": "$2.16", "2007-09-30": "$0.41", "2007-06-30": "$0.47", "2007-03-31": "$0.41", "2006-12-31": "$0.32", "2006-09-30": "$0.41", "2006-06-30": "$0.66", "2006-03-31": "$0.53", "2005-12-31": "$0.61", "2005-09-30": "$0.52", "2005-06-30": "$0.41", "2005-03-31": "$0.40"}}, "shares-outstanding": {"Federal Realty Investment Trust Annual Shares Outstanding (Millions of Shares)": {"2019": "75", "2018": "73", "2017": "72", "2016": "71", "2015": "69", "2014": "67", "2013": "65", "2012": "64", "2011": "63", "2010": "61", "2009": "60", "2008": "59", "2007": "56", "2006": "54", "2005": "53"}, "Federal Realty Investment Trust Quarterly Shares Outstanding (Millions of Shares)": {"2020-09-30": "75", "2020-06-30": "75", "2020-03-31": "75", "2019-12-31": "75", "2019-09-30": "75", "2019-06-30": "75", "2019-03-31": "74", "2018-12-31": "73", "2018-09-30": "73", "2018-06-30": "73", "2018-03-31": "73", "2017-12-31": "72", "2017-09-30": "72", "2017-06-30": "72", "2017-03-31": "72", "2016-12-31": "71", "2016-09-30": "71", "2016-06-30": "71", "2016-03-31": "70", "2015-12-31": "69", "2015-09-30": "69", "2015-06-30": "69", "2015-03-31": "69", "2014-12-31": "67", "2014-09-30": "68", "2014-06-30": "67", "2014-03-31": "67", "2013-12-31": "65", "2013-09-30": "66", "2013-06-30": "65", "2013-03-31": "65", "2012-12-31": "64", "2012-09-30": "64", "2012-06-30": "64", "2012-03-31": "64", "2011-12-31": "63", "2011-09-30": "63", "2011-06-30": "62", "2011-03-31": "62", "2010-12-31": "61", "2010-09-30": "61", "2010-06-30": "61", "2010-03-31": "61", "2009-12-31": "60", "2009-09-30": "60", "2009-06-30": "59", "2009-03-31": "59", "2008-12-31": "59", "2008-09-30": "59", "2008-06-30": "59", "2008-03-31": "59", "2007-12-31": "56", "2007-09-30": "57", "2007-06-30": "57", "2007-03-31": "56", "2006-12-31": "54", "2006-09-30": "53", "2006-06-30": "53", "2006-03-31": "53", "2005-12-31": "53", "2005-09-30": "53", "2005-06-30": "53", "2005-03-31": "53"}}, "total-assets": {"Federal Realty Investment Trust Annual Total Assets (Millions of US $)": {"2019": "$6,795", "2018": "$6,290", "2017": "$6,276", "2016": "$5,423", "2015": "$4,897", "2014": "$4,547", "2013": "$4,219", "2012": "$3,899", "2011": "$3,666", "2010": "$3,160", "2009": "$3,222", "2008": "$3,093", "2007": "$2,989", "2006": "$2,689", "2005": "$2,351"}, "Federal Realty Investment Trust Quarterly Total Assets (Millions of US $)": {"2020-09-30": "$7,711", "2020-06-30": "$7,790", "2020-03-31": "$7,760", "2019-12-31": "$6,795", "2019-09-30": "$6,608", "2019-06-30": "$6,384", "2019-03-31": "$6,351", "2018-12-31": "$6,290", "2018-09-30": "$6,286", "2018-06-30": "$6,303", "2018-03-31": "$6,294", "2017-12-31": "$6,276", "2017-09-30": "$6,221", "2017-06-30": "$5,804", "2017-03-31": "$5,656", "2016-12-31": "$5,423", "2016-09-30": "$5,397", "2016-06-30": "$5,188", "2016-03-31": "$5,125", "2015-12-31": "$4,897", "2015-09-30": "$4,784", "2015-06-30": "$4,734", "2015-03-31": "$4,781", "2014-12-31": "$4,547", "2014-09-30": "$4,479", "2014-06-30": "$4,431", "2014-03-31": "$4,406", "2013-12-31": "$4,219", "2013-09-30": "$4,159", "2013-06-30": "$4,085", "2013-03-31": "$3,906", "2012-12-31": "$3,899", "2012-09-30": "$3,804", "2012-06-30": "$3,681", "2012-03-31": "$3,669", "2011-12-31": "$3,666", "2011-09-30": "$3,255", "2011-06-30": "$3,221", "2011-03-31": "$3,217", "2010-12-31": "$3,160", "2010-09-30": "$3,127", "2010-06-30": "$3,104", "2010-03-31": "$3,096", "2009-12-31": "$3,222", "2009-09-30": "$3,480", "2009-06-30": "$3,235", "2009-03-31": "$3,091", "2008-12-31": "$3,093", "2008-09-30": "$3,112", "2008-06-30": "$3,027", "2008-03-31": "$2,979", "2007-12-31": "$2,989", "2007-09-30": "$2,930", "2007-06-30": "$2,901", "2007-03-31": "$2,929", "2006-12-31": "$2,689", "2006-09-30": "$2,640", "2006-06-30": "$2,348", "2006-03-31": "$2,348", "2005-12-31": "$2,351", "2005-09-30": "$2,303", "2005-06-30": "$2,297", "2005-03-31": "$2,327"}}, "cash-on-hand": {"Federal Realty Investment Trust Annual Cash on Hand (Millions of US $)": {"2019": "$127", "2018": "$64", "2017": "$15", "2016": "$23", "2015": "$21", "2014": "$48", "2013": "$89", "2012": "$37", "2011": "$68", "2010": "$16", "2009": "$135", "2008": "$15", "2007": "$51", "2006": "$11", "2005": "$9"}, "Federal Realty Investment Trust Quarterly Cash on Hand (Millions of US $)": {"2020-09-30": "$863", "2020-06-30": "$980", "2020-03-31": "$995", "2019-12-31": "$127", "2019-09-30": "$163", "2019-06-30": "$106", "2019-03-31": "$43", "2018-12-31": "$64", "2018-09-30": "$42", "2018-06-30": "$56", "2018-03-31": "$64", "2017-12-31": "$15", "2017-09-30": "$23", "2017-06-30": "$96", "2017-03-31": "$20", "2016-12-31": "$23", "2016-09-30": "$101", "2016-06-30": "$19", "2016-03-31": "$20", "2015-12-31": "$21", "2015-09-30": "$13", "2015-06-30": "$22", "2015-03-31": "$171", "2014-12-31": "$48", "2014-09-30": "$24", "2014-06-30": "$41", "2014-03-31": "$76", "2013-12-31": "$89", "2013-09-30": "$128", "2013-06-30": "$108", "2013-03-31": "$31", "2012-12-31": "$37", "2012-09-30": "$148", "2012-06-30": "$83", "2012-03-31": "$69", "2011-12-31": "$68", "2011-09-30": "$22", "2011-06-30": "$20", "2011-03-31": "$10", "2010-12-31": "$16", "2010-09-30": "$9", "2010-06-30": "$24", "2010-03-31": "$23", "2009-12-31": "$135", "2009-09-30": "$408", "2009-06-30": "$170", "2009-03-31": "$22", "2008-12-31": "$15", "2008-09-30": "$49", "2008-06-30": "$20", "2008-03-31": "$28", "2007-12-31": "$51", "2007-09-30": "$10", "2007-06-30": "$12", "2007-03-31": "$16", "2006-12-31": "$11", "2006-09-30": "$66", "2006-06-30": "$14", "2006-03-31": "$5", "2005-12-31": "$9", "2005-09-30": "$17", "2005-06-30": "$14", "2005-03-31": "$28"}}, "long-term-debt": {"Federal Realty Investment Trust Annual Long Term Debt (Millions of US $)": {"2019": "$3,429", "2018": "$3,229", "2017": "$3,285", "2016": "$2,798", "2015": "$2,627", "2014": "$2,410", "2013": "$2,322", "2012": "$2,209", "2011": "$2,110", "2010": "$1,767", "2009": "$1,794", "2008": "$1,746", "2007": "$1,638", "2006": "$1,697", "2005": "$1,390"}, "Federal Realty Investment Trust Quarterly Long Term Debt (Millions of US $)": {"2020-09-30": "$4,533", "2020-06-30": "$4,534", "2020-03-31": "$4,426", "2019-12-31": "$3,429", "2019-09-30": "$3,349", "2019-06-30": "$3,230", "2019-03-31": "$3,229", "2018-12-31": "$3,229", "2018-09-30": "$3,257", "2018-06-30": "$3,320", "2018-03-31": "$3,335", "2017-12-31": "$3,285", "2017-09-30": "$3,263", "2017-06-30": "$3,143", "2017-03-31": "$3,013", "2016-12-31": "$2,798", "2016-09-30": "$2,810", "2016-06-30": "$2,665", "2016-03-31": "$2,659", "2015-12-31": "$2,627", "2015-09-30": "$2,533", "2015-06-30": "$2,540", "2015-03-31": "$2,637", "2014-12-31": "$2,410", "2014-09-30": "$2,365", "2014-06-30": "$2,358", "2014-03-31": "$2,392", "2013-12-31": "$2,322", "2013-09-30": "$2,306", "2013-06-30": "$2,310", "2013-03-31": "$2,196", "2012-12-31": "$2,209", "2012-09-30": "$2,178", "2012-06-30": "$2,110", "2012-03-31": "$2,115", "2011-12-31": "$2,110", "2011-09-30": "$1,731", "2011-06-30": "$1,760", "2011-03-31": "$1,804", "2010-12-31": "$1,767", "2010-09-30": "$1,721", "2010-06-30": "$1,697", "2010-03-31": "$1,691", "2009-12-31": "$1,794", "2009-09-30": "$2,042", "2009-06-30": "$1,896", "2009-03-31": "$1,751", "2008-12-31": "$1,746", "2008-09-30": "$1,755", "2008-06-30": "$1,666", "2008-03-31": "$1,636", "2007-12-31": "$1,638", "2007-09-30": "$1,835", "2007-06-30": "$1,813", "2007-03-31": "$1,829", "2006-12-31": "$1,697", "2006-09-30": "$1,513", "2006-06-30": "$1,394", "2006-03-31": "$1,392", "2005-12-31": "$1,390", "2005-09-30": "$1,333", "2005-06-30": "$1,342", "2005-03-31": "$1,359"}}, "total-liabilities": {"Federal Realty Investment Trust Annual Total Liabilities (Millions of US $)": {"2019": "$4,159", "2018": "$3,822", "2017": "$3,884", "2016": "$3,347", "2015": "$3,115", "2014": "$2,854", "2013": "$2,748", "2012": "$2,588", "2011": "$2,426", "2010": "$2,044", "2009": "$2,013", "2008": "$1,946", "2007": "$1,875", "2006": "$1,905", "2005": "$1,576"}, "Federal Realty Investment Trust Quarterly Total Liabilities (Millions of US $)": {"2020-09-30": "$5,293", "2020-06-30": "$5,259", "2020-03-31": "$5,160", "2019-12-31": "$4,159", "2019-09-30": "$4,034", "2019-06-30": "$3,873", "2019-03-31": "$3,850", "2018-12-31": "$3,822", "2018-09-30": "$3,852", "2018-06-30": "$3,915", "2018-03-31": "$3,921", "2017-12-31": "$3,884", "2017-09-30": "$3,887", "2017-06-30": "$3,717", "2017-03-31": "$3,579", "2016-12-31": "$3,347", "2016-09-30": "$3,326", "2016-06-30": "$3,165", "2016-03-31": "$3,157", "2015-12-31": "$3,115", "2015-09-30": "$3,006", "2015-06-30": "$2,992", "2015-03-31": "$3,089", "2014-12-31": "$2,854", "2014-09-30": "$2,818", "2014-06-30": "$2,813", "2014-03-31": "$2,831", "2013-12-31": "$2,748", "2013-09-30": "$2,728", "2013-06-30": "$2,701", "2013-03-31": "$2,572", "2012-12-31": "$2,588", "2012-09-30": "$2,492", "2012-06-30": "$2,414", "2012-03-31": "$2,403", "2011-12-31": "$2,426", "2011-09-30": "$1,932", "2011-06-30": "$1,957", "2011-03-31": "$1,996", "2010-12-31": "$2,044", "2010-09-30": "$1,940", "2010-06-30": "$1,909", "2010-03-31": "$1,896", "2009-12-31": "$2,013", "2009-09-30": "$2,266", "2009-06-30": "$2,120", "2009-03-31": "$1,969", "2008-12-31": "$1,946", "2008-09-30": "$1,995", "2008-06-30": "$1,915", "2008-03-31": "$1,867", "2007-12-31": "$1,875", "2007-09-30": "$2,068", "2007-06-30": "$2,036", "2007-03-31": "$2,062", "2006-12-31": "$1,905", "2006-09-30": "$1,716", "2006-06-30": "$1,571", "2006-03-31": "$1,578", "2005-12-31": "$1,576", "2005-09-30": "$1,525", "2005-06-30": "$1,519", "2005-03-31": "$1,526"}}, "total-share-holder-equity": {"Federal Realty Investment Trust Annual Share Holder Equity (Millions of US $)": {"2019": "$2,636", "2018": "$2,467", "2017": "$2,392", "2016": "$2,076", "2015": "$1,782", "2014": "$1,693", "2013": "$1,471", "2012": "$1,311", "2011": "$1,241", "2010": "$1,116", "2009": "$1,209", "2008": "$1,147", "2007": "$1,115", "2006": "$784", "2005": "$775"}, "Federal Realty Investment Trust Quarterly Share Holder Equity (Millions of US $)": {"2020-09-30": "$2,418", "2020-06-30": "$2,531", "2020-03-31": "$2,600", "2019-12-31": "$2,636", "2019-09-30": "$2,573", "2019-06-30": "$2,511", "2019-03-31": "$2,502", "2018-12-31": "$2,467", "2018-09-30": "$2,433", "2018-06-30": "$2,388", "2018-03-31": "$2,373", "2017-12-31": "$2,392", "2017-09-30": "$2,334", "2017-06-30": "$2,087", "2017-03-31": "$2,077", "2016-12-31": "$2,076", "2016-09-30": "$2,071", "2016-06-30": "$2,023", "2016-03-31": "$1,969", "2015-12-31": "$1,782", "2015-09-30": "$1,778", "2015-06-30": "$1,742", "2015-03-31": "$1,692", "2014-12-31": "$1,693", "2014-09-30": "$1,662", "2014-06-30": "$1,618", "2014-03-31": "$1,574", "2013-12-31": "$1,471", "2013-09-30": "$1,431", "2013-06-30": "$1,384", "2013-03-31": "$1,334", "2012-12-31": "$1,311", "2012-09-30": "$1,312", "2012-06-30": "$1,266", "2012-03-31": "$1,266", "2011-12-31": "$1,241", "2011-09-30": "$1,323", "2011-06-30": "$1,264", "2011-03-31": "$1,222", "2010-12-31": "$1,116", "2010-09-30": "$1,187", "2010-06-30": "$1,194", "2010-03-31": "$1,201", "2009-12-31": "$1,209", "2009-09-30": "$1,214", "2009-06-30": "$1,115", "2009-03-31": "$1,122", "2008-12-31": "$1,147", "2008-09-30": "$1,117", "2008-06-30": "$1,111", "2008-03-31": "$1,112", "2007-12-31": "$1,115", "2007-09-30": "$862", "2007-06-30": "$865", "2007-03-31": "$867", "2006-12-31": "$784", "2006-09-30": "$925", "2006-06-30": "$777", "2006-03-31": "$770", "2005-12-31": "$775", "2005-09-30": "$778", "2005-06-30": "$778", "2005-03-31": "$801"}}, "profit-margins": {"current": "21.56%"}, "gross margin": {"2020-09-30": "66.08%", "2020-06-30": "65.72%", "2020-03-31": "67.81%", "2019-12-31": "68.02%", "2019-09-30": "68.10%", "2019-06-30": "69.36%", "2019-03-31": "68.98%", "2018-12-31": "68.63%", "2018-09-30": "68.36%", "2018-06-30": "68.16%", "2018-03-31": "68.00%", "2017-12-31": "68.14%", "2017-09-30": "68.58%", "2017-06-30": "68.66%", "2017-03-31": "68.77%", "2016-12-31": "68.54%", "2016-09-30": "68.23%", "2016-06-30": "68.48%", "2016-03-31": "68.69%", "2015-12-31": "68.55%", "2015-09-30": "69.19%", "2015-06-30": "69.14%", "2015-03-31": "68.86%", "2014-12-31": "69.10%", "2014-09-30": "68.99%", "2014-06-30": "69.18%", "2014-03-31": "69.59%", "2013-12-31": "70.33%", "2013-09-30": "70.38%", "2013-06-30": "70.29%", "2013-03-31": "70.02%", "2012-12-31": "70.30%", "2012-09-30": "70.22%", "2012-06-30": "70.10%", "2012-03-31": "70.18%", "2011-12-31": "69.20%", "2011-09-30": "69.22%", "2011-06-30": "68.93%", "2011-03-31": "68.76%", "2010-12-31": "68.76%", "2010-09-30": "68.15%", "2010-06-30": "68.59%", "2010-03-31": "68.41%", "2009-12-31": "68.56%", "2009-09-30": "68.76%", "2009-06-30": "68.06%", "2009-03-31": "67.81%", "2008-12-31": "68.08%", "2008-09-30": "68.36%", "2008-06-30": "68.85%", "2008-03-31": "69.43%", "2007-12-31": "69.57%", "2007-09-30": "69.74%", "2007-06-30": "70.27%", "2007-03-31": "70.51%", "2006-12-31": "70.73%", "2006-09-30": "70.64%", "2006-06-30": "70.34%", "2006-03-31": "70.35%", "2005-12-31": "69.64%"}, "operating margin": {"2020-09-30": "36.73%", "2020-06-30": "45.86%", "2020-03-31": "49.84%", "2019-12-31": "50.37%", "2019-09-30": "40.82%", "2019-06-30": "40.88%", "2019-03-31": "39.37%", "2018-12-31": "39.45%", "2018-09-30": "48.34%", "2018-06-30": "47.98%", "2018-03-31": "47.66%", "2017-12-31": "47.84%", "2017-09-30": "39.67%", "2017-06-30": "40.00%", "2017-03-31": "40.12%", "2016-12-31": "39.95%", "2016-09-30": "39.62%", "2016-06-30": "39.92%", "2016-03-31": "40.29%", "2015-12-31": "40.32%", "2015-09-30": "40.72%", "2015-06-30": "40.39%", "2015-03-31": "40.00%", "2014-12-31": "39.50%", "2014-09-30": "38.87%", "2014-06-30": "39.12%", "2014-03-31": "39.02%", "2013-12-31": "39.87%", "2013-09-30": "40.76%", "2013-06-30": "41.21%", "2013-03-31": "41.65%", "2012-12-31": "42.08%", "2012-09-30": "41.62%", "2012-06-30": "41.26%", "2012-03-31": "41.25%", "2011-12-31": "40.94%", "2011-09-30": "41.53%", "2011-06-30": "41.73%", "2011-03-31": "41.77%", "2010-12-31": "42.33%", "2010-09-30": "43.15%", "2010-06-30": "43.68%", "2010-03-31": "43.74%", "2009-12-31": "39.58%", "2009-09-30": "38.29%", "2009-06-30": "37.64%", "2009-03-31": "37.52%", "2008-12-31": "41.73%", "2008-09-30": "41.99%", "2008-06-30": "42.46%", "2008-03-31": "43.12%", "2007-12-31": "43.27%", "2007-09-30": "43.42%", "2007-06-30": "43.69%", "2007-03-31": "43.78%", "2006-12-31": "43.79%", "2006-09-30": "43.91%", "2006-06-30": "43.63%", "2006-03-31": "43.47%", "2005-12-31": "42.86%"}, "ebitda margin": {"2020-09-30": "66.20%", "2020-06-30": "73.89%", "2020-03-31": "75.83%", "2019-12-31": "76.15%", "2019-09-30": "67.24%", "2019-06-30": "67.53%", "2019-03-31": "66.05%", "2018-12-31": "66.23%", "2018-09-30": "74.23%", "2018-06-30": "73.65%", "2018-03-31": "73.26%", "2017-12-31": "73.05%", "2017-09-30": "64.64%", "2017-06-30": "64.63%", "2017-03-31": "64.57%", "2016-12-31": "64.29%", "2016-09-30": "63.92%", "2016-06-30": "64.08%", "2016-03-31": "64.20%", "2015-12-31": "63.84%", "2015-09-30": "64.37%", "2015-06-30": "64.24%", "2015-03-31": "64.00%", "2014-12-31": "64.29%", "2014-09-30": "63.95%", "2014-06-30": "64.20%", "2014-03-31": "64.36%", "2013-12-31": "65.15%", "2013-09-30": "65.29%", "2013-06-30": "65.18%", "2013-03-31": "65.15%", "2012-12-31": "65.35%", "2012-09-30": "64.97%", "2012-06-30": "64.86%", "2012-03-31": "64.82%", "2011-12-31": "63.95%", "2011-09-30": "64.48%", "2011-06-30": "64.34%", "2011-03-31": "64.33%", "2010-12-31": "64.51%", "2010-09-30": "65.00%", "2010-06-30": "65.43%", "2010-03-31": "65.42%", "2009-12-31": "61.55%", "2009-09-30": "60.38%", "2009-06-30": "59.89%", "2009-03-31": "59.24%", "2008-12-31": "63.08%", "2008-09-30": "63.09%", "2008-06-30": "63.29%", "2008-03-31": "64.37%", "2007-12-31": "65.01%", "2007-09-30": "66.45%", "2007-06-30": "66.89%", "2007-03-31": "66.82%", "2006-12-31": "66.74%", "2006-09-30": "66.59%", "2006-06-30": "66.42%", "2006-03-31": "66.58%", "2005-12-31": "66.07%"}, "pre tax profit margin": {"2020-09-30": "21.29%", "2020-06-30": "32.12%", "2020-03-31": "37.97%", "2019-12-31": "38.61%", "2019-09-30": "28.79%", "2019-06-30": "28.59%", "2019-03-31": "26.90%", "2018-12-31": "27.21%", "2018-09-30": "34.96%", "2018-06-30": "34.75%", "2018-03-31": "34.63%", "2017-12-31": "34.77%", "2017-09-30": "28.08%", "2017-06-30": "28.41%", "2017-03-31": "28.52%", "2016-12-31": "28.21%", "2016-09-30": "27.72%", "2016-06-30": "28.17%", "2016-03-31": "25.76%", "2015-12-31": "25.54%", "2015-09-30": "23.93%", "2015-06-30": "23.00%", "2015-03-31": "25.00%", "2014-12-31": "24.49%", "2014-09-30": "23.89%", "2014-06-30": "23.41%", "2014-03-31": "21.97%", "2013-12-31": "21.51%", "2013-09-30": "23.09%", "2013-06-30": "23.16%", "2013-03-31": "23.66%", "2012-12-31": "23.60%", "2012-09-30": "23.01%", "2012-06-30": "22.90%", "2012-03-31": "23.39%", "2011-12-31": "23.73%", "2011-09-30": "24.41%", "2011-06-30": "24.08%", "2011-03-31": "23.66%", "2010-12-31": "23.48%", "2010-09-30": "23.15%", "2010-06-30": "22.86%", "2010-03-31": "22.62%", "2009-12-31": "19.13%", "2009-09-30": "18.86%", "2009-06-30": "19.20%", "2009-03-31": "19.43%", "2008-12-31": "23.46%", "2008-09-30": "22.85%", "2008-06-30": "22.22%", "2008-03-31": "21.66%", "2007-12-31": "20.50%", "2007-09-30": "20.83%", "2007-06-30": "21.40%", "2007-03-31": "21.66%", "2006-12-31": "22.01%", "2006-09-30": "22.67%", "2006-06-30": "22.30%", "2006-03-31": "22.86%", "2005-12-31": "22.70%"}, "net profit margin": {"2020-09-30": "20.47%", "2020-06-30": "30.42%", "2020-03-31": "36.26%", "2019-12-31": "36.79%", "2019-09-30": "27.07%", "2019-06-30": "26.97%", "2019-03-31": "25.27%", "2018-12-31": "25.57%", "2018-09-30": "25.44%", "2018-06-30": "30.94%", "2018-03-31": "33.14%", "2017-12-31": "33.49%", "2017-09-30": "35.48%", "2017-06-30": "30.37%", "2017-03-31": "28.27%", "2016-12-31": "31.21%", "2016-09-30": "32.78%", "2016-06-30": "32.56%", "2016-03-31": "31.57%", "2015-12-31": "27.96%", "2015-09-30": "24.07%", "2015-06-30": "23.84%", "2015-03-31": "24.29%", "2014-12-31": "23.76%", "2014-09-30": "23.15%", "2014-06-30": "25.83%", "2014-03-31": "25.35%", "2013-12-31": "25.12%", "2013-09-30": "27.07%", "2013-06-30": "23.32%", "2013-03-31": "22.85%", "2012-12-31": "24.75%", "2012-09-30": "24.20%", "2012-06-30": "26.57%", "2012-03-31": "27.50%", "2011-12-31": "25.72%", "2011-09-30": "26.23%", "2011-06-30": "23.35%", "2011-03-31": "22.92%", "2010-12-31": "22.55%", "2010-09-30": "22.59%", "2010-06-30": "22.12%", "2010-03-31": "21.68%", "2009-12-31": "18.37%", "2009-09-30": "18.86%", "2009-06-30": "20.72%", "2009-03-31": "20.95%", "2008-12-31": "25.00%", "2008-09-30": "42.58%", "2008-06-30": "40.48%", "2008-03-31": "40.89%", "2007-12-31": "40.37%", "2007-09-30": "19.96%", "2007-06-30": "20.27%", "2007-03-31": "22.58%", "2006-12-31": "24.12%", "2006-09-30": "27.92%", "2006-06-30": "30.15%", "2006-03-31": "27.64%", "2005-12-31": "26.28%"}, "pe ratio": {"current": "18.72", "2021-02-11": "42.24", "2020-09-30": "31.27", "2020-06-30": "23.24", "2020-03-31": "15.91", "2019-12-31": "26.71", "2019-09-30": "38.04", "2019-06-30": "35.92", "2019-03-31": "40.71", "2018-12-31": "34.27", "2018-09-30": "37.18", "2018-06-30": "30.58", "2018-03-31": "26.37", "2017-12-31": "30.14", "2017-09-30": "27.09", "2017-06-30": "32.49", "2017-03-31": "36.94", "2016-12-31": "35.46", "2016-09-30": "36.37", "2016-06-30": "39.63", "2016-03-31": "38.74", "2015-12-31": "41.19", "2015-09-30": "45.09", "2015-06-30": "43.05", "2015-03-31": "48.96", "2014-12-31": "45.96", "2014-09-30": "42.10", "2014-06-30": "38.52", "2014-03-31": "37.32", "2013-12-31": "33.29", "2013-09-30": "31.03", "2013-06-30": "36.17", "2013-03-31": "38.43", "2012-12-31": "34.57", "2012-09-30": "36.29", "2012-06-30": "33.55", "2012-03-31": "30.48", "2011-12-31": "30.50", "2011-09-30": "26.89", "2011-06-30": "31.05", "2011-03-31": "30.24", "2010-12-31": "29.09", "2010-09-30": "30.37", "2010-06-30": "26.33", "2010-03-31": "27.31", "2009-12-31": "29.83", "2009-09-30": "25.98", "2009-06-30": "19.48", "2009-03-31": "17.08", "2008-12-31": "19.21", "2008-09-30": "15.29", "2008-06-30": "12.99", "2008-03-31": "14.64", "2007-12-31": "15.74", "2007-09-30": "35.90", "2007-06-30": "31.09", "2007-03-31": "32.38", "2006-12-31": "28.29"}, "price sales": {"2021-02-11": "8.62", "2020-09-30": "6.38", "2020-06-30": "7.07", "2020-03-31": "5.75", "2019-12-31": "9.78", "2019-09-30": "10.24", "2019-06-30": "9.61", "2019-03-31": "10.22", "2018-12-31": "8.71", "2018-09-30": "9.42", "2018-06-30": "9.43", "2018-03-31": "8.72", "2017-12-31": "10.07", "2017-09-30": "9.53", "2017-06-30": "9.79", "2017-03-31": "10.34", "2016-12-31": "10.97", "2016-09-30": "11.89", "2016-06-30": "12.86", "2016-03-31": "12.21", "2015-12-31": "11.51", "2015-09-30": "10.86", "2015-06-30": "10.28", "2015-03-31": "11.90", "2014-12-31": "10.87", "2014-09-30": "9.69", "2014-06-30": "9.92", "2014-03-31": "9.43", "2013-12-31": "8.39", "2013-09-30": "8.41", "2013-06-30": "8.50", "2013-03-31": "8.89", "2012-12-31": "8.61", "2012-09-30": "8.83", "2012-06-30": "8.92", "2012-03-31": "8.36", "2011-12-31": "7.84", "2011-09-30": "7.06", "2011-06-30": "7.25", "2011-03-31": "6.90", "2010-12-31": "6.52", "2010-09-30": "6.74", "2010-06-30": "5.75", "2010-03-31": "5.88", "2009-12-31": "5.44", "2009-09-30": "4.89", "2009-06-30": "4.04", "2009-03-31": "3.57", "2008-12-31": "4.79", "2008-09-30": "6.56", "2008-06-30": "5.28", "2008-03-31": "5.98", "2007-12-31": "6.31", "2007-09-30": "7.09", "2007-06-30": "6.20", "2007-03-31": "7.28", "2006-12-31": "6.81"}, "price book": {"current": "3.12", "2021-02-11": "3.07", "2020-09-30": "2.27", "2020-06-30": "2.48", "2020-03-31": "2.09", "2019-12-31": "3.51", "2019-09-30": "3.77", "2019-06-30": "3.60", "2019-03-31": "3.84", "2018-12-31": "3.28", "2018-09-30": "3.54", "2018-06-30": "3.56", "2018-03-31": "3.25", "2017-12-31": "3.66", "2017-09-30": "3.44", "2017-06-30": "3.88", "2017-03-31": "4.09", "2016-12-31": "4.30", "2016-09-30": "4.63", "2016-06-30": "5.04", "2016-03-31": "4.81", "2015-12-31": "4.85", "2015-09-30": "4.51", "2015-06-30": "4.27", "2015-03-31": "4.99", "2014-12-31": "4.49", "2014-09-30": "4.01", "2014-06-30": "4.12", "2014-03-31": "3.99", "2013-12-31": "3.71", "2013-09-30": "3.75", "2013-06-30": "3.92", "2013-03-31": "4.17", "2012-12-31": "4.03", "2012-09-30": "4.04", "2012-06-30": "4.08", "2012-03-31": "3.75", "2011-12-31": "3.55", "2011-09-30": "2.99", "2011-06-30": "3.18", "2011-03-31": "3.10", "2010-12-31": "3.18", "2010-09-30": "3.10", "2010-06-30": "2.63", "2010-03-31": "2.68", "2009-12-31": "2.45", "2009-09-30": "2.19", "2009-06-30": "1.91", "2009-03-31": "1.67", "2008-12-31": "2.17", "2008-09-30": "3.04", "2008-06-30": "2.44", "2008-03-31": "2.73", "2007-12-31": "2.84", "2007-09-30": "3.80", "2007-06-30": "3.26", "2007-03-31": "3.79", "2006-12-31": "3.83", "2006-09-30": "2.82", "2006-06-30": "3.01", "2006-03-31": "3.24"}, "price fcf": {"2021-02-11": "", "2020-09-30": "$-1.40", "2020-06-30": "$-1.26", "2020-03-31": "$0.05", "2019-12-31": "$0.70", "2019-09-30": "$1.57", "2019-06-30": "$0.27", "2019-03-31": "$1.21", "2018-12-31": "$2.02", "2018-09-30": "$-0.60", "2018-06-30": "$2.22", "2018-03-31": "$0.50", "2017-12-31": "$-0.83", "2017-09-30": "$1.10", "2017-06-30": "$-1.00", "2017-03-31": "$-0.81", "2016-12-31": "$-0.14", "2016-09-30": "$0.30", "2016-06-30": "$1.38", "2016-03-31": "$1.54", "2015-12-31": "$1.25", "2015-09-30": "$1.01", "2015-06-30": "$0.23", "2015-03-31": "$0.09", "2014-12-31": "$-0.22", "2014-09-30": "$-0.62", "2014-06-30": "$-0.18", "2014-03-31": "$-0.08", "2013-12-31": "$0.37", "2013-09-30": "$1.09", "2013-06-30": "$1.04", "2013-03-31": "$1.68", "2012-12-31": "$1.81", "2012-09-30": "$1.60", "2012-06-30": "$1.89", "2012-03-31": "$1.89", "2011-12-31": "$1.63", "2011-09-30": "$2.06", "2011-06-30": "$2.12", "2011-03-31": "$2.23", "2010-12-31": "$2.73", "2010-09-30": "$2.60", "2010-06-30": "$2.62", "2010-03-31": "$2.62", "2009-12-31": "$2.59", "2009-09-30": "$2.23", "2009-06-30": "$2.10", "2009-03-31": "$1.99", "2008-12-31": "$1.53", "2008-09-30": "$1.72", "2008-06-30": "$1.70", "2008-03-31": "$1.19", "2007-12-31": "$1.36", "2007-09-30": "$1.04", "2007-06-30": "$1.15", "2007-03-31": "$1.24", "2006-12-31": "$1.24"}, "net worth": {"value": "$7.04B"}, "current ratio": {"2020-09-30": "3.86", "2020-06-30": "4.82", "2020-03-31": "4.79", "2019-12-31": "1.22", "2019-09-30": "1.52", "2019-06-30": "1.55", "2019-03-31": "1.35", "2018-12-31": "1.33", "2018-09-30": "1.21", "2018-06-30": "1.32", "2018-03-31": "1.31", "2017-12-31": "1.30", "2017-09-30": "1.23", "2017-06-30": "1.55", "2017-03-31": "0.86", "2016-12-31": "0.84", "2016-09-30": "1.37", "2016-06-30": "1.02", "2016-03-31": "1.06", "2015-12-31": "1.18", "2015-09-30": "1.08", "2015-06-30": "1.30", "2015-03-31": "2.16", "2014-12-31": "1.32", "2014-09-30": "1.12", "2014-06-30": "1.15", "2014-03-31": "1.42", "2013-12-31": "1.47", "2013-09-30": "1.68", "2013-06-30": "1.79", "2013-03-31": "1.30", "2012-12-31": "1.38", "2012-09-30": "2.36", "2012-06-30": "1.94", "2012-03-31": "2.18", "2011-12-31": "1.91", "2011-09-30": "1.75", "2011-06-30": "1.74", "2011-03-31": "1.57", "2010-12-31": "1.26", "2010-09-30": "1.13", "2010-06-30": "1.30", "2010-03-31": "1.39", "2009-12-31": "2.35", "2009-09-30": "4.79", "2009-06-30": "2.62", "2009-03-31": "1.31", "2008-12-31": "1.55", "2008-09-30": "1.72", "2008-06-30": "1.27", "2008-03-31": "1.39", "2007-12-31": "1.53", "2007-09-30": "1.12", "2007-06-30": "1.15", "2007-03-31": "1.12", "2006-12-31": "1.02", "2006-09-30": "1.59", "2006-06-30": "1.17", "2006-03-31": "0.97", "2005-12-31": "0.99", "2005-09-30": "0.93", "2005-06-30": "1.12", "2005-03-31": "1.55"}, "quick ratio": {"2020-09-30": "0.00", "2020-06-30": "0.00", "2020-03-31": "0.00", "2019-12-31": "0.00", "2019-09-30": "0.00", "2019-06-30": "0.00", "2019-03-31": "0.00", "2018-12-31": "0.00", "2018-09-30": "0.00", "2018-06-30": "0.00", "2018-03-31": "0.00", "2017-12-31": "0.00", "2017-09-30": "0.00", "2017-06-30": "0.00", "2017-03-31": "0.00", "2016-12-31": "0.00", "2016-09-30": "0.00", "2016-06-30": "0.00", "2016-03-31": "0.00", "2015-12-31": "0.00", "2015-09-30": "0.00", "2015-06-30": "0.00", "2015-03-31": "0.00", "2014-12-31": "0.00", "2014-09-30": "0.00", "2014-06-30": "0.00", "2014-03-31": "0.00", "2013-12-31": "0.00", "2013-09-30": "0.00", "2013-06-30": "0.00", "2013-03-31": "0.00", "2012-12-31": "0.00", "2012-09-30": "0.00", "2012-06-30": "0.00", "2012-03-31": "0.00", "2011-12-31": "0.00", "2011-09-30": "0.00", "2011-06-30": "0.00", "2011-03-31": "0.00", "2010-12-31": "0.00", "2010-09-30": "0.00", "2010-06-30": "0.00", "2010-03-31": "0.00", "2009-12-31": "0.00", "2009-09-30": "0.00", "2009-06-30": "0.00", "2009-03-31": "0.00", "2008-12-31": "0.00", "2008-09-30": "0.00", "2008-06-30": "0.00", "2008-03-31": "0.00", "2007-12-31": "0.00", "2007-09-30": "0.00", "2007-06-30": "0.00", "2007-03-31": "0.00", "2006-12-31": "0.00", "2006-09-30": "0.00", "2006-06-30": "0.00", "2006-03-31": "0.00", "2005-12-31": "0.00", "2005-09-30": "0.00", "2005-06-30": "0.00", "2005-03-31": "0.00"}, "debt equity ratio": {"current": "2.01", "2020-09-30": "2.19", "2020-06-30": "2.08", "2020-03-31": "1.99", "2019-12-31": "1.58", "2019-09-30": "1.57", "2019-06-30": "1.54", "2019-03-31": "1.54", "2018-12-31": "1.55", "2018-09-30": "1.58", "2018-06-30": "1.64", "2018-03-31": "1.65", "2017-12-31": "1.62", "2017-09-30": "1.67", "2017-06-30": "1.78", "2017-03-31": "1.72", "2016-12-31": "1.61", "2016-09-30": "1.61", "2016-06-30": "1.57", "2016-03-31": "1.60", "2015-12-31": "1.75", "2015-09-30": "1.69", "2015-06-30": "1.72", "2015-03-31": "1.83", "2014-12-31": "1.69", "2014-09-30": "1.70", "2014-06-30": "1.74", "2014-03-31": "1.80", "2013-12-31": "1.87", "2013-09-30": "1.91", "2013-06-30": "1.95", "2013-03-31": "1.93", "2012-12-31": "1.98", "2012-09-30": "1.90", "2012-06-30": "1.91", "2012-03-31": "1.90", "2011-12-31": "1.96", "2011-09-30": "1.46", "2011-06-30": "1.55", "2011-03-31": "1.63", "2010-12-31": "1.83", "2010-09-30": "1.64", "2010-06-30": "1.60", "2010-03-31": "1.58", "2009-12-31": "1.67", "2009-09-30": "1.87", "2009-06-30": "1.90", "2009-03-31": "1.76", "2008-12-31": "1.70", "2008-09-30": "1.79", "2008-06-30": "1.72", "2008-03-31": "1.68", "2007-12-31": "1.68", "2007-09-30": "2.40", "2007-06-30": "2.35", "2007-03-31": "2.38", "2006-12-31": "2.43", "2006-09-30": "1.86", "2006-06-30": "2.02", "2006-03-31": "2.05", "2005-12-31": "2.03", "2005-09-30": "1.96", "2005-06-30": "1.95", "2005-03-31": "1.91"}, "return on equity": {"2020-09-30": "6.87%", "2020-06-30": "10.37%", "2020-03-31": "13.14%", "2019-12-31": "13.46%", "2019-09-30": "10.03%", "2019-06-30": "10.09%", "2019-03-31": "9.52%", "2018-12-31": "9.69%", "2018-09-30": "9.60%", "2018-06-30": "11.64%", "2018-03-31": "12.63%", "2017-12-31": "12.91%", "2017-09-30": "13.86%", "2017-06-30": "11.98%", "2017-03-31": "11.11%", "2016-12-31": "12.29%", "2016-09-30": "13.21%", "2016-06-30": "13.35%", "2016-03-31": "13.15%", "2015-12-31": "11.90%", "2015-09-30": "10.14%", "2015-06-30": "10.02%", "2015-03-31": "10.20%", "2014-12-31": "9.96%", "2014-09-30": "9.87%", "2014-06-30": "11.22%", "2014-03-31": "11.26%", "2013-12-31": "11.39%", "2013-09-30": "12.45%", "2013-06-30": "10.93%", "2013-03-31": "10.80%", "2012-12-31": "11.64%", "2012-09-30": "11.25%", "2012-06-30": "11.93%", "2012-03-31": "12.09%", "2011-12-31": "11.25%", "2011-09-30": "11.70%", "2011-06-30": "10.61%", "2011-03-31": "10.51%", "2010-12-31": "10.39%", "2010-09-30": "10.19%", "2010-06-30": "9.88%", "2010-03-31": "9.79%", "2009-12-31": "8.33%", "2009-09-30": "8.61%", "2009-06-30": "9.69%", "2009-03-31": "9.78%", "2008-12-31": "11.59%", "2008-09-30": "19.57%", "2008-06-30": "19.43%", "2008-03-31": "20.44%", "2007-12-31": "21.03%", "2007-09-30": "10.78%", "2007-06-30": "10.46%", "2007-03-31": "11.69%", "2006-12-31": "12.65%", "2006-09-30": "14.41%", "2006-06-30": "15.87%", "2006-03-31": "14.19%", "2005-12-31": "13.15%"}, "return on assets": {"2020-09-30": "2.33%", "2020-06-30": "3.70%", "2020-03-31": "4.92%", "2019-12-31": "5.26%", "2019-09-30": "3.93%", "2019-06-30": "3.95%", "2019-03-31": "3.69%", "2018-12-31": "3.72%", "2018-09-30": "3.66%", "2018-06-30": "4.40%", "2018-03-31": "4.72%", "2017-12-31": "4.79%", "2017-09-30": "5.14%", "2017-06-30": "4.47%", "2017-03-31": "4.23%", "2016-12-31": "4.73%", "2016-09-30": "5.03%", "2016-06-30": "5.04%", "2016-03-31": "4.89%", "2015-12-31": "4.33%", "2015-09-30": "3.71%", "2015-06-30": "3.67%", "2015-03-31": "3.73%", "2014-12-31": "3.65%", "2014-09-30": "3.56%", "2014-06-30": "3.97%", "2014-03-31": "3.91%", "2013-12-31": "3.91%", "2013-09-30": "4.24%", "2013-06-30": "3.72%", "2013-03-31": "3.69%", "2012-12-31": "3.99%", "2012-09-30": "3.86%", "2012-06-30": "4.26%", "2012-03-31": "4.46%", "2011-12-31": "4.25%", "2011-09-30": "4.48%", "2011-06-30": "3.99%", "2011-03-31": "3.93%", "2010-12-31": "3.91%", "2010-09-30": "3.89%", "2010-06-30": "3.69%", "2010-03-31": "3.56%", "2009-12-31": "2.98%", "2009-09-30": "3.07%", "2009-06-30": "3.48%", "2009-03-31": "3.57%", "2008-12-31": "4.26%", "2008-09-30": "7.20%", "2008-06-30": "6.84%", "2008-03-31": "6.85%", "2007-12-31": "6.64%", "2007-09-30": "3.18%", "2007-06-30": "3.23%", "2007-03-31": "3.70%", "2006-12-31": "4.11%", "2006-09-30": "4.83%", "2006-06-30": "5.26%", "2006-03-31": "4.73%", "2005-12-31": "4.44%"}, "return on investments": {"2020-09-30": "4.63%", "2020-06-30": "6.20%", "2020-03-31": "7.53%", "2019-12-31": "8.03%", "2019-09-30": "6.58%", "2019-06-30": "6.63%", "2019-03-31": "6.36%", "2018-12-31": "6.33%", "2018-09-30": "7.67%", "2018-06-30": "7.55%", "2018-03-31": "7.51%", "2017-12-31": "7.60%", "2017-09-30": "6.39%", "2017-06-30": "6.54%", "2017-03-31": "6.66%", "2016-12-31": "6.71%", "2016-09-30": "6.73%", "2016-06-30": "6.85%", "2016-03-31": "6.92%", "2015-12-31": "6.92%", "2015-09-30": "6.96%", "2015-06-30": "6.88%", "2015-03-31": "6.82%", "2014-12-31": "6.75%", "2014-09-30": "6.65%", "2014-06-30": "6.70%", "2014-03-31": "6.69%", "2013-12-31": "6.89%", "2013-09-30": "7.07%", "2013-06-30": "7.25%", "2013-03-31": "7.39%", "2012-12-31": "7.41%", "2012-09-30": "7.24%", "2012-06-30": "7.17%", "2012-03-31": "7.21%", "2011-12-31": "7.26%", "2011-09-30": "7.61%", "2011-06-30": "7.67%", "2011-03-31": "7.72%", "2010-12-31": "7.91%", "2010-09-30": "7.97%", "2010-06-30": "7.81%", "2010-03-31": "7.70%", "2009-12-31": "6.89%", "2009-09-30": "6.68%", "2009-06-30": "6.80%", "2009-03-31": "6.90%", "2008-12-31": "7.69%", "2008-09-30": "7.71%", "2008-06-30": "7.80%", "2008-03-31": "7.83%", "2007-12-31": "7.72%", "2007-09-30": "7.51%", "2007-06-30": "7.54%", "2007-03-31": "7.77%", "2006-12-31": "8.08%", "2006-09-30": "8.24%", "2006-06-30": "8.27%", "2006-03-31": "8.09%", "2005-12-31": "7.85%"}, "return on tangible equity": {"2020-09-30": "6.87%", "2020-06-30": "10.37%", "2020-03-31": "13.14%", "2019-12-31": "13.46%", "2019-09-30": "10.03%", "2019-06-30": "10.09%", "2019-03-31": "9.52%", "2018-12-31": "9.69%", "2018-09-30": "9.60%", "2018-06-30": "11.64%", "2018-03-31": "12.63%", "2017-12-31": "12.91%", "2017-09-30": "13.86%", "2017-06-30": "11.98%", "2017-03-31": "11.11%", "2016-12-31": "12.29%", "2016-09-30": "13.21%", "2016-06-30": "13.35%", "2016-03-31": "13.15%", "2015-12-31": "11.90%", "2015-09-30": "10.14%", "2015-06-30": "10.02%", "2015-03-31": "10.20%", "2014-12-31": "9.96%", "2014-09-30": "9.87%", "2014-06-30": "11.22%", "2014-03-31": "11.26%", "2013-12-31": "11.39%", "2013-09-30": "12.45%", "2013-06-30": "10.93%", "2013-03-31": "10.80%", "2012-12-31": "11.64%", "2012-09-30": "11.25%", "2012-06-30": "11.93%", "2012-03-31": "12.09%", "2011-12-31": "11.25%", "2011-09-30": "11.70%", "2011-06-30": "10.61%", "2011-03-31": "10.51%", "2010-12-31": "10.39%", "2010-09-30": "10.19%", "2010-06-30": "9.88%", "2010-03-31": "9.79%", "2009-12-31": "8.33%", "2009-09-30": "8.61%", "2009-06-30": "9.69%", "2009-03-31": "9.78%", "2008-12-31": "11.59%", "2008-09-30": "19.57%", "2008-06-30": "19.43%", "2008-03-31": "20.44%", "2007-12-31": "21.03%", "2007-09-30": "10.78%", "2007-06-30": "10.46%", "2007-03-31": "11.69%", "2006-12-31": "12.65%", "2006-09-30": "14.41%", "2006-06-30": "15.87%", "2006-03-31": "14.19%", "2005-12-31": "13.15%"}, "dividend yield history": {"last payout": "$4.24", "last yield": "4.56%"}}