{"ticker": "FTI", "price": {"title": "TechnipFMC Historical Annual Stock Price Data", "value": 10.35, "historical": {"2020": {"Average Stock Price": "9.4752", "Year Open": "21.3300", "Year High": "21.7300", "Year Low": "5.0100", "Year Close": "9.4000", "Annual % Change": "-56.16%"}, "2019": {"Average Stock Price": "23.0532", "Year Open": "19.7900", "Year High": "28.5100", "Year Low": "18.5600", "Year Close": "21.4400", "Annual % Change": "9.50%"}, "2018": {"Average Stock Price": "29.6527", "Year Open": "31.8600", "Year High": "34.8000", "Year Low": "18.5400", "Year Close": "19.5800", "Annual % Change": "-37.46%"}, "2017": {"Average Stock Price": "29.5475", "Year Open": "36.3900", "Year High": "36.7300", "Year Low": "24.9600", "Year Close": "31.3100", "Annual % Change": "-11.88%"}, "2016": {"Average Stock Price": "28.5091", "Year Open": "29.2200", "Year High": "36.3100", "Year Low": "22.7700", "Year Close": "35.5300", "Annual % Change": "22.48%"}, "2015": {"Average Stock Price": "36.6914", "Year Open": "46.5200", "Year High": "46.5200", "Year Low": "28.3500", "Year Close": "29.0100", "Annual % Change": "-38.07%"}, "2014": {"Average Stock Price": "54.5776", "Year Open": "51.2500", "Year High": "63.5200", "Year Low": "42.7500", "Year Close": "46.8400", "Annual % Change": "-10.29%"}, "2013": {"Average Stock Price": "52.8859", "Year Open": "43.5000", "Year High": "59.3400", "Year Low": "42.9700", "Year Close": "52.2100", "Annual % Change": "21.90%"}, "2012": {"Average Stock Price": "45.7749", "Year Open": "52.3400", "Year High": "54.3600", "Year Low": "37.6800", "Year Close": "42.8300", "Annual % Change": "-18.00%"}, "2011": {"Average Stock Price": "44.7211", "Year Open": "44.0000", "Year High": "53.7700", "Year Low": "35.9600", "Year Close": "52.2300", "Annual % Change": "17.49%"}, "2010": {"Average Stock Price": "32.7328", "Year Open": "29.6150", "Year High": "44.5600", "Year Low": "23.8000", "Year Close": "44.4550", "Annual % Change": "53.72%"}, "2009": {"Average Stock Price": "20.9124", "Year Open": "12.6600", "Year High": "29.4200", "Year Low": "11.8950", "Year Close": "28.9200", "Annual % Change": "142.72%"}, "2008": {"Average Stock Price": "26.7026", "Year Open": "28.6150", "Year High": "40.4300", "Year Low": "10.1700", "Year Close": "11.9150", "Annual % Change": "-57.97%"}, "2007": {"Average Stock Price": "21.8891", "Year Open": "14.7625", "Year High": "33.4300", "Year Low": "13.8775", "Year Close": "28.3500", "Annual % Change": "84.00%"}, "2006": {"Average Stock Price": "14.3011", "Year Open": "11.4850", "Year High": "17.8325", "Year Low": "11.2500", "Year Close": "15.4075", "Annual % Change": "43.59%"}, "2005": {"Average Stock Price": "8.8428", "Year Open": "7.6525", "Year High": "10.9450", "Year Low": "7.2625", "Year Close": "10.7300", "Annual % Change": "33.29%"}, "2004": {"Average Stock Price": "7.1904", "Year Open": "5.8250", "Year High": "8.6150", "Year Low": "5.7600", "Year Close": "8.0500", "Annual % Change": "38.20%"}, "2003": {"Average Stock Price": "5.2495", "Year Open": "5.1750", "Year High": "6.1325", "Year Low": "4.5425", "Year Close": "5.8250", "Annual % Change": "14.05%"}, "2002": {"Average Stock Price": "4.7745", "Year Open": "4.1250", "Year High": "5.9000", "Year Low": "3.6150", "Year Close": "5.1075", "Annual % Change": "24.19%"}, "2001": {"Average Stock Price": "3.8540", "Year Open": "5.4625", "Year High": "5.4625", "Year Low": "2.8275", "Year Close": "4.1125", "Annual % Change": "0.00%"}}}, "market cap": {"value": "$4.44B"}, "income statement": {"Revenue": {"2019-12-31": "13409.10000", "2018-12-31": "12552.90000", "2017-12-31": "15056.90000", "2016-12-31": "9199.60000", "2015-12-31": "11471.90000", "2014-12-31": "7942.60000", "2013-12-31": "7126.20000", "2012-12-31": "6151.40000", "2011-12-31": "5099.00000", "2010-12-31": "4125.60000", "2009-12-31": "4405.40000", "2008-12-31": "4550.90000", "2007-12-31": "3648.90000", "2006-12-31": "2915.40000", "2005-12-31": "3107.00000"}, "Cost Of Goods Sold": {"2019-12-31": "10950.70000", "2018-12-31": "10273.00000", "2017-12-31": "12524.60000", "2016-12-31": "7630.00000", "2015-12-31": "9975.10000", "2014-12-31": "5994.90000", "2013-12-31": "5571.40000", "2012-12-31": "4832.90000", "2011-12-31": "3966.20000", "2010-12-31": "3074.00000", "2009-12-31": "3434.50000", "2008-12-31": "3623.10000", "2007-12-31": "2921.90000", "2006-12-31": "2370.00000", "2005-12-31": "2512.00000"}, "Gross Profit": {"2019-12-31": "2458.39900", "2018-12-31": "2279.90000", "2017-12-31": "2532.30000", "2016-12-31": "1569.60000", "2015-12-31": "1496.80100", "2014-12-31": "1947.70000", "2013-12-31": "1554.80000", "2012-12-31": "1318.50000", "2011-12-31": "1132.80000", "2010-12-31": "1051.60000", "2009-12-31": "970.89990", "2008-12-31": "927.79980", "2007-12-31": "727.00000", "2006-12-31": "545.39990", "2005-12-31": "595.00000"}, "Research And Development Expenses": {"2019-12-31": "162.90000", "2018-12-31": "189.20000", "2017-12-31": "212.90000", "2016-12-31": "105.40000", "2015-12-31": "95.50000", "2014-12-31": "123.70000", "2013-12-31": "112.40000", "2012-12-31": "116.80000", "2011-12-31": "90.50000", "2010-12-31": "68.00000", "2009-12-31": "51.30000", "2008-12-31": "45.30000", "2007-12-31": "40.80000", "2006-12-31": "33.00000", "2005-12-31": "47.20000"}, "SG&A Expenses": {"2019-12-31": "1228.10000", "2018-12-31": "1140.60000", "2017-12-31": "1060.90000", "2016-12-31": "572.60000", "2015-12-31": "689.60000", "2014-12-31": "750.60000", "2013-12-31": "694.80000", "2012-12-31": "596.90000", "2011-12-31": "479.90000", "2010-12-31": "432.00000", "2009-12-31": "389.50000", "2008-12-31": "351.70000", "2007-12-31": "310.60000", "2006-12-31": "271.00000", "2005-12-31": "354.30000"}, "Other Operating Income Or Expenses": {"2019-12-31": "-72.10000", "2018-12-31": "", "2017-12-31": "", "2016-12-31": "", "2015-12-31": "", "2014-12-31": "84.30000", "2013-12-31": "", "2012-12-31": "", "2011-12-31": "", "2010-12-31": "", "2009-12-31": "", "2008-12-31": "", "2007-12-31": "", "2006-12-31": "", "2005-12-31": ""}, "Operating Expenses": {"2019-12-31": "14935.80000", "2018-12-31": "13470.50000", "2017-12-31": "14091.70000", "2016-12-31": "8743.60000", "2015-12-31": "11198.30000", "2014-12-31": "6789.80000", "2013-12-31": "6378.60000", "2012-12-31": "5546.60000", "2011-12-31": "4536.60000", "2010-12-31": "3574.00000", "2009-12-31": "3875.30000", "2008-12-31": "4020.10000", "2007-12-31": "3273.30000", "2006-12-31": "2674.00000", "2005-12-31": "2913.50000"}, "Operating Income": {"2019-12-31": "-1526.70000", "2018-12-31": "-917.59960", "2017-12-31": "965.19920", "2016-12-31": "456.00000", "2015-12-31": "273.60160", "2014-12-31": "1152.80000", "2013-12-31": "747.60060", "2012-12-31": "604.80030", "2011-12-31": "562.39990", "2010-12-31": "551.60010", "2009-12-31": "530.09990", "2008-12-31": "530.79980", "2007-12-31": "375.59990", "2006-12-31": "241.39990", "2005-12-31": "193.50000"}, "Total Non-Operating Income/Expense": {"2019-12-31": "-609.10000", "2018-12-31": "-570.50000", "2017-12-31": "-285.50000", "2016-12-31": "95.40000", "2015-12-31": "-123.10000", "2014-12-31": "-86.50000", "2013-12-31": "-28.40000", "2012-12-31": "-3.60000", "2011-12-31": "-9.60000", "2010-12-31": "-13.70000", "2009-12-31": "-12.20000", "2008-12-31": "-24.50000", "2007-12-31": "20.60000", "2006-12-31": "-16.20000", "2005-12-31": "15.60000"}, "Pre-Tax Income": {"2019-12-31": "-2135.80000", "2018-12-31": "-1488.10000", "2017-12-31": "679.70000", "2016-12-31": "551.40000", "2015-12-31": "150.50000", "2014-12-31": "1066.30000", "2013-12-31": "719.20000", "2012-12-31": "601.20000", "2011-12-31": "552.80000", "2010-12-31": "537.90000", "2009-12-31": "517.90000", "2008-12-31": "506.30000", "2007-12-31": "396.20000", "2006-12-31": "225.20000", "2005-12-31": "209.10000"}, "Income Taxes": {"2019-12-31": "276.30000", "2018-12-31": "422.70000", "2017-12-31": "545.50000", "2016-12-31": "180.30000", "2015-12-31": "136.50000", "2014-12-31": "361.00000", "2013-12-31": "212.60000", "2012-12-31": "166.40000", "2011-12-31": "149.30000", "2010-12-31": "159.60000", "2009-12-31": "155.10000", "2008-12-31": "152.00000", "2007-12-31": "134.50000", "2006-12-31": "62.70000", "2005-12-31": "76.90000"}, "Income After Taxes": {"2019-12-31": "-2412.10000", "2018-12-31": "-1910.80000", "2017-12-31": "134.20000", "2016-12-31": "371.10000", "2015-12-31": "14.00000", "2014-12-31": "705.30000", "2013-12-31": "506.60000", "2012-12-31": "434.80000", "2011-12-31": "403.50000", "2010-12-31": "378.30000", "2009-12-31": "362.80000", "2008-12-31": "354.30000", "2007-12-31": "261.70000", "2006-12-31": "162.50000", "2005-12-31": "132.20000"}, "Other Income": {"2019-12-31": "", "2018-12-31": "", "2017-12-31": "", "2016-12-31": "", "2015-12-31": "", "2014-12-31": "", "2013-12-31": "", "2012-12-31": "", "2011-12-31": "", "2010-12-31": "", "2009-12-31": "", "2008-12-31": "", "2007-12-31": "", "2006-12-31": "", "2005-12-31": ""}, "Income From Continuous Operations": {"2019-12-31": "-2412.10000", "2018-12-31": "-1910.80000", "2017-12-31": "134.20000", "2016-12-31": "371.10000", "2015-12-31": "14.00000", "2014-12-31": "705.30000", "2013-12-31": "506.60000", "2012-12-31": "434.80000", "2011-12-31": "403.50000", "2010-12-31": "378.30000", "2009-12-31": "362.80000", "2008-12-31": "354.30000", "2007-12-31": "261.70000", "2006-12-31": "162.50000", "2005-12-31": "132.20000"}, "Income From Discontinued Operations": {"2019-12-31": "", "2018-12-31": "", "2017-12-31": "", "2016-12-31": "", "2015-12-31": "", "2014-12-31": "", "2013-12-31": "", "2012-12-31": "", "2011-12-31": "", "2010-12-31": "-0.40000", "2009-12-31": "0.50000", "2008-12-31": "8.40000", "2007-12-31": "42.20000", "2006-12-31": "113.80000", "2005-12-31": "-26.10000"}, "Net Income": {"2019-12-31": "-2415.20000", "2018-12-31": "-1921.60000", "2017-12-31": "113.30000", "2016-12-31": "393.30000", "2015-12-31": "14.40000", "2014-12-31": "699.90000", "2013-12-31": "501.40000", "2012-12-31": "430.00000", "2011-12-31": "399.80000", "2010-12-31": "375.50000", "2009-12-31": "361.80000", "2008-12-31": "361.30000", "2007-12-31": "302.80000", "2006-12-31": "276.30000", "2005-12-31": "106.10000"}, "EBITDA": {"2019-12-31": "-1017.10000", "2018-12-31": "-367.19960", "2017-12-31": "1579.89900", "2016-12-31": "756.70000", "2015-12-31": "612.30150", "2014-12-31": "1385.30000", "2013-12-31": "957.40060", "2012-12-31": "751.00030", "2011-12-31": "670.19990", "2010-12-31": "652.90010", "2009-12-31": "623.09990", "2008-12-31": "603.39980", "2007-12-31": "437.39980", "2006-12-31": "289.29990", "2005-12-31": "258.20000"}, "EBIT": {"2019-12-31": "-1526.70000", "2018-12-31": "-917.59960", "2017-12-31": "965.19920", "2016-12-31": "456.00000", "2015-12-31": "273.60160", "2014-12-31": "1152.80000", "2013-12-31": "747.60060", "2012-12-31": "604.80030", "2011-12-31": "562.39990", "2010-12-31": "551.60010", "2009-12-31": "530.09990", "2008-12-31": "530.79980", "2007-12-31": "375.59990", "2006-12-31": "241.39990", "2005-12-31": "193.50000"}, "Basic Shares Outstanding": {"2019-12-31": "448.00000", "2018-12-31": "458.00000", "2017-12-31": "466.70000", "2016-12-31": "119.40000", "2015-12-31": "114.90000", "2014-12-31": "236.30000", "2013-12-31": "238.30000", "2012-12-31": "239.70000", "2011-12-31": "241.20000", "2010-12-31": "243.00000", "2009-12-31": "248.50000", "2008-12-31": "255.60000", "2007-12-31": "262.60000", "2006-12-31": "274.00000", "2005-12-31": "276.00000"}, "Shares Outstanding": {"2019-12-31": "448.00000", "2018-12-31": "458.00000", "2017-12-31": "468.30000", "2016-12-31": "125.10000", "2015-12-31": "127.30000", "2014-12-31": "236.90000", "2013-12-31": "239.10000", "2012-12-31": "240.90000", "2011-12-31": "243.20000", "2010-12-31": "245.30000", "2009-12-31": "251.40000", "2008-12-31": "259.40000", "2007-12-31": "267.60000", "2006-12-31": "280.60000", "2005-12-31": "283.20000"}, "Basic EPS": {"2019-12-31": "-5.39000", "2018-12-31": "-4.20000", "2017-12-31": "0.24000", "2016-12-31": "3.29000", "2015-12-31": "0.13000", "2014-12-31": "2.96000", "2013-12-31": "2.10000", "2012-12-31": "1.79000", "2011-12-31": "1.66000", "2010-12-31": "1.55000", "2009-12-31": "1.46000", "2008-12-31": "1.41500", "2007-12-31": "1.15500", "2006-12-31": "1.01000", "2005-12-31": "0.38500"}, "EPS - Earnings Per Share": {"2019-12-31": "-5.39000", "2018-12-31": "-4.20000", "2017-12-31": "0.24000", "2016-12-31": "3.16000", "2015-12-31": "0.13000", "2014-12-31": "2.95000", "2013-12-31": "2.10000", "2012-12-31": "1.78000", "2011-12-31": "1.64000", "2010-12-31": "1.53000", "2009-12-31": "1.44000", "2008-12-31": "1.39000", "2007-12-31": "1.13000", "2006-12-31": "0.98500", "2005-12-31": "0.37500"}}, "income statement, quarterly": {"Revenue": {"2020-09-30": "3335.70000", "2020-06-30": "3158.50000", "2020-03-31": "3130.30000", "2019-12-31": "3726.80000", "2019-09-30": "3335.10000", "2019-06-30": "3434.20000", "2019-03-31": "2913.00000", "2018-12-31": "3323.00100", "2018-09-30": "3143.80000", "2018-06-30": "2960.90000", "2018-03-31": "3125.20000", "2017-12-31": "3683.00000", "2017-09-30": "4140.90000", "2017-06-30": "3845.00000", "2017-03-31": "3388.00000", "2016-12-31": "1092.10000", "2016-09-30": "2375.70000", "2016-06-30": "2370.50000", "2016-03-31": "2405.70000", "2015-12-31": "1427.30000", "2015-09-30": "1545.00000", "2015-06-30": "1695.20000", "2015-03-31": "1695.20000", "2014-12-31": "2156.20000", "2014-09-30": "1976.70000", "2014-06-30": "1985.30000", "2014-03-31": "1824.40000", "2013-12-31": "2047.80000", "2013-09-30": "1724.50000", "2013-06-30": "1707.90000", "2013-03-31": "1646.00000", "2012-12-31": "1840.90000", "2012-09-30": "1419.00000", "2012-06-30": "1494.90000", "2012-03-31": "1396.60000", "2011-12-31": "1500.50000", "2011-09-30": "1287.20000", "2011-06-30": "1229.40000", "2011-03-31": "1081.90000", "2010-12-31": "1102.80000", "2010-09-30": "960.00000", "2010-06-30": "1012.50000", "2010-03-31": "1050.30000", "2009-12-31": "1160.20000", "2009-09-30": "1088.40000", "2009-06-30": "1103.80000", "2009-03-31": "1053.00000", "2008-12-31": "1205.10000", "2008-09-30": "1127.60000", "2008-06-30": "1178.10000", "2008-03-31": "1040.10000", "2007-12-31": "639.60000", "2007-09-30": "879.40000", "2007-06-30": "1149.00000", "2007-03-31": "980.90000", "2006-12-31": "1076.60000", "2006-09-30": "931.20000", "2006-06-30": "949.20000", "2006-03-31": "826.60000", "2005-12-31": "936.00000", "2005-09-30": "776.10000", "2005-06-30": "812.50000", "2005-03-31": "681.60000"}, "Cost Of Goods Sold": {"2020-09-30": "2875.60000", "2020-06-30": "2641.00000", "2020-03-31": "2701.70000", "2019-12-31": "3067.20100", "2019-09-30": "2726.40000", "2019-06-30": "2745.20000", "2019-03-31": "2411.90000", "2018-12-31": "2767.70000", "2018-09-30": "2558.50000", "2018-06-30": "2422.20000", "2018-03-31": "2524.60000", "2017-12-31": "2914.10000", "2017-09-30": "3468.20000", "2017-06-30": "3162.00000", "2017-03-31": "2980.30000", "2016-12-31": "1036.20000", "2016-09-30": "1931.00000", "2016-06-30": "1927.00000", "2016-03-31": "2005.70000", "2015-12-31": "1344.60000", "2015-09-30": "1173.90000", "2015-06-30": "1297.00000", "2015-03-31": "1282.60000", "2014-12-31": "1604.20000", "2014-09-30": "1479.60000", "2014-06-30": "1507.60000", "2014-03-31": "1403.50000", "2013-12-31": "1560.30000", "2013-09-30": "1353.80000", "2013-06-30": "1350.10000", "2013-03-31": "1307.20000", "2012-12-31": "1449.80000", "2012-09-30": "1099.10000", "2012-06-30": "1180.30000", "2012-03-31": "1103.70000", "2011-12-31": "1189.40000", "2011-09-30": "980.20000", "2011-06-30": "953.90000", "2011-03-31": "842.70000", "2010-12-31": "828.40000", "2010-09-30": "723.00000", "2010-06-30": "746.60000", "2010-03-31": "776.00000", "2009-12-31": "898.40010", "2009-09-30": "835.70000", "2009-06-30": "856.20000", "2009-03-31": "844.20000", "2008-12-31": "958.40010", "2008-09-30": "888.20000", "2008-06-30": "934.30000", "2008-03-31": "842.20000", "2007-12-31": "532.40000", "2007-09-30": "704.50000", "2007-06-30": "915.20000", "2007-03-31": "769.80000", "2006-12-31": "995.70000", "2006-09-30": "737.50000", "2006-06-30": "764.60000", "2006-03-31": "647.60000", "2005-12-31": "867.50000", "2005-09-30": "639.70000", "2005-06-30": "673.00000", "2005-03-31": "583.00000"}, "Gross Profit": {"2020-09-30": "460.10010", "2020-06-30": "517.50000", "2020-03-31": "428.60010", "2019-12-31": "659.59910", "2019-09-30": "608.70020", "2019-06-30": "689.00000", "2019-03-31": "501.10010", "2018-12-31": "555.30100", "2018-09-30": "585.30000", "2018-06-30": "538.70000", "2018-03-31": "600.59990", "2017-12-31": "768.89970", "2017-09-30": "672.70000", "2017-06-30": "683.00000", "2017-03-31": "407.70000", "2016-12-31": "55.90000", "2016-09-30": "444.70000", "2016-06-30": "443.50000", "2016-03-31": "400.00000", "2015-12-31": "82.70010", "2015-09-30": "371.10000", "2015-06-30": "398.20000", "2015-03-31": "412.60000", "2014-12-31": "552.00050", "2014-09-30": "497.10000", "2014-06-30": "477.70000", "2014-03-31": "420.90000", "2013-12-31": "487.50040", "2013-09-30": "370.70010", "2013-06-30": "357.79990", "2013-03-31": "338.79990", "2012-12-31": "391.10020", "2012-09-30": "319.90000", "2012-06-30": "314.60000", "2012-03-31": "292.90000", "2011-12-31": "311.10000", "2011-09-30": "306.99990", "2011-06-30": "275.50000", "2011-03-31": "239.20000", "2010-12-31": "274.40000", "2010-09-30": "237.00000", "2010-06-30": "265.90000", "2010-03-31": "274.30000", "2009-12-31": "261.79990", "2009-09-30": "252.70000", "2009-06-30": "247.60010", "2009-03-31": "208.80000", "2008-12-31": "246.69960", "2008-09-30": "239.40000", "2008-06-30": "243.80000", "2008-03-31": "197.90000", "2007-12-31": "107.20000", "2007-09-30": "174.90000", "2007-06-30": "233.80000", "2007-03-31": "211.10000", "2006-12-31": "80.90000", "2006-09-30": "193.70000", "2006-06-30": "184.60000", "2006-03-31": "179.00000", "2005-12-31": "68.50000", "2005-09-30": "136.40000", "2005-06-30": "139.50000", "2005-03-31": "98.60000"}, "Research And Development Expenses": {"2020-09-30": "35.40000", "2020-06-30": "38.20000", "2020-03-31": "35.20000", "2019-12-31": "52.90000", "2019-09-30": "40.60000", "2019-06-30": "29.50000", "2019-03-31": "39.90000", "2018-12-31": "55.90000", "2018-09-30": "38.60000", "2018-06-30": "53.60000", "2018-03-31": "41.10000", "2017-12-31": "69.30000", "2017-09-30": "51.10000", "2017-06-30": "49.10000", "2017-03-31": "43.40000", "2016-12-31": "37.60000", "2016-09-30": "22.00000", "2016-06-30": "25.50000", "2016-03-31": "20.30000", "2015-12-31": "3.80000", "2015-09-30": "25.90000", "2015-06-30": "36.20000", "2015-03-31": "29.60000", "2014-12-31": "39.10000", "2014-09-30": "29.90000", "2014-06-30": "29.40000", "2014-03-31": "25.30000", "2013-12-31": "27.50000", "2013-09-30": "27.20000", "2013-06-30": "29.20000", "2013-03-31": "28.50000", "2012-12-31": "33.90000", "2012-09-30": "29.80000", "2012-06-30": "26.30000", "2012-03-31": "26.80000", "2011-12-31": "28.50000", "2011-09-30": "23.80000", "2011-06-30": "21.60000", "2011-03-31": "16.60000", "2010-12-31": "18.90000", "2010-09-30": "15.90000", "2010-06-30": "19.00000", "2010-03-31": "14.20000", "2009-12-31": "16.90000", "2009-09-30": "13.10000", "2009-06-30": "10.70000", "2009-03-31": "10.60000", "2008-12-31": "12.40000", "2008-09-30": "12.20000", "2008-06-30": "10.80000", "2008-03-31": "9.90000", "2007-12-31": "1.60000", "2007-09-30": "10.00000", "2007-06-30": "13.90000", "2007-03-31": "15.30000", "2006-12-31": "-2.60000", "2006-09-30": "12.30000", "2006-06-30": "11.60000", "2006-03-31": "11.70000", "2005-12-31": "8.40000", "2005-09-30": "12.10000", "2005-06-30": "13.40000", "2005-03-31": "13.30000"}, "SG&A Expenses": {"2020-09-30": "252.00000", "2020-06-30": "234.90000", "2020-03-31": "293.90000", "2019-12-31": "308.40000", "2019-09-30": "298.10000", "2019-06-30": "323.80000", "2019-03-31": "297.80000", "2018-12-31": "305.50000", "2018-09-30": "250.60000", "2018-06-30": "281.40000", "2018-03-31": "303.10000", "2017-12-31": "254.40000", "2017-09-30": "284.40000", "2017-06-30": "268.00000", "2017-03-31": "254.10000", "2016-12-31": "138.60000", "2016-09-30": "143.00000", "2016-06-30": "143.40000", "2016-03-31": "147.60000", "2015-12-31": "207.00000", "2015-09-30": "144.30000", "2015-06-30": "164.30000", "2015-03-31": "174.00000", "2014-12-31": "208.60000", "2014-09-30": "170.80000", "2014-06-30": "188.40000", "2014-03-31": "182.80000", "2013-12-31": "186.00000", "2013-09-30": "165.90000", "2013-06-30": "172.10000", "2013-03-31": "170.80000", "2012-12-31": "167.60010", "2012-09-30": "152.90000", "2012-06-30": "140.20000", "2012-03-31": "136.20000", "2011-12-31": "138.20000", "2011-09-30": "110.00000", "2011-06-30": "116.50000", "2011-03-31": "115.20000", "2010-12-31": "119.10000", "2010-09-30": "109.30000", "2010-06-30": "100.40000", "2010-03-31": "103.20000", "2009-12-31": "108.50000", "2009-09-30": "98.40000", "2009-06-30": "91.80000", "2009-03-31": "90.80000", "2008-12-31": "93.90000", "2008-09-30": "82.20000", "2008-06-30": "94.90000", "2008-03-31": "80.70000", "2007-12-31": "18.10000", "2007-09-30": "78.30000", "2007-06-30": "110.70000", "2007-03-31": "103.50000", "2006-12-31": "-27.70000", "2006-09-30": "101.40000", "2006-06-30": "101.50000", "2006-03-31": "95.80000", "2005-12-31": "82.50000", "2005-09-30": "91.60000", "2005-06-30": "91.60000", "2005-03-31": "88.60000"}, "Other Operating Income Or Expenses": {"2020-09-30": "-92.00000", "2020-06-30": "-140.30000", "2020-03-31": "", "2019-12-31": "77.40000", "2019-09-30": "-140.30000", "2019-06-30": "-9.20000", "2019-03-31": "", "2018-12-31": "", "2018-09-30": "-9.70000", "2018-06-30": "-11.40000", "2018-03-31": "", "2017-12-31": "", "2017-09-30": "-59.40000", "2017-06-30": "12.30000", "2017-03-31": "", "2016-12-31": "", "2016-09-30": "-10.20000", "2016-06-30": "-63.80000", "2016-03-31": "", "2015-12-31": "", "2015-09-30": "", "2015-06-30": "", "2015-03-31": "", "2014-12-31": "0.00000", "2014-09-30": "-1.30000", "2014-06-30": "85.60000", "2014-03-31": "", "2013-12-31": "", "2013-09-30": "", "2013-06-30": "", "2013-03-31": "", "2012-12-31": "", "2012-09-30": "", "2012-06-30": "", "2012-03-31": "", "2011-12-31": "", "2011-09-30": "", "2011-06-30": "", "2011-03-31": "", "2010-12-31": "", "2010-09-30": "", "2010-06-30": "", "2010-03-31": "", "2009-12-31": "", "2009-09-30": "", "2009-06-30": "", "2009-03-31": "", "2008-12-31": "", "2008-09-30": "", "2008-06-30": "", "2008-03-31": "", "2007-12-31": "", "2007-09-30": "", "2007-06-30": "", "2007-03-31": "", "2006-12-31": "", "2006-09-30": "", "2006-06-30": "", "2006-03-31": "", "2005-12-31": "", "2005-09-30": "", "2005-06-30": "", "2005-03-31": ""}, "Operating Expenses": {"2020-09-30": "3255.00000", "2020-06-30": "3054.40000", "2020-03-31": "6266.30000", "2019-12-31": "5816.00000", "2019-09-30": "3221.00000", "2019-06-30": "3120.60000", "2019-03-31": "2778.20000", "2018-12-31": "4943.30000", "2018-09-30": "2863.70000", "2018-06-30": "2777.60000", "2018-03-31": "2885.90000", "2017-12-31": "3387.10100", "2017-09-30": "3872.30000", "2017-06-30": "3490.10000", "2017-03-31": "3342.20000", "2016-12-31": "1036.20000", "2016-09-30": "2120.20000", "2016-06-30": "2176.40000", "2016-03-31": "2209.30000", "2015-12-31": "1344.60000", "2015-09-30": "1422.20000", "2015-06-30": "1507.20000", "2015-03-31": "1496.60000", "2014-12-31": "1856.60000", "2014-09-30": "1681.60000", "2014-06-30": "1640.00000", "2014-03-31": "1611.60000", "2013-12-31": "1773.80000", "2013-09-30": "1546.90000", "2013-06-30": "1551.40000", "2013-03-31": "1506.50000", "2012-12-31": "1651.30000", "2012-09-30": "1281.80000", "2012-06-30": "1346.80000", "2012-03-31": "1266.70000", "2011-12-31": "1356.10000", "2011-09-30": "1114.00000", "2011-06-30": "1092.00000", "2011-03-31": "974.50000", "2010-12-31": "966.40000", "2010-09-30": "848.20000", "2010-06-30": "866.00000", "2010-03-31": "893.40000", "2009-12-31": "1023.80000", "2009-09-30": "947.20000", "2009-06-30": "958.70000", "2009-03-31": "945.60000", "2008-12-31": "1064.70000", "2008-09-30": "982.60000", "2008-06-30": "1040.00000", "2008-03-31": "932.80000", "2007-12-31": "552.10000", "2007-09-30": "792.80000", "2007-06-30": "1039.80000", "2007-03-31": "888.60000", "2006-12-31": "995.70000", "2006-09-30": "851.20000", "2006-06-30": "877.70000", "2006-03-31": "755.10000", "2005-12-31": "867.50000", "2005-09-30": "743.40000", "2005-06-30": "778.00000", "2005-03-31": "684.90000"}, "Operating Income": {"2020-09-30": "80.70020", "2020-06-30": "104.10010", "2020-03-31": "-3136.00000", "2019-12-31": "-2089.20000", "2019-09-30": "114.09990", "2019-06-30": "313.60010", "2019-03-31": "134.80000", "2018-12-31": "-1620.29900", "2018-09-30": "280.09990", "2018-06-30": "183.30000", "2018-03-31": "239.29960", "2017-12-31": "295.89870", "2017-09-30": "268.60010", "2017-06-30": "354.89990", "2017-03-31": "45.80010", "2016-12-31": "55.90000", "2016-09-30": "255.50000", "2016-06-30": "194.10010", "2016-03-31": "196.39990", "2015-12-31": "82.70010", "2015-09-30": "122.79990", "2015-06-30": "188.00000", "2015-03-31": "198.60000", "2014-12-31": "299.60010", "2014-09-30": "295.09990", "2014-06-30": "345.29990", "2014-03-31": "212.79990", "2013-12-31": "274.00060", "2013-09-30": "177.60010", "2013-06-30": "156.50000", "2013-03-31": "139.49990", "2012-12-31": "189.60020", "2012-09-30": "137.20000", "2012-06-30": "148.10000", "2012-03-31": "129.90000", "2011-12-31": "144.39980", "2011-09-30": "173.20000", "2011-06-30": "137.40000", "2011-03-31": "107.40000", "2010-12-31": "136.40000", "2010-09-30": "111.80000", "2010-06-30": "146.50000", "2010-03-31": "156.90000", "2009-12-31": "136.39980", "2009-09-30": "141.20000", "2009-06-30": "145.10010", "2009-03-31": "107.40000", "2008-12-31": "140.39980", "2008-09-30": "144.99990", "2008-06-30": "138.10000", "2008-03-31": "107.29990", "2007-12-31": "87.50000", "2007-09-30": "86.60000", "2007-06-30": "109.20000", "2007-03-31": "92.30010", "2006-12-31": "80.90000", "2006-09-30": "80.00000", "2006-06-30": "71.50010", "2006-03-31": "71.50000", "2005-12-31": "68.50000", "2005-09-30": "32.70000", "2005-06-30": "34.50000", "2005-03-31": "-3.30000"}, "Total Non-Operating Income/Expense": {"2020-09-30": "-51.80000", "2020-06-30": "-71.10000", "2020-03-31": "-72.00000", "2019-12-31": "-161.30000", "2019-09-30": "-148.30000", "2019-06-30": "-199.00000", "2019-03-31": "-100.50000", "2018-12-31": "-384.20000", "2018-09-30": "-79.20000", "2018-06-30": "-8.50000", "2018-03-31": "-98.60000", "2017-12-31": "-127.60000", "2017-09-30": "-39.00000", "2017-06-30": "-109.70000", "2017-03-31": "-9.20000", "2016-12-31": "-1.50000", "2016-09-30": "148.70000", "2016-06-30": "-84.90000", "2016-03-31": "-29.90000", "2015-12-31": "-31.00000", "2015-09-30": "-20.80000", "2015-06-30": "-24.10000", "2015-03-31": "-13.60000", "2014-12-31": "-32.80000", "2014-09-30": "-34.50000", "2014-06-30": "-9.90000", "2014-03-31": "-9.30000", "2013-12-31": "-4.30000", "2013-09-30": "-8.40000", "2013-06-30": "-8.60000", "2013-03-31": "-7.10000", "2012-12-31": "-12.10000", "2012-09-30": "-1.70000", "2012-06-30": "9.70000", "2012-03-31": "0.50000", "2011-12-31": "-5.10000", "2011-09-30": "-5.80000", "2011-06-30": "0.40000", "2011-03-31": "0.90000", "2010-12-31": "-2.60000", "2010-09-30": "1.80000", "2010-06-30": "-5.30000", "2010-03-31": "-7.60000", "2009-12-31": "-3.30000", "2009-09-30": "-7.80000", "2009-06-30": "7.10000", "2009-03-31": "-8.20000", "2008-12-31": "-12.20000", "2008-09-30": "-7.10000", "2008-06-30": "0.60000", "2008-03-31": "-5.80000", "2007-12-31": "12.60000", "2007-09-30": "11.20000", "2007-06-30": "-2.50000", "2007-03-31": "-0.70000", "2006-12-31": "-2.60000", "2006-09-30": "-0.30000", "2006-06-30": "-2.70000", "2006-03-31": "-2.10000", "2005-12-31": "-3.20000", "2005-09-30": "23.40000", "2005-06-30": "0.70000", "2005-03-31": "0.70000"}, "Pre-Tax Income": {"2020-09-30": "28.90000", "2020-06-30": "33.00000", "2020-03-31": "-3208.00000", "2019-12-31": "-2250.50000", "2019-09-30": "-34.20000", "2019-06-30": "114.60000", "2019-03-31": "34.30000", "2018-12-31": "-2004.50000", "2018-09-30": "200.90000", "2018-06-30": "174.80000", "2018-03-31": "140.70000", "2017-12-31": "168.30000", "2017-09-30": "229.60000", "2017-06-30": "245.20000", "2017-03-31": "36.60000", "2016-12-31": "54.40000", "2016-09-30": "404.20000", "2016-06-30": "109.20000", "2016-03-31": "166.50000", "2015-12-31": "51.70000", "2015-09-30": "102.00000", "2015-06-30": "163.90000", "2015-03-31": "185.00000", "2014-12-31": "266.80010", "2014-09-30": "260.60000", "2014-06-30": "335.40000", "2014-03-31": "203.50000", "2013-12-31": "269.70000", "2013-09-30": "169.20000", "2013-06-30": "147.90000", "2013-03-31": "132.40000", "2012-12-31": "177.50000", "2012-09-30": "135.50000", "2012-06-30": "157.80000", "2012-03-31": "130.40000", "2011-12-31": "139.30000", "2011-09-30": "167.40000", "2011-06-30": "137.80000", "2011-03-31": "108.30000", "2010-12-31": "133.80000", "2010-09-30": "113.60000", "2010-06-30": "141.20000", "2010-03-31": "149.30000", "2009-12-31": "133.10000", "2009-09-30": "133.40000", "2009-06-30": "152.20000", "2009-03-31": "99.20000", "2008-12-31": "128.20000", "2008-09-30": "137.90000", "2008-06-30": "138.70000", "2008-03-31": "101.50000", "2007-12-31": "100.10000", "2007-09-30": "97.80000", "2007-06-30": "106.70000", "2007-03-31": "91.60000", "2006-12-31": "78.30000", "2006-09-30": "79.70000", "2006-06-30": "68.80000", "2006-03-31": "69.40000", "2005-12-31": "65.30000", "2005-09-30": "56.10000", "2005-06-30": "35.20000", "2005-03-31": "-2.60000"}, "Income Taxes": {"2020-09-30": "22.50000", "2020-06-30": "17.70000", "2020-03-31": "37.70000", "2019-12-31": "179.80000", "2019-09-30": "81.10000", "2019-06-30": "0.90000", "2019-03-31": "14.50000", "2018-12-31": "242.00000", "2018-09-30": "66.70000", "2018-06-30": "64.70000", "2018-03-31": "49.30000", "2017-12-31": "295.80000", "2017-09-30": "111.70000", "2017-06-30": "86.20000", "2017-03-31": "51.80000", "2016-12-31": "70.50000", "2016-09-30": "102.50000", "2016-06-30": "5.40000", "2016-03-31": "45.90000", "2015-12-31": "-4.50000", "2015-09-30": "19.50000", "2015-06-30": "55.90000", "2015-03-31": "36.90000", "2014-12-31": "96.20000", "2014-09-30": "90.10000", "2014-06-30": "107.70000", "2014-03-31": "67.00000", "2013-12-31": "90.60000", "2013-09-30": "51.80000", "2013-06-30": "41.40000", "2013-03-31": "28.80000", "2012-12-31": "56.10000", "2012-09-30": "35.00000", "2012-06-30": "44.60000", "2012-03-31": "30.70000", "2011-12-31": "38.80000", "2011-09-30": "45.70000", "2011-06-30": "42.20000", "2011-03-31": "22.60000", "2010-12-31": "32.80000", "2010-09-30": "32.50000", "2010-06-30": "44.40000", "2010-03-31": "49.90000", "2009-12-31": "40.30000", "2009-09-30": "41.60000", "2009-06-30": "45.50000", "2009-03-31": "27.70000", "2008-12-31": "34.30000", "2008-09-30": "45.10000", "2008-06-30": "40.00000", "2008-03-31": "32.60000", "2007-12-31": "38.80000", "2007-09-30": "32.50000", "2007-06-30": "33.70000", "2007-03-31": "29.50000", "2006-12-31": "13.10000", "2006-09-30": "22.20000", "2006-06-30": "23.00000", "2006-03-31": "26.30000", "2005-12-31": "41.50000", "2005-09-30": "10.40000", "2005-06-30": "5.80000", "2005-03-31": "-2.60000"}, "Income After Taxes": {"2020-09-30": "6.40000", "2020-06-30": "15.30000", "2020-03-31": "-3245.70000", "2019-12-31": "-2430.30000", "2019-09-30": "-115.30000", "2019-06-30": "113.70000", "2019-03-31": "19.80000", "2018-12-31": "-2246.50000", "2018-09-30": "134.20000", "2018-06-30": "110.10000", "2018-03-31": "91.40000", "2017-12-31": "-127.50000", "2017-09-30": "117.90000", "2017-06-30": "159.00000", "2017-03-31": "-15.20000", "2016-12-31": "-16.10000", "2016-09-30": "301.70000", "2016-06-30": "103.80000", "2016-03-31": "120.60000", "2015-12-31": "56.20000", "2015-09-30": "82.50000", "2015-06-30": "108.00000", "2015-03-31": "148.10000", "2014-12-31": "170.60000", "2014-09-30": "170.50000", "2014-06-30": "227.70000", "2014-03-31": "136.50000", "2013-12-31": "179.10000", "2013-09-30": "117.40000", "2013-06-30": "106.50000", "2013-03-31": "103.60000", "2012-12-31": "121.40000", "2012-09-30": "100.50000", "2012-06-30": "113.20000", "2012-03-31": "99.70000", "2011-12-31": "100.50000", "2011-09-30": "121.70000", "2011-06-30": "95.60000", "2011-03-31": "85.70000", "2010-12-31": "101.00000", "2010-09-30": "81.10000", "2010-06-30": "96.80000", "2010-03-31": "99.40000", "2009-12-31": "92.80000", "2009-09-30": "91.80000", "2009-06-30": "106.70000", "2009-03-31": "71.50000", "2008-12-31": "93.90000", "2008-09-30": "92.80000", "2008-06-30": "98.70000", "2008-03-31": "68.90000", "2007-12-31": "61.30000", "2007-09-30": "65.30000", "2007-06-30": "73.00000", "2007-03-31": "62.10000", "2006-12-31": "65.20000", "2006-09-30": "57.50000", "2006-06-30": "45.80000", "2006-03-31": "43.10000", "2005-12-31": "23.80000", "2005-09-30": "45.70000", "2005-06-30": "29.40000", "2005-03-31": ""}, "Other Income": {"2020-09-30": "", "2020-06-30": "", "2020-03-31": "", "2019-12-31": "", "2019-09-30": "", "2019-06-30": "", "2019-03-31": "", "2018-12-31": "", "2018-09-30": "", "2018-06-30": "", "2018-03-31": "", "2017-12-31": "", "2017-09-30": "", "2017-06-30": "", "2017-03-31": "", "2016-12-31": "", "2016-09-30": "", "2016-06-30": "", "2016-03-31": "", "2015-12-31": "", "2015-09-30": "", "2015-06-30": "", "2015-03-31": "", "2014-12-31": "", "2014-09-30": "", "2014-06-30": "", "2014-03-31": "", "2013-12-31": "", "2013-09-30": "", "2013-06-30": "", "2013-03-31": "", "2012-12-31": "", "2012-09-30": "", "2012-06-30": "", "2012-03-31": "", "2011-12-31": "", "2011-09-30": "", "2011-06-30": "", "2011-03-31": "", "2010-12-31": "", "2010-09-30": "", "2010-06-30": "", "2010-03-31": "", "2009-12-31": "", "2009-09-30": "", "2009-06-30": "", "2009-03-31": "", "2008-12-31": "", "2008-09-30": "", "2008-06-30": "", "2008-03-31": "", "2007-12-31": "", "2007-09-30": "", "2007-06-30": "", "2007-03-31": "", "2006-12-31": "", "2006-09-30": "", "2006-06-30": "", "2006-03-31": "", "2005-12-31": "", "2005-09-30": "", "2005-06-30": "", "2005-03-31": ""}, "Income From Continuous Operations": {"2020-09-30": "6.40000", "2020-06-30": "15.30000", "2020-03-31": "-3245.70000", "2019-12-31": "-2430.30000", "2019-09-30": "-115.30000", "2019-06-30": "113.70000", "2019-03-31": "19.80000", "2018-12-31": "-2246.50000", "2018-09-30": "134.20000", "2018-06-30": "110.10000", "2018-03-31": "91.40000", "2017-12-31": "-127.50000", "2017-09-30": "117.90000", "2017-06-30": "159.00000", "2017-03-31": "-15.20000", "2016-12-31": "-16.10000", "2016-09-30": "301.70000", "2016-06-30": "103.80000", "2016-03-31": "120.60000", "2015-12-31": "56.20000", "2015-09-30": "82.50000", "2015-06-30": "108.00000", "2015-03-31": "148.10000", "2014-12-31": "170.60000", "2014-09-30": "170.50000", "2014-06-30": "227.70000", "2014-03-31": "136.50000", "2013-12-31": "179.10000", "2013-09-30": "117.40000", "2013-06-30": "106.50000", "2013-03-31": "103.60000", "2012-12-31": "121.40000", "2012-09-30": "100.50000", "2012-06-30": "113.20000", "2012-03-31": "99.70000", "2011-12-31": "100.50000", "2011-09-30": "121.70000", "2011-06-30": "95.60000", "2011-03-31": "85.70000", "2010-12-31": "101.00000", "2010-09-30": "81.10000", "2010-06-30": "96.80000", "2010-03-31": "99.40000", "2009-12-31": "92.80000", "2009-09-30": "91.80000", "2009-06-30": "106.70000", "2009-03-31": "71.50000", "2008-12-31": "93.90000", "2008-09-30": "92.80000", "2008-06-30": "98.70000", "2008-03-31": "68.90000", "2007-12-31": "61.30000", "2007-09-30": "65.30000", "2007-06-30": "73.00000", "2007-03-31": "62.10000", "2006-12-31": "65.20000", "2006-09-30": "57.50000", "2006-06-30": "45.80000", "2006-03-31": "43.10000", "2005-12-31": "23.80000", "2005-09-30": "45.70000", "2005-06-30": "29.40000", "2005-03-31": ""}, "Income From Discontinued Operations": {"2020-09-30": "", "2020-06-30": "", "2020-03-31": "", "2019-12-31": "", "2019-09-30": "", "2019-06-30": "", "2019-03-31": "", "2018-12-31": "", "2018-09-30": "", "2018-06-30": "", "2018-03-31": "", "2017-12-31": "", "2017-09-30": "", "2017-06-30": "", "2017-03-31": "", "2016-12-31": "3.90000", "2016-09-30": "", "2016-06-30": "", "2016-03-31": "", "2015-12-31": "-10.10000", "2015-09-30": "", "2015-06-30": "", "2015-03-31": "", "2014-12-31": "", "2014-09-30": "", "2014-06-30": "", "2014-03-31": "", "2013-12-31": "", "2013-09-30": "", "2013-06-30": "", "2013-03-31": "", "2012-12-31": "", "2012-09-30": "", "2012-06-30": "", "2012-03-31": "", "2011-12-31": "", "2011-09-30": "", "2011-06-30": "", "2011-03-31": "", "2010-12-31": "-0.70000", "2010-09-30": "0.30000", "2010-06-30": "", "2010-03-31": "", "2009-12-31": "0.30000", "2009-09-30": "0.40000", "2009-06-30": "0.10000", "2009-03-31": "-0.30000", "2008-12-31": "-2.60000", "2008-09-30": "-9.70000", "2008-06-30": "7.60000", "2008-03-31": "13.10000", "2007-12-31": "29.80000", "2007-09-30": "13.40000", "2007-06-30": "-0.20000", "2007-03-31": "-0.80000", "2006-12-31": "37.60000", "2006-09-30": "3.50000", "2006-06-30": "19.70000", "2006-03-31": "3.90000", "2005-12-31": "7.20000", "2005-09-30": "", "2005-06-30": "", "2005-03-31": ""}, "Net Income": {"2020-09-30": "-3.90000", "2020-06-30": "11.70000", "2020-03-31": "-3256.10000", "2019-12-31": "-2414.00000", "2019-09-30": "-119.10000", "2019-06-30": "97.00000", "2019-03-31": "20.90000", "2018-12-31": "-2259.30000", "2018-09-30": "136.90000", "2018-06-30": "105.70000", "2018-03-31": "95.10000", "2017-12-31": "-153.90000", "2017-09-30": "121.00000", "2017-06-30": "164.90000", "2017-03-31": "-18.70000", "2016-12-31": "-11.20000", "2016-09-30": "302.40000", "2016-06-30": "104.00000", "2016-03-31": "120.70000", "2015-12-31": "55.60000", "2015-09-30": "82.00000", "2015-06-30": "107.90000", "2015-03-31": "147.60000", "2014-12-31": "168.60010", "2014-09-30": "169.80000", "2014-06-30": "226.30000", "2014-03-31": "135.20000", "2013-12-31": "177.80000", "2013-09-30": "116.00000", "2013-06-30": "105.20000", "2013-03-31": "102.40000", "2012-12-31": "120.40000", "2012-09-30": "98.90000", "2012-06-30": "111.90000", "2012-03-31": "98.80000", "2011-12-31": "99.20000", "2011-09-30": "121.10000", "2011-06-30": "94.30000", "2011-03-31": "85.20000", "2010-12-31": "99.30000", "2010-09-30": "81.00000", "2010-06-30": "96.20000", "2010-03-31": "99.00000", "2009-12-31": "93.20000", "2009-09-30": "91.60000", "2009-06-30": "106.00000", "2009-03-31": "71.00000", "2008-12-31": "91.30000", "2008-09-30": "82.70000", "2008-06-30": "105.80000", "2008-03-31": "81.50000", "2007-12-31": "90.00000", "2007-09-30": "78.70000", "2007-06-30": "72.80000", "2007-03-31": "61.30000", "2006-12-31": "102.80000", "2006-09-30": "61.00000", "2006-06-30": "65.50000", "2006-03-31": "47.00000", "2005-12-31": "31.00000", "2005-09-30": "45.70000", "2005-06-30": "29.40000", "2005-03-31": "0.00000"}, "EBITDA": {"2020-09-30": "189.20020", "2020-06-30": "210.70010", "2020-03-31": "-3015.60000", "2019-12-31": "-1958.10000", "2019-09-30": "255.69990", "2019-06-30": "431.10010", "2019-03-31": "254.20000", "2018-12-31": "-1482.39900", "2018-09-30": "422.09990", "2018-06-30": "322.00010", "2018-03-31": "371.09950", "2017-12-31": "448.89870", "2017-09-30": "419.60010", "2017-06-30": "514.39990", "2017-03-31": "197.00000", "2016-12-31": "133.00000", "2016-09-30": "331.40000", "2016-06-30": "267.20010", "2016-03-31": "270.99990", "2015-12-31": "238.90010", "2015-09-30": "194.09990", "2015-06-30": "241.40000", "2015-03-31": "256.40000", "2014-12-31": "358.70010", "2014-09-30": "355.99980", "2014-06-30": "403.69990", "2014-03-31": "266.89990", "2013-12-31": "330.80060", "2013-09-30": "229.50010", "2013-06-30": "208.60000", "2013-03-31": "188.49990", "2012-12-31": "236.50020", "2012-09-30": "171.00000", "2012-06-30": "183.50000", "2012-03-31": "160.00000", "2011-12-31": "173.39980", "2011-09-30": "200.30000", "2011-06-30": "163.70000", "2011-03-31": "132.80000", "2010-12-31": "160.60000", "2010-09-30": "136.60000", "2010-06-30": "170.20000", "2010-03-31": "185.50000", "2009-12-31": "164.69980", "2009-09-30": "165.80000", "2009-06-30": "165.90010", "2009-03-31": "126.70000", "2008-12-31": "159.59980", "2008-09-30": "165.09990", "2008-06-30": "155.70000", "2008-03-31": "122.99990", "2007-12-31": "106.00000", "2007-09-30": "89.70000", "2007-06-30": "130.00000", "2007-03-31": "111.70010", "2006-12-31": "99.80000", "2006-09-30": "97.90000", "2006-06-30": "88.90010", "2006-03-31": "88.10000", "2005-12-31": "84.90000", "2005-09-30": "49.20000", "2005-06-30": "50.60000", "2005-03-31": "12.70000"}, "EBIT": {"2020-09-30": "80.70020", "2020-06-30": "104.10010", "2020-03-31": "-3136.00000", "2019-12-31": "-2089.20000", "2019-09-30": "114.09990", "2019-06-30": "313.60010", "2019-03-31": "134.80000", "2018-12-31": "-1620.29900", "2018-09-30": "280.09990", "2018-06-30": "183.30000", "2018-03-31": "239.29960", "2017-12-31": "295.89920", "2017-09-30": "268.60010", "2017-06-30": "354.89990", "2017-03-31": "45.80010", "2016-12-31": "55.90000", "2016-09-30": "255.50000", "2016-06-30": "194.10010", "2016-03-31": "196.39990", "2015-12-31": "82.70010", "2015-09-30": "122.79990", "2015-06-30": "188.00000", "2015-03-31": "198.60000", "2014-12-31": "299.60010", "2014-09-30": "295.09990", "2014-06-30": "345.29990", "2014-03-31": "212.79990", "2013-12-31": "274.00060", "2013-09-30": "177.60010", "2013-06-30": "156.50000", "2013-03-31": "139.49990", "2012-12-31": "189.60030", "2012-09-30": "137.20000", "2012-06-30": "148.10000", "2012-03-31": "129.90000", "2011-12-31": "144.39990", "2011-09-30": "173.20000", "2011-06-30": "137.40000", "2011-03-31": "107.40000", "2010-12-31": "136.40010", "2010-09-30": "111.80000", "2010-06-30": "146.50000", "2010-03-31": "156.90000", "2009-12-31": "136.39970", "2009-09-30": "141.20000", "2009-06-30": "145.10010", "2009-03-31": "107.40000", "2008-12-31": "140.40000", "2008-09-30": "144.99990", "2008-06-30": "138.10000", "2008-03-31": "107.29990", "2007-12-31": "87.49980", "2007-09-30": "86.60000", "2007-06-30": "109.20000", "2007-03-31": "92.30010", "2006-12-31": "80.90000", "2006-09-30": "80.00000", "2006-06-30": "71.50010", "2006-03-31": "71.50000", "2005-12-31": "68.50000", "2005-09-30": "32.70000", "2005-06-30": "34.50000", "2005-03-31": "-3.30000"}, "Basic Shares Outstanding": {"2020-09-30": "449.40000", "2020-06-30": "448.30000", "2020-03-31": "447.50000", "2019-12-31": "448.00000", "2019-09-30": "446.90000", "2019-06-30": "447.50000", "2019-03-31": "450.10000", "2018-12-31": "458.00000", "2018-09-30": "454.50000", "2018-06-30": "461.40000", "2018-03-31": "464.30000", "2017-12-31": "466.70000", "2017-09-30": "467.20000", "2017-06-30": "466.70000", "2017-03-31": "466.60000", "2016-12-31": "227.00000", "2016-09-30": "121.00000", "2016-06-30": "119.50000", "2016-03-31": "118.20000", "2015-12-31": "228.90000", "2015-09-30": "230.20000", "2015-06-30": "232.30000", "2015-03-31": "233.00000", "2014-12-31": "236.30000", "2014-09-30": "236.40000", "2014-06-30": "236.70000", "2014-03-31": "237.40000", "2013-12-31": "238.30000", "2013-09-30": "238.20000", "2013-06-30": "238.30000", "2013-03-31": "238.70000", "2012-12-31": "239.70000", "2012-09-30": "239.50000", "2012-06-30": "240.20000", "2012-03-31": "240.10000", "2011-12-31": "241.20000", "2011-09-30": "241.40000", "2011-06-30": "241.90000", "2011-03-31": "241.80000", "2010-12-31": "243.00000", "2010-09-30": "241.50000", "2010-06-30": "244.30000", "2010-03-31": "245.10000", "2009-12-31": "248.50000", "2009-09-30": "246.60000", "2009-06-30": "247.60000", "2009-03-31": "251.80000", "2008-12-31": "255.60000", "2008-09-30": "254.00000", "2008-06-30": "256.80000", "2008-03-31": "260.20000", "2007-12-31": "262.60000", "2007-09-30": "260.40000", "2007-06-30": "260.40000", "2007-03-31": "269.20000", "2006-12-31": "272.00000", "2006-09-30": "274.60000", "2006-06-30": "274.80000", "2006-03-31": "274.80000", "2005-12-31": "276.00000", "2005-09-30": "275.60000", "2005-06-30": "276.00000", "2005-03-31": "276.40000"}, "Shares Outstanding": {"2020-09-30": "449.40000", "2020-06-30": "449.50000", "2020-03-31": "447.50000", "2019-12-31": "448.00000", "2019-09-30": "446.90000", "2019-06-30": "451.20000", "2019-03-31": "453.30000", "2018-12-31": "458.00000", "2018-09-30": "459.00000", "2018-06-30": "463.30000", "2018-03-31": "465.70000", "2017-12-31": "468.30000", "2017-09-30": "469.70000", "2017-06-30": "468.40000", "2017-03-31": "466.60000", "2016-12-31": "227.00000", "2016-09-30": "126.90000", "2016-06-30": "125.20000", "2016-03-31": "124.40000", "2015-12-31": "229.60000", "2015-09-30": "231.00000", "2015-06-30": "232.90000", "2015-03-31": "233.90000", "2014-12-31": "236.90000", "2014-09-30": "237.00000", "2014-06-30": "237.20000", "2014-03-31": "237.80000", "2013-12-31": "239.10000", "2013-09-30": "238.90000", "2013-06-30": "239.30000", "2013-03-31": "239.40000", "2012-12-31": "240.90000", "2012-09-30": "240.70000", "2012-06-30": "241.50000", "2012-03-31": "241.30000", "2011-12-31": "243.20000", "2011-09-30": "243.30000", "2011-06-30": "243.80000", "2011-03-31": "243.80000", "2010-12-31": "245.30000", "2010-09-30": "243.60000", "2010-06-30": "246.60000", "2010-03-31": "247.60000", "2009-12-31": "251.40000", "2009-09-30": "249.40000", "2009-06-30": "251.00000", "2009-03-31": "255.60000", "2008-12-31": "259.40000", "2008-09-30": "258.00000", "2008-06-30": "260.80000", "2008-03-31": "264.00000", "2007-12-31": "267.60000", "2007-09-30": "265.20000", "2007-06-30": "265.60000", "2007-03-31": "274.00000", "2006-12-31": "278.40000", "2006-09-30": "281.60000", "2006-06-30": "281.60000", "2006-03-31": "281.60000", "2005-12-31": "283.60000", "2005-09-30": "283.20000", "2005-06-30": "282.80000", "2005-03-31": "276.40000"}, "Basic EPS": {"2020-09-30": "-0.01000", "2020-06-30": "0.03000", "2020-03-31": "-7.28000", "2019-12-31": "-5.39000", "2019-09-30": "-0.27000", "2019-06-30": "0.22000", "2019-03-31": "0.05000", "2018-12-31": "-4.93000", "2018-09-30": "0.30000", "2018-06-30": "0.23000", "2018-03-31": "0.20000", "2017-12-31": "-0.33000", "2017-09-30": "0.26000", "2017-06-30": "0.35000", "2017-03-31": "-0.04000", "2016-12-31": "-0.05000", "2016-09-30": "2.50000", "2016-06-30": "0.87000", "2016-03-31": "1.02000", "2015-12-31": "0.24000", "2015-09-30": "0.36000", "2015-06-30": "0.46000", "2015-03-31": "0.63000", "2014-12-31": "0.71000", "2014-09-30": "0.72000", "2014-06-30": "0.96000", "2014-03-31": "0.57000", "2013-12-31": "0.74000", "2013-09-30": "0.49000", "2013-06-30": "0.44000", "2013-03-31": "0.43000", "2012-12-31": "0.50000", "2012-09-30": "0.41000", "2012-06-30": "0.47000", "2012-03-31": "0.41000", "2011-12-31": "0.42000", "2011-09-30": "0.50000", "2011-06-30": "0.39000", "2011-03-31": "0.35000", "2010-12-31": "0.42000", "2010-09-30": "0.34000", "2010-06-30": "0.39000", "2010-03-31": "0.40000", "2009-12-31": "0.37500", "2009-09-30": "0.37000", "2009-06-30": "0.43000", "2009-03-31": "0.28500", "2008-12-31": "0.36500", "2008-09-30": "0.32500", "2008-06-30": "0.41000", "2008-03-31": "0.31500", "2007-12-31": "0.34500", "2007-09-30": "0.30000", "2007-06-30": "0.28000", "2007-03-31": "0.23000", "2006-12-31": "0.37750", "2006-09-30": "0.22500", "2006-06-30": "0.23750", "2006-03-31": "0.17000", "2005-12-31": "0.11250", "2005-09-30": "0.16500", "2005-06-30": "0.10750", "2005-03-31": "0.00000"}, "EPS - Earnings Per Share": {"2020-09-30": "-0.01000", "2020-06-30": "0.03000", "2020-03-31": "-7.28000", "2019-12-31": "-5.38000", "2019-09-30": "-0.27000", "2019-06-30": "0.21000", "2019-03-31": "0.05000", "2018-12-31": "-4.93000", "2018-09-30": "0.30000", "2018-06-30": "0.23000", "2018-03-31": "0.20000", "2017-12-31": "-0.33000", "2017-09-30": "0.26000", "2017-06-30": "0.35000", "2017-03-31": "-0.04000", "2016-12-31": "-0.05000", "2016-09-30": "2.39000", "2016-06-30": "0.83000", "2016-03-31": "0.97000", "2015-12-31": "0.24000", "2015-09-30": "0.35000", "2015-06-30": "0.46000", "2015-03-31": "0.63000", "2014-12-31": "0.71000", "2014-09-30": "0.72000", "2014-06-30": "0.95000", "2014-03-31": "0.57000", "2013-12-31": "0.74000", "2013-09-30": "0.49000", "2013-06-30": "0.44000", "2013-03-31": "0.43000", "2012-12-31": "0.50000", "2012-09-30": "0.41000", "2012-06-30": "0.46000", "2012-03-31": "0.41000", "2011-12-31": "0.40000", "2011-09-30": "0.50000", "2011-06-30": "0.39000", "2011-03-31": "0.35000", "2010-12-31": "0.41000", "2010-09-30": "0.33000", "2010-06-30": "0.39000", "2010-03-31": "0.40000", "2009-12-31": "0.37500", "2009-09-30": "0.36500", "2009-06-30": "0.42000", "2009-03-31": "0.28000", "2008-12-31": "0.35500", "2008-09-30": "0.32000", "2008-06-30": "0.40500", "2008-03-31": "0.31000", "2007-12-31": "0.33500", "2007-09-30": "0.29500", "2007-06-30": "0.27500", "2007-03-31": "0.22500", "2006-12-31": "0.37000", "2006-09-30": "0.21500", "2006-06-30": "0.23250", "2006-03-31": "0.16750", "2005-12-31": "0.11000", "2005-09-30": "0.16250", "2005-06-30": "0.10500", "2005-03-31": "0.00000"}}, "balance sheet": {"Cash On Hand": {"2019-12-31": "5190.20000", "2018-12-31": "5540.00000", "2017-12-31": "6737.40000", "2016-12-31": "6269.30000", "2015-12-31": "916.20000", "2014-12-31": "638.80000", "2013-12-31": "399.10000", "2012-12-31": "342.10000", "2011-12-31": "344.00000", "2010-12-31": "315.50000", "2009-12-31": "460.70000", "2008-12-31": "340.10000", "2007-12-31": "129.50000", "2006-12-31": "79.50000", "2005-12-31": "152.90000"}, "Receivables": {"2019-12-31": "2551.70000", "2018-12-31": "2754.00000", "2017-12-31": "1821.40000", "2016-12-31": "1734.50000", "2015-12-31": "884.00000", "2014-12-31": "2150.40000", "2013-12-31": "2067.20000", "2012-12-31": "1783.10000", "2011-12-31": "1362.80000", "2010-12-31": "1144.60000", "2009-12-31": "888.10000", "2008-12-31": "1008.90000", "2007-12-31": "775.70000", "2006-12-31": "898.10000", "2005-12-31": "711.40000"}, "Inventory": {"2019-12-31": "1416.00000", "2018-12-31": "1251.20000", "2017-12-31": "987.00000", "2016-12-31": "334.70000", "2015-12-31": "764.10000", "2014-12-31": "1021.20000", "2013-12-31": "980.40000", "2012-12-31": "965.10000", "2011-12-31": "712.20000", "2010-12-31": "566.50000", "2009-12-31": "591.80000", "2008-12-31": "559.30000", "2007-12-31": "533.20000", "2006-12-31": "584.40000", "2005-12-31": "441.10000"}, "Pre-Paid Expenses": {"2019-12-31": "", "2018-12-31": "", "2017-12-31": "", "2016-12-31": "", "2015-12-31": "", "2014-12-31": "48.50000", "2013-12-31": "41.50000", "2012-12-31": "31.70000", "2011-12-31": "37.20000", "2010-12-31": "18.90000", "2009-12-31": "20.50000", "2008-12-31": "24.20000", "2007-12-31": "20.50000", "2006-12-31": "28.00000", "2005-12-31": "20.60000"}, "Other Current Assets": {"2019-12-31": "1208.50000", "2018-12-31": "941.00000", "2017-12-31": "1675.80000", "2016-12-31": "2598.70000", "2015-12-31": "1365.90000", "2014-12-31": "577.50000", "2013-12-31": "475.70000", "2012-12-31": "310.40000", "2011-12-31": "253.90000", "2010-12-31": "238.10000", "2009-12-31": "273.40000", "2008-12-31": "505.80000", "2007-12-31": "297.70000", "2006-12-31": "75.80000", "2005-12-31": "68.40000"}, "Total Current Assets": {"2019-12-31": "11886.40000", "2018-12-31": "11781.20000", "2017-12-31": "12977.10000", "2016-12-31": "10937.20000", "2015-12-31": "3930.20000", "2014-12-31": "4436.40000", "2013-12-31": "4023.00000", "2012-12-31": "3488.30000", "2011-12-31": "2787.90000", "2010-12-31": "2345.30000", "2009-12-31": "2268.10000", "2008-12-31": "2438.30000", "2007-12-31": "2290.40000", "2006-12-31": "1692.10000", "2005-12-31": "1431.40000"}, "Property, Plant, And Equipment": {"2019-12-31": "3162.00000", "2018-12-31": "3259.80000", "2017-12-31": "3871.50000", "2016-12-31": "2620.10000", "2015-12-31": "1371.50000", "2014-12-31": "1458.40000", "2013-12-31": "1349.10000", "2012-12-31": "1243.50000", "2011-12-31": "767.90000", "2010-12-31": "609.00000", "2009-12-31": "581.90000", "2008-12-31": "494.90000", "2007-12-31": "452.30000", "2006-12-31": "444.40000", "2005-12-31": "352.50000"}, "Long-Term Investments": {"2019-12-31": "300.40000", "2018-12-31": "394.50000", "2017-12-31": "272.50000", "2016-12-31": "235.40000", "2015-12-31": "", "2014-12-31": "35.90000", "2013-12-31": "44.30000", "2012-12-31": "37.40000", "2011-12-31": "161.40000", "2010-12-31": "148.20000", "2009-12-31": "141.80000", "2008-12-31": "151.20000", "2007-12-31": "33.40000", "2006-12-31": "26.00000", "2005-12-31": "22.30000"}, "Goodwill And Intangible Assets": {"2019-12-31": "6684.90000", "2018-12-31": "8784.30000", "2017-12-31": "10263.60000", "2016-12-31": "3892.00000", "2015-12-31": "821.10000", "2014-12-31": "866.60000", "2013-12-31": "896.00000", "2012-12-31": "945.10000", "2011-12-31": "393.80000", "2010-12-31": "415.30000", "2009-12-31": "427.30000", "2008-12-31": "198.90000", "2007-12-31": "227.40000", "2006-12-31": "187.40000", "2005-12-31": "176.10000"}, "Other Long-Term Assets": {"2019-12-31": "332.00000", "2018-12-31": "332.30000", "2017-12-31": "424.30000", "2016-12-31": "441.00000", "2015-12-31": "296.60000", "2014-12-31": "268.30000", "2013-12-31": "256.30000", "2012-12-31": "128.60000", "2011-12-31": "92.90000", "2010-12-31": "99.60000", "2009-12-31": "63.10000", "2008-12-31": "174.20000", "2007-12-31": "142.30000", "2006-12-31": "65.80000", "2005-12-31": "33.70000"}, "Total Long-Term Assets": {"2019-12-31": "11632.40000", "2018-12-31": "13003.30000", "2017-12-31": "15286.60000", "2016-12-31": "7742.10000", "2015-12-31": "2489.20000", "2014-12-31": "2735.70000", "2013-12-31": "2582.60000", "2012-12-31": "2414.60000", "2011-12-31": "1483.10000", "2010-12-31": "1298.90000", "2009-12-31": "1288.30000", "2008-12-31": "1142.60000", "2007-12-31": "920.70000", "2006-12-31": "795.70000", "2005-12-31": "664.20000"}, "Total Assets": {"2019-12-31": "23518.80000", "2018-12-31": "24784.50000", "2017-12-31": "28263.70000", "2016-12-31": "18679.30000", "2015-12-31": "6419.40000", "2014-12-31": "7172.10000", "2013-12-31": "6605.60000", "2012-12-31": "5902.90000", "2011-12-31": "4271.00000", "2010-12-31": "3644.20000", "2009-12-31": "3556.40000", "2008-12-31": "3580.90000", "2007-12-31": "3211.10000", "2006-12-31": "2487.80000", "2005-12-31": "2095.60000"}, "Total Current Liabilities": {"2019-12-31": "10138.40000", "2018-12-31": "9139.40000", "2017-12-31": "9829.40000", "2016-12-31": "10888.90000", "2015-12-31": "2305.30000", "2014-12-31": "2783.60000", "2013-12-31": "2614.70000", "2012-12-31": "1970.40000", "2011-12-31": "2232.90000", "2010-12-31": "1495.40000", "2009-12-31": "1721.00000", "2008-12-31": "1963.30000", "2007-12-31": "1842.90000", "2006-12-31": "1208.90000", "2005-12-31": "1058.20000"}, "Long Term Debt": {"2019-12-31": "3980.00000", "2018-12-31": "4124.30000", "2017-12-31": "3777.90000", "2016-12-31": "1869.30000", "2015-12-31": "1134.10000", "2014-12-31": "1293.70000", "2013-12-31": "1329.80000", "2012-12-31": "1580.40000", "2011-12-31": "36.00000", "2010-12-31": "351.10000", "2009-12-31": "391.60000", "2008-12-31": "472.00000", "2007-12-31": "122.10000", "2006-12-31": "212.60000", "2005-12-31": "252.60000"}, "Other Non-Current Liabilities": {"2019-12-31": "482.70000", "2018-12-31": "585.30000", "2017-12-31": "545.30000", "2016-12-31": "585.70000", "2015-12-31": "436.80000", "2014-12-31": "326.10000", "2013-12-31": "150.50000", "2012-12-31": "174.50000", "2011-12-31": "180.10000", "2010-12-31": "203.80000", "2009-12-31": "187.60000", "2008-12-31": "264.80000", "2007-12-31": "166.40000", "2006-12-31": "74.20000", "2005-12-31": "50.20000"}, "Total Long Term Liabilities": {"2019-12-31": "5692.30100", "2018-12-31": "5256.20000", "2017-12-31": "5024.90000", "2016-12-31": "2746.30000", "2015-12-31": "1570.90000", "2014-12-31": "1910.80000", "2013-12-31": "1654.60000", "2012-12-31": "2079.30000", "2011-12-31": "600.40000", "2010-12-31": "826.50000", "2009-12-31": "723.60000", "2008-12-31": "918.90000", "2007-12-31": "346.50000", "2006-12-31": "392.90000", "2005-12-31": "337.90000"}, "Total Liabilities": {"2019-12-31": "15830.70000", "2018-12-31": "14395.60000", "2017-12-31": "14854.30000", "2016-12-31": "13635.20000", "2015-12-31": "3876.20000", "2014-12-31": "4694.40000", "2013-12-31": "4269.30000", "2012-12-31": "4049.70000", "2011-12-31": "2833.30000", "2010-12-31": "2321.90000", "2009-12-31": "2444.60000", "2008-12-31": "2882.20000", "2007-12-31": "2189.40000", "2006-12-31": "1601.80000", "2005-12-31": "1396.10000"}, "Common Stock Net": {"2019-12-31": "447.10000", "2018-12-31": "448.10000", "2017-12-31": "460.30000", "2016-12-31": "114.70000", "2015-12-31": "", "2014-12-31": "-5.10000", "2013-12-31": "-4.80000", "2012-12-31": "-6.40000", "2011-12-31": "-4.40000", "2010-12-31": "-2.00000", "2009-12-31": "-4.30000", "2008-12-31": "-4.90000", "2007-12-31": "-4.00000", "2006-12-31": "-3.80000", "2005-12-31": "-2.90000"}, "Retained Earnings (Accumulated Deficit)": {"2019-12-31": "-1563.10000", "2018-12-31": "1072.20000", "2017-12-31": "3448.00000", "2016-12-31": "3404.10000", "2015-12-31": "", "2014-12-31": "3844.30000", "2013-12-31": "3146.10000", "2012-12-31": "2644.70000", "2011-12-31": "2214.70000", "2010-12-31": "1814.90000", "2009-12-31": "1438.90000", "2008-12-31": "1081.00000", "2007-12-31": "771.60000", "2006-12-31": "469.50000", "2005-12-31": "193.20000"}, "Comprehensive Income": {"2019-12-31": "-1407.50000", "2018-12-31": "-1359.70000", "2017-12-31": "-1003.70000", "2016-12-31": "-1101.60000", "2015-12-31": "", "2014-12-31": "-683.70000", "2013-12-31": "-340.70000", "2012-12-31": "-396.00000", "2011-12-31": "-443.80000", "2010-12-31": "-252.10000", "2009-12-31": "-225.80000", "2008-12-31": "-408.40000", "2007-12-31": "-47.20000", "2006-12-31": "-112.20000", "2005-12-31": "-108.50000"}, "Other Share Holders Equity": {"2019-12-31": "", "2018-12-31": "", "2017-12-31": "", "2016-12-31": "", "2015-12-31": "2524.10000", "2014-12-31": "", "2013-12-31": "", "2012-12-31": "", "2011-12-31": "", "2010-12-31": "", "2009-12-31": "", "2008-12-31": "", "2007-12-31": "", "2006-12-31": "", "2005-12-31": ""}, "Share Holder Equity": {"2019-12-31": "7688.10000", "2018-12-31": "10388.90000", "2017-12-31": "13409.40000", "2016-12-31": "5044.10000", "2015-12-31": "2543.20000", "2014-12-31": "2477.70000", "2013-12-31": "2336.30000", "2012-12-31": "1853.20000", "2011-12-31": "1437.70000", "2010-12-31": "1322.30000", "2009-12-31": "1111.80000", "2008-12-31": "698.70000", "2007-12-31": "1021.70000", "2006-12-31": "886.00000", "2005-12-31": "699.50000"}, "Total Liabilities And Share Holders Equity": {"2019-12-31": "23518.80000", "2018-12-31": "24784.50000", "2017-12-31": "28263.70000", "2016-12-31": "18679.30000", "2015-12-31": "6419.40000", "2014-12-31": "7172.10000", "2013-12-31": "6605.60000", "2012-12-31": "5902.90000", "2011-12-31": "4271.00000", "2010-12-31": "3644.20000", "2009-12-31": "3556.40000", "2008-12-31": "3580.90000", "2007-12-31": "3211.10000", "2006-12-31": "2487.80000", "2005-12-31": "2095.60000"}}, "balance sheet, quarterly": {"Cash On Hand": {"2020-09-30": "4244.00000", "2020-06-30": "4809.50000", "2020-03-31": "4999.40000", "2019-12-31": "5190.20000", "2019-09-30": "4504.40000", "2019-06-30": "4621.30000", "2019-03-31": "4965.30000", "2018-12-31": "5540.00000", "2018-09-30": "5553.30000", "2018-06-30": "5555.40000", "2018-03-31": "6220.60000", "2017-12-31": "6737.40000", "2017-09-30": "6896.10000", "2017-06-30": "7179.10000", "2017-03-31": "7041.70000", "2016-12-31": "6269.30000", "2016-09-30": "1074.20000", "2016-06-30": "1075.00000", "2016-03-31": "1032.30000", "2015-12-31": "916.20000", "2015-09-30": "711.50000", "2015-06-30": "587.20000", "2015-03-31": "695.10000", "2014-12-31": "638.80000", "2014-09-30": "511.50000", "2014-06-30": "382.20000", "2014-03-31": "290.30000", "2013-12-31": "399.10000", "2013-09-30": "360.20000", "2013-06-30": "267.60000", "2013-03-31": "236.60000", "2012-12-31": "342.10000", "2012-09-30": "566.20000", "2012-06-30": "275.30000", "2012-03-31": "361.60000", "2011-12-31": "344.00000", "2011-09-30": "336.40000", "2011-06-30": "428.00000", "2011-03-31": "376.80000", "2010-12-31": "315.50000", "2010-09-30": "512.10000", "2010-06-30": "403.80000", "2010-03-31": "369.00000", "2009-12-31": "460.70000", "2009-09-30": "397.40000", "2009-06-30": "256.20000", "2009-03-31": "411.50000", "2008-12-31": "340.10000", "2008-09-30": "306.00000", "2008-06-30": "278.20000", "2008-03-31": "258.80000", "2007-12-31": "129.50000", "2007-09-30": "239.90000", "2007-06-30": "167.40000", "2007-03-31": "85.70000", "2006-12-31": "79.50000", "2006-09-30": "58.70000", "2006-06-30": "113.40000", "2006-03-31": "106.70000", "2005-12-31": "152.90000", "2005-09-30": "139.60000", "2005-06-30": "85.40000", "2005-03-31": "72.40000"}, "Receivables": {"2020-09-30": "2413.20000", "2020-06-30": "2467.70000", "2020-03-31": "2478.70000", "2019-12-31": "2551.70000", "2019-09-30": "2490.20000", "2019-06-30": "2623.40000", "2019-03-31": "2593.00000", "2018-12-31": "2754.00000", "2018-09-30": "2412.60000", "2018-06-30": "2537.30000", "2018-03-31": "2763.00000", "2017-12-31": "1821.40000", "2017-09-30": "3115.60000", "2017-06-30": "2522.90000", "2017-03-31": "2815.00000", "2016-12-31": "1734.50000", "2016-09-30": "752.90000", "2016-06-30": "830.30000", "2016-03-31": "1475.70000", "2015-12-31": "884.00000", "2015-09-30": "1830.40000", "2015-06-30": "1934.30000", "2015-03-31": "1751.70000", "2014-12-31": "2150.40000", "2014-09-30": "2268.80000", "2014-06-30": "2138.80000", "2014-03-31": "2255.80000", "2013-12-31": "2067.20000", "2013-09-30": "1974.10000", "2013-06-30": "1826.40000", "2013-03-31": "1926.80000", "2012-12-31": "1783.10000", "2012-09-30": "1606.40000", "2012-06-30": "1597.80000", "2012-03-31": "1349.00000", "2011-12-31": "1362.80000", "2011-09-30": "1255.50000", "2011-06-30": "1225.70000", "2011-03-31": "1150.60000", "2010-12-31": "1144.60000", "2010-09-30": "1029.60000", "2010-06-30": "940.00000", "2010-03-31": "918.20000", "2009-12-31": "888.10000", "2009-09-30": "935.10000", "2009-06-30": "963.40000", "2009-03-31": "846.70000", "2008-12-31": "1008.90000", "2008-09-30": "926.40000", "2008-06-30": "985.50000", "2008-03-31": "994.50000", "2007-12-31": "775.70000", "2007-09-30": "983.80000", "2007-06-30": "996.60000", "2007-03-31": "878.30000", "2006-12-31": "898.10000", "2006-09-30": "837.10000", "2006-06-30": "787.70000", "2006-03-31": "763.90000", "2005-12-31": "711.40000", "2005-09-30": "657.10000", "2005-06-30": "651.40000", "2005-03-31": "634.00000"}, "Inventory": {"2020-09-30": "1339.10000", "2020-06-30": "1370.20000", "2020-03-31": "1347.50000", "2019-12-31": "1416.00000", "2019-09-30": "1411.90000", "2019-06-30": "1387.00000", "2019-03-31": "1315.20000", "2018-12-31": "1251.20000", "2018-09-30": "1171.00000", "2018-06-30": "1085.60000", "2018-03-31": "1036.80000", "2017-12-31": "987.00000", "2017-09-30": "930.70000", "2017-06-30": "899.10000", "2017-03-31": "983.50000", "2016-12-31": "334.70000", "2016-09-30": "641.60000", "2016-06-30": "679.00000", "2016-03-31": "719.70000", "2015-12-31": "764.10000", "2015-09-30": "874.50000", "2015-06-30": "970.10000", "2015-03-31": "1013.10000", "2014-12-31": "1021.20000", "2014-09-30": "1046.10000", "2014-06-30": "1025.70000", "2014-03-31": "983.60000", "2013-12-31": "980.40000", "2013-09-30": "1051.40000", "2013-06-30": "1032.00000", "2013-03-31": "995.90000", "2012-12-31": "965.10000", "2012-09-30": "963.30000", "2012-06-30": "881.30000", "2012-03-31": "788.30000", "2011-12-31": "712.20000", "2011-09-30": "722.50000", "2011-06-30": "695.00000", "2011-03-31": "616.50000", "2010-12-31": "566.50000", "2010-09-30": "546.40000", "2010-06-30": "525.90000", "2010-03-31": "544.40000", "2009-12-31": "591.80000", "2009-09-30": "609.40000", "2009-06-30": "630.00000", "2009-03-31": "605.90000", "2008-12-31": "559.30000", "2008-09-30": "589.20000", "2008-06-30": "782.20000", "2008-03-31": "731.10000", "2007-12-31": "533.20000", "2007-09-30": "703.30000", "2007-06-30": "698.80000", "2007-03-31": "663.40000", "2006-12-31": "584.40000", "2006-09-30": "602.00000", "2006-06-30": "557.70000", "2006-03-31": "526.80000", "2005-12-31": "441.10000", "2005-09-30": "468.20000", "2005-06-30": "418.40000", "2005-03-31": "392.20000"}, "Pre-Paid Expenses": {"2020-09-30": "", "2020-06-30": "", "2020-03-31": "", "2019-12-31": "", "2019-09-30": "", "2019-06-30": "", "2019-03-31": "", "2018-12-31": "", "2018-09-30": "", "2018-06-30": "", "2018-03-31": "", "2017-12-31": "", "2017-09-30": "", "2017-06-30": "", "2017-03-31": "", "2016-12-31": "", "2016-09-30": "43.40000", "2016-06-30": "53.40000", "2016-03-31": "58.50000", "2015-12-31": "", "2015-09-30": "60.70000", "2015-06-30": "72.90000", "2015-03-31": "69.80000", "2014-12-31": "48.50000", "2014-09-30": "64.80000", "2014-06-30": "68.40000", "2014-03-31": "60.40000", "2013-12-31": "41.50000", "2013-09-30": "46.80000", "2013-06-30": "55.80000", "2013-03-31": "58.30000", "2012-12-31": "31.70000", "2012-09-30": "34.80000", "2012-06-30": "48.00000", "2012-03-31": "48.20000", "2011-12-31": "37.20000", "2011-09-30": "34.70000", "2011-06-30": "43.10000", "2011-03-31": "39.10000", "2010-12-31": "18.90000", "2010-09-30": "23.40000", "2010-06-30": "32.70000", "2010-03-31": "33.90000", "2009-12-31": "20.50000", "2009-09-30": "28.60000", "2009-06-30": "34.40000", "2009-03-31": "34.90000", "2008-12-31": "24.20000", "2008-09-30": "25.70000", "2008-06-30": "35.50000", "2008-03-31": "37.20000", "2007-12-31": "20.50000", "2007-09-30": "36.40000", "2007-06-30": "38.50000", "2007-03-31": "36.90000", "2006-12-31": "28.00000", "2006-09-30": "23.30000", "2006-06-30": "26.90000", "2006-03-31": "25.60000", "2005-12-31": "20.60000", "2005-09-30": "16.10000", "2005-06-30": "20.60000", "2005-03-31": "21.40000"}, "Other Current Assets": {"2020-09-30": "1567.80000", "2020-06-30": "1419.90000", "2020-03-31": "1601.60000", "2019-12-31": "1208.50000", "2019-09-30": "1083.90000", "2019-06-30": "1059.70000", "2019-03-31": "994.90000", "2018-12-31": "941.00000", "2018-09-30": "1139.40000", "2018-06-30": "1250.30000", "2018-03-31": "1683.00000", "2017-12-31": "1675.80000", "2017-09-30": "3192.60000", "2017-06-30": "3329.60000", "2017-03-31": "2894.60000", "2016-12-31": "2598.70000", "2016-09-30": "990.20000", "2016-06-30": "1067.50000", "2016-03-31": "551.70000", "2015-12-31": "1365.90000", "2015-09-30": "639.70000", "2015-06-30": "583.40000", "2015-03-31": "642.80000", "2014-12-31": "577.50000", "2014-09-30": "457.20000", "2014-06-30": "431.90000", "2014-03-31": "469.60000", "2013-12-31": "475.70000", "2013-09-30": "432.20000", "2013-06-30": "439.00000", "2013-03-31": "349.40000", "2012-12-31": "310.40000", "2012-09-30": "335.50000", "2012-06-30": "260.50000", "2012-03-31": "302.00000", "2011-12-31": "253.90000", "2011-09-30": "273.80000", "2011-06-30": "308.50000", "2011-03-31": "290.40000", "2010-12-31": "238.10000", "2010-09-30": "225.50000", "2010-06-30": "204.20000", "2010-03-31": "237.70000", "2009-12-31": "273.40000", "2009-09-30": "354.80000", "2009-06-30": "251.60000", "2009-03-31": "409.90000", "2008-12-31": "505.80000", "2008-09-30": "431.80000", "2008-06-30": "587.20000", "2008-03-31": "448.60000", "2007-12-31": "297.70000", "2007-09-30": "187.20000", "2007-06-30": "102.70000", "2007-03-31": "90.70000", "2006-12-31": "75.80000", "2006-09-30": "88.70000", "2006-06-30": "84.50000", "2006-03-31": "74.40000", "2005-12-31": "68.40000", "2005-09-30": "61.60000", "2005-06-30": "72.20000", "2005-03-31": "75.50000"}, "Total Current Assets": {"2020-09-30": "11034.10000", "2020-06-30": "11481.70000", "2020-03-31": "11830.10000", "2019-12-31": "11886.40000", "2019-09-30": "10993.40000", "2019-06-30": "11303.80000", "2019-03-31": "11252.10000", "2018-12-31": "11781.20000", "2018-09-30": "11563.20000", "2018-06-30": "11841.50000", "2018-03-31": "13173.50000", "2017-12-31": "12977.10000", "2017-09-30": "14135.00000", "2017-06-30": "13930.70000", "2017-03-31": "13734.80000", "2016-12-31": "10937.20000", "2016-09-30": "3502.30000", "2016-06-30": "3705.20000", "2016-03-31": "3837.90000", "2015-12-31": "3930.20000", "2015-09-30": "4195.60000", "2015-06-30": "4231.60000", "2015-03-31": "4242.50000", "2014-12-31": "4436.40000", "2014-09-30": "4403.40000", "2014-06-30": "4102.00000", "2014-03-31": "4110.60000", "2013-12-31": "4023.00000", "2013-09-30": "3915.30000", "2013-06-30": "3666.30000", "2013-03-31": "3628.50000", "2012-12-31": "3488.30000", "2012-09-30": "3563.30000", "2012-06-30": "3125.50000", "2012-03-31": "2916.60000", "2011-12-31": "2787.90000", "2011-09-30": "2691.60000", "2011-06-30": "2758.60000", "2011-03-31": "2532.00000", "2010-12-31": "2345.30000", "2010-09-30": "2337.00000", "2010-06-30": "2106.60000", "2010-03-31": "2103.20000", "2009-12-31": "2268.10000", "2009-09-30": "2325.30000", "2009-06-30": "2135.60000", "2009-03-31": "2308.90000", "2008-12-31": "2438.30000", "2008-09-30": "2280.00000", "2008-06-30": "2671.10000", "2008-03-31": "2473.30000", "2007-12-31": "2290.40000", "2007-09-30": "2154.80000", "2007-06-30": "2010.10000", "2007-03-31": "1760.80000", "2006-12-31": "1692.10000", "2006-09-30": "1609.80000", "2006-06-30": "1570.20000", "2006-03-31": "1497.40000", "2005-12-31": "1431.40000", "2005-09-30": "1342.60000", "2005-06-30": "1248.00000", "2005-03-31": "1195.50000"}, "Property, Plant, And Equipment": {"2020-09-30": "2806.40000", "2020-06-30": "2850.80000", "2020-03-31": "2852.50000", "2019-12-31": "3162.00000", "2019-09-30": "3092.00000", "2019-06-30": "3345.00000", "2019-03-31": "3381.90000", "2018-12-31": "3259.80000", "2018-09-30": "3670.50000", "2018-06-30": "3697.80000", "2018-03-31": "3900.30000", "2017-12-31": "3871.50000", "2017-09-30": "3950.00000", "2017-06-30": "3867.00000", "2017-03-31": "3975.50000", "2016-12-31": "2620.10000", "2016-09-30": "1309.60000", "2016-06-30": "1328.80000", "2016-03-31": "1340.90000", "2015-12-31": "1371.50000", "2015-09-30": "1396.30000", "2015-06-30": "1481.50000", "2015-03-31": "1427.50000", "2014-12-31": "1458.40000", "2014-09-30": "1447.00000", "2014-06-30": "1444.10000", "2014-03-31": "1396.70000", "2013-12-31": "1349.10000", "2013-09-30": "1324.90000", "2013-06-30": "1277.30000", "2013-03-31": "1262.50000", "2012-12-31": "1243.50000", "2012-09-30": "992.60000", "2012-06-30": "910.70000", "2012-03-31": "848.70000", "2011-12-31": "767.90000", "2011-09-30": "715.90000", "2011-06-30": "692.70000", "2011-03-31": "642.50000", "2010-12-31": "609.00000", "2010-09-30": "580.90000", "2010-06-30": "548.50000", "2010-03-31": "565.70000", "2009-12-31": "581.90000", "2009-09-30": "564.20000", "2009-06-30": "544.80000", "2009-03-31": "514.20000", "2008-12-31": "494.90000", "2008-09-30": "511.70000", "2008-06-30": "647.80000", "2008-03-31": "617.60000", "2007-12-31": "452.30000", "2007-09-30": "509.90000", "2007-06-30": "470.40000", "2007-03-31": "439.30000", "2006-12-31": "444.40000", "2006-09-30": "416.00000", "2006-06-30": "393.80000", "2006-03-31": "372.20000", "2005-12-31": "352.50000", "2005-09-30": "332.60000", "2005-06-30": "323.10000", "2005-03-31": "322.60000"}, "Long-Term Investments": {"2020-09-30": "351.20000", "2020-06-30": "335.20000", "2020-03-31": "321.30000", "2019-12-31": "300.40000", "2019-09-30": "433.30000", "2019-06-30": "415.30000", "2019-03-31": "401.90000", "2018-12-31": "394.50000", "2018-09-30": "360.30000", "2018-06-30": "346.60000", "2018-03-31": "287.10000", "2017-12-31": "272.50000", "2017-09-30": "229.40000", "2017-06-30": "214.30000", "2017-03-31": "207.60000", "2016-12-31": "235.40000", "2016-09-30": "26.40000", "2016-06-30": "25.20000", "2016-03-31": "29.80000", "2015-12-31": "", "2015-09-30": "31.00000", "2015-06-30": "33.30000", "2015-03-31": "35.30000", "2014-12-31": "35.90000", "2014-09-30": "38.30000", "2014-06-30": "40.30000", "2014-03-31": "43.70000", "2013-12-31": "44.30000", "2013-09-30": "42.10000", "2013-06-30": "39.30000", "2013-03-31": "38.70000", "2012-12-31": "37.40000", "2012-09-30": "37.10000", "2012-06-30": "32.20000", "2012-03-31": "166.30000", "2011-12-31": "161.40000", "2011-09-30": "150.80000", "2011-06-30": "152.20000", "2011-03-31": "149.00000", "2010-12-31": "148.20000", "2010-09-30": "141.70000", "2010-06-30": "142.70000", "2010-03-31": "144.00000", "2009-12-31": "141.80000", "2009-09-30": "140.50000", "2009-06-30": "139.70000", "2009-03-31": "138.90000", "2008-12-31": "151.20000", "2008-09-30": "24.80000", "2008-06-30": "36.70000", "2008-03-31": "33.40000", "2007-12-31": "33.40000", "2007-09-30": "33.70000", "2007-06-30": "30.70000", "2007-03-31": "28.20000", "2006-12-31": "26.00000", "2006-09-30": "23.00000", "2006-06-30": "22.30000", "2006-03-31": "21.60000", "2005-12-31": "22.30000", "2005-09-30": "19.20000", "2005-06-30": "82.50000", "2005-03-31": "76.20000"}, "Goodwill And Intangible Assets": {"2020-09-30": "3491.00000", "2020-06-30": "3497.60000", "2020-03-31": "3510.50000", "2019-12-31": "6684.90000", "2019-09-30": "8682.89900", "2019-06-30": "8732.90000", "2019-03-31": "8760.30000", "2018-12-31": "8784.30000", "2018-09-30": "10226.50000", "2018-06-30": "10263.60000", "2018-03-31": "10313.80000", "2017-12-31": "10263.60000", "2017-09-30": "10287.80000", "2017-06-30": "10516.70000", "2017-03-31": "10524.80000", "2016-12-31": "3892.00000", "2016-09-30": "748.90000", "2016-06-30": "753.30000", "2016-03-31": "757.30000", "2015-12-31": "821.10000", "2015-09-30": "773.20000", "2015-06-30": "807.60000", "2015-03-31": "808.40000", "2014-12-31": "866.60000", "2014-09-30": "859.10000", "2014-06-30": "878.80000", "2014-03-31": "882.70000", "2013-12-31": "896.00000", "2013-09-30": "908.70000", "2013-06-30": "914.30000", "2013-03-31": "931.10000", "2012-12-31": "945.10000", "2012-09-30": "807.40000", "2012-06-30": "807.60000", "2012-03-31": "397.70000", "2011-12-31": "393.80000", "2011-09-30": "400.60000", "2011-06-30": "423.70000", "2011-03-31": "420.50000", "2010-12-31": "415.30000", "2010-09-30": "417.00000", "2010-06-30": "403.40000", "2010-03-31": "417.80000", "2009-12-31": "427.30000", "2009-09-30": "211.40000", "2009-06-30": "206.00000", "2009-03-31": "197.30000", "2008-12-31": "198.90000", "2008-09-30": "219.50000", "2008-06-30": "280.00000", "2008-03-31": "277.00000", "2007-12-31": "227.40000", "2007-09-30": "261.40000", "2007-06-30": "258.10000", "2007-03-31": "188.10000", "2006-12-31": "187.40000", "2006-09-30": "186.80000", "2006-06-30": "182.30000", "2006-03-31": "183.30000", "2005-12-31": "176.10000", "2005-09-30": "186.10000", "2005-06-30": "184.30000", "2005-03-31": "183.90000"}, "Other Long-Term Assets": {"2020-09-30": "258.30000", "2020-06-30": "333.70000", "2020-03-31": "348.29990", "2019-12-31": "332.00000", "2019-09-30": "339.90000", "2019-06-30": "374.40000", "2019-03-31": "380.20000", "2018-12-31": "332.30000", "2018-09-30": "412.70000", "2018-06-30": "467.00000", "2018-03-31": "372.90000", "2017-12-31": "424.30000", "2017-09-30": "463.90000", "2017-06-30": "484.30000", "2017-03-31": "529.60000", "2016-12-31": "441.00000", "2016-09-30": "183.90000", "2016-06-30": "164.00000", "2016-03-31": "156.20000", "2015-12-31": "296.60000", "2015-09-30": "223.00000", "2015-06-30": "224.00000", "2015-03-31": "336.40000", "2014-12-31": "268.30000", "2014-09-30": "248.90000", "2014-06-30": "253.30000", "2014-03-31": "260.70000", "2013-12-31": "256.30000", "2013-09-30": "182.60000", "2013-06-30": "154.50000", "2013-03-31": "162.70000", "2012-12-31": "128.60000", "2012-09-30": "90.30000", "2012-06-30": "79.10000", "2012-03-31": "121.00000", "2011-12-31": "92.90000", "2011-09-30": "87.50000", "2011-06-30": "167.90000", "2011-03-31": "138.30000", "2010-12-31": "99.60000", "2010-09-30": "98.00000", "2010-06-30": "85.20000", "2010-03-31": "70.20000", "2009-12-31": "63.10000", "2009-09-30": "74.70000", "2009-06-30": "49.80000", "2009-03-31": "188.30000", "2008-12-31": "174.20000", "2008-09-30": "132.30000", "2008-06-30": "201.70000", "2008-03-31": "260.30000", "2007-12-31": "142.30000", "2007-09-30": "152.60000", "2007-06-30": "128.50000", "2007-03-31": "92.30000", "2006-12-31": "65.80000", "2006-09-30": "39.30000", "2006-06-30": "35.00000", "2006-03-31": "31.10000", "2005-12-31": "33.70000", "2005-09-30": "34.10000", "2005-06-30": "30.00000", "2005-03-31": "32.20000"}, "Total Long-Term Assets": {"2020-09-30": "7877.10000", "2020-06-30": "8112.70100", "2020-03-31": "8097.50000", "2019-12-31": "11632.40000", "2019-09-30": "13786.30000", "2019-06-30": "14208.90000", "2019-03-31": "14377.80000", "2018-12-31": "13003.30000", "2018-09-30": "15096.80000", "2018-06-30": "15217.00000", "2018-03-31": "15354.30000", "2017-12-31": "15286.60000", "2017-09-30": "15493.20000", "2017-06-30": "15593.80000", "2017-03-31": "15881.10000", "2016-12-31": "7742.10000", "2016-09-30": "2461.40000", "2016-06-30": "2455.60000", "2016-03-31": "2475.30000", "2015-12-31": "2489.20000", "2015-09-30": "2515.60000", "2015-06-30": "2662.30000", "2015-03-31": "2728.70000", "2014-12-31": "2735.70000", "2014-09-30": "2631.00000", "2014-06-30": "2652.00000", "2014-03-31": "2616.60000", "2013-12-31": "2582.60000", "2013-09-30": "2509.60000", "2013-06-30": "2450.20000", "2013-03-31": "2446.60000", "2012-12-31": "2414.60000", "2012-09-30": "1973.40000", "2012-06-30": "1888.00000", "2012-03-31": "1590.00000", "2011-12-31": "1483.10000", "2011-09-30": "1369.40000", "2011-06-30": "1441.40000", "2011-03-31": "1359.80000", "2010-12-31": "1298.90000", "2010-09-30": "1285.40000", "2010-06-30": "1233.20000", "2010-03-31": "1263.20000", "2009-12-31": "1288.30000", "2009-09-30": "1105.80000", "2009-06-30": "1067.50000", "2009-03-31": "1158.50000", "2008-12-31": "1142.60000", "2008-09-30": "1019.00000", "2008-06-30": "1228.20000", "2008-03-31": "1245.50000", "2007-12-31": "920.70000", "2007-09-30": "1037.40000", "2007-06-30": "964.40000", "2007-03-31": "833.80000", "2006-12-31": "795.70000", "2006-09-30": "738.00000", "2006-06-30": "711.10000", "2006-03-31": "683.30000", "2005-12-31": "664.20000", "2005-09-30": "642.00000", "2005-06-30": "690.50000", "2005-03-31": "680.20000"}, "Total Assets": {"2020-09-30": "18911.20000", "2020-06-30": "19594.40000", "2020-03-31": "19927.60000", "2019-12-31": "23518.80000", "2019-09-30": "24779.70000", "2019-06-30": "25512.70000", "2019-03-31": "25629.90000", "2018-12-31": "24784.50000", "2018-09-30": "26660.00000", "2018-06-30": "27058.50000", "2018-03-31": "28527.80000", "2017-12-31": "28263.70000", "2017-09-30": "29628.20000", "2017-06-30": "29524.50000", "2017-03-31": "29615.90000", "2016-12-31": "18679.30000", "2016-09-30": "5963.70000", "2016-06-30": "6160.80000", "2016-03-31": "6313.20000", "2015-12-31": "6419.40000", "2015-09-30": "6711.20000", "2015-06-30": "6893.90000", "2015-03-31": "6971.20000", "2014-12-31": "7172.10000", "2014-09-30": "7034.40000", "2014-06-30": "6754.00000", "2014-03-31": "6727.20000", "2013-12-31": "6605.60000", "2013-09-30": "6424.90000", "2013-06-30": "6116.50000", "2013-03-31": "6075.10000", "2012-12-31": "5902.90000", "2012-09-30": "5536.70000", "2012-06-30": "5013.50000", "2012-03-31": "4506.60000", "2011-12-31": "4271.00000", "2011-09-30": "4061.00000", "2011-06-30": "4200.00000", "2011-03-31": "3891.80000", "2010-12-31": "3644.20000", "2010-09-30": "3622.40000", "2010-06-30": "3339.80000", "2010-03-31": "3366.40000", "2009-12-31": "3556.40000", "2009-09-30": "3431.10000", "2009-06-30": "3203.10000", "2009-03-31": "3467.40000", "2008-12-31": "3580.90000", "2008-09-30": "3299.00000", "2008-06-30": "3899.30000", "2008-03-31": "3718.80000", "2007-12-31": "3211.10000", "2007-09-30": "3192.20000", "2007-06-30": "2974.50000", "2007-03-31": "2594.60000", "2006-12-31": "2487.80000", "2006-09-30": "2347.80000", "2006-06-30": "2281.30000", "2006-03-31": "2180.70000", "2005-12-31": "2095.60000", "2005-09-30": "1984.60000", "2005-06-30": "1938.50000", "2005-03-31": "1875.70000"}, "Total Current Liabilities": {"2020-09-30": "10017.20000", "2020-06-30": "9897.60000", "2020-03-31": "10414.60000", "2019-12-31": "10138.40000", "2019-09-30": "9396.00000", "2019-06-30": "9576.80000", "2019-03-31": "9628.50000", "2018-12-31": "9139.40000", "2018-09-30": "8702.80000", "2018-06-30": "9157.70000", "2018-03-31": "10270.70000", "2017-12-31": "9829.40000", "2017-09-30": "11581.40000", "2017-06-30": "11498.40000", "2017-03-31": "11719.40000", "2016-12-31": "10888.90000", "2016-09-30": "1646.00000", "2016-06-30": "1787.70000", "2016-03-31": "2046.90000", "2015-12-31": "2305.30000", "2015-09-30": "2371.40000", "2015-06-30": "2501.10000", "2015-03-31": "2504.70000", "2014-12-31": "2783.60000", "2014-09-30": "2698.10000", "2014-06-30": "2504.50000", "2014-03-31": "2621.60000", "2013-12-31": "2614.70000", "2013-09-30": "2310.80000", "2013-06-30": "2197.30000", "2013-03-31": "2001.40000", "2012-12-31": "1970.40000", "2012-09-30": "1818.90000", "2012-06-30": "1844.10000", "2012-03-31": "1683.30000", "2011-12-31": "2232.90000", "2011-09-30": "1617.90000", "2011-06-30": "1626.60000", "2011-03-31": "1515.60000", "2010-12-31": "1495.40000", "2010-09-30": "1412.50000", "2010-06-30": "1260.20000", "2010-03-31": "1441.80000", "2009-12-31": "1721.00000", "2009-09-30": "1758.30000", "2009-06-30": "1674.00000", "2009-03-31": "1785.80000", "2008-12-31": "1963.30000", "2008-09-30": "1790.40000", "2008-06-30": "2099.20000", "2008-03-31": "2049.90000", "2007-12-31": "1842.90000", "2007-09-30": "1655.00000", "2007-06-30": "1496.20000", "2007-03-31": "1222.60000", "2006-12-31": "1208.90000", "2006-09-30": "1188.20000", "2006-06-30": "1098.10000", "2006-03-31": "1088.00000", "2005-12-31": "1058.20000", "2005-09-30": "991.30000", "2005-06-30": "955.90000", "2005-03-31": "985.50000"}, "Long Term Debt": {"2020-09-30": "3248.00000", "2020-06-30": "3982.90000", "2020-03-31": "3823.90000", "2019-12-31": "3980.00000", "2019-09-30": "3608.80000", "2019-06-30": "3701.10000", "2019-03-31": "3725.00000", "2018-12-31": "4124.30000", "2018-09-30": "4017.10000", "2018-06-30": "3787.50000", "2018-03-31": "3735.80000", "2017-12-31": "3777.90000", "2017-09-30": "3167.40000", "2017-06-30": "3301.30000", "2017-03-31": "3082.80000", "2016-12-31": "1869.30000", "2016-09-30": "1245.10000", "2016-06-30": "1298.70000", "2016-03-31": "1218.40000", "2015-12-31": "1134.10000", "2015-09-30": "1261.20000", "2015-06-30": "1275.20000", "2015-03-31": "1301.60000", "2014-12-31": "1293.70000", "2014-09-30": "1337.00000", "2014-06-30": "1289.00000", "2014-03-31": "1339.70000", "2013-12-31": "1329.80000", "2013-09-30": "1540.90000", "2013-06-30": "1498.40000", "2013-03-31": "1632.00000", "2012-12-31": "1580.40000", "2012-09-30": "1491.40000", "2012-06-30": "1114.10000", "2012-03-31": "713.10000", "2011-12-31": "36.00000", "2011-09-30": "522.10000", "2011-06-30": "465.80000", "2011-03-31": "414.60000", "2010-12-31": "351.10000", "2010-09-30": "567.00000", "2010-06-30": "585.50000", "2010-03-31": "462.60000", "2009-12-31": "391.60000", "2009-09-30": "309.90000", "2009-06-30": "305.60000", "2009-03-31": "478.50000", "2008-12-31": "472.00000", "2008-09-30": "351.80000", "2008-06-30": "303.00000", "2008-03-31": "214.10000", "2007-12-31": "122.10000", "2007-09-30": "293.00000", "2007-06-30": "357.40000", "2007-03-31": "331.40000", "2006-12-31": "212.60000", "2006-09-30": "217.70000", "2006-06-30": "261.30000", "2006-03-31": "260.20000", "2005-12-31": "252.60000", "2005-09-30": "190.00000", "2005-06-30": "244.30000", "2005-03-31": "164.30000"}, "Other Non-Current Liabilities": {"2020-09-30": "345.10000", "2020-06-30": "404.10000", "2020-03-31": "514.80000", "2019-12-31": "482.70000", "2019-09-30": "424.30000", "2019-06-30": "535.40000", "2019-03-31": "474.00000", "2018-12-31": "585.30000", "2018-09-30": "494.20000", "2018-06-30": "467.50000", "2018-03-31": "560.60000", "2017-12-31": "545.30000", "2017-09-30": "532.50000", "2017-06-30": "483.10000", "2017-03-31": "548.60000", "2016-12-31": "585.70000", "2016-09-30": "97.80000", "2016-06-30": "100.30000", "2016-03-31": "99.20000", "2015-12-31": "436.80000", "2015-09-30": "285.40000", "2015-06-30": "211.60000", "2015-03-31": "399.40000", "2014-12-31": "326.10000", "2014-09-30": "170.80000", "2014-06-30": "145.10000", "2014-03-31": "157.90000", "2013-12-31": "150.50000", "2013-09-30": "166.30000", "2013-06-30": "155.10000", "2013-03-31": "217.00000", "2012-12-31": "174.50000", "2012-09-30": "165.90000", "2012-06-30": "151.40000", "2012-03-31": "205.50000", "2011-12-31": "180.10000", "2011-09-30": "194.00000", "2011-06-30": "260.50000", "2011-03-31": "236.80000", "2010-12-31": "203.80000", "2010-09-30": "232.50000", "2010-06-30": "218.80000", "2010-03-31": "186.20000", "2009-12-31": "187.60000", "2009-09-30": "143.50000", "2009-06-30": "111.10000", "2009-03-31": "263.00000", "2008-12-31": "264.80000", "2008-09-30": "189.80000", "2008-06-30": "241.40000", "2008-03-31": "276.50000", "2007-12-31": "166.40000", "2007-09-30": "184.40000", "2007-06-30": "163.20000", "2007-03-31": "130.60000", "2006-12-31": "74.20000", "2006-09-30": "58.10000", "2006-06-30": "52.90000", "2006-03-31": "48.50000", "2005-12-31": "50.20000", "2005-09-30": "46.70000", "2005-06-30": "40.20000", "2005-03-31": "40.90000"}, "Total Long Term Liabilities": {"2020-09-30": "4660.30000", "2020-06-30": "5521.20000", "2020-03-31": "5428.20000", "2019-12-31": "5692.30100", "2019-09-30": "5259.90000", "2019-06-30": "5555.50000", "2019-03-31": "5627.80000", "2018-12-31": "5256.20000", "2018-09-30": "5132.90000", "2018-06-30": "4892.90000", "2018-03-31": "4975.30000", "2017-12-31": "5024.90000", "2017-09-30": "4321.90000", "2017-06-30": "4476.80000", "2017-03-31": "4514.30000", "2016-12-31": "2746.30000", "2016-09-30": "1623.80000", "2016-06-30": "1728.90000", "2016-03-31": "1646.10000", "2015-12-31": "1570.90000", "2015-09-30": "1815.80000", "2015-06-30": "1777.30000", "2015-03-31": "1984.50000", "2014-12-31": "1910.80000", "2014-09-30": "1662.70000", "2014-06-30": "1599.70000", "2014-03-31": "1662.30000", "2013-12-31": "1654.60000", "2013-09-30": "2013.40000", "2013-06-30": "1963.50000", "2013-03-31": "2186.80000", "2012-12-31": "2079.30000", "2012-09-30": "1971.60000", "2012-06-30": "1556.30000", "2012-03-31": "1250.40000", "2011-12-31": "600.40000", "2011-09-30": "924.80000", "2011-06-30": "1006.50000", "2011-03-31": "928.70000", "2010-12-31": "826.50000", "2010-09-30": "951.00000", "2010-06-30": "948.10000", "2010-03-31": "790.80000", "2009-12-31": "723.60000", "2009-09-30": "655.60000", "2009-06-30": "618.30000", "2009-03-31": "934.20000", "2008-12-31": "918.90000", "2008-09-30": "657.70000", "2008-06-30": "658.50000", "2008-03-31": "598.00000", "2007-12-31": "346.50000", "2007-09-30": "587.40000", "2007-06-30": "627.10000", "2007-03-31": "568.20000", "2006-12-31": "392.90000", "2006-09-30": "304.70000", "2006-06-30": "353.50000", "2006-03-31": "347.90000", "2005-12-31": "337.90000", "2005-09-30": "276.20000", "2005-06-30": "319.70000", "2005-03-31": "237.50000"}, "Total Liabilities": {"2020-09-30": "14677.50000", "2020-06-30": "15418.80000", "2020-03-31": "15842.80000", "2019-12-31": "15830.70000", "2019-09-30": "14655.90000", "2019-06-30": "15132.30000", "2019-03-31": "15256.30000", "2018-12-31": "14395.60000", "2018-09-30": "13835.70000", "2018-06-30": "14050.60000", "2018-03-31": "15246.00000", "2017-12-31": "14854.30000", "2017-09-30": "15903.30000", "2017-06-30": "15975.20000", "2017-03-31": "16233.70000", "2016-12-31": "13635.20000", "2016-09-30": "3269.80000", "2016-06-30": "3516.60000", "2016-03-31": "3693.00000", "2015-12-31": "3876.20000", "2015-09-30": "4187.20000", "2015-06-30": "4278.40000", "2015-03-31": "4489.20000", "2014-12-31": "4694.40000", "2014-09-30": "4360.80000", "2014-06-30": "4104.20000", "2014-03-31": "4283.90000", "2013-12-31": "4269.30000", "2013-09-30": "4324.20000", "2013-06-30": "4160.80000", "2013-03-31": "4188.20000", "2012-12-31": "4049.70000", "2012-09-30": "3790.50000", "2012-06-30": "3400.40000", "2012-03-31": "2933.70000", "2011-12-31": "2833.30000", "2011-09-30": "2542.70000", "2011-06-30": "2633.10000", "2011-03-31": "2444.30000", "2010-12-31": "2321.90000", "2010-09-30": "2363.50000", "2010-06-30": "2208.30000", "2010-03-31": "2232.60000", "2009-12-31": "2444.60000", "2009-09-30": "2413.90000", "2009-06-30": "2292.30000", "2009-03-31": "2720.00000", "2008-12-31": "2882.20000", "2008-09-30": "2448.10000", "2008-06-30": "2757.70000", "2008-03-31": "2647.90000", "2007-12-31": "2189.40000", "2007-09-30": "2242.40000", "2007-06-30": "2123.30000", "2007-03-31": "1790.80000", "2006-12-31": "1601.80000", "2006-09-30": "1492.90000", "2006-06-30": "1451.60000", "2006-03-31": "1435.90000", "2005-12-31": "1396.10000", "2005-09-30": "1267.50000", "2005-06-30": "1275.60000", "2005-03-31": "1223.00000"}, "Common Stock Net": {"2020-09-30": "449.40000", "2020-06-30": "449.30000", "2020-03-31": "448.30000", "2019-12-31": "447.10000", "2019-09-30": "447.10000", "2019-06-30": "446.50000", "2019-03-31": "448.30000", "2018-12-31": "448.10000", "2018-09-30": "450.50000", "2018-06-30": "453.60000", "2018-03-31": "458.20000", "2017-12-31": "460.30000", "2017-09-30": "462.10000", "2017-06-30": "461.90000", "2017-03-31": "461.20000", "2016-12-31": "114.70000", "2016-09-30": "-4.00000", "2016-06-30": "-4.10000", "2016-03-31": "-4.10000", "2015-12-31": "", "2015-09-30": "-4.20000", "2015-06-30": "-4.40000", "2015-03-31": "-5.10000", "2014-12-31": "-5.10000", "2014-09-30": "-6.30000", "2014-06-30": "-4.60000", "2014-03-31": "-5.80000", "2013-12-31": "-4.80000", "2013-09-30": "-5.40000", "2013-06-30": "-5.40000", "2013-03-31": "-5.90000", "2012-12-31": "-6.40000", "2012-09-30": "-5.90000", "2012-06-30": "-6.40000", "2012-03-31": "-4.90000", "2011-12-31": "-4.40000", "2011-09-30": "-4.80000", "2011-06-30": "-4.30000", "2011-03-31": "-3.30000", "2010-12-31": "-2.00000", "2010-09-30": "-5.10000", "2010-06-30": "-5.30000", "2010-03-31": "-4.90000", "2009-12-31": "-4.30000", "2009-09-30": "-4.40000", "2009-06-30": "-4.90000", "2009-03-31": "-4.80000", "2008-12-31": "-4.90000", "2008-09-30": "-5.30000", "2008-06-30": "0.00000", "2008-03-31": "-4.20000", "2007-12-31": "-4.00000", "2007-09-30": "-2.70000", "2007-06-30": "-3.50000", "2007-03-31": "-3.90000", "2006-12-31": "-3.80000", "2006-09-30": "-4.10000", "2006-06-30": "-3.60000", "2006-03-31": "-3.30000", "2005-12-31": "-2.90000", "2005-09-30": "-2.40000", "2005-06-30": "-2.30000", "2005-03-31": "-1.90000"}, "Retained Earnings (Accumulated Deficit)": {"2020-09-30": "-4879.00000", "2020-06-30": "-4876.00000", "2020-03-31": "-4887.00000", "2019-12-31": "-1563.10000", "2019-09-30": "901.60000", "2019-06-30": "1084.00000", "2019-03-31": "1047.90000", "2018-12-31": "1072.20000", "2018-09-30": "3421.10000", "2018-06-30": "3376.50000", "2018-03-31": "3369.50000", "2017-12-31": "3448.00000", "2017-09-30": "3683.30000", "2017-06-30": "3562.30000", "2017-03-31": "3397.40000", "2016-12-31": "3404.10000", "2016-09-30": "4300.00000", "2016-06-30": "4271.70000", "2016-03-31": "4269.50000", "2015-12-31": "", "2015-09-30": "4181.80000", "2015-06-30": "4099.80000", "2015-03-31": "3991.90000", "2014-12-31": "3844.30000", "2014-09-30": "3675.70000", "2014-06-30": "3505.90000", "2014-03-31": "3281.30000", "2013-12-31": "3146.10000", "2013-09-30": "2968.30000", "2013-06-30": "2852.30000", "2013-03-31": "2747.10000", "2012-12-31": "2644.70000", "2012-09-30": "2524.30000", "2012-06-30": "2425.40000", "2012-03-31": "2313.50000", "2011-12-31": "2214.70000", "2011-09-30": "2115.50000", "2011-06-30": "1994.40000", "2011-03-31": "1900.10000", "2010-12-31": "1814.90000", "2010-09-30": "1715.60000", "2010-06-30": "1634.60000", "2010-03-31": "1538.30000", "2009-12-31": "1438.90000", "2009-09-30": "1345.70000", "2009-06-30": "1257.60000", "2009-03-31": "1151.40000", "2008-12-31": "1081.00000", "2008-09-30": "993.50000", "2008-06-30": "958.90000", "2008-03-31": "853.10000", "2007-12-31": "771.60000", "2007-09-30": "681.20000", "2007-06-30": "602.90000", "2007-03-31": "530.10000", "2006-12-31": "469.50000", "2006-09-30": "366.70000", "2006-06-30": "305.70000", "2006-03-31": "240.20000", "2005-12-31": "193.20000", "2005-09-30": "162.20000", "2005-06-30": "116.50000", "2005-03-31": "87.10000"}, "Comprehensive Income": {"2020-09-30": "-1609.10000", "2020-06-30": "-1645.80000", "2020-03-31": "-1701.70000", "2019-12-31": "-1407.50000", "2019-09-30": "-1439.50000", "2019-06-30": "-1348.30000", "2019-03-31": "-1323.00000", "2018-12-31": "-1359.70000", "2018-09-30": "-1313.90000", "2018-06-30": "-1180.10000", "2018-03-31": "-991.90000", "2017-12-31": "-1003.70000", "2017-09-30": "-945.80000", "2017-06-30": "-995.40000", "2017-03-31": "-990.40000", "2016-12-31": "-1101.60000", "2016-09-30": "-745.20000", "2016-06-30": "-762.50000", "2016-03-31": "-788.90000", "2015-12-31": "", "2015-09-30": "-857.00000", "2015-06-30": "-731.40000", "2015-03-31": "-807.80000", "2014-12-31": "-683.70000", "2014-09-30": "-430.10000", "2014-06-30": "-333.70000", "2014-03-31": "-331.30000", "2013-12-31": "-340.70000", "2013-09-30": "-435.70000", "2013-06-30": "-472.30000", "2013-03-31": "-444.30000", "2012-12-31": "-396.00000", "2012-09-30": "-409.80000", "2012-06-30": "-462.10000", "2012-03-31": "-403.30000", "2011-12-31": "-443.80000", "2011-09-30": "-300.80000", "2011-06-30": "-185.60000", "2011-03-31": "-211.10000", "2010-12-31": "-252.10000", "2010-09-30": "-203.70000", "2010-06-30": "-285.10000", "2010-03-31": "-252.80000", "2009-12-31": "-225.80000", "2009-09-30": "-240.10000", "2009-06-30": "-290.30000", "2009-03-31": "-392.30000", "2008-12-31": "-408.40000", "2008-09-30": "-153.00000", "2008-06-30": "26.90000", "2008-03-31": "3.00000", "2007-12-31": "-47.20000", "2007-09-30": "-58.80000", "2007-06-30": "-76.30000", "2007-03-31": "-97.00000", "2006-12-31": "-112.20000", "2006-09-30": "-83.90000", "2006-06-30": "-85.80000", "2006-03-31": "-94.30000", "2005-12-31": "-108.50000", "2005-09-30": "-86.10000", "2005-06-30": "-84.60000", "2005-03-31": "-80.70000"}, "Other Share Holders Equity": {"2020-09-30": "", "2020-06-30": "", "2020-03-31": "", "2019-12-31": "", "2019-09-30": "", "2019-06-30": "", "2019-03-31": "", "2018-12-31": "", "2018-09-30": "", "2018-06-30": "", "2018-03-31": "", "2017-12-31": "", "2017-09-30": "", "2017-06-30": "", "2017-03-31": "", "2016-12-31": "", "2016-09-30": "", "2016-06-30": "", "2016-03-31": "", "2015-12-31": "2524.10000", "2015-09-30": "", "2015-06-30": "", "2015-03-31": "", "2014-12-31": "", "2014-09-30": "", "2014-06-30": "", "2014-03-31": "", "2013-12-31": "", "2013-09-30": "", "2013-06-30": "", "2013-03-31": "", "2012-12-31": "", "2012-09-30": "", "2012-06-30": "", "2012-03-31": "", "2011-12-31": "", "2011-09-30": "", "2011-06-30": "", "2011-03-31": "", "2010-12-31": "", "2010-09-30": "", "2010-06-30": "", "2010-03-31": "", "2009-12-31": "", "2009-09-30": "", "2009-06-30": "", "2009-03-31": "", "2008-12-31": "", "2008-09-30": "", "2008-06-30": "", "2008-03-31": "", "2007-12-31": "", "2007-09-30": "", "2007-06-30": "", "2007-03-31": "", "2006-12-31": "", "2006-09-30": "", "2006-06-30": "", "2006-03-31": "", "2005-12-31": "", "2005-09-30": "", "2005-06-30": "", "2005-03-31": ""}, "Share Holder Equity": {"2020-09-30": "4233.70000", "2020-06-30": "4175.60000", "2020-03-31": "4084.80000", "2019-12-31": "7688.10000", "2019-09-30": "10123.80000", "2019-06-30": "10380.40000", "2019-03-31": "10373.60000", "2018-12-31": "10388.90000", "2018-09-30": "12824.30000", "2018-06-30": "13007.90000", "2018-03-31": "13281.80000", "2017-12-31": "13409.40000", "2017-09-30": "13724.90000", "2017-06-30": "13549.30000", "2017-03-31": "13382.20000", "2016-12-31": "5044.10000", "2016-09-30": "2693.90000", "2016-06-30": "2644.20000", "2016-03-31": "2620.20000", "2015-12-31": "2543.20000", "2015-09-30": "2524.00000", "2015-06-30": "2615.50000", "2015-03-31": "2482.00000", "2014-12-31": "2477.70000", "2014-09-30": "2673.60000", "2014-06-30": "2649.80000", "2014-03-31": "2443.30000", "2013-12-31": "2336.30000", "2013-09-30": "2100.70000", "2013-06-30": "1955.70000", "2013-03-31": "1886.90000", "2012-12-31": "1853.20000", "2012-09-30": "1746.20000", "2012-06-30": "1613.10000", "2012-03-31": "1572.90000", "2011-12-31": "1437.70000", "2011-09-30": "1518.30000", "2011-06-30": "1566.90000", "2011-03-31": "1447.50000", "2010-12-31": "1322.30000", "2010-09-30": "1258.90000", "2010-06-30": "1131.50000", "2010-03-31": "1133.80000", "2009-12-31": "1111.80000", "2009-09-30": "1017.20000", "2009-06-30": "910.80000", "2009-03-31": "747.40000", "2008-12-31": "698.70000", "2008-09-30": "850.90000", "2008-06-30": "1141.60000", "2008-03-31": "1070.90000", "2007-12-31": "1021.70000", "2007-09-30": "949.80000", "2007-06-30": "851.20000", "2007-03-31": "803.80000", "2006-12-31": "886.00000", "2006-09-30": "854.90000", "2006-06-30": "829.70000", "2006-03-31": "744.80000", "2005-12-31": "699.50000", "2005-09-30": "717.10000", "2005-06-30": "662.90000", "2005-03-31": "652.70000"}, "Total Liabilities And Share Holders Equity": {"2020-09-30": "18911.20000", "2020-06-30": "19594.40000", "2020-03-31": "19927.60000", "2019-12-31": "23518.80000", "2019-09-30": "24779.70000", "2019-06-30": "25512.70000", "2019-03-31": "25629.90000", "2018-12-31": "24784.50000", "2018-09-30": "26660.00000", "2018-06-30": "27058.50000", "2018-03-31": "28527.80000", "2017-12-31": "28263.70000", "2017-09-30": "29628.20000", "2017-06-30": "29524.50000", "2017-03-31": "29615.90000", "2016-12-31": "18679.30000", "2016-09-30": "5963.70000", "2016-06-30": "6160.80000", "2016-03-31": "6313.20000", "2015-12-31": "6419.40000", "2015-09-30": "6711.20000", "2015-06-30": "6893.90000", "2015-03-31": "6971.20000", "2014-12-31": "7172.10000", "2014-09-30": "7034.40000", "2014-06-30": "6754.00000", "2014-03-31": "6727.20000", "2013-12-31": "6605.60000", "2013-09-30": "6424.90000", "2013-06-30": "6116.50000", "2013-03-31": "6075.10000", "2012-12-31": "5902.90000", "2012-09-30": "5536.70000", "2012-06-30": "5013.50000", "2012-03-31": "4506.60000", "2011-12-31": "4271.00000", "2011-09-30": "4061.00000", "2011-06-30": "4200.00000", "2011-03-31": "3891.80000", "2010-12-31": "3644.20000", "2010-09-30": "3622.40000", "2010-06-30": "3339.80000", "2010-03-31": "3366.40000", "2009-12-31": "3556.40000", "2009-09-30": "3431.10000", "2009-06-30": "3203.10000", "2009-03-31": "3467.40000", "2008-12-31": "3580.90000", "2008-09-30": "3299.00000", "2008-06-30": "3899.30000", "2008-03-31": "3718.80000", "2007-12-31": "3211.10000", "2007-09-30": "3192.20000", "2007-06-30": "2974.50000", "2007-03-31": "2594.60000", "2006-12-31": "2487.80000", "2006-09-30": "2347.80000", "2006-06-30": "2281.30000", "2006-03-31": "2180.70000", "2005-12-31": "2095.60000", "2005-09-30": "1984.60000", "2005-06-30": "1938.50000", "2005-03-31": "1875.70000"}}, "cash flow statement": {"Net Income/Loss": {"2019-12-31": "-2412.10000", "2018-12-31": "-1910.80000", "2017-12-31": "134.20000", "2016-12-31": "371.10000", "2015-12-31": "14.00000", "2014-12-31": "705.30000", "2013-12-31": "506.60000", "2012-12-31": "434.80000", "2011-12-31": "403.50000", "2010-12-31": "377.90000", "2009-12-31": "363.30000", "2008-12-31": "361.30000", "2007-12-31": "302.80000", "2006-12-31": "276.30000", "2005-12-31": "106.10000"}, "Total Depreciation And Amortization - Cash Flow": {"2019-12-31": "509.60000", "2018-12-31": "550.40000", "2017-12-31": "614.70000", "2016-12-31": "300.70000", "2015-12-31": "338.70000", "2014-12-31": "232.50000", "2013-12-31": "209.80000", "2012-12-31": "146.20000", "2011-12-31": "107.80000", "2010-12-31": "101.30000", "2009-12-31": "93.00000", "2008-12-31": "72.60000", "2007-12-31": "61.80000", "2006-12-31": "47.90000", "2005-12-31": "64.70000"}, "Other Non-Cash Items": {"2019-12-31": "2810.10000", "2018-12-31": "2147.60000", "2017-12-31": "87.90000", "2016-12-31": "-116.00000", "2015-12-31": "121.90000", "2014-12-31": "52.10000", "2013-12-31": "97.80000", "2012-12-31": "149.90000", "2011-12-31": "48.50000", "2010-12-31": "173.60000", "2009-12-31": "97.30000", "2008-12-31": "117.40000", "2007-12-31": "34.10000", "2006-12-31": "98.30000", "2005-12-31": "67.80000"}, "Total Non-Cash Items": {"2019-12-31": "3319.70000", "2018-12-31": "2698.00000", "2017-12-31": "702.60000", "2016-12-31": "184.70000", "2015-12-31": "460.60000", "2014-12-31": "284.60000", "2013-12-31": "307.60000", "2012-12-31": "296.10000", "2011-12-31": "156.30000", "2010-12-31": "274.90000", "2009-12-31": "190.30000", "2008-12-31": "190.00000", "2007-12-31": "95.90000", "2006-12-31": "146.20000", "2005-12-31": "132.50000"}, "Change In Accounts Receivable": {"2019-12-31": "-39.70000", "2018-12-31": "-664.10000", "2017-12-31": "286.80000", "2016-12-31": "-268.70000", "2015-12-31": "232.70000", "2014-12-31": "-243.00000", "2013-12-31": "-391.00000", "2012-12-31": "-337.30000", "2011-12-31": "-286.70000", "2010-12-31": "-217.30000", "2009-12-31": "211.30000", "2008-12-31": "-322.70000", "2007-12-31": "21.90000", "2006-12-31": "-170.90000", "2005-12-31": "-180.60000"}, "Change In Inventories": {"2019-12-31": "-169.60000", "2018-12-31": "-339.40000", "2017-12-31": "130.90000", "2016-12-31": "172.70000", "2015-12-31": "-128.30000", "2014-12-31": "-99.40000", "2013-12-31": "-28.90000", "2012-12-31": "-206.60000", "2011-12-31": "-162.60000", "2010-12-31": "19.40000", "2009-12-31": "7.50000", "2008-12-31": "-77.10000", "2007-12-31": "-25.60000", "2006-12-31": "-114.30000", "2005-12-31": "-162.50000"}, "Change In Accounts Payable": {"2019-12-31": "26.10000", "2018-12-31": "-1248.70000", "2017-12-31": "-525.80000", "2016-12-31": "115.50000", "2015-12-31": "125.60000", "2014-12-31": "33.80000", "2013-12-31": "103.80000", "2012-12-31": "83.00000", "2011-12-31": "214.70000", "2010-12-31": "2.80000", "2009-12-31": "-142.80000", "2008-12-31": "140.90000", "2007-12-31": "31.50000", "2006-12-31": "37.50000", "2005-12-31": "54.00000"}, "Change In Assets/Liabilities": {"2019-12-31": "111.40000", "2018-12-31": "1470.30000", "2017-12-31": "-365.80000", "2016-12-31": "-153.20000", "2015-12-31": "-13.10000", "2014-12-31": "227.00000", "2013-12-31": "280.10000", "2012-12-31": "2.90000", "2011-12-31": "-118.00000", "2010-12-31": "-154.30000", "2009-12-31": "-40.30000", "2008-12-31": "105.80000", "2007-12-31": "184.50000", "2006-12-31": "51.50000", "2005-12-31": "96.80000"}, "Total Change In Assets/Liabilities": {"2019-12-31": "-59.10000", "2018-12-31": "-972.60000", "2017-12-31": "-626.10000", "2016-12-31": "-62.00000", "2015-12-31": "225.70000", "2014-12-31": "-97.40000", "2013-12-31": "-18.80000", "2012-12-31": "-592.50000", "2011-12-31": "-395.00000", "2010-12-31": "-457.50000", "2009-12-31": "40.90000", "2008-12-31": "-300.70000", "2007-12-31": "185.20000", "2006-12-31": "-261.10000", "2005-12-31": "-269.00000"}, "Cash Flow From Operating Activities": {"2019-12-31": "848.50000", "2018-12-31": "-185.40000", "2017-12-31": "210.70000", "2016-12-31": "493.80000", "2015-12-31": "700.30000", "2014-12-31": "892.50000", "2013-12-31": "795.40000", "2012-12-31": "138.40000", "2011-12-31": "164.80000", "2010-12-31": "195.30000", "2009-12-31": "594.50000", "2008-12-31": "250.60000", "2007-12-31": "583.90000", "2006-12-31": "161.40000", "2005-12-31": "-30.40000"}, "Net Change In Property, Plant, And Equipment": {"2019-12-31": "-446.60000", "2018-12-31": "-348.60000", "2017-12-31": "-241.30000", "2016-12-31": "-273.70000", "2015-12-31": "-298.40000", "2014-12-31": "-404.40000", "2013-12-31": "-314.10000", "2012-12-31": "-402.40000", "2011-12-31": "-271.80000", "2010-12-31": "-109.40000", "2009-12-31": "-91.10000", "2008-12-31": "-161.60000", "2007-12-31": "-116.60000", "2006-12-31": "-112.70000", "2005-12-31": "1.70000"}, "Net Change In Intangible Assets": {"2019-12-31": "", "2018-12-31": "", "2017-12-31": "", "2016-12-31": "", "2015-12-31": "", "2014-12-31": "", "2013-12-31": "", "2012-12-31": "", "2011-12-31": "", "2010-12-31": "", "2009-12-31": "", "2008-12-31": "", "2007-12-31": "", "2006-12-31": "", "2005-12-31": ""}, "Net Acquisitions/Divestitures": {"2019-12-31": "13.90000", "2018-12-31": "-111.60000", "2017-12-31": "1479.20000", "2016-12-31": "-89.10000", "2015-12-31": "", "2014-12-31": "105.60000", "2013-12-31": "", "2012-12-31": "-615.50000", "2011-12-31": "", "2010-12-31": "", "2009-12-31": "-152.60000", "2008-12-31": "-4.70000", "2007-12-31": "-76.50000", "2006-12-31": "16.90000", "2005-12-31": "9.50000"}, "Net Change In Short-term Investments": {"2019-12-31": "", "2018-12-31": "", "2017-12-31": "", "2016-12-31": "", "2015-12-31": "", "2014-12-31": "", "2013-12-31": "", "2012-12-31": "", "2011-12-31": "", "2010-12-31": "", "2009-12-31": "", "2008-12-31": "", "2007-12-31": "", "2006-12-31": "", "2005-12-31": ""}, "Net Change In Long-Term Investments": {"2019-12-31": "-52.70000", "2018-12-31": "", "2017-12-31": "", "2016-12-31": "", "2015-12-31": "", "2014-12-31": "-3.00000", "2013-12-31": "-2.00000", "2012-12-31": "", "2011-12-31": "", "2010-12-31": "", "2009-12-31": "", "2008-12-31": "", "2007-12-31": "", "2006-12-31": "", "2005-12-31": ""}, "Net Change In Investments - Total": {"2019-12-31": "-52.70000", "2018-12-31": "", "2017-12-31": "", "2016-12-31": "", "2015-12-31": "", "2014-12-31": "-3.00000", "2013-12-31": "-2.00000", "2012-12-31": "", "2011-12-31": "", "2010-12-31": "", "2009-12-31": "", "2008-12-31": "", "2007-12-31": "", "2006-12-31": "", "2005-12-31": ""}, "Investing Activities - Other": {"2019-12-31": "65.60000", "2018-12-31": "", "2017-12-31": "12.10000", "2016-12-31": "3473.30000", "2015-12-31": "-36.70000", "2014-12-31": "16.70000", "2013-12-31": "4.50000", "2012-12-31": "-2.00000", "2011-12-31": "-1.90000", "2010-12-31": "", "2009-12-31": "-10.00000", "2008-12-31": "-121.30000", "2007-12-31": "", "2006-12-31": "", "2005-12-31": "-2.40000"}, "Cash Flow From Investing Activities": {"2019-12-31": "-419.80000", "2018-12-31": "-460.20000", "2017-12-31": "1250.00000", "2016-12-31": "3110.50000", "2015-12-31": "-335.10000", "2014-12-31": "-285.10000", "2013-12-31": "-311.60000", "2012-12-31": "-1019.90000", "2011-12-31": "-273.70000", "2010-12-31": "-109.40000", "2009-12-31": "-253.70000", "2008-12-31": "-287.60000", "2007-12-31": "-193.10000", "2006-12-31": "-95.80000", "2005-12-31": "8.80000"}, "Net Long-Term Debt": {"2019-12-31": "96.20000", "2018-12-31": "", "2017-12-31": "-862.30000", "2016-12-31": "-246.70000", "2015-12-31": "-187.60000", "2014-12-31": "-1.60000", "2013-12-31": "-109.80000", "2012-12-31": "780.10000", "2011-12-31": "-5.60000", "2010-12-31": "29.60000", "2009-12-31": "-310.80000", "2008-12-31": "405.90000", "2007-12-31": "-202.20000", "2006-12-31": "-40.40000", "2005-12-31": "242.00000"}, "Net Current Debt": {"2019-12-31": "7.70000", "2018-12-31": "461.70000", "2017-12-31": "128.50000", "2016-12-31": "8.60000", "2015-12-31": "60.80000", "2014-12-31": "-58.10000", "2013-12-31": "-159.90000", "2012-12-31": "203.10000", "2011-12-31": "269.60000", "2010-12-31": "-87.50000", "2009-12-31": "230.60000", "2008-12-31": "-36.50000", "2007-12-31": "103.80000", "2006-12-31": "2.30000", "2005-12-31": "-148.90000"}, "Debt Issuance/Retirement Net - Total": {"2019-12-31": "103.90000", "2018-12-31": "461.70000", "2017-12-31": "-733.80000", "2016-12-31": "-238.10000", "2015-12-31": "-126.80000", "2014-12-31": "-59.70000", "2013-12-31": "-269.70000", "2012-12-31": "983.20000", "2011-12-31": "264.00000", "2010-12-31": "-57.90000", "2009-12-31": "-80.20000", "2008-12-31": "369.40000", "2007-12-31": "-98.40000", "2006-12-31": "-38.10000", "2005-12-31": "93.10000"}, "Net Common Equity Issued/Repurchased": {"2019-12-31": "-92.70000", "2018-12-31": "-442.60000", "2017-12-31": "-58.50000", "2016-12-31": "-186.80000", "2015-12-31": "", "2014-12-31": "-247.60000", "2013-12-31": "-116.30000", "2012-12-31": "-91.10000", "2011-12-31": "-114.00000", "2010-12-31": "-162.10000", "2009-12-31": "-152.60000", "2008-12-31": "-319.20000", "2007-12-31": "-268.20000", "2006-12-31": "-115.80000", "2005-12-31": "-42.80000"}, "Net Total Equity Issued/Repurchased": {"2019-12-31": "-92.70000", "2018-12-31": "-442.60000", "2017-12-31": "-58.50000", "2016-12-31": "-186.80000", "2015-12-31": "", "2014-12-31": "-247.60000", "2013-12-31": "-116.30000", "2012-12-31": "-91.10000", "2011-12-31": "-114.00000", "2010-12-31": "-162.10000", "2009-12-31": "-152.60000", "2008-12-31": "-319.20000", "2007-12-31": "-268.20000", "2006-12-31": "-115.80000", "2005-12-31": "-42.80000"}, "Total Common And Preferred Stock Dividends Paid": {"2019-12-31": "-232.80000", "2018-12-31": "-238.10000", "2017-12-31": "-60.60000", "2016-12-31": "-111.50000", "2015-12-31": "-98.70000", "2014-12-31": "", "2013-12-31": "", "2012-12-31": "", "2011-12-31": "", "2010-12-31": "", "2009-12-31": "", "2008-12-31": "", "2007-12-31": "", "2006-12-31": "", "2005-12-31": ""}, "Financial Activities - Other": {"2019-12-31": "-562.80000", "2018-12-31": "-225.80000", "2017-12-31": "-201.90000", "2016-12-31": "1.80000", "2015-12-31": "98.30000", "2014-12-31": "-48.10000", "2013-12-31": "-36.30000", "2012-12-31": "-10.70000", "2011-12-31": "-9.00000", "2010-12-31": "-10.80000", "2009-12-31": "-4.80000", "2008-12-31": "202.50000", "2007-12-31": "11.00000", "2006-12-31": "12.10000", "2005-12-31": "4.30000"}, "Cash Flow From Financial Activities": {"2019-12-31": "-784.40000", "2018-12-31": "-444.80000", "2017-12-31": "-1054.80000", "2016-12-31": "-534.60000", "2015-12-31": "-127.20000", "2014-12-31": "-355.40000", "2013-12-31": "-422.30000", "2012-12-31": "881.40000", "2011-12-31": "141.00000", "2010-12-31": "-230.80000", "2009-12-31": "-237.60000", "2008-12-31": "252.70000", "2007-12-31": "-355.60000", "2006-12-31": "-141.80000", "2005-12-31": "54.60000"}, "Net Cash Flow": {"2019-12-31": "-349.80000", "2018-12-31": "-1197.40000", "2017-12-31": "468.10000", "2016-12-31": "3091.30000", "2015-12-31": "-82.60000", "2014-12-31": "239.70000", "2013-12-31": "57.00000", "2012-12-31": "-1.90000", "2011-12-31": "28.50000", "2010-12-31": "-145.20000", "2009-12-31": "120.60000", "2008-12-31": "210.60000", "2007-12-31": "50.00000", "2006-12-31": "-73.40000", "2005-12-31": "28.80000"}, "Stock-Based Compensation": {"2019-12-31": "63.30000", "2018-12-31": "22.40000", "2017-12-31": "18.70000", "2016-12-31": "27.40000", "2015-12-31": "57.20000", "2014-12-31": "89.30000", "2013-12-31": "93.50000", "2012-12-31": "110.40000", "2011-12-31": "77.80000", "2010-12-31": "66.00000", "2009-12-31": "78.90000", "2008-12-31": "57.00000", "2007-12-31": "56.50000", "2006-12-31": "47.60000", "2005-12-31": "41.00000"}, "Common Stock Dividends Paid": {"2019-12-31": "-232.80000", "2018-12-31": "-238.10000", "2017-12-31": "-60.60000", "2016-12-31": "-111.50000", "2015-12-31": "-98.70000", "2014-12-31": "", "2013-12-31": "", "2012-12-31": "", "2011-12-31": "", "2010-12-31": "", "2009-12-31": "", "2008-12-31": "", "2007-12-31": "", "2006-12-31": "", "2005-12-31": ""}}, "cash flow statement, quarterly": {"Net Income/Loss": {"2020-09-30": 6.4, "2020-06-30": 15.3, "2020-03-31": "-3245.70000", "2019-12-31": -2430.3, "2019-09-30": -115.3, "2019-06-30": 113.7, "2019-03-31": "19.80000", "2018-12-31": -2246.5, "2018-09-30": 134.2, "2018-06-30": 110.1, "2018-03-31": "91.40000", "2017-12-31": -127.5, "2017-09-30": 117.9, "2017-06-30": 159, "2017-03-31": "-15.20000", "2016-12-31": -155, "2016-09-30": 301.7, "2016-06-30": 103.8, "2016-03-31": "120.60000", "2015-12-31": -324.6, "2015-09-30": 82.5, "2015-06-30": 108, "2015-03-31": "148.10000", "2014-12-31": 170.6, "2014-09-30": 170.5, "2014-06-30": 227.7, "2014-03-31": "136.50000", "2013-12-31": 179.1, "2013-09-30": 117.4, "2013-06-30": 106.5, "2013-03-31": "103.60000", "2012-12-31": 121.4, "2012-09-30": 100.5, "2012-06-30": 113.2, "2012-03-31": "99.70000", "2011-12-31": 100.5, "2011-09-30": 121.7, "2011-06-30": 95.6, "2011-03-31": "85.70000", "2010-12-31": 101.7, "2010-09-30": 81, "2010-06-30": 96.2, "2010-03-31": "99.00000", "2009-12-31": 94.7, "2009-09-30": 91.6, "2009-06-30": 106, "2009-03-31": "71.00000", "2008-12-31": 91.3, "2008-09-30": 82.7, "2008-06-30": 105.8, "2008-03-31": "81.50000", "2007-12-31": 89.9, "2007-09-30": 78.8, "2007-06-30": 72.8, "2007-03-31": "61.30000", "2006-12-31": 102.8, "2006-09-30": 84.6, "2006-06-30": 45.8, "2006-03-31": "43.10000", "2005-12-31": 31, "2005-09-30": 45.7, "2005-06-30": 29.4, "2005-03-31": "0.00000"}, "Total Depreciation And Amortization - Cash Flow": {"2020-09-30": 108.5, "2020-06-30": 106.6, "2020-03-31": "120.40000", "2019-12-31": 131.1, "2019-09-30": 141.6, "2019-06-30": 117.5, "2019-03-31": "119.40000", "2018-12-31": 137.9, "2018-09-30": 142, "2018-06-30": 138.7, "2018-03-31": "131.80000", "2017-12-31": 153, "2017-09-30": 151, "2017-06-30": 159.5, "2017-03-31": "151.20000", "2016-12-31": 77.1, "2016-09-30": 75.9, "2016-06-30": 73.1, "2016-03-31": "74.60000", "2015-12-31": 156.2, "2015-09-30": 71.3, "2015-06-30": 53.4, "2015-03-31": "57.80000", "2014-12-31": 59.1, "2014-09-30": 60.9, "2014-06-30": 58.4, "2014-03-31": "54.10000", "2013-12-31": 56.8, "2013-09-30": 51.9, "2013-06-30": 52.1, "2013-03-31": "49.00000", "2012-12-31": 46.9, "2012-09-30": 33.8, "2012-06-30": 35.4, "2012-03-31": "30.10000", "2011-12-31": 29, "2011-09-30": 27.1, "2011-06-30": 26.3, "2011-03-31": "25.40000", "2010-12-31": 24.2, "2010-09-30": 24.8, "2010-06-30": 23.7, "2010-03-31": "28.60000", "2009-12-31": 28.3, "2009-09-30": 24.6, "2009-06-30": 20.8, "2009-03-31": "19.30000", "2008-12-31": 19.2, "2008-09-30": 20.1, "2008-06-30": 17.6, "2008-03-31": "15.70000", "2007-12-31": 18.5, "2007-09-30": 3.1, "2007-06-30": 20.8, "2007-03-31": "19.40000", "2006-12-31": 18.9, "2006-09-30": 17.9, "2006-06-30": 17.4, "2006-03-31": "16.60000", "2005-12-31": 16.4, "2005-09-30": 16.5, "2005-06-30": 16.1, "2005-03-31": "16.00000"}, "Other Non-Cash Items": {"2020-09-30": 76.1, "2020-06-30": 15.3, "2020-03-31": "3279.40000", "2019-12-31": 2384.8, "2019-09-30": 277.3, "2019-06-30": 125, "2019-03-31": "23.00000", "2018-12-31": 2140.4, "2018-09-30": -15.7, "2018-06-30": -55.1, "2018-03-31": "78.00000", "2017-12-31": 130.8, "2017-09-30": 37.3, "2017-06-30": -136, "2017-03-31": "55.80000", "2016-12-31": -38.4, "2016-09-30": -113.7, "2016-06-30": 24.4, "2016-03-31": "11.70000", "2015-12-31": -107.3, "2015-09-30": 129.6, "2015-06-30": 35.7, "2015-03-31": "63.90000", "2014-12-31": 30.1, "2014-09-30": 97.5, "2014-06-30": -114.3, "2014-03-31": "38.80000", "2013-12-31": -14.8, "2013-09-30": 21.8, "2013-06-30": 42.1, "2013-03-31": "48.70000", "2012-12-31": 13, "2012-09-30": 44.3, "2012-06-30": 54, "2012-03-31": "38.60000", "2011-12-31": -19.1, "2011-09-30": 4.7, "2011-06-30": 39.9, "2011-03-31": "23.00000", "2010-12-31": 46.9, "2010-09-30": 32.3, "2010-06-30": 49.1, "2010-03-31": "45.30000", "2009-12-31": -68.5, "2009-09-30": 110.7, "2009-06-30": 30.5, "2009-03-31": "24.60000", "2008-12-31": 27.3, "2008-09-30": -14.1, "2008-06-30": 73.3, "2008-03-31": "30.90000", "2007-12-31": 14.3, "2007-09-30": -13.2, "2007-06-30": 5.9, "2007-03-31": "27.10000", "2006-12-31": 45.5, "2006-09-30": 10.5, "2006-06-30": 23.5, "2006-03-31": "26.20000", "2005-12-31": 68.5, "2005-09-30": -3.7, "2005-06-30": 2.7, "2005-03-31": "0.30000"}, "Total Non-Cash Items": {"2020-09-30": 184.6, "2020-06-30": 121.9, "2020-03-31": "3399.80000", "2019-12-31": 2515.9, "2019-09-30": 418.9, "2019-06-30": 242.5, "2019-03-31": "142.40000", "2018-12-31": 2278.3, "2018-09-30": 126.3, "2018-06-30": 83.6, "2018-03-31": "209.80000", "2017-12-31": 283.8, "2017-09-30": 188.3, "2017-06-30": 23.5, "2017-03-31": "207.00000", "2016-12-31": 38.7, "2016-09-30": -37.8, "2016-06-30": 97.5, "2016-03-31": "86.30000", "2015-12-31": 48.9, "2015-09-30": 200.9, "2015-06-30": 89.1, "2015-03-31": "121.70000", "2014-12-31": 89.2, "2014-09-30": 158.4, "2014-06-30": -55.9, "2014-03-31": "92.90000", "2013-12-31": 42, "2013-09-30": 73.7, "2013-06-30": 94.2, "2013-03-31": "97.70000", "2012-12-31": 59.9, "2012-09-30": 78.1, "2012-06-30": 89.4, "2012-03-31": "68.70000", "2011-12-31": 9.9, "2011-09-30": 31.8, "2011-06-30": 66.2, "2011-03-31": "48.40000", "2010-12-31": 71.1, "2010-09-30": 57.1, "2010-06-30": 72.8, "2010-03-31": "73.90000", "2009-12-31": -40.2, "2009-09-30": 135.3, "2009-06-30": 51.3, "2009-03-31": "43.90000", "2008-12-31": 46.5, "2008-09-30": 6, "2008-06-30": 90.9, "2008-03-31": "46.60000", "2007-12-31": 32.8, "2007-09-30": -10.1, "2007-06-30": 26.7, "2007-03-31": "46.50000", "2006-12-31": 23, "2006-09-30": 28.4, "2006-06-30": 40.9, "2006-03-31": "42.80000", "2005-12-31": 70.6, "2005-09-30": 12.8, "2005-06-30": 18.8, "2005-03-31": "16.30000"}, "Change In Accounts Receivable": {"2020-09-30": 130.8, "2020-06-30": 40.1, "2020-03-31": "-50.50000", "2019-12-31": -16.7, "2019-09-30": 59.8, "2019-06-30": -214.6, "2019-03-31": "131.80000", "2018-12-31": -638.2, "2018-09-30": 147.7, "2018-06-30": 349.1, "2018-03-31": "-522.70000", "2017-12-31": 61, "2017-09-30": -489.3, "2017-06-30": 447.4, "2017-03-31": "267.70000", "2016-12-31": 459.1, "2016-09-30": -328.9, "2016-06-30": -407.7, "2016-03-31": "8.80000", "2015-12-31": 51.4, "2015-09-30": 38.2, "2015-06-30": -111.7, "2015-03-31": "254.80000", "2014-12-31": 33.2, "2014-09-30": -233.3, "2014-06-30": 127.3, "2014-03-31": "-170.20000", "2013-12-31": -172.7, "2013-09-30": -149.6, "2013-06-30": 79.2, "2013-03-31": "-147.90000", "2012-12-31": -145.7, "2012-09-30": 30.3, "2012-06-30": -258.7, "2012-03-31": "36.80000", "2011-12-31": -124.4, "2011-09-30": -120.7, "2011-06-30": -67.1, "2011-03-31": "25.50000", "2010-12-31": -93.5, "2010-09-30": -30.9, "2010-06-30": -35.6, "2010-03-31": "-57.30000", "2009-12-31": 67.9, "2009-09-30": 68.4, "2009-06-30": -79.2, "2009-03-31": "154.20000", "2008-12-31": -155.4, "2008-09-30": -150.2, "2008-06-30": 6.4, "2008-03-31": "-23.50000", "2007-12-31": 45.9, "2007-09-30": 45.2, "2007-06-30": -103.3, "2007-03-31": "34.10000", "2006-12-31": -92, "2006-09-30": -62.2, "2006-06-30": 0.1, "2006-03-31": "-16.80000", "2005-12-31": -171.2, "2005-09-30": -1.1, "2005-06-30": -32.5, "2005-03-31": "24.20000"}, "Change In Inventories": {"2020-09-30": 34.9, "2020-06-30": -28.5, "2020-03-31": "-30.20000", "2019-12-31": 21, "2019-09-30": -55.7, "2019-06-30": -73.4, "2019-03-31": "-61.50000", "2018-12-31": -79.8, "2018-09-30": -105.4, "2018-06-30": -94.5, "2018-03-31": "-59.70000", "2017-12-31": -67.1, "2017-09-30": 7.8, "2017-06-30": 63.6, "2017-03-31": "126.60000", "2016-12-31": 104.3, "2016-09-30": 29.5, "2016-06-30": -3.1, "2016-03-31": "42.00000", "2015-12-31": -233.5, "2015-09-30": 75.6, "2015-06-30": 52.9, "2015-03-31": "-23.30000", "2014-12-31": 6, "2014-09-30": -46.2, "2014-06-30": -44.5, "2014-03-31": "-14.70000", "2013-12-31": 75.2, "2013-09-30": -14, "2013-06-30": -44.3, "2013-03-31": "-45.80000", "2012-12-31": 4.1, "2012-09-30": -83, "2012-06-30": -59.5, "2012-03-31": "-68.20000", "2011-12-31": 5.2, "2011-09-30": -52.6, "2011-06-30": -74, "2011-03-31": "-41.20000", "2010-12-31": -15.5, "2010-09-30": -3.4, "2010-06-30": 3.6, "2010-03-31": "34.70000", "2009-12-31": 30, "2009-09-30": 30.5, "2009-06-30": -4.4, "2009-03-31": "-48.60000", "2008-12-31": -8.1, "2008-09-30": 7.3, "2008-06-30": -52.2, "2008-03-31": "-24.10000", "2007-12-31": 40.6, "2007-09-30": 36.1, "2007-06-30": -31.6, "2007-03-31": "-70.70000", "2006-12-31": 26.9, "2006-09-30": -39.5, "2006-06-30": -26.2, "2006-03-31": "-75.50000", "2005-12-31": 9.1, "2005-09-30": -49.1, "2005-06-30": -36.6, "2005-03-31": "-85.90000"}, "Change In Accounts Payable": {"2020-09-30": -43.5, "2020-06-30": -36.9, "2020-03-31": "-4.20000", "2019-12-31": 6.7, "2019-09-30": 124.4, "2019-06-30": 43.6, "2019-03-31": "-148.60000", "2018-12-31": -310.5, "2018-09-30": -26.1, "2018-06-30": -579.9, "2018-03-31": "-332.20000", "2017-12-31": -676, "2017-09-30": 395.5, "2017-06-30": -76.5, "2017-03-31": "-168.80000", "2016-12-31": -15.7, "2016-09-30": 67, "2016-06-30": 148.2, "2016-03-31": "-84.00000", "2015-12-31": 266.2, "2015-09-30": -41, "2015-06-30": -21.1, "2015-03-31": "-78.50000", "2014-12-31": 47.2, "2014-09-30": 17.7, "2014-06-30": 19.9, "2014-03-31": "-51.00000", "2013-12-31": 99.8, "2013-09-30": 3.6, "2013-06-30": -0.9, "2013-03-31": "1.30000", "2012-12-31": 118.5, "2012-09-30": -30.1, "2012-06-30": -11.5, "2012-03-31": "6.10000", "2011-12-31": 96.4, "2011-09-30": 7.6, "2011-06-30": 46.7, "2011-03-31": "64.00000", "2010-12-31": 42.9, "2010-09-30": 10.7, "2010-06-30": -9.1, "2010-03-31": "-41.70000", "2009-12-31": -10.7, "2009-09-30": -41.1, "2009-06-30": -61, "2009-03-31": "-30.00000", "2008-12-31": 115.7, "2008-09-30": -12.8, "2008-06-30": 18.2, "2008-03-31": "19.80000", "2007-12-31": 39.8, "2007-09-30": -28.9, "2007-06-30": 57.7, "2007-03-31": "-37.10000", "2006-12-31": 49.2, "2006-09-30": -3.4, "2006-06-30": -0.3, "2006-03-31": "-8.00000", "2005-12-31": 100.1, "2005-09-30": -36.3, "2005-06-30": 17, "2005-03-31": "-26.80000"}, "Change In Assets/Liabilities": {"2020-09-30": -91, "2020-06-30": -188.9, "2020-03-31": "-75.30000", "2019-12-31": 404.5, "2019-09-30": -361.3, "2019-06-30": 51.5, "2019-03-31": "16.70000", "2018-12-31": 1254.9, "2018-09-30": -121.8, "2018-06-30": -58.7, "2018-03-31": "395.90000", "2017-12-31": 521.6, "2017-09-30": -229.8, "2017-06-30": -479.4, "2017-03-31": "-178.20000", "2016-12-31": -159.1, "2016-09-30": -203.3, "2016-06-30": 229.7, "2016-03-31": "-20.50000", "2015-12-31": 233.8, "2015-09-30": -25, "2015-06-30": -12, "2015-03-31": "-209.90000", "2014-12-31": -2.6, "2014-09-30": 204.2, "2014-06-30": -58.9, "2014-03-31": "84.30000", "2013-12-31": 18.4, "2013-09-30": 126.5, "2013-06-30": 132.8, "2013-03-31": "2.40000", "2012-12-31": 35.4, "2012-09-30": 26.3, "2012-06-30": 51, "2012-03-31": "-109.80000", "2011-12-31": -39.8, "2011-09-30": -8.3, "2011-06-30": 13.5, "2011-03-31": "-83.40000", "2010-12-31": 0, "2010-09-30": 101.1, "2010-06-30": -96.8, "2010-03-31": "-158.60000", "2009-12-31": 33.5, "2009-09-30": -73.3, "2009-06-30": 45.8, "2009-03-31": "-46.30000", "2008-12-31": -2.5, "2008-09-30": 105.5, "2008-06-30": -74.8, "2008-03-31": "77.60000", "2007-12-31": 42.3, "2007-09-30": 51.3, "2007-06-30": 97.2, "2007-03-31": "-6.30000", "2006-12-31": 41.4, "2006-09-30": 61, "2006-06-30": -28.2, "2006-03-31": "-3.50000", "2005-12-31": -44.3, "2005-09-30": 112, "2005-06-30": -1.4, "2005-03-31": "28.90000"}, "Total Change In Assets/Liabilities": {"2020-09-30": -22.9, "2020-06-30": -231.1, "2020-03-31": "-126.20000", "2019-12-31": 473.5, "2019-09-30": -209.7, "2019-06-30": -282.1, "2019-03-31": "-40.80000", "2018-12-31": 127.5, "2018-09-30": -120.0001, "2018-06-30": -477.2999, "2018-03-31": "-502.80000", "2017-12-31": -224.6, "2017-09-30": -321.5, "2017-06-30": -39.2, "2017-03-31": "-40.80000", "2016-12-31": 341.7, "2016-09-30": -421.7, "2016-06-30": 64.5, "2016-03-31": "-46.50000", "2015-12-31": 475, "2015-09-30": -18.1, "2015-06-30": -137, "2015-03-31": "-94.20000", "2014-12-31": 149.4, "2014-09-30": -81.4, "2014-06-30": 12.2, "2014-03-31": "-177.60000", "2013-12-31": 149.1, "2013-09-30": -37.5, "2013-06-30": 104.7, "2013-03-31": "-235.10000", "2012-12-31": -37.7, "2012-09-30": -74.3, "2012-06-30": -313.8, "2012-03-31": "-166.70000", "2011-12-31": -64.4, "2011-09-30": -154.8, "2011-06-30": -91.9, "2011-03-31": "-83.90000", "2010-12-31": -110.1, "2010-09-30": 58.6, "2010-06-30": -170.2, "2010-03-31": "-235.80000", "2009-12-31": 125.9, "2009-09-30": -15.5, "2009-06-30": -98.8, "2009-03-31": "29.30000", "2008-12-31": -92.5, "2008-09-30": -79.6, "2008-06-30": -157.2, "2008-03-31": "28.60000", "2007-12-31": 185, "2007-09-30": 76.6, "2007-06-30": 19.1, "2007-03-31": "-95.50000", "2006-12-31": 262, "2006-09-30": -36.2, "2006-06-30": -56.5, "2006-03-31": "-98.60000", "2005-12-31": 253.2, "2005-09-30": -7.1, "2005-06-30": -83.2, "2005-03-31": "-67.70000"}, "Cash Flow From Operating Activities": {"2020-09-30": 168.1, "2020-06-30": -93.9, "2020-03-31": "27.90000", "2019-12-31": 559.1, "2019-09-30": 93.9, "2019-06-30": 74.1, "2019-03-31": "121.40000", "2018-12-31": 159.3, "2018-09-30": 140.5, "2018-06-30": -283.6, "2018-03-31": "-201.60000", "2017-12-31": -68.3, "2017-09-30": -15.3, "2017-06-30": 143.3, "2017-03-31": "151.00000", "2016-12-31": 225.4, "2016-09-30": -157.8, "2016-06-30": 265.8, "2016-03-31": "160.40000", "2015-12-31": 199.3, "2015-09-30": 265.3, "2015-06-30": 60.1, "2015-03-31": "175.60000", "2014-12-31": 409.2, "2014-09-30": 247.5, "2014-06-30": 184, "2014-03-31": "51.80000", "2013-12-31": 370.2, "2013-09-30": 153.6, "2013-06-30": 305.4, "2013-03-31": "-33.80000", "2012-12-31": 143.6, "2012-09-30": 104.3, "2012-06-30": -111.2, "2012-03-31": "1.70000", "2011-12-31": 46, "2011-09-30": -1.3, "2011-06-30": 69.9, "2011-03-31": "50.20000", "2010-12-31": 62.7, "2010-09-30": 196.7, "2010-06-30": -1.2, "2010-03-31": "-62.90000", "2009-12-31": 180.4, "2009-09-30": 211.4, "2009-06-30": 58.5, "2009-03-31": "144.20000", "2008-12-31": 45.3, "2008-09-30": 9.1, "2008-06-30": 39.5, "2008-03-31": "156.70000", "2007-12-31": 307.7, "2007-09-30": 145.3, "2007-06-30": 118.6, "2007-03-31": "12.30000", "2006-12-31": 111.5, "2006-09-30": 76.8, "2006-06-30": 30.2, "2006-03-31": "-12.70000", "2005-12-31": 248.7, "2005-09-30": 51.4, "2005-06-30": -35, "2005-03-31": "-51.40000"}, "Net Change In Property, Plant, And Equipment": {"2020-09-30": -75.1, "2020-06-30": -76.3, "2020-03-31": "-76.00000", "2019-12-31": -83.8, "2019-09-30": -93.6, "2019-06-30": -91.9, "2019-03-31": "-177.30000", "2018-12-31": -101.3, "2018-09-30": -118.7, "2018-06-30": -77.2, "2018-03-31": "-51.40000", "2017-12-31": -84.5, "2017-09-30": -52.6, "2017-06-30": -57.4, "2017-03-31": "-46.80000", "2016-12-31": -176.2, "2016-09-30": -39.1, "2016-06-30": -33.4, "2016-03-31": "-25.00000", "2015-12-31": -87.4, "2015-09-30": -49.8, "2015-06-30": -74.5, "2015-03-31": "-86.70000", "2014-12-31": -120.7, "2014-09-30": -103.7, "2014-06-30": -88, "2014-03-31": "-92.00000", "2013-12-31": -76.6, "2013-09-30": -80.8, "2013-06-30": -77.8, "2013-03-31": "-78.90000", "2012-12-31": -119.7, "2012-09-30": -91.6, "2012-06-30": -99.1, "2012-03-31": "-92.00000", "2011-12-31": -84.8, "2011-09-30": -84.2, "2011-06-30": -63.5, "2011-03-31": "-39.30000", "2010-12-31": -46.5, "2010-09-30": -26.1, "2010-06-30": -18.7, "2010-03-31": "-18.10000", "2009-12-31": -33.9, "2009-09-30": -20.5, "2009-06-30": -12.4, "2009-03-31": "-24.30000", "2008-12-31": -46.9, "2008-09-30": -37.3, "2008-06-30": -35.7, "2008-03-31": "-41.70000", "2007-12-31": -73.9, "2007-09-30": -35.1, "2007-06-30": -38.5, "2007-03-31": "30.90000", "2006-12-31": -19.8, "2006-09-30": -32.8, "2006-06-30": -32.2, "2006-03-31": "-27.90000", "2005-12-31": -31.3, "2005-09-30": 53.6, "2005-06-30": -14, "2005-03-31": "-6.60000"}, "Net Change In Intangible Assets": {"2020-09-30": 0, "2020-06-30": 0, "2020-03-31": "", "2019-12-31": 0, "2019-09-30": 0, "2019-06-30": 0, "2019-03-31": "", "2018-12-31": 0, "2018-09-30": 0, "2018-06-30": 0, "2018-03-31": "", "2017-12-31": 0, "2017-09-30": 0, "2017-06-30": 0, "2017-03-31": "", "2016-12-31": 0, "2016-09-30": 0, "2016-06-30": 0, "2016-03-31": "", "2015-12-31": 0, "2015-09-30": 0, "2015-06-30": 0, "2015-03-31": "", "2014-12-31": 0, "2014-09-30": 0, "2014-06-30": 0, "2014-03-31": "", "2013-12-31": 0, "2013-09-30": 0, "2013-06-30": 0, "2013-03-31": "", "2012-12-31": 0, "2012-09-30": 0, "2012-06-30": 0, "2012-03-31": "", "2011-12-31": 0, "2011-09-30": 0, "2011-06-30": 0, "2011-03-31": "", "2010-12-31": 0, "2010-09-30": 0, "2010-06-30": 0, "2010-03-31": "", "2009-12-31": 0, "2009-09-30": 0, "2009-06-30": 0, "2009-03-31": "", "2008-12-31": 0, "2008-09-30": 0, "2008-06-30": 0, "2008-03-31": "", "2007-12-31": 0, "2007-09-30": 0, "2007-06-30": 0, "2007-03-31": "", "2006-12-31": 0, "2006-09-30": 0, "2006-06-30": 0, "2006-03-31": "", "2005-12-31": 0, "2005-09-30": 0, "2005-06-30": 0, "2005-03-31": ""}, "Net Acquisitions/Divestitures": {"2020-09-30": 0, "2020-06-30": 0, "2020-03-31": "2.50000", "2019-12-31": 13.9, "2019-09-30": 0, "2019-06-30": 0, "2019-03-31": "", "2018-12-31": -0.7, "2018-09-30": -9.2, "2018-06-30": -39.7, "2018-03-31": "-62.00000", "2017-12-31": 0, "2017-09-30": 0, "2017-06-30": 0, "2017-03-31": "1479.20000", "2016-12-31": 0.7, "2016-09-30": 0, "2016-06-30": -89.8, "2016-03-31": "", "2015-12-31": 0, "2015-09-30": 0, "2015-06-30": 0, "2015-03-31": "", "2014-12-31": 0, "2014-09-30": -1.2, "2014-06-30": 106.8, "2014-03-31": "", "2013-12-31": 0, "2013-09-30": 0, "2013-06-30": 0, "2013-03-31": "", "2012-12-31": -286.9, "2012-09-30": 0, "2012-06-30": -328.6, "2012-03-31": "", "2011-12-31": 0, "2011-09-30": 0, "2011-06-30": 0, "2011-03-31": "", "2010-12-31": 0, "2010-09-30": 0, "2010-06-30": 0, "2010-03-31": "", "2009-12-31": -152.6, "2009-09-30": 0, "2009-06-30": 0, "2009-03-31": "", "2008-12-31": 0, "2008-09-30": 6.1, "2008-06-30": -7.6, "2008-03-31": "-3.20000", "2007-12-31": -26.6, "2007-09-30": -5, "2007-06-30": -44.9, "2007-03-31": "", "2006-12-31": 26.7, "2006-09-30": -10, "2006-06-30": 0.2, "2006-03-31": "", "2005-12-31": 9.5, "2005-09-30": 0, "2005-06-30": 0, "2005-03-31": ""}, "Net Change In Short-term Investments": {"2020-09-30": 0, "2020-06-30": 0, "2020-03-31": "", "2019-12-31": 0, "2019-09-30": 0, "2019-06-30": 0, "2019-03-31": "", "2018-12-31": 0, "2018-09-30": 0, "2018-06-30": 0, "2018-03-31": "", "2017-12-31": 0, "2017-09-30": 0, "2017-06-30": 0, "2017-03-31": "", "2016-12-31": 0, "2016-09-30": 0, "2016-06-30": 0, "2016-03-31": "", "2015-12-31": 0, "2015-09-30": 0, "2015-06-30": 0, "2015-03-31": "", "2014-12-31": 0, "2014-09-30": 0, "2014-06-30": 0, "2014-03-31": "", "2013-12-31": 0, "2013-09-30": 0, "2013-06-30": 0, "2013-03-31": "", "2012-12-31": 0, "2012-09-30": 0, "2012-06-30": 0, "2012-03-31": "", "2011-12-31": 0, "2011-09-30": 0, "2011-06-30": 0, "2011-03-31": "", "2010-12-31": 0, "2010-09-30": 0, "2010-06-30": 0, "2010-03-31": "", "2009-12-31": 0, "2009-09-30": 0, "2009-06-30": 0, "2009-03-31": "", "2008-12-31": 0, "2008-09-30": 0, "2008-06-30": 0, "2008-03-31": "", "2007-12-31": 0, "2007-09-30": 0, "2007-06-30": 0, "2007-03-31": "", "2006-12-31": 0, "2006-09-30": 0, "2006-06-30": 0, "2006-03-31": "", "2005-12-31": 0, "2005-09-30": 0, "2005-06-30": 0, "2005-03-31": ""}, "Net Change In Long-Term Investments": {"2020-09-30": 0, "2020-06-30": 0, "2020-03-31": "", "2019-12-31": -11.9, "2019-09-30": 0, "2019-06-30": 18.9, "2019-03-31": "-59.70000", "2018-12-31": 0, "2018-09-30": 0, "2018-06-30": 0, "2018-03-31": "", "2017-12-31": 0, "2017-09-30": 0, "2017-06-30": 0, "2017-03-31": "", "2016-12-31": 0, "2016-09-30": 0, "2016-06-30": 0, "2016-03-31": "", "2015-12-31": 5, "2015-09-30": -5, "2015-06-30": 0, "2015-03-31": "", "2014-12-31": -3, "2014-09-30": 0, "2014-06-30": 0, "2014-03-31": "", "2013-12-31": -2, "2013-09-30": 0, "2013-06-30": 0, "2013-03-31": "", "2012-12-31": 0, "2012-09-30": 0, "2012-06-30": 0, "2012-03-31": "", "2011-12-31": 0, "2011-09-30": 0, "2011-06-30": 0, "2011-03-31": "", "2010-12-31": 0, "2010-09-30": 0, "2010-06-30": 0, "2010-03-31": "", "2009-12-31": 0, "2009-09-30": 0, "2009-06-30": 0, "2009-03-31": "", "2008-12-31": 0, "2008-09-30": 0, "2008-06-30": 0, "2008-03-31": "", "2007-12-31": 0, "2007-09-30": 0, "2007-06-30": 0, "2007-03-31": "", "2006-12-31": 0, "2006-09-30": 0, "2006-06-30": 0, "2006-03-31": "", "2005-12-31": 0, "2005-09-30": 0, "2005-06-30": 0, "2005-03-31": ""}, "Net Change In Investments - Total": {"2020-09-30": 0, "2020-06-30": 0, "2020-03-31": "", "2019-12-31": -11.9, "2019-09-30": 0, "2019-06-30": 18.9, "2019-03-31": "-59.70000", "2018-12-31": 0, "2018-09-30": 0, "2018-06-30": 0, "2018-03-31": "", "2017-12-31": 0, "2017-09-30": 0, "2017-06-30": 0, "2017-03-31": "", "2016-12-31": 0, "2016-09-30": 0, "2016-06-30": 0, "2016-03-31": "", "2015-12-31": 5, "2015-09-30": -5, "2015-06-30": 0, "2015-03-31": "", "2014-12-31": -3, "2014-09-30": 0, "2014-06-30": 0, "2014-03-31": "", "2013-12-31": -2, "2013-09-30": 0, "2013-06-30": 0, "2013-03-31": "", "2012-12-31": 0, "2012-09-30": 0, "2012-06-30": 0, "2012-03-31": "", "2011-12-31": 0, "2011-09-30": 0, "2011-06-30": 0, "2011-03-31": "", "2010-12-31": 0, "2010-09-30": 0, "2010-06-30": 0, "2010-03-31": "", "2009-12-31": 0, "2009-09-30": 0, "2009-06-30": 0, "2009-03-31": "", "2008-12-31": 0, "2008-09-30": 0, "2008-06-30": 0, "2008-03-31": "", "2007-12-31": 0, "2007-09-30": 0, "2007-06-30": 0, "2007-03-31": "", "2006-12-31": 0, "2006-09-30": 0, "2006-06-30": 0, "2006-03-31": "", "2005-12-31": 0, "2005-09-30": 0, "2005-06-30": 0, "2005-03-31": ""}, "Investing Activities - Other": {"2020-09-30": 0, "2020-06-30": 12.5, "2020-03-31": "", "2019-12-31": 19.2, "2019-09-30": 23.9, "2019-06-30": 22.5, "2019-03-31": "", "2018-12-31": 0, "2018-09-30": 5.4, "2018-06-30": -5.2, "2018-03-31": "-0.20000", "2017-12-31": 0.1, "2017-09-30": 0.2, "2017-06-30": 1.3, "2017-03-31": "10.50000", "2016-12-31": 3473.3, "2016-09-30": 0, "2016-06-30": 0, "2016-03-31": "", "2015-12-31": -41, "2015-09-30": -4.3, "2015-06-30": 3.3, "2015-03-31": "5.30000", "2014-12-31": 7.8, "2014-09-30": 6.5, "2014-06-30": 0.4, "2014-03-31": "2.00000", "2013-12-31": 2.2, "2013-09-30": -0.4, "2013-06-30": 0.7, "2013-03-31": "2.00000", "2012-12-31": -1.9, "2012-09-30": -1.5, "2012-06-30": 0.4, "2012-03-31": "1.00000", "2011-12-31": -2.2, "2011-09-30": 0.4, "2011-06-30": -0.1, "2011-03-31": "", "2010-12-31": 0, "2010-09-30": 0, "2010-06-30": 0, "2010-03-31": "", "2009-12-31": -10, "2009-09-30": 0, "2009-06-30": 0, "2009-03-31": "", "2008-12-31": -121.3, "2008-09-30": 0, "2008-06-30": 0, "2008-03-31": "", "2007-12-31": 0, "2007-09-30": 0, "2007-06-30": 0, "2007-03-31": "", "2006-12-31": -1.2, "2006-09-30": 0, "2006-06-30": -1.1, "2006-03-31": "2.30000", "2005-12-31": -2.4, "2005-09-30": 0, "2005-06-30": 0, "2005-03-31": ""}, "Cash Flow From Investing Activities": {"2020-09-30": -75.1, "2020-06-30": -63.8, "2020-03-31": "-73.50000", "2019-12-31": -62.6, "2019-09-30": -69.7, "2019-06-30": -50.5, "2019-03-31": "-237.00000", "2018-12-31": -102, "2018-09-30": -122.5, "2018-06-30": -122.1, "2018-03-31": "-113.60000", "2017-12-31": -84.4, "2017-09-30": -52.4, "2017-06-30": -56.1, "2017-03-31": "1442.90000", "2016-12-31": 3297.8, "2016-09-30": -39.1, "2016-06-30": -123.2, "2016-03-31": "-25.00000", "2015-12-31": -123.4, "2015-09-30": -59.1, "2015-06-30": -71.2, "2015-03-31": "-81.40000", "2014-12-31": -115.9, "2014-09-30": -98.4, "2014-06-30": 19.2, "2014-03-31": "-90.00000", "2013-12-31": -76.4, "2013-09-30": -81.2, "2013-06-30": -77.1, "2013-03-31": "-76.90000", "2012-12-31": -408.5, "2012-09-30": -93.1, "2012-06-30": -427.3, "2012-03-31": "-91.00000", "2011-12-31": -87, "2011-09-30": -83.8, "2011-06-30": -63.6, "2011-03-31": "-39.30000", "2010-12-31": -46.5, "2010-09-30": -26.1, "2010-06-30": -18.7, "2010-03-31": "-18.10000", "2009-12-31": -196.5, "2009-09-30": -20.5, "2009-06-30": -12.4, "2009-03-31": "-24.30000", "2008-12-31": -168.2, "2008-09-30": -31.2, "2008-06-30": -43.3, "2008-03-31": "-44.90000", "2007-12-31": -100.5, "2007-09-30": -40.1, "2007-06-30": -83.4, "2007-03-31": "30.90000", "2006-12-31": 5.7, "2006-09-30": -42.8, "2006-06-30": -33.1, "2006-03-31": "-25.60000", "2005-12-31": -24.2, "2005-09-30": 53.6, "2005-06-30": -14, "2005-03-31": "-6.60000"}, "Net Long-Term Debt": {"2020-09-30": -364.3, "2020-06-30": 163.6, "2020-03-31": "", "2019-12-31": 0, "2019-09-30": 0, "2019-06-30": 0, "2019-03-31": "96.20000", "2018-12-31": -2.5, "2018-09-30": 0, "2018-06-30": 7.3, "2018-03-31": "-4.80000", "2017-12-31": -322.4, "2017-09-30": 9.1, "2017-06-30": -14.9, "2017-03-31": "-534.10000", "2016-12-31": 68.9, "2016-09-30": -21.6, "2016-06-30": -727.6, "2016-03-31": "433.60000", "2015-12-31": -186.4, "2015-09-30": -1.2, "2015-06-30": 0.3, "2015-03-31": "-0.30000", "2014-12-31": -1.6, "2014-09-30": 2.6, "2014-06-30": -1, "2014-03-31": "-1.60000", "2013-12-31": 26.2, "2013-09-30": -73.2, "2013-06-30": 37.2, "2013-03-31": "-100.00000", "2012-12-31": -13.7, "2012-09-30": 519, "2012-06-30": 274.9, "2012-03-31": "-0.10000", "2011-12-31": -0.1, "2011-09-30": -0.1, "2011-06-30": -0.2, "2011-03-31": "-5.20000", "2010-12-31": -0.1, "2010-09-30": 0.5, "2010-06-30": 29.5, "2010-03-31": "-0.30000", "2009-12-31": -105.3, "2009-09-30": -74.6, "2009-06-30": -141.9, "2009-03-31": "11.00000", "2008-12-31": 164.9, "2008-09-30": 241.2, "2008-06-30": -0.8, "2008-03-31": "0.60000", "2007-12-31": -149.3, "2007-09-30": -59.8, "2007-06-30": -21.9, "2007-03-31": "28.80000", "2006-12-31": -5.1, "2006-09-30": -43.6, "2006-06-30": 0.8, "2006-03-31": "7.50000", "2005-12-31": 242.4, "2005-09-30": 0.2, "2005-06-30": -0.2, "2005-03-31": "-0.40000"}, "Net Current Debt": {"2020-09-30": -418.9, "2020-06-30": -99.8, "2020-03-31": "8.50000", "2019-12-31": 291.7, "2019-09-30": 213.4, "2019-06-30": -161.5, "2019-03-31": "-335.90000", "2018-12-31": 181.9, "2018-09-30": 218.5, "2018-06-30": 176.5, "2018-03-31": "-115.20000", "2017-12-31": 519.9, "2017-09-30": -276.5, "2017-06-30": 171.1, "2017-03-31": "-286.00000", "2016-12-31": 13.1, "2016-09-30": -7, "2016-06-30": 685.9, "2016-03-31": "-683.40000", "2015-12-31": 67.3, "2015-09-30": 9.6, "2015-06-30": -24.8, "2015-03-31": "8.70000", "2014-12-31": -39.4, "2014-09-30": 45.7, "2014-06-30": -52.4, "2014-03-31": "-12.00000", "2013-12-31": -203.1, "2013-09-30": 86.4, "2013-06-30": -183.3, "2013-03-31": "140.10000", "2012-12-31": 95.8, "2012-09-30": -213.7, "2012-06-30": 202.9, "2012-03-31": "118.10000", "2011-12-31": 94.5, "2011-09-30": 62.1, "2011-06-30": 49.7, "2011-03-31": "63.30000", "2010-12-31": -215.9, "2010-09-30": -24.2, "2010-06-30": 99.2, "2010-03-31": "53.40000", "2009-12-31": 201.9, "2009-09-30": 62.9, "2009-06-30": -21.5, "2009-03-31": "-12.70000", "2008-12-31": -41.9, "2008-09-30": -191.1, "2008-06-30": 93.3, "2008-03-31": "103.20000", "2007-12-31": -129, "2007-09-30": 25.4, "2007-06-30": 118.8, "2007-03-31": "88.60000", "2006-12-31": 0.7, "2006-09-30": 0.6, "2006-06-30": -0.2, "2006-03-31": "1.20000", "2005-12-31": -179.1, "2005-09-30": -56.9, "2005-06-30": 83.5, "2005-03-31": "3.60000"}, "Debt Issuance/Retirement Net - Total": {"2020-09-30": -783.2, "2020-06-30": 63.8, "2020-03-31": "8.50000", "2019-12-31": 291.7, "2019-09-30": 213.4, "2019-06-30": -161.5, "2019-03-31": "-239.70000", "2018-12-31": 179.4, "2018-09-30": 218.5, "2018-06-30": 183.8, "2018-03-31": "-120.00000", "2017-12-31": 197.5, "2017-09-30": -267.4, "2017-06-30": 156.2, "2017-03-31": "-820.10000", "2016-12-31": 82, "2016-09-30": -28.6, "2016-06-30": -41.7, "2016-03-31": "-249.80000", "2015-12-31": -119.1, "2015-09-30": 8.4, "2015-06-30": -24.5, "2015-03-31": "8.40000", "2014-12-31": -41, "2014-09-30": 48.3, "2014-06-30": -53.4, "2014-03-31": "-13.60000", "2013-12-31": -176.9, "2013-09-30": 13.2, "2013-06-30": -146.1, "2013-03-31": "40.10000", "2012-12-31": 82.1, "2012-09-30": 305.3, "2012-06-30": 477.8, "2012-03-31": "118.00000", "2011-12-31": 94.4, "2011-09-30": 62, "2011-06-30": 49.5, "2011-03-31": "58.10000", "2010-12-31": -216, "2010-09-30": -23.7, "2010-06-30": 128.7, "2010-03-31": "53.10000", "2009-12-31": 96.6, "2009-09-30": -11.7, "2009-06-30": -163.4, "2009-03-31": "-1.70000", "2008-12-31": 123, "2008-09-30": 50.1, "2008-06-30": 92.5, "2008-03-31": "103.80000", "2007-12-31": -278.3, "2007-09-30": -34.4, "2007-06-30": 96.9, "2007-03-31": "117.40000", "2006-12-31": 36, "2006-09-30": -43, "2006-06-30": 0.6, "2006-03-31": "8.70000", "2005-12-31": -178.7, "2005-09-30": -56.7, "2005-06-30": 83.3, "2005-03-31": "3.20000"}, "Net Common Equity Issued/Repurchased": {"2020-09-30": 0, "2020-06-30": 0, "2020-03-31": "", "2019-12-31": 0, "2019-09-30": -2.6, "2019-06-30": -57.1, "2019-03-31": "-33.00000", "2018-12-31": -58.4, "2018-09-30": -157.9, "2018-06-30": -133.7, "2018-03-31": "-92.60000", "2017-12-31": -57.2, "2017-09-30": -1.3, "2017-06-30": 0, "2017-03-31": "", "2016-12-31": -35.5, "2016-09-30": -151.3, "2016-06-30": 0, "2016-03-31": "", "2015-12-31": 148, "2015-09-30": -56.4, "2015-06-30": -60.8, "2015-03-31": "-30.80000", "2014-12-31": -117.8, "2014-09-30": -57.8, "2014-06-30": -26.2, "2014-03-31": "-45.80000", "2013-12-31": -45.5, "2013-09-30": -21.8, "2013-06-30": -22, "2013-03-31": "-27.00000", "2012-12-31": -38.7, "2012-09-30": -31.4, "2012-06-30": -20.5, "2012-03-31": "-0.50000", "2011-12-31": -47, "2011-09-30": -60.4, "2011-06-30": -6.1, "2011-03-31": "-0.50000", "2010-12-31": 0.4, "2010-09-30": -40.4, "2010-06-30": -72.9, "2010-03-31": "-49.20000", "2009-12-31": -19.8, "2009-09-30": -37.3, "2009-06-30": -52.1, "2009-03-31": "-43.40000", "2008-12-31": -0.1, "2008-09-30": -153.8, "2008-06-30": -77.9, "2008-03-31": "-87.40000", "2007-12-31": -35.8, "2007-09-30": -15.2, "2007-06-30": -54.4, "2007-03-31": "-162.80000", "2006-12-31": -49.8, "2006-09-30": -44.6, "2006-06-30": 2.4, "2006-03-31": "-23.80000", "2005-12-31": -29.9, "2005-09-30": 3.2, "2005-06-30": -19.6, "2005-03-31": "3.50000"}, "Net Total Equity Issued/Repurchased": {"2020-09-30": 0, "2020-06-30": 0, "2020-03-31": "", "2019-12-31": 0, "2019-09-30": -2.6, "2019-06-30": -57.1, "2019-03-31": "-33.00000", "2018-12-31": -58.4, "2018-09-30": -157.9, "2018-06-30": -133.7, "2018-03-31": "-92.60000", "2017-12-31": -57.2, "2017-09-30": -1.3, "2017-06-30": 0, "2017-03-31": "", "2016-12-31": -35.5, "2016-09-30": -151.3, "2016-06-30": 0, "2016-03-31": "", "2015-12-31": 148, "2015-09-30": -56.4, "2015-06-30": -60.8, "2015-03-31": "-30.80000", "2014-12-31": -117.8, "2014-09-30": -57.8, "2014-06-30": -26.2, "2014-03-31": "-45.80000", "2013-12-31": -45.5, "2013-09-30": -21.8, "2013-06-30": -22, "2013-03-31": "-27.00000", "2012-12-31": -38.7, "2012-09-30": -31.4, "2012-06-30": -20.5, "2012-03-31": "-0.50000", "2011-12-31": -47, "2011-09-30": -60.4, "2011-06-30": -6.1, "2011-03-31": "-0.50000", "2010-12-31": 0.4, "2010-09-30": -40.4, "2010-06-30": -72.9, "2010-03-31": "-49.20000", "2009-12-31": -19.8, "2009-09-30": -37.3, "2009-06-30": -52.1, "2009-03-31": "-43.40000", "2008-12-31": -0.1, "2008-09-30": -153.8, "2008-06-30": -77.9, "2008-03-31": "-87.40000", "2007-12-31": -35.8, "2007-09-30": -15.2, "2007-06-30": -54.4, "2007-03-31": "-162.80000", "2006-12-31": -49.8, "2006-09-30": -44.6, "2006-06-30": 2.4, "2006-03-31": "-23.80000", "2005-12-31": -29.9, "2005-09-30": 3.2, "2005-06-30": -19.6, "2005-03-31": "3.50000"}, "Total Common And Preferred Stock Dividends Paid": {"2020-09-30": 0, "2020-06-30": -59.2, "2020-03-31": "", "2019-12-31": -58.1, "2019-09-30": -58.1, "2019-06-30": -116.6, "2019-03-31": "", "2018-12-31": -58.9, "2018-09-30": -59, "2018-06-30": -120.2, "2018-03-31": "", "2017-12-31": -60.6, "2017-09-30": 0, "2017-06-30": 0, "2017-03-31": "", "2016-12-31": 0.9, "2016-09-30": -0.1, "2016-06-30": -112.3, "2016-03-31": "", "2015-12-31": -98.7, "2015-09-30": 0, "2015-06-30": 0, "2015-03-31": "", "2014-12-31": 0, "2014-09-30": 0, "2014-06-30": 0, "2014-03-31": "", "2013-12-31": 0, "2013-09-30": 0, "2013-06-30": 0, "2013-03-31": "", "2012-12-31": 0, "2012-09-30": 0, "2012-06-30": 0, "2012-03-31": "", "2011-12-31": 0, "2011-09-30": 0, "2011-06-30": 0, "2011-03-31": "", "2010-12-31": 0, "2010-09-30": 0, "2010-06-30": 0, "2010-03-31": "", "2009-12-31": 0, "2009-09-30": 0, "2009-06-30": 0, "2009-03-31": "", "2008-12-31": 0, "2008-09-30": 0, "2008-06-30": 0, "2008-03-31": "", "2007-12-31": 0, "2007-09-30": 0, "2007-06-30": 0, "2007-03-31": "", "2006-12-31": 0, "2006-09-30": 0, "2006-06-30": 0, "2006-03-31": "", "2005-12-31": 0, "2005-09-30": 0, "2005-06-30": 0, "2005-03-31": ""}, "Financial Activities - Other": {"2020-09-30": 0, "2020-06-30": -134.3, "2020-03-31": "-7.40000", "2019-12-31": -119.1, "2019-09-30": -223.1, "2019-06-30": -45.7, "2019-03-31": "-174.90000", "2018-12-31": -103.9, "2018-09-30": 1.3, "2018-06-30": -124.6, "2018-03-31": "1.40000", "2017-12-31": -78.4, "2017-09-30": -2.2, "2017-06-30": -75.9, "2017-03-31": "-45.40000", "2016-12-31": 1.5, "2016-09-30": -0.5, "2016-06-30": 20.2, "2016-03-31": "-19.40000", "2015-12-31": 124.1, "2015-09-30": -4.2, "2015-06-30": -13.1, "2015-03-31": "-8.50000", "2014-12-31": -0.7, "2014-09-30": -4.1, "2014-06-30": -32.7, "2014-03-31": "-10.60000", "2013-12-31": -29.6, "2013-09-30": 27.5, "2013-06-30": -26.1, "2013-03-31": "-8.10000", "2012-12-31": 0.8, "2012-09-30": 4, "2012-06-30": -3.1, "2012-03-31": "-12.40000", "2011-12-31": 1.5, "2011-09-30": -1.4, "2011-06-30": -1.1, "2011-03-31": "-8.00000", "2010-12-31": 2.6, "2010-09-30": -0.1, "2010-06-30": -0.2, "2010-03-31": "-13.10000", "2009-12-31": 2.4, "2009-09-30": -2.5, "2009-06-30": 1.1, "2009-03-31": "-5.80000", "2008-12-31": 39.9, "2008-09-30": 158, "2008-06-30": 6.2, "2008-03-31": "-1.60000", "2007-12-31": -10, "2007-09-30": 11.4, "2007-06-30": 2, "2007-03-31": "7.60000", "2006-12-31": 1.2, "2006-09-30": -1.9, "2006-06-30": 5.9, "2006-03-31": "6.90000", "2005-12-31": 0.3, "2005-09-30": 2.1, "2005-06-30": 0, "2005-03-31": "1.90000"}, "Cash Flow From Financial Activities": {"2020-09-30": -783.2, "2020-06-30": -129.7, "2020-03-31": "1.10000", "2019-12-31": 114.5, "2019-09-30": -70.4, "2019-06-30": -380.9, "2019-03-31": "-447.60000", "2018-12-31": -41.8, "2018-09-30": 2.9, "2018-06-30": -194.7, "2018-03-31": "-211.20000", "2017-12-31": 1.3, "2017-09-30": -270.9, "2017-06-30": 80.3, "2017-03-31": "-865.50000", "2016-12-31": 48.9, "2016-09-30": -180.5, "2016-06-30": -133.8, "2016-03-31": "-269.20000", "2015-12-31": 54.3, "2015-09-30": -52.2, "2015-06-30": -98.4, "2015-03-31": "-30.90000", "2014-12-31": -159.5, "2014-09-30": -13.6, "2014-06-30": -112.3, "2014-03-31": "-70.00000", "2013-12-31": -252, "2013-09-30": 18.9, "2013-06-30": -194.2, "2013-03-31": "5.00000", "2012-12-31": 44.2, "2012-09-30": 277.9, "2012-06-30": 454.2, "2012-03-31": "105.10000", "2011-12-31": 48.9, "2011-09-30": 0.2, "2011-06-30": 42.3, "2011-03-31": "49.60000", "2010-12-31": -213, "2010-09-30": -64.2, "2010-06-30": 55.6, "2010-03-31": "-9.20000", "2009-12-31": 79.2, "2009-09-30": -51.5, "2009-06-30": -214.4, "2009-03-31": "-50.90000", "2008-12-31": 162.8, "2008-09-30": 54.3, "2008-06-30": 20.8, "2008-03-31": "14.80000", "2007-12-31": -324.1, "2007-09-30": -38.2, "2007-06-30": 44.5, "2007-03-31": "-37.80000", "2006-12-31": 91.1, "2006-09-30": -89.5, "2006-06-30": 8.9, "2006-03-31": "-8.20000", "2005-12-31": -169.8, "2005-09-30": -51.4, "2005-06-30": 63.7, "2005-03-31": "8.60000"}, "Net Cash Flow": {"2020-09-30": -565.5, "2020-06-30": -189.9, "2020-03-31": "-190.80000", "2019-12-31": 685.8, "2019-09-30": -116.9, "2019-06-30": -344, "2019-03-31": "-574.70000", "2018-12-31": -13.3, "2018-09-30": -2.1, "2018-06-30": -665.2, "2018-03-31": "-516.80000", "2017-12-31": -158.7, "2017-09-30": -283, "2017-06-30": 137.4, "2017-03-31": "772.40000", "2016-12-31": 3471.9, "2016-09-30": -335, "2016-06-30": 185.9, "2016-03-31": "-231.50000", "2015-12-31": -155.3, "2015-09-30": 124.3, "2015-06-30": -107.9, "2015-03-31": "56.30000", "2014-12-31": 127.3, "2014-09-30": 129.3, "2014-06-30": 91.9, "2014-03-31": "-108.80000", "2013-12-31": 38.9, "2013-09-30": 92.6, "2013-06-30": 31, "2013-03-31": "-105.50000", "2012-12-31": -224.1, "2012-09-30": 290.9, "2012-06-30": -86.3, "2012-03-31": "17.60000", "2011-12-31": 7.6, "2011-09-30": -91.6, "2011-06-30": 51.2, "2011-03-31": "61.30000", "2010-12-31": -196.6, "2010-09-30": 108.3, "2010-06-30": 34.8, "2010-03-31": "-91.70000", "2009-12-31": 63.3, "2009-09-30": 141.2, "2009-06-30": -155.3, "2009-03-31": "71.40000", "2008-12-31": 34.1, "2008-09-30": 27.8, "2008-06-30": 19.4, "2008-03-31": "129.30000", "2007-12-31": -110.4, "2007-09-30": 72.5, "2007-06-30": 81.7, "2007-03-31": "6.20000", "2006-12-31": 302.3, "2006-09-30": -54.7, "2006-06-30": 6.7, "2006-03-31": "-46.20000", "2005-12-31": 49.3, "2005-09-30": 54.2, "2005-06-30": 13, "2005-03-31": "-51.70000"}, "Stock-Based Compensation": {"2020-09-30": 6.8, "2020-06-30": 17.9, "2020-03-31": "18.30000", "2019-12-31": 9.1, "2019-09-30": 16.6, "2019-06-30": 16.7, "2019-03-31": "20.90000", "2018-12-31": -4.7, "2018-09-30": 11.2, "2018-06-30": 8.5, "2018-03-31": "7.40000", "2017-12-31": -11.8, "2017-09-30": 14.3, "2017-06-30": 8.1, "2017-03-31": "8.10000", "2016-12-31": 11.5, "2016-09-30": 6.7, "2016-06-30": 3.2, "2016-03-31": "6.00000", "2015-12-31": -10.7, "2015-09-30": 20.2, "2015-06-30": 21.1, "2015-03-31": "26.60000", "2014-12-31": 36.2, "2014-09-30": 13.4, "2014-06-30": 16.6, "2014-03-31": "23.10000", "2013-12-31": 21.6, "2013-09-30": 23, "2013-06-30": 23.9, "2013-03-31": "25.00000", "2012-12-31": 33.8, "2012-09-30": 30, "2012-06-30": 24.1, "2012-03-31": "22.50000", "2011-12-31": 27.2, "2011-09-30": 16.2, "2011-06-30": 16.9, "2011-03-31": "17.50000", "2010-12-31": 16.8, "2010-09-30": 16, "2010-06-30": 13.7, "2010-03-31": "19.50000", "2009-12-31": 17.4, "2009-09-30": 20.8, "2009-06-30": 17.3, "2009-03-31": "23.40000", "2008-12-31": 19, "2008-09-30": 5.8, "2008-06-30": 19.7, "2008-03-31": "12.50000", "2007-12-31": 13.4, "2007-09-30": 13, "2007-06-30": 16, "2007-03-31": "14.10000", "2006-12-31": 14, "2006-09-30": 11.1, "2006-06-30": 14.7, "2006-03-31": "12.20000", "2005-12-31": 9.9, "2005-09-30": 10.6, "2005-06-30": 10.8, "2005-03-31": "9.70000"}, "Common Stock Dividends Paid": {"2020-09-30": 0, "2020-06-30": -59.2, "2020-03-31": "", "2019-12-31": -58.1, "2019-09-30": -58.1, "2019-06-30": -116.6, "2019-03-31": "", "2018-12-31": -58.9, "2018-09-30": -59, "2018-06-30": -120.2, "2018-03-31": "", "2017-12-31": -60.6, "2017-09-30": 0, "2017-06-30": 0, "2017-03-31": "", "2016-12-31": 0.9, "2016-09-30": -0.1, "2016-06-30": -112.3, "2016-03-31": "", "2015-12-31": -98.7, "2015-09-30": 0, "2015-06-30": 0, "2015-03-31": "", "2014-12-31": 0, "2014-09-30": 0, "2014-06-30": 0, "2014-03-31": "", "2013-12-31": 0, "2013-09-30": 0, "2013-06-30": 0, "2013-03-31": "", "2012-12-31": 0, "2012-09-30": 0, "2012-06-30": 0, "2012-03-31": "", "2011-12-31": 0, "2011-09-30": 0, "2011-06-30": 0, "2011-03-31": "", "2010-12-31": 0, "2010-09-30": 0, "2010-06-30": 0, "2010-03-31": "", "2009-12-31": 0, "2009-09-30": 0, "2009-06-30": 0, "2009-03-31": "", "2008-12-31": 0, "2008-09-30": 0, "2008-06-30": 0, "2008-03-31": "", "2007-12-31": 0, "2007-09-30": 0, "2007-06-30": 0, "2007-03-31": "", "2006-12-31": 0, "2006-09-30": 0, "2006-06-30": 0, "2006-03-31": "", "2005-12-31": 0, "2005-09-30": 0, "2005-06-30": 0, "2005-03-31": ""}}, "financial ratios": {"Current Ratio": {"2019-12-31": "1.17240", "2018-12-31": "1.28910", "2017-12-31": "1.32020", "2016-12-31": "1.00440", "2015-12-31": "1.70490", "2014-12-31": "1.59380", "2013-12-31": "1.53860", "2012-12-31": "1.77040", "2011-12-31": "1.24860", "2010-12-31": "1.56830", "2009-12-31": "1.31790", "2008-12-31": "1.24190", "2007-12-31": "1.24280", "2006-12-31": "1.39970", "2005-12-31": "1.35270"}, "Long-term Debt / Capital": {"2019-12-31": "0.34110", "2018-12-31": "0.28420", "2017-12-31": "0.21980", "2016-12-31": "0.27040", "2015-12-31": "0.30840", "2014-12-31": "0.34300", "2013-12-31": "0.36270", "2012-12-31": "0.46030", "2011-12-31": "0.02440", "2010-12-31": "0.20980", "2009-12-31": "0.26050", "2008-12-31": "0.40320", "2007-12-31": "0.10670", "2006-12-31": "0.19350", "2005-12-31": "0.26530"}, "Debt/Equity Ratio": {"2019-12-31": "0.58210", "2018-12-31": "0.40350", "2017-12-31": "0.28750", "2016-12-31": "0.50610", "2015-12-31": "0.45450", "2014-12-31": "0.52690", "2013-12-31": "0.58740", "2012-12-31": "0.88540", "2011-12-31": "0.43370", "2010-12-31": "0.27470", "2009-12-31": "0.37790", "2008-12-31": "0.70850", "2007-12-31": "0.12660", "2006-12-31": "0.24650", "2005-12-31": "0.36580"}, "Gross Margin": {"2019-12-31": "18.33380", "2018-12-31": "18.16230", "2017-12-31": "16.81820", "2016-12-31": "17.06160", "2015-12-31": "13.04750", "2014-12-31": "24.52220", "2013-12-31": "21.81810", "2012-12-31": "21.43410", "2011-12-31": "22.21610", "2010-12-31": "25.48960", "2009-12-31": "22.03890", "2008-12-31": "20.38720", "2007-12-31": "19.92380", "2006-12-31": "18.70760", "2005-12-31": "19.15030"}, "Operating Margin": {"2019-12-31": "-11.38560", "2018-12-31": "-7.30990", "2017-12-31": "6.41030", "2016-12-31": "4.95670", "2015-12-31": "2.38500", "2014-12-31": "14.51410", "2013-12-31": "10.49090", "2012-12-31": "9.83190", "2011-12-31": "11.02960", "2010-12-31": "13.37020", "2009-12-31": "12.03300", "2008-12-31": "11.66360", "2007-12-31": "10.29350", "2006-12-31": "8.28020", "2005-12-31": "6.22790"}, "EBIT Margin": {"2019-12-31": "-11.38560", "2018-12-31": "-7.30990", "2017-12-31": "6.41030", "2016-12-31": "4.95670", "2015-12-31": "2.38500", "2014-12-31": "14.51410", "2013-12-31": "10.49090", "2012-12-31": "9.83190", "2011-12-31": "11.02960", "2010-12-31": "13.37020", "2009-12-31": "12.03300", "2008-12-31": "11.66360", "2007-12-31": "10.29350", "2006-12-31": "8.28020", "2005-12-31": "6.22790"}, "EBITDA Margin": {"2019-12-31": "-7.58510", "2018-12-31": "-2.92520", "2017-12-31": "10.49290", "2016-12-31": "8.22540", "2015-12-31": "5.33740", "2014-12-31": "17.44140", "2013-12-31": "13.43490", "2012-12-31": "12.20860", "2011-12-31": "13.14380", "2010-12-31": "15.82560", "2009-12-31": "14.14400", "2008-12-31": "13.25890", "2007-12-31": "11.98720", "2006-12-31": "9.92320", "2005-12-31": "8.31030"}, "Pre-Tax Profit Margin": {"2019-12-31": "-15.92800", "2018-12-31": "-11.85460", "2017-12-31": "4.51420", "2016-12-31": "5.99370", "2015-12-31": "1.31190", "2014-12-31": "13.42510", "2013-12-31": "10.09230", "2012-12-31": "9.77340", "2011-12-31": "10.84130", "2010-12-31": "13.03810", "2009-12-31": "11.75600", "2008-12-31": "11.12530", "2007-12-31": "10.85810", "2006-12-31": "7.72450", "2005-12-31": "6.73000"}, "Net Profit Margin": {"2019-12-31": "-18.01170", "2018-12-31": "-15.30800", "2017-12-31": "0.75250", "2016-12-31": "4.27520", "2015-12-31": "0.12550", "2014-12-31": "8.81200", "2013-12-31": "7.03600", "2012-12-31": "6.99030", "2011-12-31": "7.84080", "2010-12-31": "9.10170", "2009-12-31": "8.21260", "2008-12-31": "7.93910", "2007-12-31": "8.29840", "2006-12-31": "9.47730", "2005-12-31": "3.41490"}, "Asset Turnover": {"2019-12-31": "0.57010", "2018-12-31": "0.50650", "2017-12-31": "0.53270", "2016-12-31": "0.49250", "2015-12-31": "1.78710", "2014-12-31": "1.10740", "2013-12-31": "1.07880", "2012-12-31": "1.04210", "2011-12-31": "1.19390", "2010-12-31": "1.13210", "2009-12-31": "1.23870", "2008-12-31": "1.27090", "2007-12-31": "1.13630", "2006-12-31": "1.17190", "2005-12-31": "1.48260"}, "Inventory Turnover Ratio": {"2019-12-31": "7.73350", "2018-12-31": "8.21050", "2017-12-31": "12.68960", "2016-12-31": "22.79650", "2015-12-31": "13.05470", "2014-12-31": "5.87040", "2013-12-31": "5.68280", "2012-12-31": "5.00770", "2011-12-31": "5.56890", "2010-12-31": "5.42630", "2009-12-31": "5.80350", "2008-12-31": "6.47790", "2007-12-31": "5.47990", "2006-12-31": "4.05540", "2005-12-31": "5.69490"}, "Receiveable Turnover": {"2019-12-31": "5.25500", "2018-12-31": "4.55810", "2017-12-31": "8.26670", "2016-12-31": "5.30390", "2015-12-31": "12.97730", "2014-12-31": "3.69350", "2013-12-31": "3.44730", "2012-12-31": "3.44980", "2011-12-31": "3.74160", "2010-12-31": "3.60440", "2009-12-31": "4.96050", "2008-12-31": "4.51080", "2007-12-31": "4.70400", "2006-12-31": "3.24620", "2005-12-31": "4.36740"}, "Days Sales In Receivables": {"2019-12-31": "69.45810", "2018-12-31": "80.07790", "2017-12-31": "44.15320", "2016-12-31": "68.81740", "2015-12-31": "28.12610", "2014-12-31": "98.82100", "2013-12-31": "105.88080", "2012-12-31": "105.80220", "2011-12-31": "97.55290", "2010-12-31": "101.26500", "2009-12-31": "73.58160", "2008-12-31": "80.91770", "2007-12-31": "77.59340", "2006-12-31": "112.43960", "2005-12-31": "83.57290"}, "ROE - Return On Equity": {"2019-12-31": "-31.37450", "2018-12-31": "-18.39270", "2017-12-31": "1.00080", "2016-12-31": "7.35710", "2015-12-31": "0.55050", "2014-12-31": "28.46590", "2013-12-31": "21.68390", "2012-12-31": "23.46210", "2011-12-31": "28.06570", "2010-12-31": "28.60920", "2009-12-31": "32.63180", "2008-12-31": "50.70850", "2007-12-31": "25.61420", "2006-12-31": "18.34090", "2005-12-31": "18.89920"}, "Return On Tangible Equity": {"2019-12-31": "-240.44040", "2018-12-31": "-119.08260", "2017-12-31": "4.26600", "2016-12-31": "32.21070", "2015-12-31": "0.81300", "2014-12-31": "43.77750", "2013-12-31": "35.17320", "2012-12-31": "47.88020", "2011-12-31": "38.65310", "2010-12-31": "41.70890", "2009-12-31": "53.00220", "2008-12-31": "70.88840", "2007-12-31": "32.94720", "2006-12-31": "23.26080", "2005-12-31": "25.25790"}, "ROA - Return On Assets": {"2019-12-31": "-10.25610", "2018-12-31": "-7.70970", "2017-12-31": "0.47480", "2016-12-31": "1.98670", "2015-12-31": "0.21810", "2014-12-31": "9.83390", "2013-12-31": "7.66930", "2012-12-31": "7.36590", "2011-12-31": "9.44740", "2010-12-31": "10.38090", "2009-12-31": "10.20130", "2008-12-31": "9.89420", "2007-12-31": "8.14990", "2006-12-31": "6.53190", "2005-12-31": "6.30850"}, "ROI - Return On Investment": {"2019-12-31": "-20.67260", "2018-12-31": "-13.16600", "2017-12-31": "0.78080", "2016-12-31": "5.36780", "2015-12-31": "0.38070", "2014-12-31": "18.70130", "2013-12-31": "13.81850", "2012-12-31": "12.66310", "2011-12-31": "27.38010", "2010-12-31": "22.60670", "2009-12-31": "24.13200", "2008-12-31": "30.26390", "2007-12-31": "22.87990", "2006-12-31": "14.79160", "2005-12-31": "13.88510"}, "Book Value Per Share": {"2019-12-31": "17.19550", "2018-12-31": "23.06080", "2017-12-31": "28.83120", "2016-12-31": "42.42310", "2015-12-31": "", "2014-12-31": "10.70280", "2013-12-31": "9.90800", "2012-12-31": "7.81610", "2011-12-31": "6.04580", "2010-12-31": "5.51880", "2009-12-31": "4.56400", "2008-12-31": "2.79700", "2007-12-31": "3.95090", "2006-12-31": "3.29370", "2005-12-31": "2.56790"}, "Operating Cash Flow Per Share": {"2019-12-31": 2.2988, "2018-12-31": -0.8547, "2017-12-31": -3.4973, "2016-12-31": -1.554, "2015-12-31": 1.7338, "2014-12-31": 0.4408, "2013-12-31": 2.7521, "2012-12-31": -0.1031, "2011-12-31": -0.1186, "2010-12-31": -1.5686, "2009-12-31": 1.3987, "2008-12-31": -1.2159, "2007-12-31": 1.6068, "2006-12-31": 0.6825, "2005-12-31": -0.1073}, "Free Cash Flow Per Share": {"2019-12-31": 2.063, "2018-12-31": -1.1006, "2017-12-31": -1.8247, "2016-12-31": -1.3977, "2015-12-31": 1.0967, "2014-12-31": 0.0474, "2013-12-31": 3.1089, "2012-12-31": -0.6559, "2011-12-31": -0.7902, "2010-12-31": -1.6522, "2009-12-31": 1.6593, "2008-12-31": -1.4032, "2007-12-31": 1.5727, "2006-12-31": 0.2749, "2005-12-31": -0.1013}}, "financial ratios, quarterly": {"Current Ratio": {"2020-09-30": "1.10150", "2020-06-30": "1.16000", "2020-03-31": "1.13590", "2019-12-31": "1.17240", "2019-09-30": "1.17000", "2019-06-30": "1.18030", "2019-03-31": "1.16860", "2018-12-31": "1.28910", "2018-09-30": "1.32870", "2018-06-30": "1.29310", "2018-03-31": "1.28260", "2017-12-31": "1.32020", "2017-09-30": "1.22050", "2017-06-30": "1.21150", "2017-03-31": "1.17200", "2016-12-31": "1.00440", "2016-09-30": "2.12780", "2016-06-30": "2.07260", "2016-03-31": "1.87500", "2015-12-31": "1.70490", "2015-09-30": "1.76930", "2015-06-30": "1.69190", "2015-03-31": "1.69380", "2014-12-31": "1.59380", "2014-09-30": "1.63200", "2014-06-30": "1.63790", "2014-03-31": "1.56800", "2013-12-31": "1.53860", "2013-09-30": "1.69430", "2013-06-30": "1.66850", "2013-03-31": "1.81300", "2012-12-31": "1.77040", "2012-09-30": "1.95900", "2012-06-30": "1.69490", "2012-03-31": "1.73270", "2011-12-31": "1.24860", "2011-09-30": "1.66360", "2011-06-30": "1.69590", "2011-03-31": "1.67060", "2010-12-31": "1.56830", "2010-09-30": "1.65450", "2010-06-30": "1.67160", "2010-03-31": "1.45870", "2009-12-31": "1.31790", "2009-09-30": "1.32250", "2009-06-30": "1.27570", "2009-03-31": "1.29290", "2008-12-31": "1.24190", "2008-09-30": "1.27350", "2008-06-30": "1.27240", "2008-03-31": "1.20650", "2007-12-31": "1.24280", "2007-09-30": "1.30200", "2007-06-30": "1.34350", "2007-03-31": "1.44020", "2006-12-31": "1.39970", "2006-09-30": "1.35480", "2006-06-30": "1.42990", "2006-03-31": "1.37630", "2005-12-31": "1.35270", "2005-09-30": "1.35440", "2005-06-30": "1.30560", "2005-03-31": "1.21310"}, "Long-term Debt / Capital": {"2020-09-30": "0.43410", "2020-06-30": "0.48820", "2020-03-31": "0.48350", "2019-12-31": "0.34110", "2019-09-30": "0.26280", "2019-06-30": "0.26280", "2019-03-31": "0.26420", "2018-12-31": "0.28420", "2018-09-30": "0.23850", "2018-06-30": "0.22550", "2018-03-31": "0.21950", "2017-12-31": "0.21980", "2017-09-30": "0.18750", "2017-06-30": "0.19590", "2017-03-31": "0.18720", "2016-12-31": "0.27040", "2016-09-30": "0.31610", "2016-06-30": "0.32940", "2016-03-31": "0.31740", "2015-12-31": "0.30840", "2015-09-30": "0.33320", "2015-06-30": "0.32780", "2015-03-31": "0.34400", "2014-12-31": "0.34300", "2014-09-30": "0.33340", "2014-06-30": "0.32730", "2014-03-31": "0.35410", "2013-12-31": "0.36270", "2013-09-30": "0.42310", "2013-06-30": "0.43380", "2013-03-31": "0.46380", "2012-12-31": "0.46030", "2012-09-30": "0.46060", "2012-06-30": "0.40850", "2012-03-31": "0.31190", "2011-12-31": "0.02440", "2011-09-30": "0.25590", "2011-06-30": "0.22920", "2011-03-31": "0.22270", "2010-12-31": "0.20980", "2010-09-30": "0.31050", "2010-06-30": "0.34100", "2010-03-31": "0.28980", "2009-12-31": "0.26050", "2009-09-30": "0.23350", "2009-06-30": "0.25120", "2009-03-31": "0.39030", "2008-12-31": "0.40320", "2008-09-30": "0.29250", "2008-06-30": "0.20970", "2008-03-31": "0.16660", "2007-12-31": "0.10670", "2007-09-30": "0.23580", "2007-06-30": "0.29570", "2007-03-31": "0.29190", "2006-12-31": "0.19350", "2006-09-30": "0.20300", "2006-06-30": "0.23950", "2006-03-31": "0.25890", "2005-12-31": "0.26530", "2005-09-30": "0.20950", "2005-06-30": "0.26930", "2005-03-31": "0.20110"}, "Debt/Equity Ratio": {"2020-09-30": "0.91180", "2020-06-30": "1.07940", "2020-03-31": "1.07980", "2019-12-31": "0.58210", "2019-09-30": "0.38600", "2019-06-30": "0.36430", "2019-03-31": "0.37920", "2018-12-31": "0.40350", "2018-09-30": "0.31940", "2018-06-30": "0.29720", "2018-03-31": "0.28780", "2017-12-31": "0.28750", "2017-09-30": "0.26530", "2017-06-30": "0.27840", "2017-03-31": "0.26770", "2016-12-31": "0.50610", "2016-09-30": "0.46920", "2016-06-30": "0.50160", "2016-03-31": "0.47400", "2015-12-31": "0.45450", "2015-09-30": "0.51300", "2015-06-30": "0.49190", "2015-03-31": "0.53040", "2014-12-31": "0.52690", "2014-09-30": "0.50380", "2014-06-30": "0.49430", "2014-03-31": "0.56180", "2013-12-31": "0.58740", "2013-09-30": "0.75020", "2013-06-30": "0.78400", "2013-03-31": "0.89080", "2012-12-31": "0.88540", "2012-09-30": "0.87570", "2012-06-30": "0.75400", "2012-03-31": "0.47150", "2011-12-31": "0.43370", "2011-09-30": "0.34910", "2011-06-30": "0.30170", "2011-03-31": "0.29150", "2010-12-31": "0.27470", "2010-09-30": "0.45960", "2010-06-30": "0.53040", "2010-03-31": "0.41700", "2009-12-31": "0.37790", "2009-09-30": "0.31400", "2009-06-30": "0.36300", "2009-03-31": "0.66070", "2008-12-31": "0.70850", "2008-09-30": "0.42900", "2008-06-30": "0.27660", "2008-03-31": "0.20790", "2007-12-31": "0.12660", "2007-09-30": "0.41960", "2007-06-30": "0.50860", "2007-03-31": "0.41780", "2006-12-31": "0.24650", "2006-09-30": "0.26060", "2006-06-30": "0.32020", "2006-03-31": "0.35540", "2005-12-31": "0.36580", "2005-09-30": "0.26860", "2005-06-30": "0.37670", "2005-03-31": "0.25490"}, "Gross Margin": {"2020-09-30": "13.79320", "2020-06-30": "16.38440", "2020-03-31": "13.69200", "2019-12-31": "17.69880", "2019-09-30": "18.25130", "2019-06-30": "20.06290", "2019-03-31": "17.20220", "2018-12-31": "16.71080", "2018-09-30": "18.61760", "2018-06-30": "18.19380", "2018-03-31": "19.21800", "2017-12-31": "20.87700", "2017-09-30": "16.24530", "2017-06-30": "17.76330", "2017-03-31": "12.03370", "2016-12-31": "5.11860", "2016-09-30": "18.71870", "2016-06-30": "18.70910", "2016-03-31": "16.62720", "2015-12-31": "5.79420", "2015-09-30": "24.01940", "2015-06-30": "23.48990", "2015-03-31": "24.33930", "2014-12-31": "25.60060", "2014-09-30": "25.14800", "2014-06-30": "24.06190", "2014-03-31": "23.07060", "2013-12-31": "23.80600", "2013-09-30": "21.49610", "2013-06-30": "20.94970", "2013-03-31": "20.58320", "2012-12-31": "21.24500", "2012-09-30": "22.54400", "2012-06-30": "21.04490", "2012-03-31": "20.97240", "2011-12-31": "20.73310", "2011-09-30": "23.85020", "2011-06-30": "22.40930", "2011-03-31": "22.10930", "2010-12-31": "24.88210", "2010-09-30": "24.68750", "2010-06-30": "26.26170", "2010-03-31": "26.11630", "2009-12-31": "22.56510", "2009-09-30": "23.21760", "2009-06-30": "22.43160", "2009-03-31": "19.82910", "2008-12-31": "20.47130", "2008-09-30": "21.23090", "2008-06-30": "20.69430", "2008-03-31": "19.02700", "2007-12-31": "16.76050", "2007-09-30": "19.88860", "2007-06-30": "20.34810", "2007-03-31": "21.52110", "2006-12-31": "7.51440", "2006-09-30": "20.80110", "2006-06-30": "19.44800", "2006-03-31": "21.65500", "2005-12-31": "7.31840", "2005-09-30": "17.57510", "2005-06-30": "17.16920", "2005-03-31": "14.46600"}, "Operating Margin": {"2020-09-30": "2.41930", "2020-06-30": "3.29590", "2020-03-31": "-100.18210", "2019-12-31": "-56.05880", "2019-09-30": "3.42120", "2019-06-30": "9.13170", "2019-03-31": "4.62750", "2018-12-31": "-48.76010", "2018-09-30": "8.90960", "2018-06-30": "6.19070", "2018-03-31": "7.65710", "2017-12-31": "8.03420", "2017-09-30": "6.48650", "2017-06-30": "9.23020", "2017-03-31": "1.35180", "2016-12-31": "5.11860", "2016-09-30": "10.75470", "2016-06-30": "8.18820", "2016-03-31": "8.16390", "2015-12-31": "5.79420", "2015-09-30": "7.94820", "2015-06-30": "11.09010", "2015-03-31": "11.71540", "2014-12-31": "13.89480", "2014-09-30": "14.92890", "2014-06-30": "17.39280", "2014-03-31": "11.66410", "2013-12-31": "13.38020", "2013-09-30": "10.29860", "2013-06-30": "9.16330", "2013-03-31": "8.47510", "2012-12-31": "10.29930", "2012-09-30": "9.66880", "2012-06-30": "9.90700", "2012-03-31": "9.30120", "2011-12-31": "9.62340", "2011-09-30": "13.45560", "2011-06-30": "11.17620", "2011-03-31": "9.92700", "2010-12-31": "12.36850", "2010-09-30": "11.64580", "2010-06-30": "14.46910", "2010-03-31": "14.93860", "2009-12-31": "11.75660", "2009-09-30": "12.97320", "2009-06-30": "13.14550", "2009-03-31": "10.19940", "2008-12-31": "11.65050", "2008-09-30": "12.85920", "2008-06-30": "11.72230", "2008-03-31": "10.31630", "2007-12-31": "13.68040", "2007-09-30": "9.84760", "2007-06-30": "9.50390", "2007-03-31": "9.40970", "2006-12-31": "7.51440", "2006-09-30": "8.59110", "2006-06-30": "7.53270", "2006-03-31": "8.64990", "2005-12-31": "7.31840", "2005-09-30": "4.21340", "2005-06-30": "4.24620", "2005-03-31": "-0.48420"}, "EBIT Margin": {"2020-09-30": "2.41930", "2020-06-30": "3.29590", "2020-03-31": "-100.18210", "2019-12-31": "-56.05880", "2019-09-30": "3.42120", "2019-06-30": "9.13170", "2019-03-31": "4.62750", "2018-12-31": "-48.76010", "2018-09-30": "8.90960", "2018-06-30": "6.19070", "2018-03-31": "7.65710", "2017-12-31": "8.03420", "2017-09-30": "6.48650", "2017-06-30": "9.23020", "2017-03-31": "1.35180", "2016-12-31": "5.11860", "2016-09-30": "10.75470", "2016-06-30": "8.18820", "2016-03-31": "8.16390", "2015-12-31": "5.79420", "2015-09-30": "7.94820", "2015-06-30": "11.09010", "2015-03-31": "11.71540", "2014-12-31": "13.89480", "2014-09-30": "14.92890", "2014-06-30": "17.39280", "2014-03-31": "11.66410", "2013-12-31": "13.38020", "2013-09-30": "10.29860", "2013-06-30": "9.16330", "2013-03-31": "8.47510", "2012-12-31": "10.29930", "2012-09-30": "9.66880", "2012-06-30": "9.90700", "2012-03-31": "9.30120", "2011-12-31": "9.62350", "2011-09-30": "13.45560", "2011-06-30": "11.17620", "2011-03-31": "9.92700", "2010-12-31": "12.36850", "2010-09-30": "11.64580", "2010-06-30": "14.46910", "2010-03-31": "14.93860", "2009-12-31": "11.75660", "2009-09-30": "12.97320", "2009-06-30": "13.14550", "2009-03-31": "10.19940", "2008-12-31": "11.65050", "2008-09-30": "12.85920", "2008-06-30": "11.72230", "2008-03-31": "10.31630", "2007-12-31": "13.68040", "2007-09-30": "9.84760", "2007-06-30": "9.50390", "2007-03-31": "9.40970", "2006-12-31": "7.51440", "2006-09-30": "8.59110", "2006-06-30": "7.53270", "2006-03-31": "8.64990", "2005-12-31": "7.31840", "2005-09-30": "4.21340", "2005-06-30": "4.24620", "2005-03-31": "-0.48420"}, "EBITDA Margin": {"2020-09-30": "", "2020-06-30": "", "2020-03-31": "", "2019-12-31": "", "2019-09-30": "", "2019-06-30": "", "2019-03-31": "", "2018-12-31": "", "2018-09-30": "", "2018-06-30": "", "2018-03-31": "", "2017-12-31": "", "2017-09-30": "", "2017-06-30": "", "2017-03-31": "", "2016-12-31": "", "2016-09-30": "", "2016-06-30": "", "2016-03-31": "", "2015-12-31": "", "2015-09-30": "", "2015-06-30": "", "2015-03-31": "", "2014-12-31": "", "2014-09-30": "", "2014-06-30": "", "2014-03-31": "", "2013-12-31": "", "2013-09-30": "", "2013-06-30": "", "2013-03-31": "", "2012-12-31": "", "2012-09-30": "", "2012-06-30": "", "2012-03-31": "", "2011-12-31": "", "2011-09-30": "", "2011-06-30": "", "2011-03-31": "", "2010-12-31": "", "2010-09-30": "", "2010-06-30": "", "2010-03-31": "", "2009-12-31": "", "2009-09-30": "", "2009-06-30": "", "2009-03-31": "", "2008-12-31": "", "2008-09-30": "", "2008-06-30": "", "2008-03-31": "", "2007-12-31": "", "2007-09-30": "", "2007-06-30": "", "2007-03-31": "", "2006-12-31": "", "2006-09-30": "", "2006-06-30": "", "2006-03-31": "", "2005-12-31": "", "2005-09-30": "", "2005-06-30": "", "2005-03-31": ""}, "Pre-Tax Profit Margin": {"2020-09-30": "0.86640", "2020-06-30": "1.04480", "2020-03-31": "-102.48220", "2019-12-31": "-60.38690", "2019-09-30": "-1.02550", "2019-06-30": "3.33700", "2019-03-31": "1.17750", "2018-12-31": "-60.32200", "2018-09-30": "6.39040", "2018-06-30": "5.90360", "2018-03-31": "4.50210", "2017-12-31": "4.56960", "2017-09-30": "5.54470", "2017-06-30": "6.37710", "2017-03-31": "1.08030", "2016-12-31": "4.98120", "2016-09-30": "17.01390", "2016-06-30": "4.60660", "2016-03-31": "6.92110", "2015-12-31": "3.62220", "2015-09-30": "6.60190", "2015-06-30": "9.66850", "2015-03-31": "10.91320", "2014-12-31": "12.37360", "2014-09-30": "13.18360", "2014-06-30": "16.89420", "2014-03-31": "11.15440", "2013-12-31": "13.17020", "2013-09-30": "9.81150", "2013-06-30": "8.65980", "2013-03-31": "8.04370", "2012-12-31": "9.64200", "2012-09-30": "9.54900", "2012-06-30": "10.55590", "2012-03-31": "9.33700", "2011-12-31": "9.28360", "2011-09-30": "13.00500", "2011-06-30": "11.20870", "2011-03-31": "10.01020", "2010-12-31": "12.13280", "2010-09-30": "11.83330", "2010-06-30": "13.94570", "2010-03-31": "14.21500", "2009-12-31": "11.47220", "2009-09-30": "12.25650", "2009-06-30": "13.78870", "2009-03-31": "9.42070", "2008-12-31": "10.63810", "2008-09-30": "12.22950", "2008-06-30": "11.77320", "2008-03-31": "9.75870", "2007-12-31": "15.65040", "2007-09-30": "11.12120", "2007-06-30": "9.28630", "2007-03-31": "9.33840", "2006-12-31": "7.27290", "2006-09-30": "8.55880", "2006-06-30": "7.24820", "2006-03-31": "8.39580", "2005-12-31": "6.97650", "2005-09-30": "7.22850", "2005-06-30": "4.33230", "2005-03-31": "-0.38150"}, "Net Profit Margin": {"2020-09-30": "-0.11690", "2020-06-30": "0.37040", "2020-03-31": "-104.01880", "2019-12-31": "-64.77410", "2019-09-30": "-3.57110", "2019-06-30": "2.82450", "2019-03-31": "0.71750", "2018-12-31": "-67.98980", "2018-09-30": "4.35460", "2018-06-30": "3.56990", "2018-03-31": "3.04300", "2017-12-31": "-4.17870", "2017-09-30": "2.92210", "2017-06-30": "4.28870", "2017-03-31": "-0.55190", "2016-12-31": "-1.02550", "2016-09-30": "12.72890", "2016-06-30": "4.38730", "2016-03-31": "5.01730", "2015-12-31": "3.89550", "2015-09-30": "5.30740", "2015-06-30": "6.36500", "2015-03-31": "8.70690", "2014-12-31": "7.81930", "2014-09-30": "8.59010", "2014-06-30": "11.39880", "2014-03-31": "7.41070", "2013-12-31": "8.68250", "2013-09-30": "6.72660", "2013-06-30": "6.15960", "2013-03-31": "6.22110", "2012-12-31": "6.54030", "2012-09-30": "6.96970", "2012-06-30": "7.48550", "2012-03-31": "7.07430", "2011-12-31": "6.61110", "2011-09-30": "9.40800", "2011-06-30": "7.67040", "2011-03-31": "7.87500", "2010-12-31": "9.00440", "2010-09-30": "8.43750", "2010-06-30": "9.50120", "2010-03-31": "9.42590", "2009-12-31": "8.03310", "2009-09-30": "8.41600", "2009-06-30": "9.60320", "2009-03-31": "6.74260", "2008-12-31": "7.57610", "2008-09-30": "7.33420", "2008-06-30": "8.98060", "2008-03-31": "7.83580", "2007-12-31": "14.07130", "2007-09-30": "8.94930", "2007-06-30": "6.33590", "2007-03-31": "6.24940", "2006-12-31": "9.54860", "2006-09-30": "6.55070", "2006-06-30": "6.90050", "2006-03-31": "5.68590", "2005-12-31": "3.31200", "2005-09-30": "5.88840", "2005-06-30": "3.61850", "2005-03-31": ""}, "Asset Turnover": {"2020-09-30": "0.17640", "2020-06-30": "0.16120", "2020-03-31": "0.15710", "2019-12-31": "0.15850", "2019-09-30": "0.13460", "2019-06-30": "0.13460", "2019-03-31": "0.11370", "2018-12-31": "0.13410", "2018-09-30": "0.11790", "2018-06-30": "0.10940", "2018-03-31": "0.10950", "2017-12-31": "0.13030", "2017-09-30": "0.13980", "2017-06-30": "0.13020", "2017-03-31": "0.11440", "2016-12-31": "0.05850", "2016-09-30": "0.39840", "2016-06-30": "0.38480", "2016-03-31": "0.38110", "2015-12-31": "0.22230", "2015-09-30": "0.23020", "2015-06-30": "0.24590", "2015-03-31": "0.24320", "2014-12-31": "0.30060", "2014-09-30": "0.28100", "2014-06-30": "0.29390", "2014-03-31": "0.27120", "2013-12-31": "0.31000", "2013-09-30": "0.26840", "2013-06-30": "0.27920", "2013-03-31": "0.27090", "2012-12-31": "0.31190", "2012-09-30": "0.25630", "2012-06-30": "0.29820", "2012-03-31": "0.30990", "2011-12-31": "0.35130", "2011-09-30": "0.31700", "2011-06-30": "0.29270", "2011-03-31": "0.27800", "2010-12-31": "0.30260", "2010-09-30": "0.26500", "2010-06-30": "0.30320", "2010-03-31": "0.31200", "2009-12-31": "0.32620", "2009-09-30": "0.31720", "2009-06-30": "0.34460", "2009-03-31": "0.30370", "2008-12-31": "0.33650", "2008-09-30": "0.34180", "2008-06-30": "0.30210", "2008-03-31": "0.27970", "2007-12-31": "0.19920", "2007-09-30": "0.27550", "2007-06-30": "0.38630", "2007-03-31": "0.37810", "2006-12-31": "0.43280", "2006-09-30": "0.39660", "2006-06-30": "0.41610", "2006-03-31": "0.37910", "2005-12-31": "0.44670", "2005-09-30": "0.39110", "2005-06-30": "0.41910", "2005-03-31": "0.36340"}, "Inventory Turnover Ratio": {"2020-09-30": "2.14740", "2020-06-30": "1.92750", "2020-03-31": "2.00500", "2019-12-31": "2.16610", "2019-09-30": "1.93100", "2019-06-30": "1.97920", "2019-03-31": "1.83390", "2018-12-31": "2.21200", "2018-09-30": "2.18490", "2018-06-30": "2.23120", "2018-03-31": "2.43500", "2017-12-31": "2.95250", "2017-09-30": "3.72640", "2017-06-30": "3.51690", "2017-03-31": "3.03030", "2016-12-31": "3.09590", "2016-09-30": "3.00970", "2016-06-30": "2.83800", "2016-03-31": "2.78690", "2015-12-31": "1.75970", "2015-09-30": "1.34240", "2015-06-30": "1.33700", "2015-03-31": "1.26600", "2014-12-31": "1.57090", "2014-09-30": "1.41440", "2014-06-30": "1.46980", "2014-03-31": "1.42690", "2013-12-31": "1.59150", "2013-09-30": "1.28760", "2013-06-30": "1.30820", "2013-03-31": "1.31260", "2012-12-31": "1.50220", "2012-09-30": "1.14100", "2012-06-30": "1.33930", "2012-03-31": "1.40010", "2011-12-31": "1.67000", "2011-09-30": "1.35670", "2011-06-30": "1.37250", "2011-03-31": "1.36690", "2010-12-31": "1.46230", "2010-09-30": "1.32320", "2010-06-30": "1.41970", "2010-03-31": "1.42540", "2009-12-31": "1.51810", "2009-09-30": "1.37130", "2009-06-30": "1.35900", "2009-03-31": "1.39330", "2008-12-31": "1.71360", "2008-09-30": "1.50750", "2008-06-30": "1.19450", "2008-03-31": "1.15200", "2007-12-31": "0.99850", "2007-09-30": "1.00170", "2007-06-30": "1.30970", "2007-03-31": "1.16040", "2006-12-31": "1.70380", "2006-09-30": "1.22510", "2006-06-30": "1.37100", "2006-03-31": "1.22930", "2005-12-31": "1.96670", "2005-09-30": "1.36630", "2005-06-30": "1.60850", "2005-03-31": "1.48650"}, "Receiveable Turnover": {"2020-09-30": "1.38230", "2020-06-30": "1.27990", "2020-03-31": "1.26290", "2019-12-31": "1.46050", "2019-09-30": "1.33930", "2019-06-30": "1.30910", "2019-03-31": "1.12340", "2018-12-31": "1.20660", "2018-09-30": "1.30310", "2018-06-30": "1.16690", "2018-03-31": "1.13110", "2017-12-31": "2.02210", "2017-09-30": "1.32910", "2017-06-30": "1.52400", "2017-03-31": "1.20360", "2016-12-31": "0.62960", "2016-09-30": "3.15540", "2016-06-30": "2.85500", "2016-03-31": "1.63020", "2015-12-31": "1.61460", "2015-09-30": "0.84410", "2015-06-30": "0.87640", "2015-03-31": "0.96770", "2014-12-31": "1.00270", "2014-09-30": "0.87130", "2014-06-30": "0.92820", "2014-03-31": "0.80880", "2013-12-31": "0.99060", "2013-09-30": "0.87360", "2013-06-30": "0.93510", "2013-03-31": "0.85430", "2012-12-31": "1.03240", "2012-09-30": "0.88330", "2012-06-30": "0.93560", "2012-03-31": "1.03530", "2011-12-31": "1.10100", "2011-09-30": "1.02520", "2011-06-30": "1.00300", "2011-03-31": "0.94030", "2010-12-31": "0.96350", "2010-09-30": "0.93240", "2010-06-30": "1.07710", "2010-03-31": "1.14390", "2009-12-31": "1.30640", "2009-09-30": "1.16390", "2009-06-30": "1.14570", "2009-03-31": "1.24370", "2008-12-31": "1.19450", "2008-09-30": "1.21720", "2008-06-30": "1.19540", "2008-03-31": "1.04590", "2007-12-31": "0.82450", "2007-09-30": "0.89390", "2007-06-30": "1.15290", "2007-03-31": "1.11680", "2006-12-31": "1.19880", "2006-09-30": "1.11240", "2006-06-30": "1.20500", "2006-03-31": "1.08210", "2005-12-31": "1.31570", "2005-09-30": "1.18110", "2005-06-30": "1.24730", "2005-03-31": "1.07510"}, "Days Sales In Receivables": {"2020-09-30": "65.11020", "2020-06-30": "70.31600", "2020-03-31": "71.26570", "2019-12-31": "61.62200", "2019-09-30": "67.19980", "2019-06-30": "68.75140", "2019-03-31": "80.11330", "2018-12-31": "74.58920", "2018-09-30": "69.06740", "2018-06-30": "77.12420", "2018-03-31": "79.56930", "2017-12-31": "44.50880", "2017-09-30": "67.71570", "2017-06-30": "59.05360", "2017-03-31": "74.77860", "2016-12-31": "142.94020", "2016-09-30": "28.52250", "2016-06-30": "31.52370", "2016-03-31": "55.20760", "2015-12-31": "55.74160", "2015-09-30": "106.62520", "2015-06-30": "102.69410", "2015-03-31": "92.99970", "2014-12-31": "89.75790", "2014-09-30": "103.29940", "2014-06-30": "96.95870", "2014-03-31": "111.28150", "2013-12-31": "90.85260", "2013-09-30": "103.02640", "2013-06-30": "96.24450", "2013-03-31": "105.35360", "2012-12-31": "87.17420", "2012-09-30": "101.88580", "2012-06-30": "96.19510", "2012-03-31": "86.93260", "2011-12-31": "81.74080", "2011-09-30": "87.78360", "2011-06-30": "89.72910", "2011-03-31": "95.71490", "2010-12-31": "93.41130", "2010-09-30": "96.52500", "2010-06-30": "83.55560", "2010-03-31": "78.68040", "2009-12-31": "68.89240", "2009-09-30": "77.32360", "2009-06-30": "78.55230", "2009-03-31": "72.36750", "2008-12-31": "75.34730", "2008-09-30": "73.94110", "2008-06-30": "75.28650", "2008-03-31": "86.05420", "2007-12-31": "109.15100", "2007-09-30": "100.68460", "2007-06-30": "78.06270", "2007-03-31": "80.58620", "2006-12-31": "75.07800", "2006-09-30": "80.90530", "2006-06-30": "74.68710", "2006-03-31": "83.17330", "2005-12-31": "68.40390", "2005-09-30": "76.20020", "2005-06-30": "72.15510", "2005-03-31": "83.71480"}, "ROE - Return On Equity": {"2020-09-30": "0.15120", "2020-06-30": "0.36640", "2020-03-31": "-79.45800", "2019-12-31": "-31.61120", "2019-09-30": "-1.13890", "2019-06-30": "1.09530", "2019-03-31": "0.19090", "2018-12-31": "-21.62400", "2018-09-30": "1.04650", "2018-06-30": "0.84640", "2018-03-31": "0.68820", "2017-12-31": "-0.95080", "2017-09-30": "0.85900", "2017-06-30": "1.17350", "2017-03-31": "-0.11360", "2016-12-31": "-0.31920", "2016-09-30": "11.19940", "2016-06-30": "3.92560", "2016-03-31": "4.60270", "2015-12-31": "2.20980", "2015-09-30": "3.26860", "2015-06-30": "4.12920", "2015-03-31": "5.96700", "2014-12-31": "6.88540", "2014-09-30": "6.37720", "2014-06-30": "8.59310", "2014-03-31": "5.58670", "2013-12-31": "7.66600", "2013-09-30": "5.58860", "2013-06-30": "5.44560", "2013-03-31": "5.49050", "2012-12-31": "6.55080", "2012-09-30": "5.75540", "2012-06-30": "7.01750", "2012-03-31": "6.33860", "2011-12-31": "6.99030", "2011-09-30": "8.01550", "2011-06-30": "6.10120", "2011-03-31": "5.92060", "2010-12-31": "7.63820", "2010-09-30": "6.44210", "2010-06-30": "8.55500", "2010-03-31": "8.76700", "2009-12-31": "8.34680", "2009-09-30": "9.02480", "2009-06-30": "11.71500", "2009-03-31": "9.56650", "2008-12-31": "13.43920", "2008-09-30": "10.90610", "2008-06-30": "8.64580", "2008-03-31": "6.43380", "2007-12-31": "5.99980", "2007-09-30": "6.87510", "2007-06-30": "8.57610", "2007-03-31": "7.72580", "2006-12-31": "7.35890", "2006-09-30": "6.72590", "2006-06-30": "5.52010", "2006-03-31": "5.78680", "2005-12-31": "3.40240", "2005-09-30": "6.37290", "2005-06-30": "4.43510", "2005-03-31": ""}, "Return On Tangible Equity": {"2020-09-30": "0.86170", "2020-06-30": "2.25660", "2020-03-31": "-565.15780", "2019-12-31": "-242.25460", "2019-09-30": "-8.00190", "2019-06-30": "6.90140", "2019-03-31": "1.22730", "2018-12-31": "-140.00370", "2018-09-30": "5.16590", "2018-06-30": "4.01200", "2018-03-31": "3.07950", "2017-12-31": "-4.05300", "2017-09-30": "3.43020", "2017-06-30": "5.24300", "2017-03-31": "-0.53200", "2016-12-31": "-1.39740", "2016-09-30": "15.51160", "2016-06-30": "5.48950", "2016-03-31": "6.47380", "2015-12-31": "3.26350", "2015-09-30": "4.71210", "2015-06-30": "5.97380", "2015-03-31": "8.84920", "2014-12-31": "10.58900", "2014-09-30": "9.39650", "2014-06-30": "12.85720", "2014-03-31": "8.74660", "2013-12-31": "12.43490", "2013-09-30": "9.84900", "2013-06-30": "10.22660", "2013-03-31": "10.83910", "2012-12-31": "13.36860", "2012-09-30": "10.70520", "2012-06-30": "14.05340", "2012-03-31": "8.48370", "2011-12-31": "9.62740", "2011-09-30": "10.88840", "2011-06-30": "8.36250", "2011-03-31": "8.34470", "2010-12-31": "11.13560", "2010-09-30": "9.63300", "2010-06-30": "13.29490", "2010-03-31": "13.88270", "2009-12-31": "13.55740", "2009-09-30": "11.39240", "2009-06-30": "15.13900", "2009-03-31": "12.99760", "2008-12-31": "18.78750", "2008-09-30": "14.69750", "2008-06-30": "11.45540", "2008-03-31": "8.67870", "2007-12-31": "7.71750", "2007-09-30": "9.48580", "2007-06-30": "12.30820", "2007-03-31": "10.08610", "2006-12-31": "9.33300", "2006-09-30": "8.60650", "2006-06-30": "7.07450", "2006-03-31": "7.67590", "2005-12-31": "4.54720", "2005-09-30": "8.60640", "2005-06-30": "6.14290", "2005-03-31": ""}, "ROA - Return On Assets": {"2020-09-30": "0.03380", "2020-06-30": "0.07810", "2020-03-31": "-16.28750", "2019-12-31": "-10.33340", "2019-09-30": "-0.46530", "2019-06-30": "0.44570", "2019-03-31": "0.07730", "2018-12-31": "-9.06410", "2018-09-30": "0.50340", "2018-06-30": "0.40690", "2018-03-31": "0.32040", "2017-12-31": "-0.45110", "2017-09-30": "0.39790", "2017-06-30": "0.53850", "2017-03-31": "-0.05130", "2016-12-31": "-0.08620", "2016-09-30": "5.05890", "2016-06-30": "1.68480", "2016-03-31": "1.91030", "2015-12-31": "0.87550", "2015-09-30": "1.22930", "2015-06-30": "1.56660", "2015-03-31": "2.12450", "2014-12-31": "2.37870", "2014-09-30": "2.42380", "2014-06-30": "3.37130", "2014-03-31": "2.02910", "2013-12-31": "2.71130", "2013-09-30": "1.82730", "2013-06-30": "1.74120", "2013-03-31": "1.70530", "2012-12-31": "2.05660", "2012-09-30": "1.81520", "2012-06-30": "2.25790", "2012-03-31": "2.21230", "2011-12-31": "2.35310", "2011-09-30": "2.99680", "2011-06-30": "2.27620", "2011-03-31": "2.20210", "2010-12-31": "2.77150", "2010-09-30": "2.23880", "2010-06-30": "2.89840", "2010-03-31": "2.95270", "2009-12-31": "2.60940", "2009-09-30": "2.67550", "2009-06-30": "3.33110", "2009-03-31": "2.06210", "2008-12-31": "2.62220", "2008-09-30": "2.81300", "2008-06-30": "2.53120", "2008-03-31": "1.85270", "2007-12-31": "1.90900", "2007-09-30": "2.04560", "2007-06-30": "2.45420", "2007-03-31": "2.39340", "2006-12-31": "2.62080", "2006-09-30": "2.44910", "2006-06-30": "2.00760", "2006-03-31": "1.97640", "2005-12-31": "1.13570", "2005-09-30": "2.30270", "2005-06-30": "1.51660", "2005-03-31": ""}, "ROI - Return On Investment": {"2020-09-30": "0.08550", "2020-06-30": "0.18750", "2020-03-31": "-41.03960", "2019-12-31": "-20.82860", "2019-09-30": "-0.83960", "2019-06-30": "0.80740", "2019-03-31": "0.14040", "2018-12-31": "-15.47900", "2018-09-30": "0.79680", "2018-06-30": "0.65550", "2018-03-31": "0.53710", "2017-12-31": "-0.74180", "2017-09-30": "0.69800", "2017-06-30": "0.94360", "2017-03-31": "-0.09230", "2016-12-31": "-0.23290", "2016-09-30": "7.65930", "2016-06-30": "2.63260", "2016-03-31": "3.14180", "2015-12-31": "1.52830", "2015-09-30": "2.17950", "2015-06-30": "2.77590", "2015-03-31": "3.91430", "2014-12-31": "4.52350", "2014-09-30": "4.25120", "2014-06-30": "5.78090", "2014-03-31": "3.60820", "2013-12-31": "4.88530", "2013-09-30": "3.22390", "2013-06-30": "3.08330", "2013-03-31": "2.94410", "2012-12-31": "3.53560", "2012-09-30": "3.10420", "2012-06-30": "4.15080", "2012-03-31": "4.36130", "2011-12-31": "6.81960", "2011-09-30": "5.96450", "2011-06-30": "4.70310", "2011-03-31": "4.60230", "2010-12-31": "6.03560", "2010-09-30": "4.44160", "2010-06-30": "5.63770", "2010-03-31": "6.22650", "2009-12-31": "6.17270", "2009-09-30": "6.91730", "2009-06-30": "8.77180", "2009-03-31": "5.83240", "2008-12-31": "8.02080", "2008-09-30": "7.71600", "2008-06-30": "6.83230", "2008-03-31": "5.36190", "2007-12-31": "5.35930", "2007-09-30": "5.25430", "2007-06-30": "6.04000", "2007-03-31": "5.47040", "2006-12-31": "5.93480", "2006-09-30": "5.36080", "2006-06-30": "4.19800", "2006-03-31": "4.28860", "2005-12-31": "2.49970", "2005-09-30": "5.03800", "2005-06-30": "3.24070", "2005-03-31": ""}, "Book Value Per Share": {"2020-09-30": "9.42080", "2020-06-30": "9.29360", "2020-03-31": "9.11180", "2019-12-31": "17.19550", "2019-09-30": "22.64330", "2019-06-30": "23.24840", "2019-03-31": "23.13990", "2018-12-31": "23.06080", "2018-09-30": "28.31600", "2018-06-30": "28.43260", "2018-03-31": "28.73600", "2017-12-31": "28.83120", "2017-09-30": "29.38950", "2017-06-30": "29.00110", "2017-03-31": "28.68020", "2016-12-31": "42.42310", "2016-09-30": "11.93580", "2016-06-30": "11.72070", "2016-03-31": "11.58360", "2015-12-31": "", "2015-09-30": "11.06530", "2015-06-30": "11.38160", "2015-03-31": "10.73990", "2014-12-31": "10.70280", "2014-09-30": "11.43050", "2014-06-30": "11.28060", "2014-03-31": "10.37940", "2013-12-31": "9.90800", "2013-09-30": "8.87490", "2013-06-30": "8.25190", "2013-03-31": "7.95150", "2012-12-31": "7.81610", "2012-09-30": "7.34010", "2012-06-30": "6.76070", "2012-03-31": "6.57840", "2011-12-31": "6.04580", "2011-09-30": "6.35800", "2011-06-30": "6.52330", "2011-03-31": "6.02370", "2010-12-31": "5.51880", "2010-09-30": "5.25860", "2010-06-30": "4.70280", "2010-03-31": "4.66200", "2009-12-31": "4.56400", "2009-09-30": "4.16540", "2009-06-30": "3.70850", "2009-03-31": "3.01370", "2008-12-31": "2.79700", "2008-09-30": "3.40630", "2008-06-30": "4.46990", "2008-03-31": "4.16370", "2007-12-31": "3.95090", "2007-09-30": "3.65590", "2007-06-30": "3.28900", "2007-03-31": "3.07260", "2006-12-31": "3.29370", "2006-09-30": "3.14760", "2006-06-30": "3.02810", "2006-03-31": "2.73020", "2005-12-31": "2.56790", "2005-09-30": "2.60950", "2005-06-30": "2.42290", "2005-03-31": "2.36490"}, "Operating Cash Flow Per Share": {"2020-09-30": 0.374, "2020-06-30": -0.2091, "2020-03-31": "0.06230", "2019-12-31": 1.2464, "2019-09-30": 0.2143, "2019-06-30": 0.1655, "2019-03-31": "0.26780", "2018-12-31": 0.3462, "2018-09-30": 0.2963, "2018-06-30": -0.6144, "2018-03-31": "-0.43290", "2017-12-31": -0.1441, "2017-09-30": -0.0343, "2017-06-30": 0.3047, "2017-03-31": "0.32360", "2016-12-31": 0.0602, "2016-09-30": -1.2891, "2016-06-30": 2.1148, "2016-03-31": "1.28940", "2015-12-31": 0.8813, "2015-09-30": 1.1568, "2015-06-30": 0.2613, "2015-03-31": "0.75070", "2014-12-31": 1.7282, "2014-09-30": 1.0451, "2014-06-30": 0.7763, "2014-03-31": "0.21780", "2013-12-31": 1.5468, "2013-09-30": 0.6448, "2013-06-30": 1.2762, "2013-03-31": "-0.14120", "2012-12-31": 0.5961, "2012-09-30": 0.4318, "2012-06-30": -0.4604, "2012-03-31": "0.00700", "2011-12-31": 0.1893, "2011-09-30": -0.0043, "2011-06-30": 0.2867, "2011-03-31": "0.20590", "2010-12-31": 0.2519, "2010-09-30": 0.8042, "2010-06-30": -0.0059, "2010-03-31": "-0.25400", "2009-12-31": 0.7044, "2009-09-30": 0.8528, "2009-06-30": 0.2434, "2009-03-31": "0.56420", "2008-12-31": 0.1704, "2008-09-30": 0.0434, "2008-06-30": 0.1587, "2008-03-31": "0.59360", "2007-12-31": 1.1405, "2007-09-30": 0.5487, "2007-06-30": 0.4479, "2007-03-31": "0.04490", "2006-12-31": 0.4043, "2006-09-30": 0.2728, "2006-06-30": 0.1072, "2006-03-31": "-0.04510", "2005-12-31": 0.8771, "2005-09-30": 0.1819, "2005-06-30": -0.1195, "2005-03-31": "-0.18600"}, "Free Cash Flow Per Share": {"2020-09-30": 0.2069, "2020-06-30": -0.3782, "2020-03-31": "-0.10750", "2019-12-31": 1.0613, "2019-09-30": -0.0009, "2019-06-30": -0.04, "2019-03-31": "-0.12330", "2018-12-31": 0.1239, "2018-09-30": 0.035, "2018-06-30": -0.7815, "2018-03-31": "-0.54330", "2017-12-31": -0.3255, "2017-09-30": -0.1456, "2017-06-30": 0.1825, "2017-03-31": "0.22330", "2016-12-31": -0.3771, "2016-09-30": -1.591, "2016-06-30": 1.8493, "2016-03-31": "1.08840", "2015-12-31": 0.495, "2015-09-30": 0.9355, "2015-06-30": -0.0602, "2015-03-31": "0.38010", "2014-12-31": 1.2182, "2014-09-30": 0.607, "2014-06-30": 0.4042, "2014-03-31": "-0.16900", "2013-12-31": 1.2273, "2013-09-30": 0.3055, "2013-06-30": 0.951, "2013-03-31": "-0.47080", "2012-12-31": 0.1002, "2012-09-30": 0.0486, "2012-06-30": -0.8705, "2012-03-31": "-0.37420", "2011-12-31": -0.1597, "2011-09-30": -0.3513, "2011-06-30": 0.0263, "2011-03-31": "0.04470", "2010-12-31": 0.0641, "2010-09-30": 0.6953, "2010-06-30": -0.0821, "2010-03-31": "-0.32710", "2009-12-31": 0.5714, "2009-09-30": 0.7696, "2009-06-30": 0.1923, "2009-03-31": "0.46910", "2008-12-31": -0.0081, "2008-09-30": -0.1043, "2008-06-30": 0.0199, "2008-03-31": "0.43560", "2007-12-31": 0.8658, "2007-09-30": 0.4163, "2007-06-30": 0.3065, "2007-03-31": "0.15770", "2006-12-31": 0.3294, "2006-09-30": 0.1563, "2006-06-30": -0.0071, "2006-03-31": "-0.14420", "2005-12-31": 0.7666, "2005-09-30": 0.3713, "2005-06-30": -0.1686, "2005-03-31": "-0.20980"}}, "revenue": {"TechnipFMC Annual Revenue (Millions of US $)": {"2019": "$13,409", "2018": "$12,553", "2017": "$15,057", "2016": "$9,200", "2015": "$11,472", "2014": "$7,943", "2013": "$7,126", "2012": "$6,151", "2011": "$5,099", "2010": "$4,126", "2009": "$4,405", "2008": "$4,551", "2007": "$3,649", "2006": "$2,915", "2005": "$3,107"}, "TechnipFMC Quarterly Revenue (Millions of US $)": {"2020-09-30": "$3,336", "2020-06-30": "$3,159", "2020-03-31": "$3,130", "2019-12-31": "$3,727", "2019-09-30": "$3,335", "2019-06-30": "$3,434", "2019-03-31": "$2,913", "2018-12-31": "$3,323", "2018-09-30": "$3,144", "2018-06-30": "$2,961", "2018-03-31": "$3,125", "2017-12-31": "$3,683", "2017-09-30": "$4,141", "2017-06-30": "$3,845", "2017-03-31": "$3,388", "2016-12-31": "$1,092", "2016-09-30": "$2,376", "2016-06-30": "$2,371", "2016-03-31": "$2,406", "2015-12-31": "$1,427", "2015-09-30": "$1,545", "2015-06-30": "$1,695", "2015-03-31": "$1,695", "2014-12-31": "$2,156", "2014-09-30": "$1,977", "2014-06-30": "$1,985", "2014-03-31": "$1,824", "2013-12-31": "$2,048", "2013-09-30": "$1,725", "2013-06-30": "$1,708", "2013-03-31": "$1,646", "2012-12-31": "$1,841", "2012-09-30": "$1,419", "2012-06-30": "$1,495", "2012-03-31": "$1,397", "2011-12-31": "$1,501", "2011-09-30": "$1,287", "2011-06-30": "$1,229", "2011-03-31": "$1,082", "2010-12-31": "$1,103", "2010-09-30": "$960", "2010-06-30": "$1,013", "2010-03-31": "$1,050", "2009-12-31": "$1,160", "2009-09-30": "$1,088", "2009-06-30": "$1,104", "2009-03-31": "$1,053", "2008-12-31": "$1,205", "2008-09-30": "$1,128", "2008-06-30": "$1,178", "2008-03-31": "$1,040", "2007-12-31": "$640", "2007-09-30": "$879", "2007-06-30": "$1,149", "2007-03-31": "$981", "2006-12-31": "$1,077", "2006-09-30": "$931", "2006-06-30": "$949", "2006-03-31": "$827", "2005-12-31": "$936", "2005-09-30": "$776", "2005-06-30": "$813", "2005-03-31": "$682"}}, "gross-profit": {"TechnipFMC Annual Gross Profit (Millions of US $)": {"2019": "$2,458", "2018": "$2,280", "2017": "$2,532", "2016": "$1,570", "2015": "$1,497", "2014": "$1,948", "2013": "$1,555", "2012": "$1,319", "2011": "$1,133", "2010": "$1,052", "2009": "$971", "2008": "$928", "2007": "$727", "2006": "$545", "2005": "$595"}, "TechnipFMC Quarterly Gross Profit (Millions of US $)": {"2020-09-30": "$460", "2020-06-30": "$518", "2020-03-31": "$429", "2019-12-31": "$660", "2019-09-30": "$609", "2019-06-30": "$689", "2019-03-31": "$501", "2018-12-31": "$555", "2018-09-30": "$585", "2018-06-30": "$539", "2018-03-31": "$601", "2017-12-31": "$769", "2017-09-30": "$673", "2017-06-30": "$683", "2017-03-31": "$408", "2016-12-31": "$56", "2016-09-30": "$445", "2016-06-30": "$444", "2016-03-31": "$400", "2015-12-31": "$83", "2015-09-30": "$371", "2015-06-30": "$398", "2015-03-31": "$413", "2014-12-31": "$552", "2014-09-30": "$497", "2014-06-30": "$478", "2014-03-31": "$421", "2013-12-31": "$488", "2013-09-30": "$371", "2013-06-30": "$358", "2013-03-31": "$339", "2012-12-31": "$391", "2012-09-30": "$320", "2012-06-30": "$315", "2012-03-31": "$293", "2011-12-31": "$311", "2011-09-30": "$307", "2011-06-30": "$276", "2011-03-31": "$239", "2010-12-31": "$274", "2010-09-30": "$237", "2010-06-30": "$266", "2010-03-31": "$274", "2009-12-31": "$262", "2009-09-30": "$253", "2009-06-30": "$248", "2009-03-31": "$209", "2008-12-31": "$247", "2008-09-30": "$239", "2008-06-30": "$244", "2008-03-31": "$198", "2007-12-31": "$107", "2007-09-30": "$175", "2007-06-30": "$234", "2007-03-31": "$211", "2006-12-31": "$81", "2006-09-30": "$194", "2006-06-30": "$185", "2006-03-31": "$179", "2005-12-31": "$69", "2005-09-30": "$136", "2005-06-30": "$140", "2005-03-31": "$99"}}, "operating-income": {"TechnipFMC Annual Operating Income (Millions of US $)": {"2019": "$-1,527", "2018": "$-918", "2017": "$965", "2016": "$456", "2015": "$274", "2014": "$1,153", "2013": "$748", "2012": "$605", "2011": "$562", "2010": "$552", "2009": "$530", "2008": "$531", "2007": "$376", "2006": "$241", "2005": "$194"}, "TechnipFMC Quarterly Operating Income (Millions of US $)": {"2020-09-30": "$81", "2020-06-30": "$104", "2020-03-31": "$-3,136", "2019-12-31": "$-2,089", "2019-09-30": "$114", "2019-06-30": "$314", "2019-03-31": "$135", "2018-12-31": "$-1,620", "2018-09-30": "$280", "2018-06-30": "$183", "2018-03-31": "$239", "2017-12-31": "$296", "2017-09-30": "$269", "2017-06-30": "$355", "2017-03-31": "$46", "2016-12-31": "$56", "2016-09-30": "$256", "2016-06-30": "$194", "2016-03-31": "$196", "2015-12-31": "$83", "2015-09-30": "$123", "2015-06-30": "$188", "2015-03-31": "$199", "2014-12-31": "$300", "2014-09-30": "$295", "2014-06-30": "$345", "2014-03-31": "$213", "2013-12-31": "$274", "2013-09-30": "$178", "2013-06-30": "$157", "2013-03-31": "$140", "2012-12-31": "$190", "2012-09-30": "$137", "2012-06-30": "$148", "2012-03-31": "$130", "2011-12-31": "$144", "2011-09-30": "$173", "2011-06-30": "$137", "2011-03-31": "$107", "2010-12-31": "$136", "2010-09-30": "$112", "2010-06-30": "$147", "2010-03-31": "$157", "2009-12-31": "$136", "2009-09-30": "$141", "2009-06-30": "$145", "2009-03-31": "$107", "2008-12-31": "$140", "2008-09-30": "$145", "2008-06-30": "$138", "2008-03-31": "$107", "2007-12-31": "$88", "2007-09-30": "$87", "2007-06-30": "$109", "2007-03-31": "$92", "2006-12-31": "$81", "2006-09-30": "$80", "2006-06-30": "$72", "2006-03-31": "$72", "2005-12-31": "$69", "2005-09-30": "$33", "2005-06-30": "$35", "2005-03-31": "$-3"}}, "ebitda": {"TechnipFMC Annual EBITDA (Millions of US $)": {"2019": "$-1,017", "2018": "$-367", "2017": "$1,580", "2016": "$757", "2015": "$612", "2014": "$1,385", "2013": "$957", "2012": "$751", "2011": "$670", "2010": "$653", "2009": "$623", "2008": "$603", "2007": "$437", "2006": "$289", "2005": "$258"}, "TechnipFMC Quarterly EBITDA (Millions of US $)": {"2020-09-30": "$189", "2020-06-30": "$211", "2020-03-31": "$-3,016", "2019-12-31": "$-1,958", "2019-09-30": "$256", "2019-06-30": "$431", "2019-03-31": "$254", "2018-12-31": "$-1,482", "2018-09-30": "$422", "2018-06-30": "$322", "2018-03-31": "$371", "2017-12-31": "$449", "2017-09-30": "$420", "2017-06-30": "$514", "2017-03-31": "$197", "2016-12-31": "$133", "2016-09-30": "$331", "2016-06-30": "$267", "2016-03-31": "$271", "2015-12-31": "$239", "2015-09-30": "$194", "2015-06-30": "$241", "2015-03-31": "$256", "2014-12-31": "$359", "2014-09-30": "$356", "2014-06-30": "$404", "2014-03-31": "$267", "2013-12-31": "$331", "2013-09-30": "$230", "2013-06-30": "$209", "2013-03-31": "$189", "2012-12-31": "$237", "2012-09-30": "$171", "2012-06-30": "$184", "2012-03-31": "$160", "2011-12-31": "$173", "2011-09-30": "$200", "2011-06-30": "$164", "2011-03-31": "$133", "2010-12-31": "$161", "2010-09-30": "$137", "2010-06-30": "$170", "2010-03-31": "$186", "2009-12-31": "$165", "2009-09-30": "$166", "2009-06-30": "$166", "2009-03-31": "$127", "2008-12-31": "$160", "2008-09-30": "$165", "2008-06-30": "$156", "2008-03-31": "$123", "2007-12-31": "$106", "2007-09-30": "$90", "2007-06-30": "$130", "2007-03-31": "$112", "2006-12-31": "$100", "2006-09-30": "$98", "2006-06-30": "$89", "2006-03-31": "$88", "2005-12-31": "$85", "2005-09-30": "$49", "2005-06-30": "$51", "2005-03-31": "$13"}}, "net-income": {"TechnipFMC Annual Net Income (Millions of US $)": {"2019": "$-2,415", "2018": "$-1,922", "2017": "$113", "2016": "$393", "2015": "$14", "2014": "$700", "2013": "$501", "2012": "$430", "2011": "$400", "2010": "$376", "2009": "$362", "2008": "$361", "2007": "$303", "2006": "$276", "2005": "$106"}, "TechnipFMC Quarterly Net Income (Millions of US $)": {"2020-09-30": "$-4", "2020-06-30": "$12", "2020-03-31": "$-3,256", "2019-12-31": "$-2,414", "2019-09-30": "$-119", "2019-06-30": "$97", "2019-03-31": "$21", "2018-12-31": "$-2,259", "2018-09-30": "$137", "2018-06-30": "$106", "2018-03-31": "$95", "2017-12-31": "$-154", "2017-09-30": "$121", "2017-06-30": "$165", "2017-03-31": "$-19", "2016-12-31": "$-11", "2016-09-30": "$302", "2016-06-30": "$104", "2016-03-31": "$121", "2015-12-31": "$56", "2015-09-30": "$82", "2015-06-30": "$108", "2015-03-31": "$148", "2014-12-31": "$169", "2014-09-30": "$170", "2014-06-30": "$226", "2014-03-31": "$135", "2013-12-31": "$178", "2013-09-30": "$116", "2013-06-30": "$105", "2013-03-31": "$102", "2012-12-31": "$120", "2012-09-30": "$99", "2012-06-30": "$112", "2012-03-31": "$99", "2011-12-31": "$99", "2011-09-30": "$121", "2011-06-30": "$94", "2011-03-31": "$85", "2010-12-31": "$99", "2010-09-30": "$81", "2010-06-30": "$96", "2010-03-31": "$99", "2009-12-31": "$93", "2009-09-30": "$92", "2009-06-30": "$106", "2009-03-31": "$71", "2008-12-31": "$91", "2008-09-30": "$83", "2008-06-30": "$106", "2008-03-31": "$82", "2007-12-31": "$90", "2007-09-30": "$79", "2007-06-30": "$73", "2007-03-31": "$61", "2006-12-31": "$103", "2006-09-30": "$61", "2006-06-30": "$66", "2006-03-31": "$47", "2005-12-31": "$31", "2005-09-30": "$46", "2005-06-30": "$29", "2005-03-31": "$0"}}, "eps-earnings-per-share-diluted": {"TechnipFMC Annual EPS": {"2019": "$-5.39", "2018": "$-4.20", "2017": "$0.24", "2016": "$3.16", "2015": "$0.13", "2014": "$2.95", "2013": "$2.10", "2012": "$1.78", "2011": "$1.64", "2010": "$1.53", "2009": "$1.44", "2008": "$1.39", "2007": "$1.13", "2006": "$0.99", "2005": "$0.38"}, "TechnipFMC Quarterly EPS": {"2020-09-30": "$-0.01", "2020-06-30": "$0.03", "2020-03-31": "$-7.28", "2019-12-31": "$-5.38", "2019-09-30": "$-0.27", "2019-06-30": "$0.21", "2019-03-31": "$0.05", "2018-12-31": "$-4.93", "2018-09-30": "$0.30", "2018-06-30": "$0.23", "2018-03-31": "$0.20", "2017-12-31": "$-0.33", "2017-09-30": "$0.26", "2017-06-30": "$0.35", "2017-03-31": "$-0.04", "2016-12-31": "$-0.05", "2016-09-30": "$2.39", "2016-06-30": "$0.83", "2016-03-31": "$0.97", "2015-12-31": "$0.24", "2015-09-30": "$0.35", "2015-06-30": "$0.46", "2015-03-31": "$0.63", "2014-12-31": "$0.71", "2014-09-30": "$0.72", "2014-06-30": "$0.95", "2014-03-31": "$0.57", "2013-12-31": "$0.74", "2013-09-30": "$0.49", "2013-06-30": "$0.44", "2013-03-31": "$0.43", "2012-12-31": "$0.50", "2012-09-30": "$0.41", "2012-06-30": "$0.46", "2012-03-31": "$0.41", "2011-12-31": "$0.40", "2011-09-30": "$0.50", "2011-06-30": "$0.39", "2011-03-31": "$0.35", "2010-12-31": "$0.41", "2010-09-30": "$0.33", "2010-06-30": "$0.39", "2010-03-31": "$0.40", "2009-12-31": "$0.38", "2009-09-30": "$0.37", "2009-06-30": "$0.42", "2009-03-31": "$0.28", "2008-12-31": "$0.36", "2008-09-30": "$0.32", "2008-06-30": "$0.41", "2008-03-31": "$0.31", "2007-12-31": "$0.34", "2007-09-30": "$0.30", "2007-06-30": "$0.28", "2007-03-31": "$0.23", "2006-12-31": "$0.37", "2006-09-30": "$0.22", "2006-06-30": "$0.23", "2006-03-31": "$0.17", "2005-12-31": "$0.11", "2005-09-30": "$0.16", "2005-06-30": "$0.11", "2005-03-31": "$0.00"}}, "shares-outstanding": {"TechnipFMC Annual Shares Outstanding (Millions of Shares)": {"2019": "448", "2018": "458", "2017": "468", "2016": "125", "2015": "127", "2014": "237", "2013": "239", "2012": "241", "2011": "243", "2010": "245", "2009": "251", "2008": "259", "2007": "268", "2006": "281", "2005": "283"}, "TechnipFMC Quarterly Shares Outstanding (Millions of Shares)": {"2020-09-30": "449", "2020-06-30": "450", "2020-03-31": "448", "2019-12-31": "448", "2019-09-30": "447", "2019-06-30": "451", "2019-03-31": "453", "2018-12-31": "458", "2018-09-30": "459", "2018-06-30": "463", "2018-03-31": "466", "2017-12-31": "468", "2017-09-30": "470", "2017-06-30": "468", "2017-03-31": "467", "2016-12-31": "227", "2016-09-30": "127", "2016-06-30": "125", "2016-03-31": "124", "2015-12-31": "230", "2015-09-30": "231", "2015-06-30": "233", "2015-03-31": "234", "2014-12-31": "237", "2014-09-30": "237", "2014-06-30": "237", "2014-03-31": "238", "2013-12-31": "239", "2013-09-30": "239", "2013-06-30": "239", "2013-03-31": "239", "2012-12-31": "241", "2012-09-30": "241", "2012-06-30": "242", "2012-03-31": "241", "2011-12-31": "243", "2011-09-30": "243", "2011-06-30": "244", "2011-03-31": "244", "2010-12-31": "245", "2010-09-30": "244", "2010-06-30": "247", "2010-03-31": "248", "2009-12-31": "251", "2009-09-30": "249", "2009-06-30": "251", "2009-03-31": "256", "2008-12-31": "259", "2008-09-30": "258", "2008-06-30": "261", "2008-03-31": "264", "2007-12-31": "268", "2007-09-30": "265", "2007-06-30": "266", "2007-03-31": "274", "2006-12-31": "278", "2006-09-30": "282", "2006-06-30": "282", "2006-03-31": "282", "2005-12-31": "284", "2005-09-30": "283", "2005-06-30": "283", "2005-03-31": "276"}}, "total-assets": {"TechnipFMC Annual Total Assets (Millions of US $)": {"2019": "$23,519", "2018": "$24,785", "2017": "$28,264", "2016": "$18,679", "2015": "$6,419", "2014": "$7,172", "2013": "$6,606", "2012": "$5,903", "2011": "$4,271", "2010": "$3,644", "2009": "$3,556", "2008": "$3,581", "2007": "$3,211", "2006": "$2,488", "2005": "$2,096"}, "TechnipFMC Quarterly Total Assets (Millions of US $)": {"2020-09-30": "$18,911", "2020-06-30": "$19,594", "2020-03-31": "$19,928", "2019-12-31": "$23,519", "2019-09-30": "$24,780", "2019-06-30": "$25,513", "2019-03-31": "$25,630", "2018-12-31": "$24,785", "2018-09-30": "$26,660", "2018-06-30": "$27,059", "2018-03-31": "$28,528", "2017-12-31": "$28,264", "2017-09-30": "$29,628", "2017-06-30": "$29,525", "2017-03-31": "$29,616", "2016-12-31": "$18,679", "2016-09-30": "$5,964", "2016-06-30": "$6,161", "2016-03-31": "$6,313", "2015-12-31": "$6,419", "2015-09-30": "$6,711", "2015-06-30": "$6,894", "2015-03-31": "$6,971", "2014-12-31": "$7,172", "2014-09-30": "$7,034", "2014-06-30": "$6,754", "2014-03-31": "$6,727", "2013-12-31": "$6,606", "2013-09-30": "$6,425", "2013-06-30": "$6,117", "2013-03-31": "$6,075", "2012-12-31": "$5,903", "2012-09-30": "$5,537", "2012-06-30": "$5,014", "2012-03-31": "$4,507", "2011-12-31": "$4,271", "2011-09-30": "$4,061", "2011-06-30": "$4,200", "2011-03-31": "$3,892", "2010-12-31": "$3,644", "2010-09-30": "$3,622", "2010-06-30": "$3,340", "2010-03-31": "$3,366", "2009-12-31": "$3,556", "2009-09-30": "$3,431", "2009-06-30": "$3,203", "2009-03-31": "$3,467", "2008-12-31": "$3,581", "2008-09-30": "$3,299", "2008-06-30": "$3,899", "2008-03-31": "$3,719", "2007-12-31": "$3,211", "2007-09-30": "$3,192", "2007-06-30": "$2,975", "2007-03-31": "$2,595", "2006-12-31": "$2,488", "2006-09-30": "$2,348", "2006-06-30": "$2,281", "2006-03-31": "$2,181", "2005-12-31": "$2,096", "2005-09-30": "$1,985", "2005-06-30": "$1,939", "2005-03-31": "$1,876"}}, "cash-on-hand": {"TechnipFMC Annual Cash on Hand (Millions of US $)": {"2019": "$5,190", "2018": "$5,540", "2017": "$6,737", "2016": "$6,269", "2015": "$916", "2014": "$639", "2013": "$399", "2012": "$342", "2011": "$344", "2010": "$316", "2009": "$461", "2008": "$340", "2007": "$130", "2006": "$80", "2005": "$153"}, "TechnipFMC Quarterly Cash on Hand (Millions of US $)": {"2020-09-30": "$4,244", "2020-06-30": "$4,810", "2020-03-31": "$4,999", "2019-12-31": "$5,190", "2019-09-30": "$4,504", "2019-06-30": "$4,621", "2019-03-31": "$4,965", "2018-12-31": "$5,540", "2018-09-30": "$5,553", "2018-06-30": "$5,555", "2018-03-31": "$6,221", "2017-12-31": "$6,737", "2017-09-30": "$6,896", "2017-06-30": "$7,179", "2017-03-31": "$7,042", "2016-12-31": "$6,269", "2016-09-30": "$1,074", "2016-06-30": "$1,075", "2016-03-31": "$1,032", "2015-12-31": "$916", "2015-09-30": "$712", "2015-06-30": "$587", "2015-03-31": "$695", "2014-12-31": "$639", "2014-09-30": "$512", "2014-06-30": "$382", "2014-03-31": "$290", "2013-12-31": "$399", "2013-09-30": "$360", "2013-06-30": "$268", "2013-03-31": "$237", "2012-12-31": "$342", "2012-09-30": "$566", "2012-06-30": "$275", "2012-03-31": "$362", "2011-12-31": "$344", "2011-09-30": "$336", "2011-06-30": "$428", "2011-03-31": "$377", "2010-12-31": "$316", "2010-09-30": "$512", "2010-06-30": "$404", "2010-03-31": "$369", "2009-12-31": "$461", "2009-09-30": "$397", "2009-06-30": "$256", "2009-03-31": "$412", "2008-12-31": "$340", "2008-09-30": "$306", "2008-06-30": "$278", "2008-03-31": "$259", "2007-12-31": "$130", "2007-09-30": "$240", "2007-06-30": "$167", "2007-03-31": "$86", "2006-12-31": "$80", "2006-09-30": "$59", "2006-06-30": "$113", "2006-03-31": "$107", "2005-12-31": "$153", "2005-09-30": "$140", "2005-06-30": "$85", "2005-03-31": "$72"}}, "long-term-debt": {"TechnipFMC Annual Long Term Debt (Millions of US $)": {"2019": "$3,980", "2018": "$4,124", "2017": "$3,778", "2016": "$1,869", "2015": "$1,134", "2014": "$1,294", "2013": "$1,330", "2012": "$1,580", "2011": "$36", "2010": "$351", "2009": "$392", "2008": "$472", "2007": "$122", "2006": "$213", "2005": "$253"}, "TechnipFMC Quarterly Long Term Debt (Millions of US $)": {"2020-09-30": "$3,248", "2020-06-30": "$3,983", "2020-03-31": "$3,824", "2019-12-31": "$3,980", "2019-09-30": "$3,609", "2019-06-30": "$3,701", "2019-03-31": "$3,725", "2018-12-31": "$4,124", "2018-09-30": "$4,017", "2018-06-30": "$3,788", "2018-03-31": "$3,736", "2017-12-31": "$3,778", "2017-09-30": "$3,167", "2017-06-30": "$3,301", "2017-03-31": "$3,083", "2016-12-31": "$1,869", "2016-09-30": "$1,245", "2016-06-30": "$1,299", "2016-03-31": "$1,218", "2015-12-31": "$1,134", "2015-09-30": "$1,261", "2015-06-30": "$1,275", "2015-03-31": "$1,302", "2014-12-31": "$1,294", "2014-09-30": "$1,337", "2014-06-30": "$1,289", "2014-03-31": "$1,340", "2013-12-31": "$1,330", "2013-09-30": "$1,541", "2013-06-30": "$1,498", "2013-03-31": "$1,632", "2012-12-31": "$1,580", "2012-09-30": "$1,491", "2012-06-30": "$1,114", "2012-03-31": "$713", "2011-12-31": "$36", "2011-09-30": "$522", "2011-06-30": "$466", "2011-03-31": "$415", "2010-12-31": "$351", "2010-09-30": "$567", "2010-06-30": "$586", "2010-03-31": "$463", "2009-12-31": "$392", "2009-09-30": "$310", "2009-06-30": "$306", "2009-03-31": "$479", "2008-12-31": "$472", "2008-09-30": "$352", "2008-06-30": "$303", "2008-03-31": "$214", "2007-12-31": "$122", "2007-09-30": "$293", "2007-06-30": "$357", "2007-03-31": "$331", "2006-12-31": "$213", "2006-09-30": "$218", "2006-06-30": "$261", "2006-03-31": "$260", "2005-12-31": "$253", "2005-09-30": "$190", "2005-06-30": "$244", "2005-03-31": "$164"}}, "total-liabilities": {"TechnipFMC Annual Total Liabilities (Millions of US $)": {"2019": "$15,831", "2018": "$14,396", "2017": "$14,854", "2016": "$13,635", "2015": "$3,876", "2014": "$4,694", "2013": "$4,269", "2012": "$4,050", "2011": "$2,833", "2010": "$2,322", "2009": "$2,445", "2008": "$2,882", "2007": "$2,189", "2006": "$1,602", "2005": "$1,396"}, "TechnipFMC Quarterly Total Liabilities (Millions of US $)": {"2020-09-30": "$14,678", "2020-06-30": "$15,419", "2020-03-31": "$15,843", "2019-12-31": "$15,831", "2019-09-30": "$14,656", "2019-06-30": "$15,132", "2019-03-31": "$15,256", "2018-12-31": "$14,396", "2018-09-30": "$13,836", "2018-06-30": "$14,051", "2018-03-31": "$15,246", "2017-12-31": "$14,854", "2017-09-30": "$15,903", "2017-06-30": "$15,975", "2017-03-31": "$16,234", "2016-12-31": "$13,635", "2016-09-30": "$3,270", "2016-06-30": "$3,517", "2016-03-31": "$3,693", "2015-12-31": "$3,876", "2015-09-30": "$4,187", "2015-06-30": "$4,278", "2015-03-31": "$4,489", "2014-12-31": "$4,694", "2014-09-30": "$4,361", "2014-06-30": "$4,104", "2014-03-31": "$4,284", "2013-12-31": "$4,269", "2013-09-30": "$4,324", "2013-06-30": "$4,161", "2013-03-31": "$4,188", "2012-12-31": "$4,050", "2012-09-30": "$3,791", "2012-06-30": "$3,400", "2012-03-31": "$2,934", "2011-12-31": "$2,833", "2011-09-30": "$2,543", "2011-06-30": "$2,633", "2011-03-31": "$2,444", "2010-12-31": "$2,322", "2010-09-30": "$2,364", "2010-06-30": "$2,208", "2010-03-31": "$2,233", "2009-12-31": "$2,445", "2009-09-30": "$2,414", "2009-06-30": "$2,292", "2009-03-31": "$2,720", "2008-12-31": "$2,882", "2008-09-30": "$2,448", "2008-06-30": "$2,758", "2008-03-31": "$2,648", "2007-12-31": "$2,189", "2007-09-30": "$2,242", "2007-06-30": "$2,123", "2007-03-31": "$1,791", "2006-12-31": "$1,602", "2006-09-30": "$1,493", "2006-06-30": "$1,452", "2006-03-31": "$1,436", "2005-12-31": "$1,396", "2005-09-30": "$1,268", "2005-06-30": "$1,276", "2005-03-31": "$1,223"}}, "total-share-holder-equity": {"TechnipFMC Annual Share Holder Equity (Millions of US $)": {"2019": "$7,688", "2018": "$10,389", "2017": "$13,409", "2016": "$5,044", "2015": "$2,543", "2014": "$2,478", "2013": "$2,336", "2012": "$1,853", "2011": "$1,438", "2010": "$1,322", "2009": "$1,112", "2008": "$699", "2007": "$1,022", "2006": "$886", "2005": "$700"}, "TechnipFMC Quarterly Share Holder Equity (Millions of US $)": {"2020-09-30": "$4,234", "2020-06-30": "$4,176", "2020-03-31": "$4,085", "2019-12-31": "$7,688", "2019-09-30": "$10,124", "2019-06-30": "$10,380", "2019-03-31": "$10,374", "2018-12-31": "$10,389", "2018-09-30": "$12,824", "2018-06-30": "$13,008", "2018-03-31": "$13,282", "2017-12-31": "$13,409", "2017-09-30": "$13,725", "2017-06-30": "$13,549", "2017-03-31": "$13,382", "2016-12-31": "$5,044", "2016-09-30": "$2,694", "2016-06-30": "$2,644", "2016-03-31": "$2,620", "2015-12-31": "$2,543", "2015-09-30": "$2,524", "2015-06-30": "$2,616", "2015-03-31": "$2,482", "2014-12-31": "$2,478", "2014-09-30": "$2,674", "2014-06-30": "$2,650", "2014-03-31": "$2,443", "2013-12-31": "$2,336", "2013-09-30": "$2,101", "2013-06-30": "$1,956", "2013-03-31": "$1,887", "2012-12-31": "$1,853", "2012-09-30": "$1,746", "2012-06-30": "$1,613", "2012-03-31": "$1,573", "2011-12-31": "$1,438", "2011-09-30": "$1,518", "2011-06-30": "$1,567", "2011-03-31": "$1,448", "2010-12-31": "$1,322", "2010-09-30": "$1,259", "2010-06-30": "$1,132", "2010-03-31": "$1,134", "2009-12-31": "$1,112", "2009-09-30": "$1,017", "2009-06-30": "$911", "2009-03-31": "$747", "2008-12-31": "$699", "2008-09-30": "$851", "2008-06-30": "$1,142", "2008-03-31": "$1,071", "2007-12-31": "$1,022", "2007-09-30": "$950", "2007-06-30": "$851", "2007-03-31": "$804", "2006-12-31": "$886", "2006-09-30": "$855", "2006-06-30": "$830", "2006-03-31": "$745", "2005-12-31": "$700", "2005-09-30": "$717", "2005-06-30": "$663", "2005-03-31": "$653"}}, "profit-margins": {"current": "-42.41%"}, "gross margin": {"2020-09-30": "15.48%", "2020-06-30": "16.60%", "2020-03-31": "17.52%", "2019-12-31": "18.34%", "2019-09-30": "18.10%", "2019-06-30": "18.18%", "2019-03-31": "17.66%", "2018-12-31": "18.16%", "2018-09-30": "19.31%", "2018-06-30": "18.56%", "2018-03-31": "18.43%", "2017-12-31": "16.82%", "2017-09-30": "14.60%", "2017-06-30": "14.88%", "2017-03-31": "14.66%", "2016-12-31": "16.31%", "2016-09-30": "15.99%", "2016-06-30": "16.75%", "2016-03-31": "17.70%", "2015-12-31": "19.88%", "2015-09-30": "24.45%", "2015-06-30": "24.72%", "2015-03-31": "24.83%", "2014-12-31": "24.53%", "2014-09-30": "24.05%", "2014-06-30": "23.19%", "2014-03-31": "22.42%", "2013-12-31": "21.83%", "2013-09-30": "21.08%", "2013-06-30": "21.29%", "2013-03-31": "21.32%", "2012-12-31": "21.44%", "2012-09-30": "21.32%", "2012-06-30": "21.58%", "2012-03-31": "21.92%", "2011-12-31": "22.22%", "2011-09-30": "23.31%", "2011-06-30": "23.46%", "2011-03-31": "24.43%", "2010-12-31": "25.47%", "2010-09-30": "24.84%", "2010-06-30": "24.47%", "2010-03-31": "23.56%", "2009-12-31": "22.07%", "2009-09-30": "21.51%", "2009-06-30": "21.00%", "2009-03-31": "20.57%", "2008-12-31": "20.39%", "2008-09-30": "19.77%", "2008-06-30": "19.37%", "2008-03-31": "19.26%", "2007-12-31": "19.92%", "2007-09-30": "17.16%", "2007-06-30": "17.40%", "2007-03-31": "17.04%", "2006-12-31": "16.89%", "2006-09-30": "17.21%", "2006-06-30": "16.31%", "2006-03-31": "15.63%", "2005-12-31": "13.84%"}, "operating margin": {"2020-09-30": "-37.75%", "2020-06-30": "-37.50%", "2020-03-31": "-35.20%", "2019-12-31": "-11.38%", "2019-09-30": "-8.13%", "2019-06-30": "-6.95%", "2019-03-31": "-8.28%", "2018-12-31": "-7.31%", "2018-09-30": "7.73%", "2018-06-30": "7.10%", "2018-03-31": "7.83%", "2017-12-31": "6.42%", "2017-09-30": "5.82%", "2017-06-30": "6.66%", "2017-03-31": "5.98%", "2016-12-31": "8.51%", "2016-09-30": "8.50%", "2016-06-30": "7.69%", "2016-03-31": "8.34%", "2015-12-31": "9.32%", "2015-09-30": "11.42%", "2015-06-30": "13.05%", "2015-03-31": "14.58%", "2014-12-31": "14.52%", "2014-09-30": "14.39%", "2014-06-30": "13.32%", "2014-03-31": "11.25%", "2013-12-31": "10.50%", "2013-09-30": "9.60%", "2013-06-30": "9.42%", "2013-03-31": "9.59%", "2012-12-31": "9.83%", "2012-09-30": "9.62%", "2012-06-30": "10.48%", "2012-03-31": "10.79%", "2011-12-31": "11.00%", "2011-09-30": "11.76%", "2011-06-30": "11.25%", "2011-03-31": "12.07%", "2010-12-31": "13.38%", "2010-09-30": "13.20%", "2010-06-30": "13.48%", "2010-03-31": "13.15%", "2009-12-31": "12.01%", "2009-09-30": "11.98%", "2009-06-30": "11.96%", "2009-03-31": "11.61%", "2008-12-31": "11.65%", "2008-09-30": "11.99%", "2008-06-30": "11.24%", "2008-03-31": "10.54%", "2007-12-31": "10.30%", "2007-09-30": "9.03%", "2007-06-30": "8.75%", "2007-03-31": "8.25%", "2006-12-31": "8.06%", "2006-09-30": "8.04%", "2006-06-30": "7.05%", "2006-03-31": "6.24%", "2005-12-31": "4.18%"}, "ebitda margin": {"2020-09-30": "-34.26%", "2020-06-30": "-33.76%", "2020-03-31": "-31.46%", "2019-12-31": "-7.58%", "2019-09-30": "-4.16%", "2019-06-30": "-2.93%", "2019-03-31": "-3.92%", "2018-12-31": "-2.92%", "2018-09-30": "12.11%", "2018-06-30": "11.23%", "2018-03-31": "11.86%", "2017-12-31": "10.49%", "2017-09-30": "10.14%", "2017-06-30": "10.98%", "2017-03-31": "10.06%", "2016-12-31": "12.15%", "2016-09-30": "12.91%", "2016-06-30": "12.53%", "2016-03-31": "13.36%", "2015-12-31": "14.62%", "2015-09-30": "14.81%", "2015-06-30": "16.11%", "2015-03-31": "17.60%", "2014-12-31": "17.45%", "2014-09-30": "17.33%", "2014-06-30": "16.25%", "2014-03-31": "14.20%", "2013-12-31": "13.44%", "2013-09-30": "12.49%", "2013-06-30": "12.17%", "2013-03-31": "12.19%", "2012-12-31": "12.22%", "2012-09-30": "11.84%", "2012-06-30": "12.62%", "2012-03-31": "12.87%", "2011-12-31": "13.14%", "2011-09-30": "14.00%", "2011-06-30": "13.60%", "2011-03-31": "14.45%", "2010-12-31": "15.85%", "2010-09-30": "15.73%", "2010-06-30": "15.94%", "2010-03-31": "15.52%", "2009-12-31": "14.17%", "2009-09-30": "13.91%", "2009-06-30": "13.76%", "2009-03-31": "13.32%", "2008-12-31": "13.27%", "2008-09-30": "13.80%", "2008-06-30": "12.71%", "2008-03-31": "12.11%", "2007-12-31": "12.00%", "2007-09-30": "10.57%", "2007-06-30": "10.63%", "2007-03-31": "10.13%", "2006-12-31": "9.91%", "2006-09-30": "9.88%", "2006-06-30": "8.92%", "2006-03-31": "8.14%", "2005-12-31": "6.17%"}, "pre tax profit margin": {"2020-09-30": "-40.42%", "2020-06-30": "-40.90%", "2020-03-31": "-39.47%", "2019-12-31": "-15.93%", "2019-09-30": "-14.53%", "2019-06-30": "-12.92%", "2019-03-31": "-12.92%", "2018-12-31": "-11.85%", "2018-09-30": "5.30%", "2018-06-30": "5.13%", "2018-03-31": "5.30%", "2017-12-31": "4.52%", "2017-09-30": "4.54%", "2017-06-30": "6.92%", "2017-03-31": "6.55%", "2016-12-31": "8.90%", "2016-09-30": "8.53%", "2016-06-30": "5.55%", "2016-03-31": "6.86%", "2015-12-31": "7.91%", "2015-09-30": "10.13%", "2015-06-30": "11.66%", "2015-03-31": "13.41%", "2014-12-31": "13.43%", "2014-09-30": "13.66%", "2014-06-30": "12.90%", "2014-03-31": "10.83%", "2013-12-31": "10.09%", "2013-09-30": "9.06%", "2013-06-30": "8.98%", "2013-03-31": "9.44%", "2012-12-31": "9.79%", "2012-09-30": "9.69%", "2012-06-30": "10.46%", "2012-03-31": "10.60%", "2011-12-31": "10.83%", "2011-09-30": "11.64%", "2011-06-30": "11.29%", "2011-03-31": "11.95%", "2010-12-31": "13.04%", "2010-09-30": "12.84%", "2010-06-30": "12.90%", "2010-03-31": "12.88%", "2009-12-31": "11.74%", "2009-09-30": "11.51%", "2009-06-30": "11.51%", "2009-03-31": "11.04%", "2008-12-31": "11.14%", "2008-09-30": "12.02%", "2008-06-30": "11.75%", "2008-03-31": "10.98%", "2007-12-31": "10.88%", "2007-09-30": "9.18%", "2007-06-30": "8.63%", "2007-03-31": "8.10%", "2006-12-31": "7.82%", "2006-09-30": "7.77%", "2006-06-30": "7.43%", "2006-03-31": "6.71%", "2005-12-31": "4.77%"}, "net profit margin": {"2020-09-30": "-42.41%", "2020-06-30": "-43.27%", "2020-03-31": "-41.77%", "2019-12-31": "-18.01%", "2019-09-30": "-17.38%", "2019-06-30": "-15.64%", "2019-03-31": "-16.17%", "2018-12-31": "-15.30%", "2018-09-30": "1.42%", "2018-06-30": "1.21%", "2018-03-31": "1.53%", "2017-12-31": "0.75%", "2017-09-30": "2.05%", "2017-06-30": "4.08%", "2017-03-31": "4.07%", "2016-12-31": "6.26%", "2016-09-30": "6.79%", "2016-06-30": "4.68%", "2016-03-31": "5.19%", "2015-12-31": "6.19%", "2015-09-30": "7.15%", "2015-06-30": "7.91%", "2015-03-31": "9.13%", "2014-12-31": "8.81%", "2014-09-30": "9.05%", "2014-06-30": "8.64%", "2014-03-31": "7.31%", "2013-12-31": "7.03%", "2013-09-30": "6.40%", "2013-06-30": "6.44%", "2013-03-31": "6.76%", "2012-12-31": "6.99%", "2012-09-30": "7.04%", "2012-06-30": "7.59%", "2012-03-31": "7.63%", "2011-12-31": "7.83%", "2011-09-30": "8.49%", "2011-06-30": "8.21%", "2011-03-31": "8.68%", "2010-12-31": "9.09%", "2010-09-30": "8.82%", "2010-06-30": "8.81%", "2010-03-31": "8.86%", "2009-12-31": "8.22%", "2009-09-30": "8.09%", "2009-06-30": "7.82%", "2009-03-31": "7.69%", "2008-12-31": "7.95%", "2008-09-30": "9.06%", "2008-06-30": "9.55%", "2008-03-31": "8.74%", "2007-12-31": "8.30%", "2007-09-30": "7.73%", "2007-06-30": "7.20%", "2007-03-31": "7.39%", "2006-12-31": "7.32%", "2006-09-30": "5.63%", "2006-06-30": "5.45%", "2006-03-31": "4.56%", "2005-12-31": "3.31%"}, "pe ratio": {"current": "58.29", "2021-02-11": "0.00", "2020-09-30": "0.00", "2020-06-30": "0.00", "2020-03-31": "0.00", "2019-12-31": "0.00", "2019-09-30": "0.00", "2019-06-30": "0.00", "2019-03-31": "0.00", "2018-12-31": "0.00", "2018-09-30": "74.39", "2018-06-30": "83.57", "2018-03-31": "57.94", "2017-12-31": "42.66", "2017-09-30": "25.61", "2017-06-30": "28.27", "2017-03-31": "54.29", "2016-12-31": "138.50", "2016-09-30": "57.83", "2016-06-30": "36.16", "2016-03-31": "22.45", "2015-12-31": "16.15", "2015-09-30": "13.43", "2015-06-30": "15.34", "2015-03-31": "11.46", "2014-12-31": "14.80", "2014-09-30": "17.05", "2014-06-30": "20.78", "2014-03-31": "21.84", "2013-12-31": "23.26", "2013-09-30": "27.87", "2013-06-30": "29.26", "2013-03-31": "28.27", "2012-12-31": "22.51", "2012-09-30": "25.63", "2012-06-30": "20.62", "2012-03-31": "27.58", "2011-12-31": "29.61", "2011-09-30": "21.32", "2011-06-30": "28.22", "2011-03-31": "29.76", "2010-12-31": "27.09", "2010-09-30": "21.30", "2010-06-30": "16.10", "2010-03-31": "19.38", "2009-12-31": "18.79", "2009-09-30": "17.15", "2009-06-30": "12.74", "2009-03-31": "10.75", "2008-12-31": "7.99", "2008-09-30": "15.84", "2008-06-30": "25.30", "2008-03-31": "20.70", "2007-12-31": "22.23", "2007-09-30": "22.02", "2007-06-30": "16.40", "2007-03-31": "15.07", "2006-12-31": "14.07"}, "price sales": {"2021-02-11": "0.35", "2020-09-30": "0.21", "2020-06-30": "0.23", "2020-03-31": "0.22", "2019-12-31": "0.70", "2019-09-30": "0.82", "2019-06-30": "0.89", "2019-03-31": "0.84", "2018-12-31": "0.69", "2018-09-30": "1.07", "2018-06-30": "1.01", "2018-03-31": "0.88", "2017-12-31": "0.92", "2017-09-30": "0.90", "2017-06-30": "0.65", "2017-03-31": "0.61", "2016-12-31": "0.54", "2016-09-30": "0.44", "2016-06-30": "0.49", "2016-03-31": "0.65", "2015-12-31": "0.99", "2015-09-30": "0.96", "2015-06-30": "1.21", "2015-03-31": "1.05", "2014-12-31": "1.31", "2014-09-30": "1.54", "2014-06-30": "1.80", "2014-03-31": "1.60", "2013-12-31": "1.64", "2013-09-30": "1.80", "2013-06-30": "1.89", "2013-03-31": "1.91", "2012-12-31": "1.57", "2012-09-30": "1.80", "2012-06-30": "1.57", "2012-03-31": "2.12", "2011-12-31": "2.33", "2011-09-30": "1.83", "2011-06-30": "2.34", "2011-03-31": "2.60", "2010-12-31": "2.48", "2010-09-30": "1.89", "2010-06-30": "1.42", "2010-03-31": "1.72", "2009-12-31": "1.55", "2009-09-30": "1.39", "2009-06-30": "1.00", "2009-03-31": "0.83", "2008-12-31": "0.64", "2008-09-30": "1.43", "2008-06-30": "2.41", "2008-03-31": "1.81", "2007-12-31": "1.85", "2007-09-30": "1.70", "2007-06-30": "1.17", "2007-03-31": "1.10", "2006-12-31": "1.01"}, "price book": {"current": "1.05", "2021-02-11": "1.10", "2020-09-30": "0.67", "2020-06-30": "0.74", "2020-03-31": "0.74", "2019-12-31": "1.22", "2019-09-30": "1.04", "2019-06-30": "1.08", "2019-03-31": "0.98", "2018-12-31": "0.81", "2018-09-30": "1.05", "2018-06-30": "1.06", "2018-03-31": "0.97", "2017-12-31": "1.02", "2017-09-30": "0.89", "2017-06-30": "0.88", "2017-03-31": "1.06", "2016-12-31": "0.78", "2016-09-30": "2.33", "2016-06-30": "2.13", "2016-03-31": "2.21", "2015-12-31": "0.00", "2015-09-30": "2.62", "2015-06-30": "3.41", "2015-03-31": "3.22", "2014-12-31": "4.09", "2014-09-30": "4.44", "2014-06-30": "5.06", "2014-03-31": "4.71", "2013-12-31": "4.93", "2013-09-30": "5.84", "2013-06-30": "6.31", "2013-03-31": "6.40", "2012-12-31": "5.13", "2012-09-30": "5.90", "2012-06-30": "5.43", "2012-03-31": "7.17", "2011-12-31": "8.08", "2011-09-30": "5.53", "2011-06-30": "6.42", "2011-03-31": "7.34", "2010-12-31": "7.54", "2010-09-30": "6.07", "2010-06-30": "5.24", "2010-03-31": "6.48", "2009-12-31": "5.93", "2009-09-30": "5.87", "2009-06-30": "4.74", "2009-03-31": "4.87", "2008-12-31": "3.99", "2008-09-30": "6.39", "2008-06-30": "7.64", "2008-03-31": "6.07", "2007-12-31": "6.37", "2007-09-30": "7.00", "2007-06-30": "5.35", "2007-03-31": "5.04", "2006-12-31": "4.15", "2006-09-30": "3.79", "2006-06-30": "4.95", "2006-03-31": "4.16"}, "price fcf": {"2021-02-11": "", "2020-09-30": "$0.78", "2020-06-30": "$0.57", "2020-03-31": "$0.91", "2019-12-31": "$0.90", "2019-09-30": "$-0.04", "2019-06-30": "$-0.00", "2019-03-31": "$-0.75", "2018-12-31": "$-1.17", "2018-09-30": "$-1.62", "2018-06-30": "$-1.80", "2018-03-31": "$-0.83", "2017-12-31": "$-0.07", "2017-09-30": "$-0.12", "2017-06-30": "$-1.56", "2017-03-31": "$0.10", "2016-12-31": "$0.97", "2016-09-30": "$1.84", "2016-06-30": "$4.37", "2016-03-31": "$2.46", "2015-12-31": "$1.75", "2015-09-30": "$2.47", "2015-06-30": "$2.15", "2015-03-31": "$2.61", "2014-12-31": "$2.06", "2014-09-30": "$2.07", "2014-06-30": "$1.77", "2014-03-31": "$2.31", "2013-12-31": "$2.01", "2013-09-30": "$0.89", "2013-06-30": "$0.63", "2013-03-31": "$-1.19", "2012-12-31": "$-1.10", "2012-09-30": "$-1.36", "2012-06-30": "$-1.76", "2012-03-31": "$-0.86", "2011-12-31": "$-0.44", "2011-09-30": "$-0.22", "2011-06-30": "$0.83", "2011-03-31": "$0.72", "2010-12-31": "$0.35", "2010-09-30": "$0.86", "2010-06-30": "$0.93", "2010-03-31": "$1.21", "2009-12-31": "$2.00", "2009-09-30": "$1.42", "2009-06-30": "$0.55", "2009-03-31": "$0.38", "2008-12-31": "$0.34", "2008-09-30": "$1.22", "2008-06-30": "$1.74", "2008-03-31": "$2.02", "2007-12-31": "$1.75", "2007-09-30": "$1.21", "2007-06-30": "$0.95", "2007-03-31": "$0.64", "2006-12-31": "$0.33"}, "net worth": {"value": "$4.44B"}, "current ratio": {"2020-09-30": "1.10", "2020-06-30": "1.16", "2020-03-31": "1.14", "2019-12-31": "1.17", "2019-09-30": "1.17", "2019-06-30": "1.18", "2019-03-31": "1.17", "2018-12-31": "1.29", "2018-09-30": "1.33", "2018-06-30": "1.29", "2018-03-31": "1.28", "2017-12-31": "1.32", "2017-09-30": "1.22", "2017-06-30": "1.21", "2017-03-31": "1.17", "2016-12-31": "1.00", "2016-09-30": "2.13", "2016-06-30": "2.07", "2016-03-31": "1.88", "2015-12-31": "1.71", "2015-09-30": "1.77", "2015-06-30": "1.69", "2015-03-31": "1.69", "2014-12-31": "1.59", "2014-09-30": "1.63", "2014-06-30": "1.64", "2014-03-31": "1.57", "2013-12-31": "1.54", "2013-09-30": "1.69", "2013-06-30": "1.67", "2013-03-31": "1.81", "2012-12-31": "1.77", "2012-09-30": "1.96", "2012-06-30": "1.70", "2012-03-31": "1.73", "2011-12-31": "1.25", "2011-09-30": "1.66", "2011-06-30": "1.70", "2011-03-31": "1.67", "2010-12-31": "1.57", "2010-09-30": "1.66", "2010-06-30": "1.67", "2010-03-31": "1.46", "2009-12-31": "1.32", "2009-09-30": "1.32", "2009-06-30": "1.28", "2009-03-31": "1.29", "2008-12-31": "1.24", "2008-09-30": "1.27", "2008-06-30": "1.27", "2008-03-31": "1.21", "2007-12-31": "1.24", "2007-09-30": "1.30", "2007-06-30": "1.34", "2007-03-31": "1.44", "2006-12-31": "1.40", "2006-09-30": "1.36", "2006-06-30": "1.43", "2006-03-31": "1.38", "2005-12-31": "1.35", "2005-09-30": "1.35", "2005-06-30": "1.31", "2005-03-31": "1.21"}, "quick ratio": {"2020-09-30": "0.97", "2020-06-30": "1.02", "2020-03-31": "1.01", "2019-12-31": "1.03", "2019-09-30": "1.02", "2019-06-30": "1.04", "2019-03-31": "1.03", "2018-12-31": "1.15", "2018-09-30": "1.19", "2018-06-30": "1.18", "2018-03-31": "1.18", "2017-12-31": "1.22", "2017-09-30": "1.14", "2017-06-30": "1.13", "2017-03-31": "1.09", "2016-12-31": "0.97", "2016-09-30": "1.74", "2016-06-30": "1.69", "2016-03-31": "1.52", "2015-12-31": "1.37", "2015-09-30": "1.40", "2015-06-30": "1.30", "2015-03-31": "1.29", "2014-12-31": "1.23", "2014-09-30": "1.24", "2014-06-30": "1.23", "2014-03-31": "1.19", "2013-12-31": "1.16", "2013-09-30": "1.24", "2013-06-30": "1.20", "2013-03-31": "1.32", "2012-12-31": "1.28", "2012-09-30": "1.43", "2012-06-30": "1.22", "2012-03-31": "1.26", "2011-12-31": "0.93", "2011-09-30": "1.22", "2011-06-30": "1.27", "2011-03-31": "1.26", "2010-12-31": "1.19", "2010-09-30": "1.27", "2010-06-30": "1.25", "2010-03-31": "1.08", "2009-12-31": "0.97", "2009-09-30": "0.98", "2009-06-30": "0.90", "2009-03-31": "0.95", "2008-12-31": "0.96", "2008-09-30": "0.94", "2008-06-30": "0.90", "2008-03-31": "0.85", "2007-12-31": "0.95", "2007-09-30": "0.88", "2007-06-30": "0.88", "2007-03-31": "0.90", "2006-12-31": "0.92", "2006-09-30": "0.85", "2006-06-30": "0.92", "2006-03-31": "0.89", "2005-12-31": "0.94", "2005-09-30": "0.88", "2005-06-30": "0.87", "2005-03-31": "0.82"}, "debt equity ratio": {"current": "0.77", "2020-09-30": "3.47", "2020-06-30": "3.69", "2020-03-31": "3.88", "2019-12-31": "2.06", "2019-09-30": "1.45", "2019-06-30": "1.46", "2019-03-31": "1.47", "2018-12-31": "1.39", "2018-09-30": "1.08", "2018-06-30": "1.08", "2018-03-31": "1.15", "2017-12-31": "1.11", "2017-09-30": "1.16", "2017-06-30": "1.18", "2017-03-31": "1.21", "2016-12-31": "2.70", "2016-09-30": "1.21", "2016-06-30": "1.33", "2016-03-31": "1.41", "2015-12-31": "1.52", "2015-09-30": "1.66", "2015-06-30": "1.64", "2015-03-31": "1.81", "2014-12-31": "1.90", "2014-09-30": "1.63", "2014-06-30": "1.55", "2014-03-31": "1.75", "2013-12-31": "1.83", "2013-09-30": "2.06", "2013-06-30": "2.13", "2013-03-31": "2.22", "2012-12-31": "2.19", "2012-09-30": "2.17", "2012-06-30": "2.11", "2012-03-31": "1.87", "2011-12-31": "1.97", "2011-09-30": "1.68", "2011-06-30": "1.68", "2011-03-31": "1.69", "2010-12-31": "1.76", "2010-09-30": "1.88", "2010-06-30": "1.95", "2010-03-31": "1.97", "2009-12-31": "2.20", "2009-09-30": "2.37", "2009-06-30": "2.52", "2009-03-31": "3.64", "2008-12-31": "4.13", "2008-09-30": "2.88", "2008-06-30": "2.42", "2008-03-31": "2.47", "2007-12-31": "2.14", "2007-09-30": "2.36", "2007-06-30": "2.49", "2007-03-31": "2.23", "2006-12-31": "1.81", "2006-09-30": "1.75", "2006-06-30": "1.75", "2006-03-31": "1.93", "2005-12-31": "2.00", "2005-09-30": "1.77", "2005-06-30": "1.92", "2005-03-31": "1.87"}, "return on equity": {"2020-09-30": "-112.21%", "2020-06-30": "-88.63%", "2020-03-31": "-70.54%", "2019-12-31": "-25.05%", "2019-09-30": "-21.91%", "2019-06-30": "-18.23%", "2019-03-31": "-17.13%", "2018-12-31": "-15.52%", "2018-09-30": "1.40%", "2018-06-30": "1.26%", "2018-03-31": "1.68%", "2017-12-31": "0.84%", "2017-09-30": "2.24%", "2017-06-30": "5.04%", "2017-03-31": "6.33%", "2016-12-31": "15.87%", "2016-09-30": "22.21%", "2016-06-30": "14.05%", "2016-03-31": "14.25%", "2015-12-31": "15.50%", "2015-09-30": "20.08%", "2015-06-30": "23.22%", "2015-03-31": "27.73%", "2014-12-31": "27.33%", "2014-09-30": "28.07%", "2014-06-30": "27.49%", "2014-03-31": "24.17%", "2013-12-31": "24.20%", "2013-09-30": "22.73%", "2013-06-30": "22.90%", "2013-03-31": "24.40%", "2012-12-31": "25.35%", "2012-09-30": "25.68%", "2012-06-30": "28.07%", "2012-03-31": "27.10%", "2011-12-31": "26.73%", "2011-09-30": "27.26%", "2011-06-30": "25.66%", "2011-03-31": "27.98%", "2010-12-31": "30.95%", "2010-09-30": "31.83%", "2010-06-30": "34.58%", "2010-03-31": "37.37%", "2009-12-31": "38.24%", "2009-09-30": "42.68%", "2009-06-30": "43.77%", "2009-03-31": "40.83%", "2008-12-31": "38.48%", "2008-09-30": "35.34%", "2008-06-30": "34.12%", "2008-03-31": "33.28%", "2007-12-31": "33.42%", "2007-09-30": "36.21%", "2007-06-30": "35.10%", "2007-03-31": "34.49%", "2006-12-31": "33.41%", "2006-09-30": "26.20%", "2006-06-30": "25.40%", "2006-03-31": "21.66%", "2005-12-31": "15.51%"}, "return on assets": {"2020-09-30": "-27.64%", "2020-06-30": "-26.31%", "2020-03-31": "-24.29%", "2019-12-31": "-9.71%", "2019-09-30": "-8.98%", "2019-06-30": "-7.81%", "2019-03-31": "-7.66%", "2018-12-31": "-7.18%", "2018-09-30": "0.67%", "2018-06-30": "0.59%", "2018-03-31": "0.78%", "2017-12-31": "0.39%", "2017-09-30": "0.95%", "2017-06-30": "2.09%", "2017-03-31": "2.49%", "2016-12-31": "5.56%", "2016-09-30": "9.38%", "2016-06-30": "5.67%", "2016-03-31": "5.57%", "2015-12-31": "5.84%", "2015-09-30": "7.31%", "2015-06-30": "8.48%", "2015-03-31": "10.21%", "2014-12-31": "10.11%", "2014-09-30": "10.46%", "2014-06-30": "9.88%", "2014-03-31": "8.26%", "2013-12-31": "7.95%", "2013-09-30": "7.23%", "2013-06-30": "7.21%", "2013-03-31": "7.69%", "2012-12-31": "8.21%", "2012-09-30": "8.46%", "2012-06-30": "9.66%", "2012-03-31": "9.70%", "2011-12-31": "9.72%", "2011-09-30": "10.10%", "2011-06-30": "9.35%", "2011-03-31": "9.96%", "2010-12-31": "10.74%", "2010-09-30": "10.63%", "2010-06-30": "11.10%", "2010-03-31": "11.51%", "2009-12-31": "10.60%", "2009-09-30": "10.52%", "2009-06-30": "10.36%", "2009-03-31": "9.86%", "2008-12-31": "9.99%", "2008-09-30": "10.22%", "2008-06-30": "10.18%", "2008-03-31": "9.90%", "2007-12-31": "10.12%", "2007-09-30": "11.24%", "2007-06-30": "11.45%", "2007-03-31": "11.99%", "2006-12-31": "11.92%", "2006-09-30": "9.21%", "2006-06-30": "8.90%", "2006-03-31": "7.46%", "2005-12-31": "5.37%"}, "return on investments": {"2020-09-30": "-57.24%", "2020-06-30": "-48.30%", "2020-03-31": "-40.49%", "2019-12-31": "-11.39%", "2019-09-30": "-7.49%", "2019-06-30": "-5.99%", "2019-03-31": "-6.57%", "2018-12-31": "-5.63%", "2018-09-30": "5.88%", "2018-06-30": "5.82%", "2018-03-31": "6.82%", "2017-12-31": "5.73%", "2017-09-30": "5.08%", "2017-06-30": "6.46%", "2017-03-31": "7.06%", "2016-12-31": "15.07%", "2016-09-30": "18.94%", "2016-06-30": "15.64%", "2016-03-31": "15.53%", "2015-12-31": "15.67%", "2015-09-30": "21.27%", "2015-06-30": "25.41%", "2015-03-31": "29.38%", "2014-12-31": "29.75%", "2014-09-30": "29.27%", "2014-06-30": "26.88%", "2014-03-31": "22.61%", "2013-12-31": "20.95%", "2013-09-30": "18.91%", "2013-06-30": "18.26%", "2013-03-31": "19.01%", "2012-12-31": "20.71%", "2012-09-30": "22.99%", "2012-06-30": "27.91%", "2012-03-31": "29.82%", "2011-12-31": "30.29%", "2011-09-30": "29.07%", "2011-06-30": "26.62%", "2011-03-31": "28.37%", "2010-12-31": "32.41%", "2010-09-30": "33.24%", "2010-06-30": "37.83%", "2010-03-31": "41.05%", "2009-12-31": "40.14%", "2009-09-30": "43.16%", "2009-06-30": "44.60%", "2009-03-31": "42.02%", "2008-12-31": "41.54%", "2008-09-30": "37.66%", "2008-06-30": "32.83%", "2008-03-31": "32.04%", "2007-12-31": "31.79%", "2007-09-30": "31.50%", "2007-06-30": "32.06%", "2007-03-31": "29.56%", "2006-12-31": "28.58%", "2006-09-30": "28.44%", "2006-06-30": "24.88%", "2006-03-31": "22.17%", "2005-12-31": "14.96%"}, "return on tangible equity": {"2020-09-30": "-755.44%", "2020-06-30": "-625.22%", "2020-03-31": "-488.06%", "2019-12-31": "-169.35%", "2019-09-30": "-143.36%", "2019-06-30": "-107.41%", "2019-03-31": "-93.22%", "2018-12-31": "-77.50%", "2018-09-30": "6.42%", "2018-06-30": "5.47%", "2018-03-31": "7.22%", "2017-12-31": "3.62%", "2017-09-30": "9.77%", "2017-06-30": "19.45%", "2017-03-31": "19.17%", "2016-12-31": "30.13%", "2016-09-30": "31.42%", "2016-06-30": "20.09%", "2016-03-31": "20.55%", "2015-12-31": "22.66%", "2015-09-30": "29.63%", "2015-06-30": "34.45%", "2015-03-31": "41.51%", "2014-12-31": "41.43%", "2014-09-30": "43.05%", "2014-06-30": "43.93%", "2014-03-31": "40.81%", "2013-12-31": "43.29%", "2013-09-30": "43.25%", "2013-06-30": "44.33%", "2013-03-31": "47.99%", "2012-12-31": "44.93%", "2012-09-30": "41.27%", "2012-06-30": "41.61%", "2012-03-31": "36.88%", "2011-12-31": "36.84%", "2011-09-30": "38.05%", "2011-06-30": "36.64%", "2011-03-31": "41.21%", "2010-12-31": "46.98%", "2010-09-30": "49.70%", "2010-06-30": "51.81%", "2010-03-31": "53.59%", "2009-12-31": "52.75%", "2009-09-30": "56.23%", "2009-06-30": "58.84%", "2009-03-31": "55.21%", "2008-12-31": "51.96%", "2008-09-30": "46.87%", "2008-06-30": "45.51%", "2008-03-31": "45.17%", "2007-12-31": "45.04%", "2007-09-30": "48.69%", "2007-06-30": "46.27%", "2007-03-31": "44.26%", "2006-12-31": "43.03%", "2006-09-30": "34.18%", "2006-06-30": "33.60%", "2006-03-31": "29.23%", "2005-12-31": "21.18%"}, "dividend yield history": {"last payout": "$0.00", "last yield": "0.00%"}}