{"ticker": "FTNT", "price": {"title": "Fortinet Historical Annual Stock Price Data", "value": 163.01, "historical": {"2020": {"Average Stock Price": "122.1516", "Year Open": "109.6800", "Year High": "152.1500", "Year Low": "75.7000", "Year Close": "148.5300", "Annual % Change": "39.13%"}, "2019": {"Average Stock Price": "84.3784", "Year Open": "69.6800", "Year High": "109.5300", "Year Low": "66.9100", "Year Close": "106.7600", "Annual % Change": "51.58%"}, "2018": {"Average Stock Price": "65.2397", "Year Open": "44.3500", "Year High": "92.2900", "Year Low": "43.8300", "Year Close": "70.4300", "Annual % Change": "61.20%"}, "2017": {"Average Stock Price": "38.2148", "Year Open": "30.1200", "Year High": "45.0900", "Year Low": "30.1200", "Year Close": "43.6900", "Annual % Change": "45.05%"}, "2016": {"Average Stock Price": "31.5913", "Year Open": "30.2300", "Year High": "37.1700", "Year Low": "23.8300", "Year Close": "30.1200", "Annual % Change": "-3.37%"}, "2015": {"Average Stock Price": "37.9619", "Year Open": "30.7900", "Year High": "48.8300", "Year Low": "29.2150", "Year Close": "31.1700", "Annual % Change": "1.66%"}, "2014": {"Average Stock Price": "24.1491", "Year Open": "19.0200", "Year High": "31.3100", "Year Low": "19.0200", "Year Close": "30.6600", "Annual % Change": "60.27%"}, "2013": {"Average Stock Price": "20.1638", "Year Open": "21.1900", "Year High": "25.0000", "Year Low": "16.5300", "Year Close": "19.1300", "Annual % Change": "-8.99%"}, "2012": {"Average Stock Price": "23.6354", "Year Open": "20.7700", "Year High": "28.4400", "Year Low": "17.8100", "Year Close": "21.0200", "Annual % Change": "-3.62%"}, "2011": {"Average Stock Price": "21.2694", "Year Open": "16.5500", "Year High": "28.1700", "Year Low": "16.2500", "Year Close": "21.8100", "Annual % Change": "34.84%"}, "2010": {"Average Stock Price": "10.4861", "Year Open": "9.0000", "Year High": "16.7300", "Year Low": "7.5000", "Year Close": "16.1750", "Annual % Change": "84.12%"}, "2009": {"Average Stock Price": "8.6298", "Year Open": "8.3100", "Year High": "9.1800", "Year Low": "8.2750", "Year Close": "8.7850", "Annual % Change": "0.00%"}}}, "market cap": {"value": "$25.97B"}, "income statement": {"Revenue": {"2020-12-31": "2594.40000", "2019-12-31": "2156.20000", "2018-12-31": "1801.20000", "2017-12-31": "1494.90000", "2016-12-31": "1275.40000", "2015-12-31": "1009.26800", "2014-12-31": "770.36400", "2013-12-31": "615.29700", "2012-12-31": "533.63900", "2011-12-31": "433.57600", "2010-12-31": "324.69600", "2009-12-31": "252.11500", "2008-12-31": "211.79100", "2007-12-31": "155.36600"}, "Cost Of Goods Sold": {"2020-12-31": "570.00000", "2019-12-31": "505.90000", "2018-12-31": "450.40000", "2017-12-31": "385.30000", "2016-12-31": "337.80000", "2015-12-31": "286.77700", "2014-12-31": "231.00900", "2013-12-31": "180.64300", "2012-12-31": "147.42000", "2011-12-31": "113.59800", "2010-12-31": "85.20600", "2009-12-31": "69.97500", "2008-12-31": "65.47200", "2007-12-31": "56.65200"}, "Gross Profit": {"2020-12-31": "2024.40000", "2019-12-31": "1650.30000", "2018-12-31": "1350.80000", "2017-12-31": "1109.60000", "2016-12-31": "937.60000", "2015-12-31": "722.49100", "2014-12-31": "539.35500", "2013-12-31": "434.65400", "2012-12-31": "386.21900", "2011-12-31": "319.97800", "2010-12-31": "239.49000", "2009-12-31": "182.14000", "2008-12-31": "146.31900", "2007-12-31": "98.71400"}, "Research And Development Expenses": {"2020-12-31": "341.40000", "2019-12-31": "277.10000", "2018-12-31": "244.50000", "2017-12-31": "210.60000", "2016-12-31": "183.10000", "2015-12-31": "158.12900", "2014-12-31": "122.88000", "2013-12-31": "102.66000", "2012-12-31": "81.07800", "2011-12-31": "63.57700", "2010-12-31": "49.80100", "2009-12-31": "42.19500", "2008-12-31": "37.03500", "2007-12-31": "27.58800"}, "SG&A Expenses": {"2020-12-31": "1191.40000", "2019-12-31": "1029.00000", "2018-12-31": "875.30000", "2017-12-31": "788.90000", "2016-12-31": "707.60000", "2015-12-31": "541.88500", "2014-12-31": "357.15100", "2013-12-31": "259.90400", "2012-12-31": "204.66600", "2011-12-31": "167.49700", "2010-12-31": "134.34800", "2009-12-31": "114.61100", "2008-12-31": "104.35700", "2007-12-31": "92.70300"}, "Other Operating Income Or Expenses": {"2020-12-31": "40.20000", "2019-12-31": "", "2018-12-31": "", "2017-12-31": "", "2016-12-31": "", "2015-12-31": "", "2014-12-31": "", "2013-12-31": "", "2012-12-31": "", "2011-12-31": "", "2010-12-31": "", "2009-12-31": "", "2008-12-31": "", "2007-12-31": ""}, "Operating Expenses": {"2020-12-31": "2062.60000", "2019-12-31": "1812.00000", "2018-12-31": "1570.20000", "2017-12-31": "1385.10000", "2016-12-31": "1232.50000", "2015-12-31": "994.39100", "2014-12-31": "711.04000", "2013-12-31": "543.20700", "2012-12-31": "433.16400", "2011-12-31": "344.67200", "2010-12-31": "269.35500", "2009-12-31": "226.78100", "2008-12-31": "206.86400", "2007-12-31": "176.94300"}, "Operating Income": {"2020-12-31": "531.79980", "2019-12-31": "344.20000", "2018-12-31": "231.00000", "2017-12-31": "109.79990", "2016-12-31": "42.90000", "2015-12-31": "14.87700", "2014-12-31": "59.32400", "2013-12-31": "72.09000", "2012-12-31": "100.47500", "2011-12-31": "88.90400", "2010-12-31": "55.34100", "2009-12-31": "25.33400", "2008-12-31": "4.92700", "2007-12-31": "-21.57700"}, "Total Non-Operating Income/Expense": {"2020-12-31": "9.90000", "2019-12-31": "35.00000", "2018-12-31": "19.90000", "2017-12-31": "14.20000", "2016-12-31": "0.20000", "2015-12-31": "2.12800", "2014-12-31": "2.22500", "2013-12-31": "3.85100", "2012-12-31": "4.52100", "2011-12-31": "3.16900", "2010-12-31": "1.00000", "2009-12-31": "2.17900", "2008-12-31": "4.32400", "2007-12-31": "1.51600"}, "Pre-Tax Income": {"2020-12-31": "541.70000", "2019-12-31": "379.20000", "2018-12-31": "250.90000", "2017-12-31": "124.00000", "2016-12-31": "43.10000", "2015-12-31": "17.00500", "2014-12-31": "61.54900", "2013-12-31": "75.94100", "2012-12-31": "104.99600", "2011-12-31": "92.07300", "2010-12-31": "56.34100", "2009-12-31": "27.51300", "2008-12-31": "9.25100", "2007-12-31": "-20.06100"}, "Income Taxes": {"2020-12-31": "53.20000", "2019-12-31": "52.70000", "2018-12-31": "-81.30000", "2017-12-31": "92.60000", "2016-12-31": "10.90000", "2015-12-31": "9.01800", "2014-12-31": "36.20600", "2013-12-31": "31.66800", "2012-12-31": "38.16000", "2011-12-31": "29.58100", "2010-12-31": "15.09600", "2009-12-31": "-32.66600", "2008-12-31": "1.88800", "2007-12-31": "1.78100"}, "Income After Taxes": {"2020-12-31": "488.50000", "2019-12-31": "326.50000", "2018-12-31": "332.20000", "2017-12-31": "31.40000", "2016-12-31": "32.20000", "2015-12-31": "7.98700", "2014-12-31": "25.34300", "2013-12-31": "44.27300", "2012-12-31": "66.83600", "2011-12-31": "62.49200", "2010-12-31": "41.24500", "2009-12-31": "60.17900", "2008-12-31": "7.36300", "2007-12-31": "-21.84200"}, "Other Income": {"2020-12-31": "", "2019-12-31": "", "2018-12-31": "", "2017-12-31": "", "2016-12-31": "", "2015-12-31": "", "2014-12-31": "", "2013-12-31": "", "2012-12-31": "", "2011-12-31": "", "2010-12-31": "", "2009-12-31": "", "2008-12-31": "", "2007-12-31": ""}, "Income From Continuous Operations": {"2020-12-31": "488.50000", "2019-12-31": "326.50000", "2018-12-31": "332.20000", "2017-12-31": "31.40000", "2016-12-31": "32.20000", "2015-12-31": "7.98700", "2014-12-31": "25.34300", "2013-12-31": "44.27300", "2012-12-31": "66.83600", "2011-12-31": "62.49200", "2010-12-31": "41.24500", "2009-12-31": "60.17900", "2008-12-31": "7.36300", "2007-12-31": "-21.84200"}, "Income From Discontinued Operations": {"2020-12-31": "", "2019-12-31": "", "2018-12-31": "", "2017-12-31": "", "2016-12-31": "", "2015-12-31": "", "2014-12-31": "", "2013-12-31": "", "2012-12-31": "", "2011-12-31": "", "2010-12-31": "", "2009-12-31": "", "2008-12-31": "", "2007-12-31": ""}, "Net Income": {"2020-12-31": "488.50000", "2019-12-31": "326.50000", "2018-12-31": "332.20000", "2017-12-31": "31.40000", "2016-12-31": "32.20000", "2015-12-31": "7.98700", "2014-12-31": "25.34300", "2013-12-31": "44.27300", "2012-12-31": "66.83600", "2011-12-31": "62.49200", "2010-12-31": "41.24500", "2009-12-31": "50.91300", "2008-12-31": "0.45300", "2007-12-31": "-21.84200"}, "EBITDA": {"2020-12-31": "739.29980", "2019-12-31": "507.70000", "2018-12-31": "377.00000", "2017-12-31": "167.79990", "2016-12-31": "96.20000", "2015-12-31": "53.92300", "2014-12-31": "90.05500", "2013-12-31": "99.34700", "2012-12-31": "125.00100", "2011-12-31": "108.40800", "2010-12-31": "68.38600", "2009-12-31": "32.10500", "2008-12-31": "9.20200", "2007-12-31": "-17.42400"}, "EBIT": {"2020-12-31": "531.79980", "2019-12-31": "344.20000", "2018-12-31": "231.00000", "2017-12-31": "109.79990", "2016-12-31": "42.90000", "2015-12-31": "14.87700", "2014-12-31": "59.32400", "2013-12-31": "72.09000", "2012-12-31": "100.47500", "2011-12-31": "88.90400", "2010-12-31": "55.34100", "2009-12-31": "25.33400", "2008-12-31": "4.92700", "2007-12-31": "-21.57700"}, "Basic Shares Outstanding": {"2020-12-31": "164.20000", "2019-12-31": "171.00000", "2018-12-31": "169.10000", "2017-12-31": "174.30000", "2016-12-31": "172.60000", "2015-12-31": "170.38500", "2014-12-31": "163.83100", "2013-12-31": "162.43500", "2012-12-31": "158.07400", "2011-12-31": "152.58100", "2010-12-31": "140.72600", "2009-12-31": "52.66800", "2008-12-31": "40.03400", "2007-12-31": "38.55200"}, "Shares Outstanding": {"2020-12-31": "167.70000", "2019-12-31": "175.00000", "2018-12-31": "174.20000", "2017-12-31": "178.10000", "2016-12-31": "176.30000", "2015-12-31": "176.14100", "2014-12-31": "169.28900", "2013-12-31": "168.18300", "2012-12-31": "166.32900", "2011-12-31": "163.78100", "2010-12-31": "156.40600", "2009-12-31": "130.43800", "2008-12-31": "53.28400", "2007-12-31": "38.55200"}, "Basic EPS": {"2020-12-31": "2.98000", "2019-12-31": "1.91000", "2018-12-31": "1.96000", "2017-12-31": "0.18000", "2016-12-31": "0.19000", "2015-12-31": "0.05000", "2014-12-31": "0.15000", "2013-12-31": "0.27000", "2012-12-31": "0.42000", "2011-12-31": "0.41000", "2010-12-31": "0.29000", "2009-12-31": "0.97000", "2008-12-31": "0.01000", "2007-12-31": "-0.56500"}, "EPS - Earnings Per Share": {"2020-12-31": "2.91000", "2019-12-31": "1.87000", "2018-12-31": "1.91000", "2017-12-31": "0.18000", "2016-12-31": "0.18000", "2015-12-31": "0.05000", "2014-12-31": "0.15000", "2013-12-31": "0.26000", "2012-12-31": "0.40000", "2011-12-31": "0.38000", "2010-12-31": "0.26000", "2009-12-31": "0.39000", "2008-12-31": "0.01000", "2007-12-31": "-0.56500"}}, "income statement, quarterly": {"Revenue": {"2020-12-31": "748.00000", "2020-09-30": "651.10000", "2020-06-30": "615.50000", "2020-03-31": "576.90000", "2019-12-31": "613.79990", "2019-09-30": "548.10000", "2019-06-30": "521.70000", "2019-03-31": "472.60000", "2018-12-31": "506.99990", "2018-09-30": "453.90000", "2018-06-30": "441.30000", "2018-03-31": "399.00000", "2017-12-31": "416.59990", "2017-09-30": "374.20000", "2017-06-30": "363.50000", "2017-03-31": "340.60000", "2016-12-31": "362.78700", "2016-09-30": "316.64600", "2016-06-30": "311.39100", "2016-03-31": "284.57600", "2015-12-31": "296.52900", "2015-09-30": "260.06800", "2015-06-30": "239.78500", "2015-03-31": "212.88600", "2014-12-31": "223.96900", "2014-09-30": "193.34800", "2014-06-30": "184.09800", "2014-03-31": "168.94900", "2013-12-31": "177.35000", "2013-09-30": "154.69900", "2013-06-30": "147.42800", "2013-03-31": "135.82000", "2012-12-31": "151.16200", "2012-09-30": "136.26800", "2012-06-30": "128.96200", "2012-03-31": "117.24700", "2011-12-31": "120.86100", "2011-09-30": "116.42600", "2011-06-30": "103.02300", "2011-03-31": "93.26600", "2010-12-31": "93.59900", "2010-09-30": "84.97100", "2010-06-30": "76.33100", "2010-03-31": "69.79500", "2009-12-31": "70.71100", "2009-09-30": "65.86400", "2009-06-30": "61.34500", "2009-03-31": "54.19400", "2008-12-31": ""}, "Cost Of Goods Sold": {"2020-12-31": "167.00000", "2020-09-30": "139.20000", "2020-06-30": "135.10000", "2020-03-31": "128.70000", "2019-12-31": "140.50000", "2019-09-30": "124.10000", "2019-06-30": "128.30000", "2019-03-31": "113.00000", "2018-12-31": "128.50000", "2018-09-30": "111.60000", "2018-06-30": "113.10000", "2018-03-31": "97.20000", "2017-12-31": "105.40000", "2017-09-30": "93.60000", "2017-06-30": "95.70000", "2017-03-31": "90.60000", "2016-12-31": "90.85400", "2016-09-30": "84.79900", "2016-06-30": "84.50300", "2016-03-31": "77.64400", "2015-12-31": "81.97600", "2015-09-30": "71.70100", "2015-06-30": "69.49800", "2015-03-31": "63.60200", "2014-12-31": "65.62400", "2014-09-30": "56.88500", "2014-06-30": "57.75700", "2014-03-31": "50.74300", "2013-12-31": "53.87700", "2013-09-30": "43.93000", "2013-06-30": "43.70800", "2013-03-31": "39.12800", "2012-12-31": "41.44200", "2012-09-30": "37.80800", "2012-06-30": "37.12700", "2012-03-31": "31.04300", "2011-12-31": "32.48500", "2011-09-30": "31.13900", "2011-06-30": "26.55800", "2011-03-31": "23.41600", "2010-12-31": "24.22300", "2010-09-30": "21.44300", "2010-06-30": "20.16500", "2010-03-31": "19.37500", "2009-12-31": "20.92000", "2009-09-30": "17.43300", "2009-06-30": "16.97900", "2009-03-31": "14.65400", "2008-12-31": ""}, "Gross Profit": {"2020-12-31": "581.00000", "2020-09-30": "511.90000", "2020-06-30": "480.40000", "2020-03-31": "448.20000", "2019-12-31": "473.29990", "2019-09-30": "424.00000", "2019-06-30": "393.40000", "2019-03-31": "359.60000", "2018-12-31": "378.49990", "2018-09-30": "342.30000", "2018-06-30": "328.20000", "2018-03-31": "301.80000", "2017-12-31": "311.20000", "2017-09-30": "280.60000", "2017-06-30": "267.80000", "2017-03-31": "250.00000", "2016-12-31": "271.93300", "2016-09-30": "231.84700", "2016-06-30": "226.88800", "2016-03-31": "206.93200", "2015-12-31": "214.55300", "2015-09-30": "188.36700", "2015-06-30": "170.28700", "2015-03-31": "149.28400", "2014-12-31": "158.34500", "2014-09-30": "136.46300", "2014-06-30": "126.34100", "2014-03-31": "118.20600", "2013-12-31": "123.47300", "2013-09-30": "110.76900", "2013-06-30": "103.72000", "2013-03-31": "96.69200", "2012-12-31": "109.72000", "2012-09-30": "98.46000", "2012-06-30": "91.83500", "2012-03-31": "86.20400", "2011-12-31": "88.37600", "2011-09-30": "85.28700", "2011-06-30": "76.46500", "2011-03-31": "69.85000", "2010-12-31": "69.37600", "2010-09-30": "63.52800", "2010-06-30": "56.16600", "2010-03-31": "50.42000", "2009-12-31": "49.79100", "2009-09-30": "48.43100", "2009-06-30": "44.36600", "2009-03-31": "39.54000", "2008-12-31": ""}, "Research And Development Expenses": {"2020-12-31": "89.00000", "2020-09-30": "90.00000", "2020-06-30": "82.10000", "2020-03-31": "80.30000", "2019-12-31": "71.20000", "2019-09-30": "69.90000", "2019-06-30": "67.40000", "2019-03-31": "68.60000", "2018-12-31": "65.50000", "2018-09-30": "58.70000", "2018-06-30": "61.20000", "2018-03-31": "59.10000", "2017-12-31": "54.70000", "2017-09-30": "53.50000", "2017-06-30": "51.20000", "2017-03-31": "51.20000", "2016-12-31": "45.60500", "2016-09-30": "47.23900", "2016-06-30": "45.50200", "2016-03-31": "44.75400", "2015-12-31": "42.81400", "2015-09-30": "42.11000", "2015-06-30": "37.38900", "2015-03-31": "35.81600", "2014-12-31": "33.09700", "2014-09-30": "30.79000", "2014-06-30": "29.93800", "2014-03-31": "29.05500", "2013-12-31": "27.74700", "2013-09-30": "26.42100", "2013-06-30": "25.15800", "2013-03-31": "23.33400", "2012-12-31": "20.52500", "2012-09-30": "20.49800", "2012-06-30": "20.38800", "2012-03-31": "19.66700", "2011-12-31": "16.38000", "2011-09-30": "16.83400", "2011-06-30": "15.94200", "2011-03-31": "14.42100", "2010-12-31": "12.80200", "2010-09-30": "12.38900", "2010-06-30": "12.67600", "2010-03-31": "11.93400", "2009-12-31": "11.00000", "2009-09-30": "10.79700", "2009-06-30": "10.53400", "2009-03-31": "9.87600", "2008-12-31": ""}, "SG&A Expenses": {"2020-12-31": "323.80000", "2020-09-30": "296.10000", "2020-06-30": "282.70000", "2020-03-31": "288.80000", "2019-12-31": "284.30000", "2019-09-30": "253.50000", "2019-06-30": "250.80000", "2019-03-31": "240.40000", "2018-12-31": "227.90000", "2018-09-30": "220.80000", "2018-06-30": "216.30000", "2018-03-31": "210.30000", "2017-12-31": "214.30000", "2017-09-30": "193.40000", "2017-06-30": "188.20000", "2017-03-31": "193.00000", "2016-12-31": "180.34300", "2016-09-30": "176.83700", "2016-06-30": "184.87800", "2016-03-31": "165.54200", "2015-12-31": "157.15500", "2015-09-30": "142.21400", "2015-06-30": "129.94600", "2015-03-31": "112.57000", "2014-12-31": "105.33200", "2014-09-30": "90.22200", "2014-06-30": "85.26100", "2014-03-31": "76.33600", "2013-12-31": "71.08300", "2013-09-30": "66.06900", "2013-06-30": "64.78500", "2013-03-31": "57.96700", "2012-12-31": "54.15500", "2012-09-30": "52.19200", "2012-06-30": "50.49700", "2012-03-31": "47.82200", "2011-12-31": "45.47600", "2011-09-30": "42.29300", "2011-06-30": "41.74400", "2011-03-31": "37.98400", "2010-12-31": "35.87600", "2010-09-30": "32.98000", "2010-06-30": "33.71000", "2010-03-31": "31.78200", "2009-12-31": "31.38000", "2009-09-30": "27.95800", "2009-06-30": "28.85700", "2009-03-31": "26.43500", "2008-12-31": ""}, "Other Operating Income Or Expenses": {"2020-12-31": "1.20000", "2020-09-30": "1.10000", "2020-06-30": "1.10000", "2020-03-31": "36.80000", "2019-12-31": "", "2019-09-30": "", "2019-06-30": "", "2019-03-31": "", "2018-12-31": "", "2018-09-30": "", "2018-06-30": "", "2018-03-31": "", "2017-12-31": "", "2017-09-30": "", "2017-06-30": "", "2017-03-31": "", "2016-12-31": "", "2016-09-30": "", "2016-06-30": "", "2016-03-31": "", "2015-12-31": "", "2015-09-30": "", "2015-06-30": "", "2015-03-31": "", "2014-12-31": "", "2014-09-30": "", "2014-06-30": "", "2014-03-31": "", "2013-12-31": "", "2013-09-30": "", "2013-06-30": "", "2013-03-31": "", "2012-12-31": "", "2012-09-30": "", "2012-06-30": "", "2012-03-31": "", "2011-12-31": "", "2011-09-30": "", "2011-06-30": "", "2011-03-31": "", "2010-12-31": "", "2010-09-30": "", "2010-06-30": "", "2010-03-31": "", "2009-12-31": "", "2009-09-30": "", "2009-06-30": "", "2009-03-31": "", "2008-12-31": ""}, "Operating Expenses": {"2020-12-31": "578.60000", "2020-09-30": "524.20000", "2020-06-30": "498.80000", "2020-03-31": "461.00000", "2019-12-31": "496.00000", "2019-09-30": "447.50000", "2019-06-30": "446.50000", "2019-03-31": "422.00000", "2018-12-31": "421.90000", "2018-09-30": "391.10000", "2018-06-30": "390.60000", "2018-03-31": "366.60000", "2017-12-31": "374.40010", "2017-09-30": "340.50000", "2017-06-30": "335.00000", "2017-03-31": "335.20000", "2016-12-31": "317.63800", "2016-09-30": "311.15800", "2016-06-30": "315.43600", "2016-03-31": "288.26800", "2015-12-31": "283.66200", "2015-09-30": "261.90800", "2015-06-30": "236.83300", "2015-03-31": "211.98800", "2014-12-31": "204.05290", "2014-09-30": "177.89700", "2014-06-30": "172.95600", "2014-03-31": "156.13400", "2013-12-31": "152.70700", "2013-09-30": "136.42000", "2013-06-30": "133.65100", "2013-03-31": "120.42900", "2012-12-31": "116.12200", "2012-09-30": "110.49800", "2012-06-30": "108.01200", "2012-03-31": "98.53200", "2011-12-31": "94.34100", "2011-09-30": "90.26600", "2011-06-30": "84.24400", "2011-03-31": "75.82100", "2010-12-31": "72.90100", "2010-09-30": "66.81200", "2010-06-30": "66.55100", "2010-03-31": "63.09100", "2009-12-31": "63.30000", "2009-09-30": "56.18800", "2009-06-30": "56.37000", "2009-03-31": "50.96500", "2008-12-31": ""}, "Operating Income": {"2020-12-31": "169.40000", "2020-09-30": "126.90000", "2020-06-30": "116.70000", "2020-03-31": "115.90000", "2019-12-31": "117.79990", "2019-09-30": "100.60000", "2019-06-30": "75.20000", "2019-03-31": "50.60000", "2018-12-31": "85.09990", "2018-09-30": "62.80000", "2018-06-30": "50.70000", "2018-03-31": "32.40000", "2017-12-31": "42.19980", "2017-09-30": "33.70000", "2017-06-30": "28.50000", "2017-03-31": "5.40000", "2016-12-31": "45.14910", "2016-09-30": "5.48800", "2016-06-30": "-4.04500", "2016-03-31": "-3.69200", "2015-12-31": "12.86700", "2015-09-30": "-1.84000", "2015-06-30": "2.95200", "2015-03-31": "0.89800", "2014-12-31": "19.91600", "2014-09-30": "15.45100", "2014-06-30": "11.14200", "2014-03-31": "12.81500", "2013-12-31": "24.64290", "2013-09-30": "18.27900", "2013-06-30": "13.77700", "2013-03-31": "15.39100", "2012-12-31": "35.03990", "2012-09-30": "25.77000", "2012-06-30": "20.95000", "2012-03-31": "18.71500", "2011-12-31": "26.52000", "2011-09-30": "26.16000", "2011-06-30": "18.77900", "2011-03-31": "17.44500", "2010-12-31": "20.69800", "2010-09-30": "18.15900", "2010-06-30": "9.78000", "2010-03-31": "6.70400", "2009-12-31": "7.41100", "2009-09-30": "9.67600", "2009-06-30": "4.97500", "2009-03-31": "3.22900", "2008-12-31": ""}, "Total Non-Operating Income/Expense": {"2020-12-31": "2.30000", "2020-09-30": "1.50000", "2020-06-30": "4.90000", "2020-03-31": "1.20000", "2019-12-31": "9.30000", "2019-09-30": "5.40000", "2019-06-30": "10.60000", "2019-03-31": "9.70000", "2018-12-31": "7.00000", "2018-09-30": "7.80000", "2018-06-30": "0.80000", "2018-03-31": "4.30000", "2017-12-31": "2.80000", "2017-09-30": "4.30000", "2017-06-30": "4.40000", "2017-03-31": "2.70000", "2016-12-31": "-1.69000", "2016-09-30": "1.10100", "2016-06-30": "0.35500", "2016-03-31": "0.43400", "2015-12-31": "0.16900", "2015-09-30": "0.68000", "2015-06-30": "0.53400", "2015-03-31": "0.74500", "2014-12-31": "0.20200", "2014-09-30": "0.33400", "2014-06-30": "0.74500", "2014-03-31": "0.94400", "2013-12-31": "0.89900", "2013-09-30": "0.13100", "2013-06-30": "1.23700", "2013-03-31": "1.58400", "2012-12-31": "1.23000", "2012-09-30": "1.00100", "2012-06-30": "1.27600", "2012-03-31": "1.01400", "2011-12-31": "0.85100", "2011-09-30": "0.96400", "2011-06-30": "0.65600", "2011-03-31": "0.69800", "2010-12-31": "0.38400", "2010-09-30": "0.11200", "2010-06-30": "0.48600", "2010-03-31": "0.01800", "2009-12-31": "0.36000", "2009-09-30": "0.36400", "2009-06-30": "0.25300", "2009-03-31": "1.20800", "2008-12-31": ""}, "Pre-Tax Income": {"2020-12-31": "171.70000", "2020-09-30": "128.40000", "2020-06-30": "121.60000", "2020-03-31": "117.10000", "2019-12-31": "127.10000", "2019-09-30": "106.00000", "2019-06-30": "85.80000", "2019-03-31": "60.30000", "2018-12-31": "92.10000", "2018-09-30": "70.60000", "2018-06-30": "51.50000", "2018-03-31": "36.70000", "2017-12-31": "45.00000", "2017-09-30": "38.00000", "2017-06-30": "32.90000", "2017-03-31": "8.10000", "2016-12-31": "43.45900", "2016-09-30": "6.58900", "2016-06-30": "-3.69000", "2016-03-31": "-3.25800", "2015-12-31": "13.03600", "2015-09-30": "-1.16000", "2015-06-30": "3.48600", "2015-03-31": "1.64300", "2014-12-31": "20.11800", "2014-09-30": "15.78500", "2014-06-30": "11.88700", "2014-03-31": "13.75900", "2013-12-31": "25.54200", "2013-09-30": "18.41000", "2013-06-30": "15.01400", "2013-03-31": "16.97500", "2012-12-31": "36.27000", "2012-09-30": "26.77100", "2012-06-30": "22.22600", "2012-03-31": "19.72900", "2011-12-31": "27.37100", "2011-09-30": "27.12400", "2011-06-30": "19.43500", "2011-03-31": "18.14300", "2010-12-31": "21.08200", "2010-09-30": "18.27100", "2010-06-30": "10.26600", "2010-03-31": "6.72200", "2009-12-31": "7.82000", "2009-09-30": "10.04000", "2009-06-30": "5.22800", "2009-03-31": "4.43700", "2008-12-31": ""}, "Income Taxes": {"2020-12-31": "25.00000", "2020-09-30": "5.00000", "2020-06-30": "9.50000", "2020-03-31": "13.10000", "2019-12-31": "12.30000", "2019-09-30": "25.80000", "2019-06-30": "13.10000", "2019-03-31": "1.50000", "2018-12-31": "-90.50000", "2018-09-30": "11.90000", "2018-06-30": "2.20000", "2018-03-31": "-4.90000", "2017-12-31": "74.00000", "2017-09-30": "11.30000", "2017-06-30": "9.90000", "2017-03-31": "-2.60000", "2016-12-31": "18.28000", "2016-09-30": "0.29800", "2016-06-30": "-2.30200", "2016-03-31": "-5.37600", "2015-12-31": "15.57000", "2015-09-30": "-9.32900", "2015-06-30": "2.69400", "2015-03-31": "0.08300", "2014-12-31": "13.30500", "2014-09-30": "11.72900", "2014-06-30": "5.80600", "2014-03-31": "5.36600", "2013-12-31": "13.52600", "2013-09-30": "7.38100", "2013-06-30": "6.03500", "2013-03-31": "4.72600", "2012-12-31": "14.76300", "2012-09-30": "9.56500", "2012-06-30": "8.27600", "2012-03-31": "5.55600", "2011-12-31": "10.87700", "2011-09-30": "9.20700", "2011-06-30": "4.94100", "2011-03-31": "4.55600", "2010-12-31": "4.94100", "2010-09-30": "4.25400", "2010-06-30": "3.39700", "2010-03-31": "2.50400", "2009-12-31": "-36.12000", "2009-09-30": "2.15100", "2009-06-30": "0.65200", "2009-03-31": "0.66300", "2008-12-31": ""}, "Income After Taxes": {"2020-12-31": "146.70000", "2020-09-30": "123.40000", "2020-06-30": "112.10000", "2020-03-31": "104.00000", "2019-12-31": "114.80000", "2019-09-30": "80.20000", "2019-06-30": "72.70000", "2019-03-31": "58.80000", "2018-12-31": "182.60000", "2018-09-30": "58.70000", "2018-06-30": "49.30000", "2018-03-31": "41.60000", "2017-12-31": "-29.00000", "2017-09-30": "26.70000", "2017-06-30": "23.00000", "2017-03-31": "10.70000", "2016-12-31": "25.17900", "2016-09-30": "6.29100", "2016-06-30": "-1.38800", "2016-03-31": "2.11800", "2015-12-31": "-2.53400", "2015-09-30": "8.16900", "2015-06-30": "0.79200", "2015-03-31": "1.56000", "2014-12-31": "6.81300", "2014-09-30": "4.05600", "2014-06-30": "6.08100", "2014-03-31": "8.39300", "2013-12-31": "12.01600", "2013-09-30": "11.02900", "2013-06-30": "8.97900", "2013-03-31": "12.24900", "2012-12-31": "21.50700", "2012-09-30": "17.20600", "2012-06-30": "13.95000", "2012-03-31": "14.17300", "2011-12-31": "16.49400", "2011-09-30": "17.91700", "2011-06-30": "14.49400", "2011-03-31": "13.58700", "2010-12-31": "16.14100", "2010-09-30": "14.01700", "2010-06-30": "6.86900", "2010-03-31": "4.21800", "2009-12-31": "43.94000", "2009-09-30": "7.88900", "2009-06-30": "4.57600", "2009-03-31": "3.77400", "2008-12-31": ""}, "Other Income": {"2020-12-31": "", "2020-09-30": "", "2020-06-30": "", "2020-03-31": "", "2019-12-31": "", "2019-09-30": "", "2019-06-30": "", "2019-03-31": "", "2018-12-31": "", "2018-09-30": "", "2018-06-30": "", "2018-03-31": "", "2017-12-31": "", "2017-09-30": "", "2017-06-30": "", "2017-03-31": "", "2016-12-31": "", "2016-09-30": "", "2016-06-30": "", "2016-03-31": "", "2015-12-31": "", "2015-09-30": "", "2015-06-30": "", "2015-03-31": "", "2014-12-31": "", "2014-09-30": "", "2014-06-30": "", "2014-03-31": "", "2013-12-31": "", "2013-09-30": "", "2013-06-30": "", "2013-03-31": "", "2012-12-31": "", "2012-09-30": "", "2012-06-30": "", "2012-03-31": "", "2011-12-31": "", "2011-09-30": "", "2011-06-30": "", "2011-03-31": "", "2010-12-31": "", "2010-09-30": "", "2010-06-30": "", "2010-03-31": "", "2009-12-31": "0.00000", "2009-09-30": "", "2009-06-30": "", "2009-03-31": "", "2008-12-31": ""}, "Income From Continuous Operations": {"2020-12-31": "146.70000", "2020-09-30": "123.40000", "2020-06-30": "112.10000", "2020-03-31": "104.00000", "2019-12-31": "114.80000", "2019-09-30": "80.20000", "2019-06-30": "72.70000", "2019-03-31": "58.80000", "2018-12-31": "182.60000", "2018-09-30": "58.70000", "2018-06-30": "49.30000", "2018-03-31": "41.60000", "2017-12-31": "-29.00000", "2017-09-30": "26.70000", "2017-06-30": "23.00000", "2017-03-31": "10.70000", "2016-12-31": "25.17900", "2016-09-30": "6.29100", "2016-06-30": "-1.38800", "2016-03-31": "2.11800", "2015-12-31": "-2.53400", "2015-09-30": "8.16900", "2015-06-30": "0.79200", "2015-03-31": "1.56000", "2014-12-31": "6.81300", "2014-09-30": "4.05600", "2014-06-30": "6.08100", "2014-03-31": "8.39300", "2013-12-31": "12.01600", "2013-09-30": "11.02900", "2013-06-30": "8.97900", "2013-03-31": "12.24900", "2012-12-31": "21.50700", "2012-09-30": "17.20600", "2012-06-30": "13.95000", "2012-03-31": "14.17300", "2011-12-31": "16.49400", "2011-09-30": "17.91700", "2011-06-30": "14.49400", "2011-03-31": "13.58700", "2010-12-31": "16.14100", "2010-09-30": "14.01700", "2010-06-30": "6.86900", "2010-03-31": "4.21800", "2009-12-31": "43.93900", "2009-09-30": "7.88900", "2009-06-30": "4.57600", "2009-03-31": "3.77400", "2008-12-31": ""}, "Income From Discontinued Operations": {"2020-12-31": "", "2020-09-30": "", "2020-06-30": "", "2020-03-31": "", "2019-12-31": "", "2019-09-30": "", "2019-06-30": "", "2019-03-31": "", "2018-12-31": "", "2018-09-30": "", "2018-06-30": "", "2018-03-31": "", "2017-12-31": "", "2017-09-30": "", "2017-06-30": "", "2017-03-31": "", "2016-12-31": "", "2016-09-30": "", "2016-06-30": "", "2016-03-31": "", "2015-12-31": "", "2015-09-30": "", "2015-06-30": "", "2015-03-31": "", "2014-12-31": "", "2014-09-30": "", "2014-06-30": "", "2014-03-31": "", "2013-12-31": "", "2013-09-30": "", "2013-06-30": "", "2013-03-31": "", "2012-12-31": "", "2012-09-30": "", "2012-06-30": "", "2012-03-31": "", "2011-12-31": "", "2011-09-30": "", "2011-06-30": "", "2011-03-31": "", "2010-12-31": "", "2010-09-30": "", "2010-06-30": "", "2010-03-31": "", "2009-12-31": "0.00000", "2009-09-30": "", "2009-06-30": "", "2009-03-31": "", "2008-12-31": ""}, "Net Income": {"2020-12-31": "146.70000", "2020-09-30": "123.40000", "2020-06-30": "112.10000", "2020-03-31": "104.00000", "2019-12-31": "114.80000", "2019-09-30": "80.20000", "2019-06-30": "72.70000", "2019-03-31": "58.80000", "2018-12-31": "182.60000", "2018-09-30": "58.70000", "2018-06-30": "49.30000", "2018-03-31": "41.60000", "2017-12-31": "-29.00000", "2017-09-30": "26.70000", "2017-06-30": "23.00000", "2017-03-31": "10.70000", "2016-12-31": "25.17900", "2016-09-30": "6.29100", "2016-06-30": "-1.38800", "2016-03-31": "2.11800", "2015-12-31": "-2.53400", "2015-09-30": "8.16900", "2015-06-30": "0.79200", "2015-03-31": "1.56000", "2014-12-31": "6.81300", "2014-09-30": "4.05600", "2014-06-30": "6.08100", "2014-03-31": "8.39300", "2013-12-31": "12.01600", "2013-09-30": "11.02900", "2013-06-30": "8.97900", "2013-03-31": "12.24900", "2012-12-31": "21.50700", "2012-09-30": "17.20600", "2012-06-30": "13.95000", "2012-03-31": "14.17300", "2011-12-31": "16.49400", "2011-09-30": "17.91700", "2011-06-30": "14.49400", "2011-03-31": "13.58700", "2010-12-31": "16.14100", "2010-09-30": "14.01700", "2010-06-30": "6.86900", "2010-03-31": "4.21800", "2009-12-31": "43.93900", "2009-09-30": "6.39000", "2009-06-30": "0.00000", "2009-03-31": "-1.45700", "2008-12-31": ""}, "EBITDA": {"2020-12-31": "", "2020-09-30": "179.50000", "2020-06-30": "167.90000", "2020-03-31": "164.20000", "2019-12-31": "161.59990", "2019-09-30": "141.40000", "2019-06-30": "114.40000", "2019-03-31": "90.30000", "2018-12-31": "123.79990", "2018-09-30": "99.90000", "2018-06-30": "86.80000", "2018-03-31": "66.50000", "2017-12-31": "56.89980", "2017-09-30": "48.10000", "2017-06-30": "42.90000", "2017-03-31": "19.90000", "2016-12-31": "59.72510", "2016-09-30": "19.57700", "2016-06-30": "8.54300", "2016-03-31": "8.35500", "2015-12-31": "23.93700", "2015-09-30": "8.87300", "2015-06-30": "11.92400", "2015-03-31": "9.18900", "2014-12-31": "27.44800", "2014-09-30": "22.98400", "2014-06-30": "19.87300", "2014-03-31": "19.75000", "2013-12-31": "31.48890", "2013-09-30": "25.47900", "2013-06-30": "20.40100", "2013-03-31": "21.97800", "2012-12-31": "41.48790", "2012-09-30": "32.24300", "2012-06-30": "27.21800", "2012-03-31": "24.05200", "2011-12-31": "31.40200", "2011-09-30": "31.15500", "2011-06-30": "23.46700", "2011-03-31": "22.38400", "2010-12-31": "24.57600", "2010-09-30": "21.77100", "2010-06-30": "12.87000", "2010-03-31": "9.16900", "2009-12-31": "9.00600", "2009-09-30": "11.54800", "2009-06-30": "6.65600", "2009-03-31": "4.85100", "2008-12-31": ""}, "EBIT": {"2020-12-31": "169.40000", "2020-09-30": "126.90000", "2020-06-30": "116.70000", "2020-03-31": "115.90000", "2019-12-31": "117.80000", "2019-09-30": "100.60000", "2019-06-30": "75.20000", "2019-03-31": "50.60000", "2018-12-31": "85.10000", "2018-09-30": "62.80000", "2018-06-30": "50.70000", "2018-03-31": "32.40000", "2017-12-31": "42.19990", "2017-09-30": "33.70000", "2017-06-30": "28.50000", "2017-03-31": "5.40000", "2016-12-31": "45.14910", "2016-09-30": "5.48800", "2016-06-30": "-4.04500", "2016-03-31": "-3.69200", "2015-12-31": "12.86700", "2015-09-30": "-1.84000", "2015-06-30": "2.95200", "2015-03-31": "0.89800", "2014-12-31": "19.91600", "2014-09-30": "15.45100", "2014-06-30": "11.14200", "2014-03-31": "12.81500", "2013-12-31": "24.64300", "2013-09-30": "18.27900", "2013-06-30": "13.77700", "2013-03-31": "15.39100", "2012-12-31": "35.04000", "2012-09-30": "25.77000", "2012-06-30": "20.95000", "2012-03-31": "18.71500", "2011-12-31": "26.52000", "2011-09-30": "26.16000", "2011-06-30": "18.77900", "2011-03-31": "17.44500", "2010-12-31": "20.69800", "2010-09-30": "18.15900", "2010-06-30": "9.78000", "2010-03-31": "6.70400", "2009-12-31": "7.41100", "2009-09-30": "9.67600", "2009-06-30": "4.97500", "2009-03-31": "3.22900", "2008-12-31": ""}, "Basic Shares Outstanding": {"2020-12-31": "162.50000", "2020-09-30": "162.10000", "2020-06-30": "161.60000", "2020-03-31": "170.60000", "2019-12-31": "171.00000", "2019-09-30": "171.30000", "2019-06-30": "171.10000", "2019-03-31": "170.20000", "2018-12-31": "169.10000", "2018-09-30": "169.80000", "2018-06-30": "168.60000", "2018-03-31": "167.70000", "2017-12-31": "174.30000", "2017-09-30": "175.50000", "2017-06-30": "175.70000", "2017-03-31": "174.50000", "2016-12-31": "172.60000", "2016-09-30": "173.33500", "2016-06-30": "172.07500", "2016-03-31": "171.74500", "2015-12-31": "170.38500", "2015-09-30": "171.64800", "2015-06-30": "169.93000", "2015-03-31": "168.07700", "2014-12-31": "163.83100", "2014-09-30": "164.29400", "2014-06-30": "163.16100", "2014-03-31": "162.39100", "2013-12-31": "162.43500", "2013-09-30": "162.90600", "2013-06-30": "162.24700", "2013-03-31": "161.28200", "2012-12-31": "158.07400", "2012-09-30": "158.75100", "2012-06-30": "157.47400", "2012-03-31": "156.01000", "2011-12-31": "152.58100", "2011-09-30": "153.26500", "2011-06-30": "152.26700", "2011-03-31": "150.30800", "2010-12-31": "140.72600", "2010-09-30": "143.67200", "2010-06-30": "136.99000", "2010-03-31": "134.36200", "2009-12-31": "85.98200", "2009-09-30": "116.57600", "2009-06-30": "41.14800", "2009-03-31": "41.92000", "2008-12-31": ""}, "Shares Outstanding": {"2020-12-31": "165.50000", "2020-09-30": "165.60000", "2020-06-30": "165.40000", "2020-03-31": "174.20000", "2019-12-31": "175.00000", "2019-09-30": "174.80000", "2019-06-30": "175.10000", "2019-03-31": "174.80000", "2018-12-31": "174.20000", "2018-09-30": "175.70000", "2018-06-30": "173.50000", "2018-03-31": "171.80000", "2017-12-31": "178.10000", "2017-09-30": "179.00000", "2017-06-30": "179.70000", "2017-03-31": "178.30000", "2016-12-31": "176.30000", "2016-09-30": "177.93800", "2016-06-30": "172.07500", "2016-03-31": "174.42100", "2015-12-31": "176.14100", "2015-09-30": "177.89700", "2015-06-30": "176.23400", "2015-03-31": "173.72000", "2014-12-31": "169.28900", "2014-09-30": "169.72700", "2014-06-30": "168.34500", "2014-03-31": "168.11400", "2013-12-31": "168.18300", "2013-09-30": "168.66600", "2013-06-30": "168.04200", "2013-03-31": "167.82300", "2012-12-31": "166.32900", "2012-09-30": "166.79100", "2012-06-30": "166.06100", "2012-03-31": "165.75100", "2011-12-31": "163.78100", "2011-09-30": "163.86900", "2011-06-30": "163.88700", "2011-03-31": "162.86400", "2010-12-31": "156.40600", "2010-09-30": "155.84200", "2010-06-30": "151.27400", "2010-03-31": "149.75600", "2009-12-31": "141.52000", "2009-09-30": "128.33400", "2009-06-30": "128.06400", "2009-03-31": "41.92000", "2008-12-31": ""}, "Basic EPS": {"2020-12-31": "0.90000", "2020-09-30": "0.76000", "2020-06-30": "0.69000", "2020-03-31": "0.61000", "2019-12-31": "0.67000", "2019-09-30": "0.47000", "2019-06-30": "0.42000", "2019-03-31": "0.35000", "2018-12-31": "1.07000", "2018-09-30": "0.35000", "2018-06-30": "0.29000", "2018-03-31": "0.25000", "2017-12-31": "-0.16000", "2017-09-30": "0.15000", "2017-06-30": "0.13000", "2017-03-31": "0.06000", "2016-12-31": "0.15000", "2016-09-30": "0.04000", "2016-06-30": "-0.01000", "2016-03-31": "0.01000", "2015-12-31": "-0.01470", "2015-09-30": "0.05000", "2015-06-30": "0.00470", "2015-03-31": "0.01000", "2014-12-31": "0.04000", "2014-09-30": "0.02000", "2014-06-30": "0.04000", "2014-03-31": "0.05000", "2013-12-31": "0.06000", "2013-09-30": "0.07000", "2013-06-30": "0.06000", "2013-03-31": "0.08000", "2012-12-31": "0.13000", "2012-09-30": "0.11000", "2012-06-30": "0.09000", "2012-03-31": "0.09000", "2011-12-31": "0.10000", "2011-09-30": "0.12000", "2011-06-30": "0.10000", "2011-03-31": "0.09000", "2010-12-31": "0.11000", "2010-09-30": "0.10000", "2010-06-30": "0.05000", "2010-03-31": "0.03000", "2009-12-31": "0.51000", "2009-09-30": "0.05500", "2009-06-30": "", "2009-03-31": "-0.03500", "2008-12-31": ""}, "EPS - Earnings Per Share": {"2020-12-31": "0.89000", "2020-09-30": "0.75000", "2020-06-30": "0.68000", "2020-03-31": "0.60000", "2019-12-31": "0.65000", "2019-09-30": "0.46000", "2019-06-30": "0.42000", "2019-03-31": "0.34000", "2018-12-31": "1.06000", "2018-09-30": "0.33000", "2018-06-30": "0.28000", "2018-03-31": "0.24000", "2017-12-31": "-0.16000", "2017-09-30": "0.15000", "2017-06-30": "0.13000", "2017-03-31": "0.06000", "2016-12-31": "0.14000", "2016-09-30": "0.04000", "2016-06-30": "-0.01000", "2016-03-31": "0.01000", "2015-12-31": "-0.01450", "2015-09-30": "0.05000", "2015-06-30": "0.00450", "2015-03-31": "0.01000", "2014-12-31": "0.04000", "2014-09-30": "0.02000", "2014-06-30": "0.04000", "2014-03-31": "0.05000", "2013-12-31": "0.07000", "2013-09-30": "0.07000", "2013-06-30": "0.05000", "2013-03-31": "0.07000", "2012-12-31": "0.13000", "2012-09-30": "0.10000", "2012-06-30": "0.08000", "2012-03-31": "0.09000", "2011-12-31": "0.10000", "2011-09-30": "0.11000", "2011-06-30": "0.09000", "2011-03-31": "0.08000", "2010-12-31": "0.09000", "2010-09-30": "0.09000", "2010-06-30": "0.05000", "2010-03-31": "0.03000", "2009-12-31": "0.31000", "2009-09-30": "0.05000", "2009-06-30": "0.00000", "2009-03-31": "-0.03500", "2008-12-31": "0.00000"}}, "balance sheet": {"Cash On Hand": {"2020-12-31": "1837.30000", "2019-12-31": "2065.60000", "2018-12-31": "1649.60000", "2017-12-31": "1251.30000", "2016-12-31": "1085.52500", "2015-12-31": "891.35100", "2014-12-31": "720.02000", "2013-12-31": "491.37000", "2012-12-31": "413.69400", "2011-12-31": "390.27300", "2010-12-31": "313.51000", "2009-12-31": "260.31400", "2008-12-31": "124.19000", "2007-12-31": ""}, "Receivables": {"2020-12-31": "720.00000", "2019-12-31": "544.30000", "2018-12-31": "444.50000", "2017-12-31": "348.20000", "2016-12-31": "312.99800", "2015-12-31": "259.56300", "2014-12-31": "184.74100", "2013-12-31": "130.47100", "2012-12-31": "107.64200", "2011-12-31": "95.52200", "2010-12-31": "72.33600", "2009-12-31": "54.55100", "2008-12-31": "46.04300", "2007-12-31": ""}, "Inventory": {"2020-12-31": "139.80000", "2019-12-31": "117.90000", "2018-12-31": "90.00000", "2017-12-31": "77.30000", "2016-12-31": "106.88700", "2015-12-31": "83.86800", "2014-12-31": "69.47700", "2013-12-31": "48.67200", "2012-12-31": "21.06000", "2011-12-31": "16.24900", "2010-12-31": "13.51700", "2009-12-31": "10.64900", "2008-12-31": "11.41900", "2007-12-31": ""}, "Pre-Paid Expenses": {"2020-12-31": "43.30000", "2019-12-31": "41.20000", "2018-12-31": "36.80000", "2017-12-31": "40.00000", "2016-12-31": "33.30600", "2015-12-31": "35.76100", "2014-12-31": "31.14300", "2013-12-31": "14.05300", "2012-12-31": "13.21500", "2011-12-31": "13.94800", "2010-12-31": "8.84900", "2009-12-31": "3.10000", "2008-12-31": "3.27000", "2007-12-31": ""}, "Other Current Assets": {"2020-12-31": "", "2019-12-31": "", "2018-12-31": "", "2017-12-31": "", "2016-12-31": "", "2015-12-31": "", "2014-12-31": "", "2013-12-31": "", "2012-12-31": "", "2011-12-31": "", "2010-12-31": "", "2009-12-31": "", "2008-12-31": "", "2007-12-31": ""}, "Total Current Assets": {"2020-12-31": "2740.40000", "2019-12-31": "2769.00000", "2018-12-31": "2220.90000", "2017-12-31": "1716.80000", "2016-12-31": "1538.71600", "2015-12-31": "1270.54300", "2014-12-31": "1005.38100", "2013-12-31": "735.54600", "2012-12-31": "569.27400", "2011-12-31": "523.57000", "2010-12-31": "420.15800", "2009-12-31": "342.21700", "2008-12-31": "188.46100", "2007-12-31": ""}, "Property, Plant, And Equipment": {"2020-12-31": "448.00000", "2019-12-31": "344.30000", "2018-12-31": "271.40000", "2017-12-31": "245.40000", "2016-12-31": "137.24900", "2015-12-31": "91.06700", "2014-12-31": "58.91900", "2013-12-31": "36.65200", "2012-12-31": "25.63800", "2011-12-31": "7.96600", "2010-12-31": "7.05600", "2009-12-31": "6.38700", "2008-12-31": "3.42500", "2007-12-31": ""}, "Long-Term Investments": {"2020-12-31": "118.30000", "2019-12-31": "144.30000", "2018-12-31": "67.00000", "2017-12-31": "98.00000", "2016-12-31": "224.98300", "2015-12-31": "272.95900", "2014-12-31": "271.72400", "2013-12-31": "351.67500", "2012-12-31": "325.89200", "2011-12-31": "148.41400", "2010-12-31": "73.95000", "2009-12-31": "", "2008-12-31": "", "2007-12-31": ""}, "Goodwill And Intangible Assets": {"2020-12-31": "124.60000", "2019-12-31": "98.30000", "2018-12-31": "60.30000", "2017-12-31": "30.90000", "2016-12-31": "39.38100", "2015-12-31": "22.33200", "2014-12-31": "5.65600", "2013-12-31": "9.71300", "2012-12-31": "2.11700", "2011-12-31": "", "2010-12-31": "", "2009-12-31": "", "2008-12-31": "", "2007-12-31": ""}, "Other Long-Term Assets": {"2020-12-31": "63.20000", "2019-12-31": "60.00000", "2018-12-31": "20.80000", "2017-12-31": "19.90000", "2016-12-31": "16.86700", "2015-12-31": "14.39300", "2014-12-31": "10.53000", "2013-12-31": "4.82000", "2012-12-31": "4.05100", "2011-12-31": "8.27400", "2010-12-31": "1.27200", "2009-12-31": "1.19500", "2008-12-31": "2.05800", "2007-12-31": ""}, "Total Long-Term Assets": {"2020-12-31": "1304.10000", "2019-12-31": "1116.50000", "2018-12-31": "857.10000", "2017-12-31": "541.10000", "2016-12-31": "601.22500", "2015-12-31": "519.96700", "2014-12-31": "419.39300", "2013-12-31": "432.91800", "2012-12-31": "406.22300", "2011-12-31": "211.17700", "2010-12-31": "125.26400", "2009-12-31": "44.99600", "2008-12-31": "10.64400", "2007-12-31": ""}, "Total Assets": {"2020-12-31": "4044.50000", "2019-12-31": "3885.50000", "2018-12-31": "3078.00000", "2017-12-31": "2257.90000", "2016-12-31": "2139.94100", "2015-12-31": "1790.51000", "2014-12-31": "1424.77400", "2013-12-31": "1168.46400", "2012-12-31": "975.49700", "2011-12-31": "734.74700", "2010-12-31": "545.42200", "2009-12-31": "387.21300", "2008-12-31": "199.10500", "2007-12-31": "0.00000"}, "Total Current Liabilities": {"2020-12-31": "1829.50000", "2019-12-31": "1473.60000", "2018-12-31": "1256.40000", "2017-12-31": "1027.20000", "2016-12-31": "829.44000", "2015-12-31": "678.67000", "2014-12-31": "496.45600", "2013-12-31": "413.06100", "2012-12-31": "319.30400", "2011-12-31": "266.86400", "2010-12-31": "218.38200", "2009-12-31": "180.56500", "2008-12-31": "150.26800", "2007-12-31": ""}, "Long Term Debt": {"2020-12-31": "", "2019-12-31": "", "2018-12-31": "", "2017-12-31": "", "2016-12-31": "", "2015-12-31": "", "2014-12-31": "", "2013-12-31": "", "2012-12-31": "", "2011-12-31": "", "2010-12-31": "", "2009-12-31": "", "2008-12-31": "", "2007-12-31": ""}, "Other Non-Current Liabilities": {"2020-12-31": "56.20000", "2019-12-31": "44.90000", "2018-12-31": "13.00000", "2017-12-31": "8.60000", "2016-12-31": "14.26200", "2015-12-31": "19.18800", "2014-12-31": "17.38500", "2013-12-31": "0.47100", "2012-12-31": "0.56400", "2011-12-31": "21.62400", "2010-12-31": "11.60300", "2009-12-31": "2.80300", "2008-12-31": "0.74600", "2007-12-31": ""}, "Total Long Term Liabilities": {"2020-12-31": "1359.00000", "2019-12-31": "1090.00000", "2018-12-31": "811.40000", "2017-12-31": "641.30000", "2016-12-31": "472.82000", "2015-12-31": "356.46300", "2014-12-31": "252.35200", "2013-12-31": "169.64300", "2012-12-31": "145.25900", "2011-12-31": "109.52900", "2010-12-31": "94.58600", "2009-12-31": "64.19600", "2008-12-31": "54.06600", "2007-12-31": ""}, "Total Liabilities": {"2020-12-31": "3188.50000", "2019-12-31": "2563.60000", "2018-12-31": "2067.80000", "2017-12-31": "1668.50000", "2016-12-31": "1302.26000", "2015-12-31": "1035.13300", "2014-12-31": "748.80800", "2013-12-31": "582.70400", "2012-12-31": "464.56300", "2011-12-31": "376.39300", "2010-12-31": "312.96800", "2009-12-31": "244.76100", "2008-12-31": "204.33400", "2007-12-31": ""}, "Common Stock Net": {"2020-12-31": "0.20000", "2019-12-31": "0.20000", "2018-12-31": "0.20000", "2017-12-31": "0.20000", "2016-12-31": "0.17300", "2015-12-31": "0.17100", "2014-12-31": "0.16600", "2013-12-31": "0.16100", "2012-12-31": "0.16200", "2011-12-31": "0.15600", "2010-12-31": "0.15000", "2009-12-31": "0.06700", "2008-12-31": "0.02100", "2007-12-31": ""}, "Retained Earnings (Accumulated Deficit)": {"2020-12-31": "-352.10000", "2019-12-31": "140.30000", "2018-12-31": "-57.50000", "2017-12-31": "-319.60000", "2016-12-31": "37.62000", "2015-12-31": "68.48100", "2014-12-31": "113.64500", "2013-12-31": "121.86300", "2012-12-31": "110.60100", "2011-12-31": "43.76500", "2010-12-31": "-18.72700", "2009-12-31": "-59.97200", "2008-12-31": "-120.15100", "2007-12-31": ""}, "Comprehensive Income": {"2020-12-31": "0.70000", "2019-12-31": "1.10000", "2018-12-31": "-0.80000", "2017-12-31": "-0.80000", "2016-12-31": "-0.76500", "2015-12-31": "-0.93300", "2014-12-31": "-0.34900", "2013-12-31": "1.09200", "2012-12-31": "3.09100", "2011-12-31": "0.40200", "2010-12-31": "2.18100", "2009-12-31": "1.08400", "2008-12-31": "-0.30000", "2007-12-31": ""}, "Other Share Holders Equity": {"2020-12-31": "", "2019-12-31": "", "2018-12-31": "", "2017-12-31": "", "2016-12-31": "", "2015-12-31": "", "2014-12-31": "", "2013-12-31": "", "2012-12-31": "", "2011-12-31": "", "2010-12-31": "", "2009-12-31": "", "2008-12-31": "", "2007-12-31": ""}, "Share Holder Equity": {"2020-12-31": "856.00000", "2019-12-31": "1321.90000", "2018-12-31": "1010.20000", "2017-12-31": "589.40000", "2016-12-31": "837.68100", "2015-12-31": "755.37700", "2014-12-31": "675.96600", "2013-12-31": "585.76000", "2012-12-31": "510.93400", "2011-12-31": "358.35400", "2010-12-31": "232.45400", "2009-12-31": "142.45200", "2008-12-31": "-5.22900", "2007-12-31": ""}, "Total Liabilities And Share Holders Equity": {"2020-12-31": "4044.50000", "2019-12-31": "3885.50000", "2018-12-31": "3078.00000", "2017-12-31": "2257.90000", "2016-12-31": "2139.94100", "2015-12-31": "1790.51000", "2014-12-31": "1424.77400", "2013-12-31": "1168.46400", "2012-12-31": "975.49700", "2011-12-31": "734.74700", "2010-12-31": "545.42200", "2009-12-31": "387.21300", "2008-12-31": "199.10500", "2007-12-31": ""}}, "balance sheet, quarterly": {"Cash On Hand": {"2020-12-31": "1837.30000", "2020-09-30": "1656.70000", "2020-06-30": "1526.90000", "2020-03-31": "1401.30000", "2019-12-31": "2065.60000", "2019-09-30": "1940.30000", "2019-06-30": "1830.20000", "2019-03-31": "1801.80000", "2018-12-31": "1649.60000", "2018-09-30": "1634.20000", "2018-06-30": "1433.70000", "2018-03-31": "1303.90000", "2017-12-31": "1251.30000", "2017-09-30": "1275.75500", "2017-06-30": "1207.32400", "2017-03-31": "1198.67200", "2016-12-31": "1085.52500", "2016-09-30": "1030.42200", "2016-06-30": "984.76800", "2016-03-31": "952.59900", "2015-12-31": "891.35100", "2015-09-30": "908.15800", "2015-06-30": "873.02700", "2015-03-31": "803.95700", "2014-12-31": "720.02000", "2014-09-30": "660.59100", "2014-06-30": "558.12100", "2014-03-31": "561.05100", "2013-12-31": "491.37000", "2013-09-30": "513.01800", "2013-06-30": "502.69700", "2013-03-31": "460.38000", "2012-12-31": "413.69400", "2012-09-30": "374.64600", "2012-06-30": "401.62900", "2012-03-31": "428.07000", "2011-12-31": "390.27300", "2011-09-30": "389.16600", "2011-06-30": "342.02000", "2011-03-31": "301.59800", "2010-12-31": "313.51000", "2010-09-30": "292.29000", "2010-06-30": "252.34700", "2010-03-31": "248.16000", "2009-12-31": "260.31400", "2009-09-30": "", "2009-06-30": "", "2009-03-31": "", "2008-12-31": "124.18000"}, "Receivables": {"2020-12-31": "720.00000", "2020-09-30": "546.60000", "2020-06-30": "498.70000", "2020-03-31": "474.70000", "2019-12-31": "544.30000", "2019-09-30": "384.10000", "2019-06-30": "403.10000", "2019-03-31": "381.00000", "2018-12-31": "444.50000", "2018-09-30": "324.40000", "2018-06-30": "333.60000", "2018-03-31": "313.10000", "2017-12-31": "348.20000", "2017-09-30": "257.99900", "2017-06-30": "274.47600", "2017-03-31": "270.11100", "2016-12-31": "312.99800", "2016-09-30": "238.98800", "2016-06-30": "254.37900", "2016-03-31": "220.13500", "2015-12-31": "259.56300", "2015-09-30": "174.11100", "2015-06-30": "176.84900", "2015-03-31": "161.85400", "2014-12-31": "184.74100", "2014-09-30": "116.38200", "2014-06-30": "127.82500", "2014-03-31": "111.48900", "2013-12-31": "130.47100", "2013-09-30": "107.80200", "2013-06-30": "108.90700", "2013-03-31": "102.35900", "2012-12-31": "107.64200", "2012-09-30": "89.84300", "2012-06-30": "95.35100", "2012-03-31": "84.75900", "2011-12-31": "95.52200", "2011-09-30": "75.83500", "2011-06-30": "72.21200", "2011-03-31": "71.32600", "2010-12-31": "72.33600", "2010-09-30": "59.56200", "2010-06-30": "59.80600", "2010-03-31": "51.31500", "2009-12-31": "54.55100", "2009-09-30": "", "2009-06-30": "", "2009-03-31": "", "2008-12-31": "46.04000"}, "Inventory": {"2020-12-31": "139.80000", "2020-09-30": "134.50000", "2020-06-30": "126.00000", "2020-03-31": "105.00000", "2019-12-31": "117.90000", "2019-09-30": "99.20000", "2019-06-30": "85.70000", "2019-03-31": "88.40000", "2018-12-31": "90.00000", "2018-09-30": "80.80000", "2018-06-30": "78.20000", "2018-03-31": "80.00000", "2017-12-31": "77.30000", "2017-09-30": "73.59500", "2017-06-30": "86.43900", "2017-03-31": "104.97800", "2016-12-31": "106.88700", "2016-09-30": "93.73100", "2016-06-30": "81.24700", "2016-03-31": "78.23900", "2015-12-31": "83.86800", "2015-09-30": "80.65000", "2015-06-30": "68.84500", "2015-03-31": "72.06000", "2014-12-31": "69.47700", "2014-09-30": "51.34400", "2014-06-30": "46.82400", "2014-03-31": "43.29400", "2013-12-31": "48.67200", "2013-09-30": "46.87600", "2013-06-30": "33.31700", "2013-03-31": "23.93300", "2012-12-31": "21.06000", "2012-09-30": "26.18200", "2012-06-30": "20.82800", "2012-03-31": "17.95900", "2011-12-31": "16.24900", "2011-09-30": "12.96800", "2011-06-30": "13.65000", "2011-03-31": "12.12500", "2010-12-31": "13.51700", "2010-09-30": "11.28400", "2010-06-30": "12.12100", "2010-03-31": "9.86700", "2009-12-31": "10.64900", "2009-09-30": "", "2009-06-30": "", "2009-03-31": "", "2008-12-31": "11.41000"}, "Pre-Paid Expenses": {"2020-12-31": "43.30000", "2020-09-30": "46.80000", "2020-06-30": "57.10000", "2020-03-31": "54.30000", "2019-12-31": "41.20000", "2019-09-30": "42.60000", "2019-06-30": "41.70000", "2019-03-31": "42.10000", "2018-12-31": "36.80000", "2018-09-30": "38.70000", "2018-06-30": "39.30000", "2018-03-31": "38.80000", "2017-12-31": "40.00000", "2017-09-30": "43.30200", "2017-06-30": "36.39500", "2017-03-31": "42.32100", "2016-12-31": "33.30600", "2016-09-30": "31.73200", "2016-06-30": "33.49000", "2016-03-31": "34.72800", "2015-12-31": "35.76100", "2015-09-30": "41.51700", "2015-06-30": "35.32600", "2015-03-31": "32.75700", "2014-12-31": "31.14300", "2014-09-30": "16.82600", "2014-06-30": "23.19500", "2014-03-31": "14.67000", "2013-12-31": "14.05300", "2013-09-30": "38.27100", "2013-06-30": "27.47900", "2013-03-31": "26.98800", "2012-12-31": "13.21500", "2012-09-30": "16.89300", "2012-06-30": "19.64000", "2012-03-31": "13.74900", "2011-12-31": "13.94800", "2011-09-30": "9.25800", "2011-06-30": "10.13900", "2011-03-31": "7.74900", "2010-12-31": "8.84900", "2010-09-30": "5.70500", "2010-06-30": "4.53900", "2010-03-31": "3.59100", "2009-12-31": "3.10000", "2009-09-30": "", "2009-06-30": "", "2009-03-31": "", "2008-12-31": ""}, "Other Current Assets": {"2020-12-31": "", "2020-09-30": "", "2020-06-30": "", "2020-03-31": "", "2019-12-31": "", "2019-09-30": "", "2019-06-30": "", "2019-03-31": "", "2018-12-31": "", "2018-09-30": "", "2018-06-30": "", "2018-03-31": "", "2017-12-31": "", "2017-09-30": "", "2017-06-30": "", "2017-03-31": "", "2016-12-31": "", "2016-09-30": "", "2016-06-30": "", "2016-03-31": "", "2015-12-31": "", "2015-09-30": "", "2015-06-30": "", "2015-03-31": "", "2014-12-31": "", "2014-09-30": "", "2014-06-30": "", "2014-03-31": "", "2013-12-31": "", "2013-09-30": "", "2013-06-30": "", "2013-03-31": "", "2012-12-31": "", "2012-09-30": "", "2012-06-30": "", "2012-03-31": "", "2011-12-31": "", "2011-09-30": "", "2011-06-30": "", "2011-03-31": "", "2010-12-31": "", "2010-09-30": "", "2010-06-30": "", "2010-03-31": "", "2009-12-31": "", "2009-09-30": "", "2009-06-30": "", "2009-03-31": "", "2008-12-31": ""}, "Total Current Assets": {"2020-12-31": "2740.40000", "2020-09-30": "2384.60000", "2020-06-30": "2208.70000", "2020-03-31": "2035.30000", "2019-12-31": "2769.00000", "2019-09-30": "2466.20000", "2019-06-30": "2360.70000", "2019-03-31": "2313.30000", "2018-12-31": "2220.90000", "2018-09-30": "2078.10000", "2018-06-30": "1884.80000", "2018-03-31": "1735.80000", "2017-12-31": "1716.80000", "2017-09-30": "1650.65100", "2017-06-30": "1604.63400", "2017-03-31": "1616.08200", "2016-12-31": "1538.71600", "2016-09-30": "1394.87300", "2016-06-30": "1353.88400", "2016-03-31": "1285.70100", "2015-12-31": "1270.54300", "2015-09-30": "1251.74000", "2015-06-30": "1195.51000", "2015-03-31": "1111.80300", "2014-12-31": "1005.38100", "2014-09-30": "896.44000", "2014-06-30": "806.94900", "2014-03-31": "781.46000", "2013-12-31": "735.54600", "2013-09-30": "705.96700", "2013-06-30": "672.40000", "2013-03-31": "613.66000", "2012-12-31": "569.27400", "2012-09-30": "514.65200", "2012-06-30": "544.51100", "2012-03-31": "551.50000", "2011-12-31": "523.57000", "2011-09-30": "503.92600", "2011-06-30": "454.41200", "2011-03-31": "404.14100", "2010-12-31": "420.15800", "2010-09-30": "382.60500", "2010-06-30": "345.40700", "2010-03-31": "326.55300", "2009-12-31": "342.21700", "2009-09-30": "", "2009-06-30": "", "2009-03-31": "", "2008-12-31": "188.46000"}, "Property, Plant, And Equipment": {"2020-12-31": "448.00000", "2020-09-30": "419.40000", "2020-06-30": "392.60000", "2020-03-31": "374.20000", "2019-12-31": "344.30000", "2019-09-30": "305.50000", "2019-06-30": "284.70000", "2019-03-31": "272.00000", "2018-12-31": "271.40000", "2018-09-30": "265.40000", "2018-06-30": "256.00000", "2018-03-31": "245.10000", "2017-12-31": "245.40000", "2017-09-30": "239.89100", "2017-06-30": "238.51300", "2017-03-31": "155.47600", "2016-12-31": "137.24900", "2016-09-30": "126.10900", "2016-06-30": "125.63600", "2016-03-31": "115.78200", "2015-12-31": "91.06700", "2015-09-30": "83.37200", "2015-06-30": "71.46500", "2015-03-31": "63.48700", "2014-12-31": "58.91900", "2014-09-30": "56.81200", "2014-06-30": "55.30000", "2014-03-31": "47.47400", "2013-12-31": "36.65200", "2013-09-30": "28.38000", "2013-06-30": "27.04700", "2013-03-31": "25.80300", "2012-12-31": "25.63800", "2012-09-30": "26.02000", "2012-06-30": "10.24700", "2012-03-31": "9.56000", "2011-12-31": "7.96600", "2011-09-30": "7.48500", "2011-06-30": "7.33900", "2011-03-31": "7.09800", "2010-12-31": "7.05600", "2010-09-30": "6.79700", "2010-06-30": "6.73700", "2010-03-31": "6.66300", "2009-12-31": "6.38700", "2009-09-30": "", "2009-06-30": "", "2009-03-31": "", "2008-12-31": "18.32000"}, "Long-Term Investments": {"2020-12-31": "118.30000", "2020-09-30": "117.90000", "2020-06-30": "100.40000", "2020-03-31": "172.00000", "2019-12-31": "144.30000", "2019-09-30": "204.20000", "2019-06-30": "149.50000", "2019-03-31": "50.20000", "2018-12-31": "67.00000", "2018-09-30": "38.60000", "2018-06-30": "65.30000", "2018-03-31": "82.50000", "2017-12-31": "98.00000", "2017-09-30": "247.87500", "2017-06-30": "257.62200", "2017-03-31": "242.33300", "2016-12-31": "224.98300", "2016-09-30": "240.22800", "2016-06-30": "237.22300", "2016-03-31": "241.88800", "2015-12-31": "272.95900", "2015-09-30": "261.50600", "2015-06-30": "275.34400", "2015-03-31": "268.60800", "2014-12-31": "271.72400", "2014-09-30": "303.16800", "2014-06-30": "352.47300", "2014-03-31": "327.26300", "2013-12-31": "351.67500", "2013-09-30": "327.98700", "2013-06-30": "311.71300", "2013-03-31": "322.15800", "2012-12-31": "325.89200", "2012-09-30": "315.65700", "2012-06-30": "242.76900", "2012-03-31": "172.23600", "2011-12-31": "148.41400", "2011-09-30": "113.80100", "2011-06-30": "126.47800", "2011-03-31": "131.10500", "2010-12-31": "73.95000", "2010-09-30": "60.05400", "2010-06-30": "56.61300", "2010-03-31": "32.77700", "2009-12-31": "", "2009-09-30": "", "2009-06-30": "", "2009-03-31": "", "2008-12-31": ""}, "Goodwill And Intangible Assets": {"2020-12-31": "124.60000", "2020-09-30": "93.50000", "2020-06-30": "90.60000", "2020-03-31": "94.30000", "2019-12-31": "98.30000", "2019-09-30": "52.20000", "2019-06-30": "54.40000", "2019-03-31": "57.30000", "2018-12-31": "60.30000", "2018-09-30": "43.80000", "2018-06-30": "46.50000", "2018-03-31": "29.10000", "2017-12-31": "30.90000", "2017-09-30": "32.84400", "2017-06-30": "34.88100", "2017-03-31": "37.08800", "2016-12-31": "39.38100", "2016-09-30": "42.40200", "2016-06-30": "45.72300", "2016-03-31": "21.14900", "2015-12-31": "22.33200", "2015-09-30": "23.22700", "2015-06-30": "3.51700", "2015-03-31": "5.38300", "2014-12-31": "5.65600", "2014-09-30": "5.92800", "2014-06-30": "6.20100", "2014-03-31": "9.04200", "2013-12-31": "9.71300", "2013-09-30": "10.61200", "2013-06-30": "9.53900", "2013-03-31": "9.96400", "2012-12-31": "2.11700", "2012-09-30": "", "2012-06-30": "", "2012-03-31": "", "2011-12-31": "", "2011-09-30": "", "2011-06-30": "", "2011-03-31": "", "2010-12-31": "", "2010-09-30": "", "2010-06-30": "", "2010-03-31": "", "2009-12-31": "", "2009-09-30": "0.00000", "2009-06-30": "0.00000", "2009-03-31": "0.00000", "2008-12-31": "0.00000"}, "Other Long-Term Assets": {"2020-12-31": "63.20000", "2020-09-30": "59.60000", "2020-06-30": "55.90000", "2020-03-31": "55.20000", "2019-12-31": "60.00000", "2019-09-30": "56.40000", "2019-06-30": "57.20000", "2019-03-31": "59.70000", "2018-12-31": "20.80000", "2018-09-30": "20.20000", "2018-06-30": "20.60000", "2018-03-31": "20.80000", "2017-12-31": "19.90000", "2017-09-30": "19.29700", "2017-06-30": "18.01200", "2017-03-31": "17.21800", "2016-12-31": "16.86700", "2016-09-30": "17.11400", "2016-06-30": "16.93000", "2016-03-31": "15.30500", "2015-12-31": "14.39300", "2015-09-30": "15.32500", "2015-06-30": "14.88800", "2015-03-31": "10.02400", "2014-12-31": "10.53000", "2014-09-30": "7.97700", "2014-06-30": "7.65800", "2014-03-31": "4.73400", "2013-12-31": "4.82000", "2013-09-30": "3.20000", "2013-06-30": "3.28300", "2013-03-31": "61.14400", "2012-12-31": "4.05100", "2012-09-30": "6.54600", "2012-06-30": "7.71500", "2012-03-31": "8.62500", "2011-12-31": "8.27400", "2011-09-30": "4.55700", "2011-06-30": "4.89500", "2011-03-31": "3.17800", "2010-12-31": "1.27200", "2010-09-30": "1.23900", "2010-06-30": "1.27300", "2010-03-31": "1.18800", "2009-12-31": "1.19500", "2009-09-30": "", "2009-06-30": "", "2009-03-31": "", "2008-12-31": ""}, "Total Long-Term Assets": {"2020-12-31": "1304.10000", "2020-09-30": "1201.60000", "2020-06-30": "1121.90000", "2020-03-31": "1170.90000", "2019-12-31": "1110.20000", "2019-09-30": "1079.40000", "2019-06-30": "1008.70000", "2019-03-31": "892.40000", "2018-12-31": "857.10000", "2018-09-30": "685.40000", "2018-06-30": "690.90000", "2018-03-31": "664.90000", "2017-12-31": "541.10000", "2017-09-30": "744.62800", "2017-06-30": "756.05700", "2017-03-31": "651.30100", "2016-12-31": "601.22500", "2016-09-30": "615.28700", "2016-06-30": "606.29400", "2016-03-31": "525.81990", "2015-12-31": "519.96700", "2015-09-30": "455.43300", "2015-06-30": "409.36600", "2015-03-31": "386.50000", "2014-12-31": "419.39300", "2014-09-30": "416.16100", "2014-06-30": "458.16300", "2014-03-31": "418.57100", "2013-12-31": "432.91800", "2013-09-30": "422.17500", "2013-06-30": "413.34600", "2013-03-31": "419.06900", "2012-12-31": "406.22300", "2012-09-30": "398.61600", "2012-06-30": "306.73400", "2012-03-31": "236.94400", "2011-12-31": "211.17700", "2011-09-30": "167.06100", "2011-06-30": "180.82300", "2011-03-31": "183.61200", "2010-12-31": "125.26400", "2010-09-30": "105.84200", "2010-06-30": "102.19000", "2010-03-31": "77.65600", "2009-12-31": "44.99600", "2009-09-30": "", "2009-06-30": "", "2009-03-31": "", "2008-12-31": "18.32000"}, "Total Assets": {"2020-12-31": "4044.50000", "2020-09-30": "3586.20000", "2020-06-30": "3330.60000", "2020-03-31": "3206.20000", "2019-12-31": "3879.20000", "2019-09-30": "3545.60000", "2019-06-30": "3369.40000", "2019-03-31": "3205.70000", "2018-12-31": "3078.00000", "2018-09-30": "2763.50000", "2018-06-30": "2575.70000", "2018-03-31": "2400.70000", "2017-12-31": "2257.90000", "2017-09-30": "2395.27900", "2017-06-30": "2360.69100", "2017-03-31": "2267.38300", "2016-12-31": "2139.94100", "2016-09-30": "2010.16000", "2016-06-30": "1960.17800", "2016-03-31": "1811.52100", "2015-12-31": "1790.51000", "2015-09-30": "1707.17300", "2015-06-30": "1604.87600", "2015-03-31": "1498.30300", "2014-12-31": "1424.77400", "2014-09-30": "1312.60100", "2014-06-30": "1265.11200", "2014-03-31": "1200.03100", "2013-12-31": "1168.46400", "2013-09-30": "1128.14200", "2013-06-30": "1085.74600", "2013-03-31": "1032.72900", "2012-12-31": "975.49700", "2012-09-30": "913.26800", "2012-06-30": "851.24500", "2012-03-31": "788.44400", "2011-12-31": "734.74700", "2011-09-30": "670.98700", "2011-06-30": "635.23500", "2011-03-31": "587.75300", "2010-12-31": "545.42200", "2010-09-30": "488.44700", "2010-06-30": "447.59700", "2010-03-31": "404.20900", "2009-12-31": "387.21300", "2009-09-30": "0.00000", "2009-06-30": "0.00000", "2009-03-31": "0.00000", "2008-12-31": "199.10000"}, "Total Current Liabilities": {"2020-12-31": "1829.50000", "2020-09-30": "1645.60000", "2020-06-30": "1611.90000", "2020-03-31": "1543.00000", "2019-12-31": "1455.80000", "2019-09-30": "1341.90000", "2019-06-30": "1293.70000", "2019-03-31": "1254.30000", "2018-12-31": "1256.40000", "2018-09-30": "1111.90000", "2018-06-30": "1085.20000", "2018-03-31": "1029.70000", "2017-12-31": "1027.20000", "2017-09-30": "910.63900", "2017-06-30": "885.51900", "2017-03-31": "856.58500", "2016-12-31": "829.44000", "2016-09-30": "750.36000", "2016-06-30": "731.96400", "2016-03-31": "687.34200", "2015-12-31": "678.67000", "2015-09-30": "603.13400", "2015-06-30": "565.29900", "2015-03-31": "518.63300", "2014-12-31": "496.45600", "2014-09-30": "434.49600", "2014-06-30": "426.08800", "2014-03-31": "394.86600", "2013-12-31": "413.06100", "2013-09-30": "367.32600", "2013-06-30": "360.48100", "2013-03-31": "331.72800", "2012-12-31": "319.30400", "2012-09-30": "298.69400", "2012-06-30": "294.97700", "2012-03-31": "270.96100", "2011-12-31": "266.86400", "2011-09-30": "251.66700", "2011-06-30": "246.28900", "2011-03-31": "235.92400", "2010-12-31": "218.38200", "2010-09-30": "202.23200", "2010-06-30": "197.12200", "2010-03-31": "183.87000", "2009-12-31": "180.56500", "2009-09-30": "", "2009-06-30": "", "2009-03-31": "", "2008-12-31": "150.26000"}, "Long Term Debt": {"2020-12-31": "", "2020-09-30": "", "2020-06-30": "", "2020-03-31": "", "2019-12-31": "", "2019-09-30": "", "2019-06-30": "", "2019-03-31": "", "2018-12-31": "", "2018-09-30": "", "2018-06-30": "", "2018-03-31": "", "2017-12-31": "", "2017-09-30": "", "2017-06-30": "", "2017-03-31": "", "2016-12-31": "", "2016-09-30": "", "2016-06-30": "", "2016-03-31": "", "2015-12-31": "", "2015-09-30": "", "2015-06-30": "", "2015-03-31": "", "2014-12-31": "", "2014-09-30": "", "2014-06-30": "", "2014-03-31": "", "2013-12-31": "", "2013-09-30": "", "2013-06-30": "", "2013-03-31": "", "2012-12-31": "", "2012-09-30": "", "2012-06-30": "", "2012-03-31": "", "2011-12-31": "", "2011-09-30": "", "2011-06-30": "", "2011-03-31": "", "2010-12-31": "", "2010-09-30": "", "2010-06-30": "", "2010-03-31": "", "2009-12-31": "", "2009-09-30": "", "2009-06-30": "", "2009-03-31": "", "2008-12-31": ""}, "Other Non-Current Liabilities": {"2020-12-31": "56.20000", "2020-09-30": "56.10000", "2020-06-30": "50.50000", "2020-03-31": "49.00000", "2019-12-31": "44.90000", "2019-09-30": "38.20000", "2019-06-30": "36.10000", "2019-03-31": "37.90000", "2018-12-31": "13.00000", "2018-09-30": "11.10000", "2018-06-30": "12.20000", "2018-03-31": "13.40000", "2017-12-31": "8.60000", "2017-09-30": "9.77800", "2017-06-30": "16.51600", "2017-03-31": "18.61900", "2016-12-31": "14.26200", "2016-09-30": "16.06900", "2016-06-30": "16.49800", "2016-03-31": "17.87400", "2015-12-31": "19.18800", "2015-09-30": "15.95400", "2015-06-30": "15.60100", "2015-03-31": "15.99800", "2014-12-31": "17.38500", "2014-09-30": "17.46700", "2014-06-30": "18.41100", "2014-03-31": "16.61000", "2013-12-31": "0.47100", "2013-09-30": "1.42400", "2013-06-30": "1.40900", "2013-03-31": "34.21000", "2012-12-31": "0.56400", "2012-09-30": "26.58900", "2012-06-30": "24.76600", "2012-03-31": "21.14200", "2011-12-31": "21.62400", "2011-09-30": "20.25400", "2011-06-30": "20.67700", "2011-03-31": "15.22500", "2010-12-31": "11.60300", "2010-09-30": "2.94400", "2010-06-30": "2.87100", "2010-03-31": "2.83600", "2009-12-31": "2.80300", "2009-09-30": "", "2009-06-30": "", "2009-03-31": "", "2008-12-31": ""}, "Total Long Term Liabilities": {"2020-12-31": "1359.00000", "2020-09-30": "1227.40000", "2020-06-30": "1174.80000", "2020-03-31": "1126.90000", "2019-12-31": "1081.00000", "2019-09-30": "1003.30000", "2019-06-30": "953.40000", "2019-03-31": "893.30000", "2018-12-31": "811.40000", "2018-09-30": "760.00000", "2018-06-30": "710.30000", "2018-03-31": "677.50000", "2017-12-31": "641.30000", "2017-09-30": "582.41500", "2017-06-30": "553.03300", "2017-03-31": "512.54900", "2016-12-31": "472.82000", "2016-09-30": "436.71200", "2016-06-30": "423.58800", "2016-03-31": "381.77600", "2015-12-31": "356.46300", "2015-09-30": "308.65300", "2015-06-30": "288.75000", "2015-03-31": "259.92300", "2014-12-31": "252.35200", "2014-09-30": "228.87900", "2014-06-30": "213.80500", "2014-03-31": "195.07100", "2013-12-31": "169.64300", "2013-09-30": "160.86300", "2013-06-30": "158.08000", "2013-03-31": "153.29200", "2012-12-31": "145.25900", "2012-09-30": "136.10500", "2012-06-30": "129.62400", "2012-03-31": "119.15600", "2011-12-31": "109.52900", "2011-09-30": "102.45300", "2011-06-30": "101.42600", "2011-03-31": "93.73700", "2010-12-31": "94.58600", "2010-09-30": "79.76400", "2010-06-30": "74.12100", "2010-03-31": "69.23300", "2009-12-31": "64.19600", "2009-09-30": "", "2009-06-30": "", "2009-03-31": "", "2008-12-31": ""}, "Total Liabilities": {"2020-12-31": "3188.50000", "2020-09-30": "2873.00000", "2020-06-30": "2786.70000", "2020-03-31": "2669.90000", "2019-12-31": "2536.80000", "2019-09-30": "2345.20000", "2019-06-30": "2247.10000", "2019-03-31": "2147.60000", "2018-12-31": "2067.80000", "2018-09-30": "1871.90000", "2018-06-30": "1795.50000", "2018-03-31": "1707.20000", "2017-12-31": "1668.50000", "2017-09-30": "1493.05400", "2017-06-30": "1438.55200", "2017-03-31": "1369.13400", "2016-12-31": "1302.26000", "2016-09-30": "1187.07200", "2016-06-30": "1155.55200", "2016-03-31": "1069.11800", "2015-12-31": "1035.13300", "2015-09-30": "911.78700", "2015-06-30": "854.04900", "2015-03-31": "778.55600", "2014-12-31": "748.80800", "2014-09-30": "663.37500", "2014-06-30": "639.89300", "2014-03-31": "589.93700", "2013-12-31": "582.70400", "2013-09-30": "528.18900", "2013-06-30": "518.56100", "2013-03-31": "485.02000", "2012-12-31": "464.56300", "2012-09-30": "434.79900", "2012-06-30": "424.60100", "2012-03-31": "390.11700", "2011-12-31": "376.39300", "2011-09-30": "354.12000", "2011-06-30": "347.71500", "2011-03-31": "329.66100", "2010-12-31": "312.96800", "2010-09-30": "281.99600", "2010-06-30": "271.24300", "2010-03-31": "253.10300", "2009-12-31": "244.76100", "2009-09-30": "0.00000", "2009-06-30": "0.00000", "2009-03-31": "0.00000", "2008-12-31": "204.33000"}, "Common Stock Net": {"2020-12-31": "0.20000", "2020-09-30": "0.20000", "2020-06-30": "0.20000", "2020-03-31": "0.20000", "2019-12-31": "0.20000", "2019-09-30": "0.20000", "2019-06-30": "0.20000", "2019-03-31": "0.20000", "2018-12-31": "0.20000", "2018-09-30": "0.20000", "2018-06-30": "0.20000", "2018-03-31": "0.20000", "2017-12-31": "0.20000", "2017-09-30": "0.17500", "2017-06-30": "0.17500", "2017-03-31": "0.17500", "2016-12-31": "0.17300", "2016-09-30": "0.17300", "2016-06-30": "0.17200", "2016-03-31": "0.17100", "2015-12-31": "0.17100", "2015-09-30": "0.17200", "2015-06-30": "0.17000", "2015-03-31": "0.16900", "2014-12-31": "0.16600", "2014-09-30": "0.16500", "2014-06-30": "0.16300", "2014-03-31": "0.16300", "2013-12-31": "0.16100", "2013-09-30": "0.16300", "2013-06-30": "0.16400", "2013-03-31": "0.16400", "2012-12-31": "0.16200", "2012-09-30": "0.16100", "2012-06-30": "0.15900", "2012-03-31": "0.15800", "2011-12-31": "0.15600", "2011-09-30": "0.15500", "2011-06-30": "0.15400", "2011-03-31": "0.07700", "2010-12-31": "0.15000", "2010-09-30": "0.07400", "2010-06-30": "0.07100", "2010-03-31": "0.06800", "2009-12-31": "0.06700", "2009-09-30": "0.00000", "2009-06-30": "0.00000", "2009-03-31": "0.00000", "2008-12-31": "0.00000"}, "Retained Earnings (Accumulated Deficit)": {"2020-12-31": "-352.10000", "2020-09-30": "-466.90000", "2020-06-30": "-613.10000", "2020-03-31": "-589.20000", "2019-12-31": "160.80000", "2019-09-30": "46.50000", "2019-06-30": "-9.00000", "2019-03-31": "-50.00000", "2018-12-31": "-57.50000", "2018-09-30": "-156.00000", "2018-06-30": "-214.70000", "2018-03-31": "-262.60000", "2017-12-31": "-319.60000", "2017-09-30": "-9.58700", "2017-06-30": "42.34500", "2017-03-31": "48.33700", "2016-12-31": "37.62000", "2016-09-30": "43.09300", "2016-06-30": "58.80800", "2016-03-31": "23.08900", "2015-12-31": "68.48100", "2015-09-30": "124.16600", "2015-06-30": "115.99700", "2015-03-31": "115.20500", "2014-12-31": "113.64500", "2014-09-30": "111.49700", "2014-06-30": "116.82200", "2014-03-31": "123.68000", "2013-12-31": "121.86300", "2013-09-30": "142.85800", "2013-06-30": "131.82900", "2013-03-31": "122.85000", "2012-12-31": "110.60100", "2012-09-30": "89.09400", "2012-06-30": "71.88800", "2012-03-31": "57.93800", "2011-12-31": "43.76500", "2011-09-30": "27.27100", "2011-06-30": "9.35400", "2011-03-31": "-5.14000", "2010-12-31": "-18.72700", "2010-09-30": "-34.86800", "2010-06-30": "-48.88500", "2010-03-31": "-55.75400", "2009-12-31": "-59.97200", "2009-09-30": "", "2009-06-30": "", "2009-03-31": "", "2008-12-31": "-120.15000"}, "Comprehensive Income": {"2020-12-31": "0.70000", "2020-09-30": "1.40000", "2020-06-30": "2.50000", "2020-03-31": "-3.10000", "2019-12-31": "1.10000", "2019-09-30": "1.10000", "2019-06-30": "0.90000", "2019-03-31": "-0.20000", "2018-12-31": "-0.80000", "2018-09-30": "-1.00000", "2018-06-30": "-1.40000", "2018-03-31": "-2.00000", "2017-12-31": "-0.80000", "2017-09-30": "-0.41600", "2017-06-30": "-0.52300", "2017-03-31": "-0.48900", "2016-12-31": "-0.76500", "2016-09-30": "0.15300", "2016-06-30": "0.72400", "2016-03-31": "0.29400", "2015-12-31": "-0.93300", "2015-09-30": "-0.09000", "2015-06-30": "-0.30900", "2015-03-31": "0.22600", "2014-12-31": "-0.34900", "2014-09-30": "0.11400", "2014-06-30": "1.18100", "2014-03-31": "0.07700", "2013-12-31": "1.09200", "2013-09-30": "1.65300", "2013-06-30": "0.35000", "2013-03-31": "2.16600", "2012-12-31": "3.09100", "2012-09-30": "3.57700", "2012-06-30": "1.15400", "2012-03-31": "2.13000", "2011-12-31": "0.40200", "2011-09-30": "-0.00400", "2011-06-30": "3.18400", "2011-03-31": "2.75600", "2010-12-31": "2.18100", "2010-09-30": "2.07500", "2010-06-30": "0.57600", "2010-03-31": "1.19100", "2009-12-31": "1.08400", "2009-09-30": "", "2009-06-30": "", "2009-03-31": "", "2008-12-31": ""}, "Other Share Holders Equity": {"2020-12-31": "", "2020-09-30": "", "2020-06-30": "", "2020-03-31": "", "2019-12-31": "", "2019-09-30": "", "2019-06-30": "", "2019-03-31": "", "2018-12-31": "", "2018-09-30": "", "2018-06-30": "", "2018-03-31": "", "2017-12-31": "", "2017-09-30": "", "2017-06-30": "", "2017-03-31": "", "2016-12-31": "", "2016-09-30": "", "2016-06-30": "", "2016-03-31": "", "2015-12-31": "", "2015-09-30": "", "2015-06-30": "", "2015-03-31": "", "2014-12-31": "", "2014-09-30": "", "2014-06-30": "", "2014-03-31": "", "2013-12-31": "", "2013-09-30": "", "2013-06-30": "", "2013-03-31": "", "2012-12-31": "", "2012-09-30": "", "2012-06-30": "", "2012-03-31": "", "2011-12-31": "", "2011-09-30": "", "2011-06-30": "", "2011-03-31": "", "2010-12-31": "", "2010-09-30": "", "2010-06-30": "", "2010-03-31": "", "2009-12-31": "", "2009-09-30": "0.00000", "2009-06-30": "0.00000", "2009-03-31": "0.00000", "2008-12-31": "0.00000"}, "Share Holder Equity": {"2020-12-31": "856.00000", "2020-09-30": "713.20000", "2020-06-30": "543.90000", "2020-03-31": "536.30000", "2019-12-31": "1342.40000", "2019-09-30": "1200.40000", "2019-06-30": "1122.30000", "2019-03-31": "1058.10000", "2018-12-31": "1010.20000", "2018-09-30": "891.60000", "2018-06-30": "780.20000", "2018-03-31": "693.50000", "2017-12-31": "589.40000", "2017-09-30": "902.22500", "2017-06-30": "922.13900", "2017-03-31": "898.24900", "2016-12-31": "837.68100", "2016-09-30": "823.08800", "2016-06-30": "804.62600", "2016-03-31": "742.40300", "2015-12-31": "755.37700", "2015-09-30": "795.38600", "2015-06-30": "750.82700", "2015-03-31": "719.74700", "2014-12-31": "675.96600", "2014-09-30": "649.22600", "2014-06-30": "625.21900", "2014-03-31": "610.09400", "2013-12-31": "585.76000", "2013-09-30": "599.95300", "2013-06-30": "567.18500", "2013-03-31": "547.70900", "2012-12-31": "510.93400", "2012-09-30": "478.46900", "2012-06-30": "426.64400", "2012-03-31": "398.32700", "2011-12-31": "358.35400", "2011-09-30": "316.86700", "2011-06-30": "287.52000", "2011-03-31": "258.09200", "2010-12-31": "232.45400", "2010-09-30": "206.45100", "2010-06-30": "176.35400", "2010-03-31": "151.10600", "2009-12-31": "142.45200", "2009-09-30": "0.00000", "2009-06-30": "0.00000", "2009-03-31": "0.00000", "2008-12-31": "-5.22000"}, "Total Liabilities And Share Holders Equity": {"2020-12-31": "4044.50000", "2020-09-30": "3586.20000", "2020-06-30": "3330.60000", "2020-03-31": "3206.20000", "2019-12-31": "3879.20000", "2019-09-30": "3545.60000", "2019-06-30": "3369.40000", "2019-03-31": "3205.70000", "2018-12-31": "3078.00000", "2018-09-30": "2763.50000", "2018-06-30": "2575.70000", "2018-03-31": "2400.70000", "2017-12-31": "2257.90000", "2017-09-30": "2395.27900", "2017-06-30": "2360.69100", "2017-03-31": "2267.38300", "2016-12-31": "2139.94100", "2016-09-30": "2010.16000", "2016-06-30": "1960.17800", "2016-03-31": "1811.52100", "2015-12-31": "1790.51000", "2015-09-30": "1707.17300", "2015-06-30": "1604.87600", "2015-03-31": "1498.30300", "2014-12-31": "1424.77400", "2014-09-30": "1312.60100", "2014-06-30": "1265.11200", "2014-03-31": "1200.03100", "2013-12-31": "1168.46400", "2013-09-30": "1128.14200", "2013-06-30": "1085.74600", "2013-03-31": "1032.72900", "2012-12-31": "975.49700", "2012-09-30": "913.26800", "2012-06-30": "851.24500", "2012-03-31": "788.44400", "2011-12-31": "734.74700", "2011-09-30": "670.98700", "2011-06-30": "635.23500", "2011-03-31": "587.75300", "2010-12-31": "545.42200", "2010-09-30": "488.44700", "2010-06-30": "447.59700", "2010-03-31": "404.20900", "2009-12-31": "387.21300", "2009-09-30": "0.00000", "2009-06-30": "0.00000", "2009-03-31": "0.00000", "2008-12-31": "0.00000"}}, "cash flow statement": {"Net Income/Loss": {"2020-12-31": "488.50000", "2019-12-31": "326.50000", "2018-12-31": "332.20000", "2017-12-31": "31.40000", "2016-12-31": "32.20000", "2015-12-31": "7.98700", "2014-12-31": "25.34300", "2013-12-31": "44.27300", "2012-12-31": "66.83600", "2011-12-31": "62.49200", "2010-12-31": "41.24500", "2009-12-31": "60.17900", "2008-12-31": "7.36300", "2007-12-31": "-21.84200"}, "Total Depreciation And Amortization - Cash Flow": {"2020-12-31": "207.50000", "2019-12-31": "163.50000", "2018-12-31": "146.00000", "2017-12-31": "58.00000", "2016-12-31": "53.30000", "2015-12-31": "39.04600", "2014-12-31": "30.73100", "2013-12-31": "27.25700", "2012-12-31": "24.52600", "2011-12-31": "19.50400", "2010-12-31": "13.04500", "2009-12-31": "6.77100", "2008-12-31": "4.27500", "2007-12-31": "4.15300"}, "Other Non-Cash Items": {"2020-12-31": "187.20000", "2019-12-31": "197.60000", "2018-12-31": "34.20000", "2017-12-31": "176.80000", "2016-12-31": "97.20000", "2015-12-31": "68.62800", "2014-12-31": "72.20600", "2013-12-31": "23.14600", "2012-12-31": "10.24800", "2011-12-31": "-8.66600", "2010-12-31": "-0.73000", "2009-12-31": "-31.51500", "2008-12-31": "5.50400", "2007-12-31": "9.04600"}, "Total Non-Cash Items": {"2020-12-31": "394.70000", "2019-12-31": "361.10000", "2018-12-31": "180.20000", "2017-12-31": "234.80000", "2016-12-31": "150.50000", "2015-12-31": "107.67400", "2014-12-31": "102.93700", "2013-12-31": "50.40300", "2012-12-31": "34.77400", "2011-12-31": "10.83800", "2010-12-31": "12.31500", "2009-12-31": "-24.74400", "2008-12-31": "9.77900", "2007-12-31": "13.19900"}, "Change In Accounts Receivable": {"2020-12-31": "-176.40000", "2019-12-31": "-96.70000", "2018-12-31": "-82.00000", "2017-12-31": "-38.40000", "2016-12-31": "-57.90000", "2015-12-31": "-66.46400", "2014-12-31": "-55.88800", "2013-12-31": "-22.08000", "2012-12-31": "-12.12000", "2011-12-31": "-23.24600", "2010-12-31": "-17.78400", "2009-12-31": "-8.50800", "2008-12-31": "-18.35000", "2007-12-31": "-2.26800"}, "Change In Inventories": {"2020-12-31": "-42.20000", "2019-12-31": "-48.50000", "2018-12-31": "-33.40000", "2017-12-31": "9.40000", "2016-12-31": "-43.00000", "2015-12-31": "-19.08800", "2014-12-31": "-32.45900", "2013-12-31": "-35.09300", "2012-12-31": "-11.30300", "2011-12-31": "-6.03400", "2010-12-31": "-5.94600", "2009-12-31": "-2.01200", "2008-12-31": "-0.18900", "2007-12-31": "-6.59700"}, "Change In Accounts Payable": {"2020-12-31": "37.40000", "2019-12-31": "7.70000", "2018-12-31": "14.60000", "2017-12-31": "13.10000", "2016-12-31": "0.10000", "2015-12-31": "-2.51700", "2014-12-31": "18.03300", "2013-12-31": "10.48500", "2012-12-31": "0.96100", "2011-12-31": "6.80100", "2010-12-31": "2.43700", "2009-12-31": "3.04600", "2008-12-31": "-1.86400", "2007-12-31": "0.97000"}, "Change In Assets/Liabilities": {"2020-12-31": "292.80000", "2019-12-31": "280.80000", "2018-12-31": "215.30000", "2017-12-31": "287.60000", "2016-12-31": "238.20000", "2015-12-31": "222.39900", "2014-12-31": "124.43200", "2013-12-31": "67.25900", "2012-12-31": "69.68300", "2011-12-31": "39.48900", "2010-12-31": "47.27100", "2009-12-31": "28.64100", "2008-12-31": "38.83800", "2007-12-31": "35.12100"}, "Total Change In Assets/Liabilities": {"2020-12-31": "200.50000", "2019-12-31": "120.40000", "2018-12-31": "126.50000", "2017-12-31": "328.20000", "2016-12-31": "163.00000", "2015-12-31": "166.88600", "2014-12-31": "68.30200", "2013-12-31": "52.70800", "2012-12-31": "82.25600", "2011-12-31": "59.51200", "2010-12-31": "49.82300", "2009-12-31": "26.53600", "2008-12-31": "20.54400", "2007-12-31": "36.31200"}, "Cash Flow From Operating Activities": {"2020-12-31": "1083.70000", "2019-12-31": "808.00000", "2018-12-31": "638.90000", "2017-12-31": "594.40000", "2016-12-31": "345.70000", "2015-12-31": "282.54700", "2014-12-31": "196.58200", "2013-12-31": "147.38400", "2012-12-31": "183.86600", "2011-12-31": "132.84200", "2010-12-31": "103.38300", "2009-12-31": "61.97100", "2008-12-31": "37.68600", "2007-12-31": "27.66900"}, "Net Change In Property, Plant, And Equipment": {"2020-12-31": "-125.90000", "2019-12-31": "-92.20000", "2018-12-31": "-53.00000", "2017-12-31": "-135.30000", "2016-12-31": "-67.20000", "2015-12-31": "-37.35800", "2014-12-31": "-32.19700", "2013-12-31": "-13.87700", "2012-12-31": "-22.08300", "2011-12-31": "-3.62400", "2010-12-31": "-3.77600", "2009-12-31": "-4.58900", "2008-12-31": "-2.79800", "2007-12-31": "-2.02800"}, "Net Change In Intangible Assets": {"2020-12-31": "", "2019-12-31": "", "2018-12-31": "", "2017-12-31": "", "2016-12-31": "", "2015-12-31": "", "2014-12-31": "", "2013-12-31": "", "2012-12-31": "", "2011-12-31": "", "2010-12-31": "", "2009-12-31": "", "2008-12-31": "", "2007-12-31": ""}, "Net Acquisitions/Divestitures": {"2020-12-31": "-40.20000", "2019-12-31": "-34.60000", "2018-12-31": "-21.70000", "2017-12-31": "", "2016-12-31": "-22.10000", "2015-12-31": "-38.02500", "2014-12-31": "-0.01700", "2013-12-31": "-7.63500", "2012-12-31": "-1.24900", "2011-12-31": "-2.62300", "2010-12-31": "", "2009-12-31": "-0.54900", "2008-12-31": "-2.00000", "2007-12-31": ""}, "Net Change In Short-term Investments": {"2020-12-31": "", "2019-12-31": "", "2018-12-31": "", "2017-12-31": "", "2016-12-31": "", "2015-12-31": "", "2014-12-31": "", "2013-12-31": "", "2012-12-31": "", "2011-12-31": "", "2010-12-31": "", "2009-12-31": "", "2008-12-31": "", "2007-12-31": ""}, "Net Change In Long-Term Investments": {"2020-12-31": "92.00000", "2019-12-31": "-375.50010", "2018-12-31": "-60.20000", "2017-12-31": "58.50000", "2016-12-31": "15.20000", "2015-12-31": "74.41600", "2014-12-31": "2.86400", "2013-12-31": "-125.22200", "2012-12-31": "-159.37900", "2011-12-31": "-160.57900", "2010-12-31": "-279.99600", "2009-12-31": "18.89500", "2008-12-31": "-48.84600", "2007-12-31": "-0.30000"}, "Net Change In Investments - Total": {"2020-12-31": "92.00000", "2019-12-31": "-375.50010", "2018-12-31": "-60.20000", "2017-12-31": "58.50000", "2016-12-31": "15.20000", "2015-12-31": "74.41600", "2014-12-31": "2.86400", "2013-12-31": "-125.22200", "2012-12-31": "-159.37900", "2011-12-31": "-160.57900", "2010-12-31": "-279.99600", "2009-12-31": "18.89500", "2008-12-31": "-48.84600", "2007-12-31": "-0.30000"}, "Investing Activities - Other": {"2020-12-31": "1.30000", "2019-12-31": "", "2018-12-31": "", "2017-12-31": "", "2016-12-31": "", "2015-12-31": "", "2014-12-31": "", "2013-12-31": "", "2012-12-31": "", "2011-12-31": "", "2010-12-31": "0.06200", "2009-12-31": "", "2008-12-31": "-0.06200", "2007-12-31": ""}, "Cash Flow From Investing Activities": {"2020-12-31": "-72.80000", "2019-12-31": "-502.30000", "2018-12-31": "-134.90000", "2017-12-31": "-76.80000", "2016-12-31": "-74.10000", "2015-12-31": "-0.96700", "2014-12-31": "-29.35000", "2013-12-31": "-146.73400", "2012-12-31": "-182.71100", "2011-12-31": "-166.82600", "2010-12-31": "-283.71000", "2009-12-31": "13.75700", "2008-12-31": "-53.70600", "2007-12-31": "-2.32800"}, "Net Long-Term Debt": {"2020-12-31": "", "2019-12-31": "", "2018-12-31": "", "2017-12-31": "", "2016-12-31": "", "2015-12-31": "", "2014-12-31": "", "2013-12-31": "", "2012-12-31": "", "2011-12-31": "", "2010-12-31": "", "2009-12-31": "", "2008-12-31": "", "2007-12-31": ""}, "Net Current Debt": {"2020-12-31": "", "2019-12-31": "", "2018-12-31": "", "2017-12-31": "", "2016-12-31": "", "2015-12-31": "", "2014-12-31": "", "2013-12-31": "", "2012-12-31": "", "2011-12-31": "", "2010-12-31": "", "2009-12-31": "", "2008-12-31": "", "2007-12-31": ""}, "Debt Issuance/Retirement Net - Total": {"2020-12-31": "", "2019-12-31": "", "2018-12-31": "", "2017-12-31": "", "2016-12-31": "", "2015-12-31": "", "2014-12-31": "", "2013-12-31": "", "2012-12-31": "", "2011-12-31": "", "2010-12-31": "", "2009-12-31": "", "2008-12-31": "", "2007-12-31": ""}, "Net Common Equity Issued/Repurchased": {"2020-12-31": "-1058.00000", "2019-12-31": "-95.60000", "2018-12-31": "-125.30000", "2017-12-31": "-370.50000", "2016-12-31": "-66.00000", "2015-12-31": "7.31400", "2014-12-31": "11.34700", "2013-12-31": "-7.94500", "2012-12-31": "38.08700", "2011-12-31": "19.96800", "2010-12-31": "29.11000", "2009-12-31": "92.54800", "2008-12-31": "2.11700", "2007-12-31": "0.01900"}, "Net Total Equity Issued/Repurchased": {"2020-12-31": "-1058.00000", "2019-12-31": "-95.60000", "2018-12-31": "-125.30000", "2017-12-31": "-370.50000", "2016-12-31": "-66.00000", "2015-12-31": "7.31400", "2014-12-31": "11.34700", "2013-12-31": "-7.94500", "2012-12-31": "38.08700", "2011-12-31": "19.96800", "2010-12-31": "29.11000", "2009-12-31": "79.78000", "2008-12-31": "2.11700", "2007-12-31": "0.01900"}, "Total Common And Preferred Stock Dividends Paid": {"2020-12-31": "", "2019-12-31": "", "2018-12-31": "", "2017-12-31": "", "2016-12-31": "", "2015-12-31": "", "2014-12-31": "", "2013-12-31": "", "2012-12-31": "", "2011-12-31": "", "2010-12-31": "", "2009-12-31": "", "2008-12-31": "", "2007-12-31": ""}, "Financial Activities - Other": {"2020-12-31": "-113.60000", "2019-12-31": "-100.00000", "2018-12-31": "-77.30000", "2017-12-31": "-45.10000", "2016-12-31": "-39.90000", "2015-12-31": "-28.87100", "2014-12-31": "-10.59800", "2013-12-31": "1.52200", "2012-12-31": "12.06900", "2011-12-31": "19.82900", "2010-12-31": "4.90900", "2009-12-31": "-1.73100", "2008-12-31": "", "2007-12-31": ""}, "Cash Flow From Financial Activities": {"2020-12-31": "-1171.60000", "2019-12-31": "-195.60000", "2018-12-31": "-202.60000", "2017-12-31": "-415.60000", "2016-12-31": "-105.90000", "2015-12-31": "-21.55700", "2014-12-31": "0.74900", "2013-12-31": "-6.42300", "2012-12-31": "50.15600", "2011-12-31": "39.79700", "2010-12-31": "34.01900", "2009-12-31": "78.04900", "2008-12-31": "2.11700", "2007-12-31": "0.01900"}, "Net Cash Flow": {"2020-12-31": "-160.70000", "2019-12-31": "110.10000", "2018-12-31": "301.40000", "2017-12-31": "102.00000", "2016-12-31": "165.70000", "2015-12-31": "260.02300", "2014-12-31": "167.38100", "2013-12-31": "-7.10200", "2012-12-31": "50.98500", "2011-12-31": "5.13100", "2010-12-31": "-145.59900", "2009-12-31": "155.88700", "2008-12-31": "-14.84000", "2007-12-31": "25.82000"}, "Stock-Based Compensation": {"2020-12-31": "191.70000", "2019-12-31": "174.10000", "2018-12-31": "162.90000", "2017-12-31": "137.20000", "2016-12-31": "122.40000", "2015-12-31": "95.08800", "2014-12-31": "58.99400", "2013-12-31": "43.90900", "2012-12-31": "30.69000", "2011-12-31": "19.01500", "2010-12-31": "9.31500", "2009-12-31": "7.46100", "2008-12-31": "5.29900", "2007-12-31": "9.33200"}, "Common Stock Dividends Paid": {"2020-12-31": "", "2019-12-31": "", "2018-12-31": "", "2017-12-31": "", "2016-12-31": "", "2015-12-31": "", "2014-12-31": "", "2013-12-31": "", "2012-12-31": "", "2011-12-31": "", "2010-12-31": "", "2009-12-31": "", "2008-12-31": "", "2007-12-31": ""}}, "cash flow statement, quarterly": {"Net Income/Loss": {"2020-12-31": 146.7, "2020-09-30": 125.7, "2020-06-30": 112.1, "2020-03-31": "104.00000", "2019-12-31": 113, "2019-09-30": 82, "2019-06-30": 72.7, "2019-03-31": "58.80000", "2018-12-31": 182.6, "2018-09-30": 58.7, "2018-06-30": 49.3, "2018-03-31": "41.60000", "2017-12-31": -29, "2017-09-30": 26.7, "2017-06-30": 23, "2017-03-31": "10.70000", "2016-12-31": 25.179, "2016-09-30": 6.291, "2016-06-30": -1.388, "2016-03-31": "2.11800", "2015-12-31": -2.534, "2015-09-30": 8.169, "2015-06-30": 0.792, "2015-03-31": "1.56000", "2014-12-31": 6.813, "2014-09-30": 4.056, "2014-06-30": 6.081, "2014-03-31": "8.39300", "2013-12-31": 12.016, "2013-09-30": 11.029, "2013-06-30": 8.979, "2013-03-31": "12.24900", "2012-12-31": 21.507, "2012-09-30": 17.206, "2012-06-30": 13.95, "2012-03-31": "14.17300", "2011-12-31": 16.494, "2011-09-30": 17.917, "2011-06-30": 14.494, "2011-03-31": "13.58700", "2010-12-31": 16.141, "2010-09-30": 14.017, "2010-06-30": 6.869, "2010-03-31": "4.21800", "2009-12-31": 43.931, "2009-09-30": 7.889, "2009-06-30": 4.576, "2009-03-31": "3.77400", "2008-12-31": 7.36}, "Total Depreciation And Amortization - Cash Flow": {"2020-12-31": 55.4, "2020-09-30": 52.6, "2020-06-30": 51.2, "2020-03-31": "48.30000", "2019-12-31": 43.8, "2019-09-30": 40.8, "2019-06-30": 39.2, "2019-03-31": "39.70000", "2018-12-31": 38.7, "2018-09-30": 37.1, "2018-06-30": 36.1, "2018-03-31": "34.10000", "2017-12-31": 14.7, "2017-09-30": 14.4, "2017-06-30": 14.4, "2017-03-31": "14.50000", "2016-12-31": 14.576, "2016-09-30": 14.089, "2016-06-30": 12.588, "2016-03-31": "12.04700", "2015-12-31": 11.07, "2015-09-30": 10.713, "2015-06-30": 8.972, "2015-03-31": "8.29100", "2014-12-31": 7.532, "2014-09-30": 7.533, "2014-06-30": 8.731, "2014-03-31": "6.93500", "2013-12-31": 6.846, "2013-09-30": 7.2, "2013-06-30": 6.624, "2013-03-31": "6.58700", "2012-12-31": 6.448, "2012-09-30": 6.473, "2012-06-30": 6.268, "2012-03-31": "5.33700", "2011-12-31": 4.882, "2011-09-30": 4.995, "2011-06-30": 4.688, "2011-03-31": "4.93900", "2010-12-31": 3.878, "2010-09-30": 3.612, "2010-06-30": 3.09, "2010-03-31": "2.46500", "2009-12-31": 1.595, "2009-09-30": 1.872, "2009-06-30": 1.681, "2009-03-31": "1.62200", "2008-12-31": 4.27}, "Other Non-Cash Items": {"2020-12-31": 34, "2020-09-30": 54, "2020-06-30": 43, "2020-03-31": "56.20000", "2019-12-31": 50.7, "2019-09-30": 58.4, "2019-06-30": 53.2, "2019-03-31": "35.30000", "2018-12-31": -84.4, "2018-09-30": 41.1, "2018-06-30": 50.3, "2018-03-31": "27.20000", "2017-12-31": 93, "2017-09-30": 38.1, "2017-06-30": 27.5, "2017-03-31": "18.20000", "2016-12-31": 37.017, "2016-09-30": 26.862, "2016-06-30": 21.5, "2016-03-31": "11.82100", "2015-12-31": 27.243, "2015-09-30": 12.041, "2015-06-30": 18.223, "2015-03-31": "11.12100", "2014-12-31": 42.603, "2014-09-30": 7.321, "2014-06-30": 9.974, "2014-03-31": "12.30800", "2013-12-31": 8.152, "2013-09-30": 11.012, "2013-06-30": 5.646, "2013-03-31": "-1.66400", "2012-12-31": -4.962, "2012-09-30": 5.239, "2012-06-30": 5.026, "2012-03-31": "4.94500", "2011-12-31": -6.552, "2011-09-30": 0.983, "2011-06-30": -5.035, "2011-03-31": "1.93800", "2010-12-31": -3.391, "2010-09-30": 1.903, "2010-06-30": -0.585, "2010-03-31": "1.34300", "2009-12-31": -37.75, "2009-09-30": 2.261, "2009-06-30": 2.424, "2009-03-31": "1.55000", "2008-12-31": 0}, "Total Non-Cash Items": {"2020-12-31": 89.4, "2020-09-30": 106.6, "2020-06-30": 94.2, "2020-03-31": "104.50000", "2019-12-31": 94.5, "2019-09-30": 99.2, "2019-06-30": 92.4, "2019-03-31": "75.00000", "2018-12-31": -45.7, "2018-09-30": 78.2, "2018-06-30": 86.4, "2018-03-31": "61.30000", "2017-12-31": 107.7, "2017-09-30": 52.5, "2017-06-30": 41.9, "2017-03-31": "32.70000", "2016-12-31": 51.593, "2016-09-30": 40.951, "2016-06-30": 34.088, "2016-03-31": "23.86800", "2015-12-31": 38.313, "2015-09-30": 22.754, "2015-06-30": 27.195, "2015-03-31": "19.41200", "2014-12-31": 50.135, "2014-09-30": 14.854, "2014-06-30": 18.705, "2014-03-31": "19.24300", "2013-12-31": 14.998, "2013-09-30": 18.212, "2013-06-30": 12.27, "2013-03-31": "4.92300", "2012-12-31": 1.486, "2012-09-30": 11.712, "2012-06-30": 11.294, "2012-03-31": "10.28200", "2011-12-31": -1.67, "2011-09-30": 5.978, "2011-06-30": -0.347, "2011-03-31": "6.87700", "2010-12-31": 0.487, "2010-09-30": 5.515, "2010-06-30": 2.505, "2010-03-31": "3.80800", "2009-12-31": -4.64, "2009-09-30": 4.133, "2009-06-30": 4.105, "2009-03-31": "3.17200", "2008-12-31": 4.27}, "Change In Accounts Receivable": {"2020-12-31": -173.3, "2020-09-30": -47.6, "2020-06-30": -25.1, "2020-03-31": "69.60000", "2019-12-31": -157.2, "2019-09-30": 19, "2019-06-30": -22.1, "2019-03-31": "63.60000", "2018-12-31": -120, "2018-09-30": 9.1, "2018-06-30": -20, "2018-03-31": "48.90000", "2017-12-31": -89.8, "2017-09-30": 13.5, "2017-06-30": -4.5, "2017-03-31": "42.40000", "2016-12-31": -70.688, "2016-09-30": 10.766, "2016-06-30": -36.898, "2016-03-31": "38.92000", "2015-12-31": -87.387, "2015-09-30": 11.4, "2015-06-30": -14.098, "2015-03-31": "23.62100", "2014-12-31": -69.028, "2014-09-30": 10.912, "2014-06-30": -16.891, "2014-03-31": "19.11900", "2013-12-31": -22.669, "2013-09-30": 1.39, "2013-06-30": -6.548, "2013-03-31": "5.74700", "2012-12-31": -17.8, "2012-09-30": 5.509, "2012-06-30": -10.592, "2012-03-31": "10.76300", "2011-12-31": -19.687, "2011-09-30": -3.622, "2011-06-30": -0.946, "2011-03-31": "1.00900", "2010-12-31": -12.773, "2010-09-30": 0.244, "2010-06-30": -8.491, "2010-03-31": "3.23600", "2009-12-31": -10.44, "2009-09-30": -0.568, "2009-06-30": -2.978, "2009-03-31": "5.47800", "2008-12-31": 0}, "Change In Inventories": {"2020-12-31": -11.2, "2020-09-30": -13.1, "2020-06-30": -24.6, "2020-03-31": "6.70000", "2019-12-31": -23.3, "2019-09-30": -19.7, "2019-06-30": -2.9, "2019-03-31": "-2.60000", "2018-12-31": -14.4, "2018-09-30": -8.2, "2018-06-30": -3.5, "2018-03-31": "-7.30000", "2017-12-31": -8.3, "2017-09-30": 7.9, "2017-06-30": 13.3, "2017-03-31": "-3.50000", "2016-12-31": -18.445, "2016-09-30": -16.536, "2016-06-30": -7.492, "2016-03-31": "-0.52700", "2015-12-31": -6.661, "2015-09-30": -4.51, "2015-06-30": -1.621, "2015-03-31": "-6.29600", "2014-12-31": -21.364, "2014-09-30": -7.788, "2014-06-30": -6.633, "2014-03-31": "3.32600", "2013-12-31": -3.749, "2013-09-30": -14.969, "2013-06-30": -11.855, "2013-03-31": "-4.52000", "2012-12-31": 3.674, "2012-09-30": -7.025, "2012-06-30": -4.543, "2012-03-31": "-3.40900", "2011-12-31": -4.556, "2011-09-30": -0.023, "2011-06-30": -2.005, "2011-03-31": "0.55000", "2010-12-31": -3.131, "2010-09-30": 0.187, "2010-06-30": -2.975, "2010-03-31": "-0.02700", "2009-12-31": -0.46, "2009-09-30": -1.483, "2009-06-30": -0.138, "2009-03-31": "0.06900", "2008-12-31": 0}, "Change In Accounts Payable": {"2020-12-31": 41.6, "2020-09-30": -13.9, "2020-06-30": 18.7, "2020-03-31": "-9.00000", "2019-12-31": 13.9, "2019-09-30": 8.4, "2019-06-30": 3.4, "2019-03-31": "-18.00000", "2018-12-31": 19.5, "2018-09-30": 4.2, "2018-06-30": 4.5, "2018-03-31": "-13.60000", "2017-12-31": 29.6, "2017-09-30": 3.4, "2017-06-30": -11.6, "2017-03-31": "-8.30000", "2016-12-31": 1.684, "2016-09-30": -1.454, "2016-06-30": 11.296, "2016-03-31": "-11.42600", "2015-12-31": 7.325, "2015-09-30": -1.459, "2015-06-30": 2.922, "2015-03-31": "-11.30500", "2014-12-31": 14.227, "2014-09-30": 2.553, "2014-06-30": 7.295, "2014-03-31": "-6.04200", "2013-12-31": -0.569, "2013-09-30": -3.201, "2013-06-30": 9.298, "2013-03-31": "4.95700", "2012-12-31": -2.088, "2012-09-30": -1.288, "2012-06-30": 10.656, "2012-03-31": "-6.31900", "2011-12-31": 4.287, "2011-09-30": 2.159, "2011-06-30": 4.58, "2011-03-31": "-4.22500", "2010-12-31": 3.126, "2010-09-30": -3.041, "2010-06-30": 2.857, "2010-03-31": "-0.50500", "2009-12-31": 1.963, "2009-09-30": 0.46, "2009-06-30": 0.282, "2009-03-31": "0.34100", "2008-12-31": 0}, "Change In Assets/Liabilities": {"2020-12-31": 150.4, "2020-09-30": 42.5, "2020-06-30": 59.9, "2020-03-31": "40.00000", "2019-12-31": 146.3, "2019-09-30": 37.4, "2019-06-30": 57.7, "2019-03-31": "39.40000", "2018-12-31": 127.6, "2018-09-30": 33.4, "2018-06-30": 23, "2018-03-31": "31.30000", "2017-12-31": 117, "2017-09-30": 50.4, "2017-06-30": 67.1, "2017-03-31": "53.10000", "2016-12-31": 96.746, "2016-09-30": 33.197, "2016-06-30": 63.365, "2016-03-31": "44.89200", "2015-12-31": 95.508, "2015-09-30": 35.624, "2015-06-30": 52.836, "2015-03-31": "38.43100", "2014-12-31": 45.016, "2014-09-30": 20.534, "2014-06-30": 24.5, "2014-03-31": "34.38200", "2013-12-31": 30.736, "2013-09-30": 11.049, "2013-06-30": 12.61, "2013-03-31": "12.86400", "2012-12-31": 27.192, "2012-09-30": 4.69, "2012-06-30": 17.881, "2012-03-31": "19.92000", "2011-12-31": 15.051, "2011-09-30": 2.611, "2011-06-30": 6.465, "2011-03-31": "15.36200", "2010-12-31": 17.081, "2010-09-30": 8.421, "2010-06-30": 12.309, "2010-03-31": "9.46000", "2009-12-31": 10.966, "2009-09-30": 4.782, "2009-06-30": 7.633, "2009-03-31": "5.26000", "2008-12-31": 0}, "Total Change In Assets/Liabilities": {"2020-12-31": 60.4, "2020-09-30": -11.5, "2020-06-30": 40.7, "2020-03-31": "110.90000", "2019-12-31": -17.1, "2019-09-30": 40, "2019-06-30": 30, "2019-03-31": "67.50000", "2018-12-31": 43.3, "2018-09-30": 39.8, "2018-06-30": 6.6, "2018-03-31": "36.80000", "2017-12-31": 78.8, "2017-09-30": 83.2, "2017-06-30": 79.9, "2017-03-31": "86.30000", "2016-12-31": 24.257, "2016-09-30": 28.897, "2016-06-30": 35.241, "2016-03-31": "74.60500", "2015-12-31": 32.779, "2015-09-30": 34.142, "2015-06-30": 56.318, "2015-03-31": "43.64700", "2014-12-31": -21.584, "2014-09-30": 37.608, "2014-06-30": 19.012, "2014-03-31": "33.26600", "2013-12-31": 19.654, "2013-09-30": -3.857, "2013-06-30": 15.972, "2013-03-31": "20.93900", "2012-12-31": 27.3, "2012-09-30": 11.852, "2012-06-30": 19.041, "2012-03-31": "24.06300", "2011-12-31": 7.735, "2011-09-30": 12.144, "2011-06-30": 19.921, "2011-03-31": "19.71200", "2010-12-31": 14.798, "2010-09-30": 12.659, "2010-06-30": 8.576, "2010-03-31": "13.79000", "2009-12-31": 8.423, "2009-09-30": 3.841, "2009-06-30": 5.642, "2009-03-31": "8.62400", "2008-12-31": 20.74}, "Cash Flow From Operating Activities": {"2020-12-31": 296.5, "2020-09-30": 220.8, "2020-06-30": 247, "2020-03-31": "319.40000", "2019-12-31": 190.4, "2019-09-30": 221.2, "2019-06-30": 195.1, "2019-03-31": "201.30000", "2018-12-31": 180.2, "2018-09-30": 176.7, "2018-06-30": 142.3, "2018-03-31": "139.70000", "2017-12-31": 157.5, "2017-09-30": 162.4, "2017-06-30": 144.8, "2017-03-31": "129.70000", "2016-12-31": 101.029, "2016-09-30": 76.139, "2016-06-30": 67.941, "2016-03-31": "100.59100", "2015-12-31": 68.558, "2015-09-30": 65.065, "2015-06-30": 84.305, "2015-03-31": "64.61900", "2014-12-31": 35.364, "2014-09-30": 56.518, "2014-06-30": 43.798, "2014-03-31": "60.90200", "2013-12-31": 46.668, "2013-09-30": 25.384, "2013-06-30": 37.221, "2013-03-31": "38.11100", "2012-12-31": 50.293, "2012-09-30": 40.77, "2012-06-30": 44.285, "2012-03-31": "48.51800", "2011-12-31": 22.559, "2011-09-30": 36.039, "2011-06-30": 34.068, "2011-03-31": "40.17600", "2010-12-31": 31.424, "2010-09-30": 32.193, "2010-06-30": 17.95, "2010-03-31": "21.81600", "2009-12-31": 16.214, "2009-09-30": 15.863, "2009-06-30": 14.322, "2009-03-31": "15.57100", "2008-12-31": 37.68}, "Net Change In Property, Plant, And Equipment": {"2020-12-31": -32.3, "2020-09-30": -35.1, "2020-06-30": -30.9, "2020-03-31": "-27.60000", "2019-12-31": -47.2, "2019-09-30": -17.5, "2019-06-30": -17.3, "2019-03-31": "-10.20000", "2018-12-31": -11.6, "2018-09-30": -18.2, "2018-06-30": -11.6, "2018-03-31": "-11.60000", "2017-12-31": -13.7, "2017-09-30": -21.7, "2017-06-30": -86.4, "2017-03-31": "-13.50000", "2016-12-31": -16.881, "2016-09-30": -5.92, "2016-06-30": -14.443, "2016-03-31": "-29.95600", "2015-12-31": -8.345, "2015-09-30": -13.325, "2015-06-30": -10.761, "2015-03-31": "-4.92700", "2014-12-31": -5.395, "2014-09-30": -5.78, "2014-06-30": -9.704, "2014-03-31": "-11.31800", "2013-12-31": -7.148, "2013-09-30": -3.16, "2013-06-30": -2.035, "2013-03-31": "-1.53400", "2012-12-31": -1.8, "2012-09-30": -16.428, "2012-06-30": -2.231, "2012-03-31": "-1.62400", "2011-12-31": -0.839, "2011-09-30": -1.335, "2011-06-30": -0.756, "2011-03-31": "-0.69400", "2010-12-31": -0.876, "2010-09-30": -0.671, "2010-06-30": -1.215, "2010-03-31": "-1.01400", "2009-12-31": -0.327, "2009-09-30": -1.242, "2009-06-30": -0.386, "2009-03-31": "-2.62500", "2008-12-31": -2.79}, "Net Change In Intangible Assets": {"2020-12-31": 0, "2020-09-30": 0, "2020-06-30": 0, "2020-03-31": "", "2019-12-31": 0, "2019-09-30": 0, "2019-06-30": 0, "2019-03-31": "", "2018-12-31": 0, "2018-09-30": 0, "2018-06-30": 0, "2018-03-31": "", "2017-12-31": 0, "2017-09-30": 0, "2017-06-30": 0, "2017-03-31": "", "2016-12-31": 0, "2016-09-30": 0, "2016-06-30": 0, "2016-03-31": "", "2015-12-31": 0, "2015-09-30": 0, "2015-06-30": 0, "2015-03-31": "", "2014-12-31": 0, "2014-09-30": 0, "2014-06-30": 0, "2014-03-31": "", "2013-12-31": 0, "2013-09-30": 0, "2013-06-30": 0, "2013-03-31": "", "2012-12-31": 0, "2012-09-30": 0, "2012-06-30": 0, "2012-03-31": "", "2011-12-31": 0, "2011-09-30": 0, "2011-06-30": 0, "2011-03-31": "", "2010-12-31": 0, "2010-09-30": 0, "2010-06-30": 0, "2010-03-31": "", "2009-12-31": 0, "2009-09-30": 0, "2009-06-30": 0, "2009-03-31": "", "2008-12-31": 0}, "Net Acquisitions/Divestitures": {"2020-12-31": -31, "2020-09-30": -6.1, "2020-06-30": 0, "2020-03-31": "-3.10000", "2019-12-31": -34.6, "2019-09-30": 0, "2019-06-30": 0, "2019-03-31": "", "2018-12-31": -15.7, "2018-09-30": 0, "2018-06-30": -6, "2018-03-31": "", "2017-12-31": 0, "2017-09-30": 0, "2017-06-30": 0, "2017-03-31": "", "2016-12-31": -0.013, "2016-09-30": -1.427, "2016-06-30": -20.66, "2016-03-31": "", "2015-12-31": 0, "2015-09-30": -38.025, "2015-06-30": 0, "2015-03-31": "", "2014-12-31": 0, "2014-09-30": -0.017, "2014-06-30": 0.017, "2014-03-31": "-0.01700", "2013-12-31": 0, "2013-09-30": -1.65, "2013-06-30": -0.006, "2013-03-31": "-5.97900", "2012-12-31": -0.5, "2012-09-30": -0.199, "2012-06-30": 0, "2012-03-31": "-0.55000", "2011-12-31": 0, "2011-09-30": 0, "2011-06-30": -2.623, "2011-03-31": "", "2010-12-31": 0, "2010-09-30": 0, "2010-06-30": 0, "2010-03-31": "", "2009-12-31": 0.36, "2009-09-30": -0.9, "2009-06-30": 0, "2009-03-31": "", "2008-12-31": -2}, "Net Change In Short-term Investments": {"2020-12-31": 0, "2020-09-30": 0, "2020-06-30": 0, "2020-03-31": "", "2019-12-31": 0, "2019-09-30": 0, "2019-06-30": 0, "2019-03-31": "", "2018-12-31": 0, "2018-09-30": 0, "2018-06-30": 0, "2018-03-31": "", "2017-12-31": 0, "2017-09-30": 0, "2017-06-30": 0, "2017-03-31": "", "2016-12-31": 0, "2016-09-30": 0, "2016-06-30": 0, "2016-03-31": "", "2015-12-31": 0, "2015-09-30": 0, "2015-06-30": 0, "2015-03-31": "", "2014-12-31": 0, "2014-09-30": 0, "2014-06-30": 0, "2014-03-31": "", "2013-12-31": 0, "2013-09-30": 0, "2013-06-30": 0, "2013-03-31": "", "2012-12-31": 0, "2012-09-30": 0, "2012-06-30": 0, "2012-03-31": "", "2011-12-31": 0, "2011-09-30": 0, "2011-06-30": 0, "2011-03-31": "", "2010-12-31": 0, "2010-09-30": 0, "2010-06-30": 0, "2010-03-31": "", "2009-12-31": 0, "2009-09-30": 0, "2009-06-30": 0, "2009-03-31": "", "2008-12-31": 0}, "Net Change In Long-Term Investments": {"2020-12-31": -3.4, "2020-09-30": -183.4, "2020-06-30": 243.1, "2020-03-31": "35.70000", "2019-12-31": -17.8001, "2019-09-30": -9.6, "2019-06-30": -319.3, "2019-03-31": "-28.80000", "2018-12-31": -100.2, "2018-09-30": 29.3, "2018-06-30": 24.6, "2018-03-31": "-13.90000", "2017-12-31": 79, "2017-09-30": -7.2, "2017-06-30": 4.5, "2017-03-31": "-17.80000", "2016-12-31": 19.009, "2016-09-30": 0.549, "2016-06-30": -0.11, "2016-03-31": "-4.24800", "2015-12-31": 4.463, "2015-09-30": 36.335, "2015-06-30": 12.567, "2015-03-31": "21.05100", "2014-12-31": -7.447, "2014-09-30": -2.429, "2014-06-30": 3.769, "2014-03-31": "8.97100", "2013-12-31": -35.438, "2013-09-30": -7.824, "2013-06-30": -10.295, "2013-03-31": "-71.66500", "2012-12-31": -4.932, "2012-09-30": -52.919, "2012-06-30": -41.403, "2012-03-31": "-60.12500", "2011-12-31": -33.15, "2011-09-30": -51.615, "2011-06-30": -29.574, "2011-03-31": "-46.24000", "2010-12-31": -48.098, "2010-09-30": -84.268, "2010-06-30": -87.672, "2010-03-31": "-59.95800", "2009-12-31": 30.274, "2009-09-30": 5.992, "2009-06-30": -4.928, "2009-03-31": "-12.44300", "2008-12-31": 0}, "Net Change In Investments - Total": {"2020-12-31": -3.4, "2020-09-30": -183.4, "2020-06-30": 243.1, "2020-03-31": "35.70000", "2019-12-31": -17.8001, "2019-09-30": -9.6, "2019-06-30": -319.3, "2019-03-31": "-28.80000", "2018-12-31": -100.2, "2018-09-30": 29.3, "2018-06-30": 24.6, "2018-03-31": "-13.90000", "2017-12-31": 79, "2017-09-30": -7.2, "2017-06-30": 4.5, "2017-03-31": "-17.80000", "2016-12-31": 19.009, "2016-09-30": 0.549, "2016-06-30": -0.11, "2016-03-31": "-4.24800", "2015-12-31": 4.463, "2015-09-30": 36.335, "2015-06-30": 12.567, "2015-03-31": "21.05100", "2014-12-31": -7.447, "2014-09-30": -2.429, "2014-06-30": 3.769, "2014-03-31": "8.97100", "2013-12-31": -35.438, "2013-09-30": -7.824, "2013-06-30": -10.295, "2013-03-31": "-71.66500", "2012-12-31": -4.932, "2012-09-30": -52.919, "2012-06-30": -41.403, "2012-03-31": "-60.12500", "2011-12-31": -33.15, "2011-09-30": -51.615, "2011-06-30": -29.574, "2011-03-31": "-46.24000", "2010-12-31": -48.098, "2010-09-30": -84.268, "2010-06-30": -87.672, "2010-03-31": "-59.95800", "2009-12-31": 30.269, "2009-09-30": 5.992, "2009-06-30": -4.928, "2009-03-31": "-12.44300", "2008-12-31": -48.84}, "Investing Activities - Other": {"2020-12-31": 1.7, "2020-09-30": 0, "2020-06-30": 0, "2020-03-31": "-0.40000", "2019-12-31": 0, "2019-09-30": 0, "2019-06-30": 0, "2019-03-31": "", "2018-12-31": 0, "2018-09-30": 0, "2018-06-30": 0, "2018-03-31": "", "2017-12-31": 0, "2017-09-30": 0, "2017-06-30": 0, "2017-03-31": "", "2016-12-31": 0, "2016-09-30": 0, "2016-06-30": 0, "2016-03-31": "", "2015-12-31": 0, "2015-09-30": 0, "2015-06-30": 0, "2015-03-31": "", "2014-12-31": 0, "2014-09-30": 0.017, "2014-06-30": -0.017, "2014-03-31": "", "2013-12-31": 0, "2013-09-30": 0, "2013-06-30": 0, "2013-03-31": "", "2012-12-31": 0, "2012-09-30": 0, "2012-06-30": 0, "2012-03-31": "", "2011-12-31": 0, "2011-09-30": 0, "2011-06-30": 0, "2011-03-31": "", "2010-12-31": 0.066, "2010-09-30": -0.004, "2010-06-30": 0, "2010-03-31": "", "2009-12-31": 0, "2009-09-30": 0, "2009-06-30": 0, "2009-03-31": "", "2008-12-31": -0.06}, "Cash Flow From Investing Activities": {"2020-12-31": -65, "2020-09-30": -224.6, "2020-06-30": 212.2, "2020-03-31": "4.60000", "2019-12-31": -99.6, "2019-09-30": -27.1, "2019-06-30": -336.6, "2019-03-31": "-39.00000", "2018-12-31": -127.5, "2018-09-30": 11.1, "2018-06-30": 7, "2018-03-31": "-25.50000", "2017-12-31": 65.3, "2017-09-30": -28.9, "2017-06-30": -81.9, "2017-03-31": "-31.30000", "2016-12-31": 2.115, "2016-09-30": -6.798, "2016-06-30": -35.213, "2016-03-31": "-34.20400", "2015-12-31": -3.882, "2015-09-30": -15.015, "2015-06-30": 1.806, "2015-03-31": "16.12400", "2014-12-31": -12.842, "2014-09-30": -8.209, "2014-06-30": -5.935, "2014-03-31": "-2.36400", "2013-12-31": -42.586, "2013-09-30": -12.634, "2013-06-30": -12.336, "2013-03-31": "-79.17800", "2012-12-31": -7.232, "2012-09-30": -69.546, "2012-06-30": -43.634, "2012-03-31": "-62.29900", "2011-12-31": -33.989, "2011-09-30": -52.95, "2011-06-30": -32.953, "2011-03-31": "-46.93400", "2010-12-31": -48.908, "2010-09-30": -84.943, "2010-06-30": -88.887, "2010-03-31": "-60.97200", "2009-12-31": 30.282, "2009-09-30": 3.85, "2009-06-30": -5.314, "2009-03-31": "-15.06800", "2008-12-31": -53.7}, "Net Long-Term Debt": {"2020-12-31": 0, "2020-09-30": 0, "2020-06-30": 0, "2020-03-31": "", "2019-12-31": 0, "2019-09-30": 0, "2019-06-30": 0, "2019-03-31": "", "2018-12-31": 0, "2018-09-30": 0, "2018-06-30": 0, "2018-03-31": "", "2017-12-31": 0, "2017-09-30": 0, "2017-06-30": 0, "2017-03-31": "", "2016-12-31": 0, "2016-09-30": 0, "2016-06-30": 0, "2016-03-31": "", "2015-12-31": 0, "2015-09-30": 0, "2015-06-30": 0, "2015-03-31": "", "2014-12-31": 0, "2014-09-30": 0, "2014-06-30": 0, "2014-03-31": "", "2013-12-31": 0, "2013-09-30": 0, "2013-06-30": 0, "2013-03-31": "", "2012-12-31": 0, "2012-09-30": 0, "2012-06-30": 0, "2012-03-31": "", "2011-12-31": 0, "2011-09-30": 0, "2011-06-30": 0, "2011-03-31": "", "2010-12-31": 0, "2010-09-30": 0, "2010-06-30": 0, "2010-03-31": "", "2009-12-31": 0, "2009-09-30": 0, "2009-06-30": 0, "2009-03-31": "", "2008-12-31": 0}, "Net Current Debt": {"2020-12-31": 0, "2020-09-30": 0, "2020-06-30": 0, "2020-03-31": "", "2019-12-31": 0, "2019-09-30": 0, "2019-06-30": 0, "2019-03-31": "", "2018-12-31": 0, "2018-09-30": 0, "2018-06-30": 0, "2018-03-31": "", "2017-12-31": 0, "2017-09-30": 0, "2017-06-30": 0, "2017-03-31": "", "2016-12-31": 0, "2016-09-30": 0, "2016-06-30": 0, "2016-03-31": "", "2015-12-31": 0, "2015-09-30": 0, "2015-06-30": 0, "2015-03-31": "", "2014-12-31": 0, "2014-09-30": 0, "2014-06-30": 0, "2014-03-31": "", "2013-12-31": 0, "2013-09-30": 0, "2013-06-30": 0, "2013-03-31": "", "2012-12-31": 0, "2012-09-30": 0, "2012-06-30": 0, "2012-03-31": "", "2011-12-31": 0, "2011-09-30": 0, "2011-06-30": 0, "2011-03-31": "", "2010-12-31": 0, "2010-09-30": 0, "2010-06-30": 0, "2010-03-31": "", "2009-12-31": 0, "2009-09-30": 0, "2009-06-30": 0, "2009-03-31": "", "2008-12-31": 0}, "Debt Issuance/Retirement Net - Total": {"2020-12-31": 0, "2020-09-30": 0, "2020-06-30": 0, "2020-03-31": "", "2019-12-31": 0, "2019-09-30": 0, "2019-06-30": 0, "2019-03-31": "", "2018-12-31": 0, "2018-09-30": 0, "2018-06-30": 0, "2018-03-31": "", "2017-12-31": 0, "2017-09-30": 0, "2017-06-30": 0, "2017-03-31": "", "2016-12-31": 0, "2016-09-30": 0, "2016-06-30": 0, "2016-03-31": "", "2015-12-31": 0, "2015-09-30": 0, "2015-06-30": 0, "2015-03-31": "", "2014-12-31": 0, "2014-09-30": 0, "2014-06-30": 0, "2014-03-31": "", "2013-12-31": 0, "2013-09-30": 0, "2013-06-30": 0, "2013-03-31": "", "2012-12-31": 0, "2012-09-30": 0, "2012-06-30": 0, "2012-03-31": "", "2011-12-31": 0, "2011-09-30": 0, "2011-06-30": 0, "2011-03-31": "", "2010-12-31": 0, "2010-09-30": 0, "2010-06-30": 0, "2010-03-31": "", "2009-12-31": 0, "2009-09-30": 0, "2009-06-30": 0, "2009-03-31": "", "2008-12-31": 0}, "Net Common Equity Issued/Repurchased": {"2020-12-31": -30.2, "2020-09-30": 2.5, "2020-06-30": -147.8, "2020-03-31": "-882.50000", "2019-12-31": -19.8, "2019-09-30": -21.2, "2019-06-30": -28.8, "2019-03-31": "-25.80000", "2018-12-31": -89.8, "2018-09-30": 24.9, "2018-06-30": 10, "2018-03-31": "-70.40000", "2017-12-31": -308.4, "2017-09-30": -70.8, "2017-06-30": -20.8, "2017-03-31": "29.50000", "2016-12-31": -33.292, "2016-09-30": -5.68, "2016-06-30": 5.187, "2016-03-31": "-32.21500", "2015-12-31": -56.229, "2015-09-30": 20.896, "2015-06-30": 13.692, "2015-03-31": "28.95500", "2014-12-31": 9.053, "2014-09-30": 6.943, "2014-06-30": -6.815, "2014-03-31": "2.16600", "2013-12-31": -32.415, "2013-09-30": 8.88, "2013-06-30": 1.126, "2013-03-31": "14.46400", "2012-12-31": 2.081, "2012-09-30": 18.356, "2012-06-30": 4.099, "2012-03-31": "13.55100", "2011-12-31": 5.95, "2011-09-30": 2.799, "2011-06-30": 4.259, "2011-03-31": "6.96000", "2010-12-31": 5.218, "2010-09-30": 11.351, "2010-06-30": 11.155, "2010-03-31": "1.38600", "2009-12-31": 93.635, "2009-09-30": 0.912, "2009-06-30": -0.953, "2009-03-31": "-1.04600", "2008-12-31": 0}, "Net Total Equity Issued/Repurchased": {"2020-12-31": -30.2, "2020-09-30": 2.5, "2020-06-30": -147.8, "2020-03-31": "-882.50000", "2019-12-31": -19.8, "2019-09-30": -21.2, "2019-06-30": -28.8, "2019-03-31": "-25.80000", "2018-12-31": -89.8, "2018-09-30": 24.9, "2018-06-30": 10, "2018-03-31": "-70.40000", "2017-12-31": -308.4, "2017-09-30": -70.8, "2017-06-30": -20.8, "2017-03-31": "29.50000", "2016-12-31": -33.292, "2016-09-30": -5.68, "2016-06-30": 5.187, "2016-03-31": "-32.21500", "2015-12-31": -56.229, "2015-09-30": 20.896, "2015-06-30": 13.692, "2015-03-31": "28.95500", "2014-12-31": 9.053, "2014-09-30": 6.943, "2014-06-30": -6.815, "2014-03-31": "2.16600", "2013-12-31": -32.415, "2013-09-30": 8.88, "2013-06-30": 1.126, "2013-03-31": "14.46400", "2012-12-31": 2.081, "2012-09-30": 18.356, "2012-06-30": 4.099, "2012-03-31": "13.55100", "2011-12-31": 5.95, "2011-09-30": 2.799, "2011-06-30": 4.259, "2011-03-31": "6.96000", "2010-12-31": 5.218, "2010-09-30": 11.351, "2010-06-30": 11.155, "2010-03-31": "1.38600", "2009-12-31": 90.325, "2009-09-30": 0.912, "2009-06-30": -7.448, "2009-03-31": "-7.31900", "2008-12-31": 2.11}, "Total Common And Preferred Stock Dividends Paid": {"2020-12-31": 0, "2020-09-30": 0, "2020-06-30": 0, "2020-03-31": "", "2019-12-31": 0, "2019-09-30": 0, "2019-06-30": 0, "2019-03-31": "", "2018-12-31": 0, "2018-09-30": 0, "2018-06-30": 0, "2018-03-31": "", "2017-12-31": 0, "2017-09-30": 0, "2017-06-30": 0, "2017-03-31": "", "2016-12-31": 0, "2016-09-30": 0, "2016-06-30": 0, "2016-03-31": "", "2015-12-31": 0, "2015-09-30": 0, "2015-06-30": 0, "2015-03-31": "", "2014-12-31": 0, "2014-09-30": 0, "2014-06-30": 0, "2014-03-31": "", "2013-12-31": 0, "2013-09-30": 0, "2013-06-30": 0, "2013-03-31": "", "2012-12-31": 0, "2012-09-30": 0, "2012-06-30": 0, "2012-03-31": "", "2011-12-31": 0, "2011-09-30": 0, "2011-06-30": 0, "2011-03-31": "", "2010-12-31": 0, "2010-09-30": 0, "2010-06-30": 0, "2010-03-31": "", "2009-12-31": 0, "2009-09-30": 0, "2009-06-30": 0, "2009-03-31": "", "2008-12-31": 0}, "Financial Activities - Other": {"2020-12-31": -21.8, "2020-09-30": -32.8, "2020-06-30": -21.1, "2020-03-31": "-37.90000", "2019-12-31": -24, "2019-09-30": -19.5, "2019-06-30": -24.5, "2019-03-31": "-32.00000", "2018-12-31": -19.8, "2018-09-30": -15.5, "2018-06-30": -22.8, "2018-03-31": "-19.20000", "2017-12-31": -9.2, "2017-09-30": -10, "2017-06-30": -12.2, "2017-03-31": "-13.70000", "2016-12-31": -8.388, "2016-09-30": -12.528, "2016-06-30": -9.543, "2016-03-31": "-9.44100", "2015-12-31": -5.882, "2015-09-30": -11.627, "2015-06-30": -4.762, "2015-03-31": "-6.60000", "2014-12-31": -6.417, "2014-09-30": -1.103, "2014-06-30": -0.024, "2014-03-31": "-3.05400", "2013-12-31": -0.016, "2013-09-30": -0.356, "2013-06-30": 0.441, "2013-03-31": "1.45300", "2012-12-31": 2.458, "2012-09-30": 4.453, "2012-06-30": 2.838, "2012-03-31": "2.32000", "2011-12-31": 10.565, "2011-09-30": 4.773, "2011-06-30": 3.376, "2011-03-31": "1.11500", "2010-12-31": 1.59, "2010-09-30": 0.539, "2010-06-30": 2.857, "2010-03-31": "-0.07700", "2009-12-31": 1.457, "2009-09-30": 0.113, "2009-06-30": 0, "2009-03-31": "", "2008-12-31": 0}, "Cash Flow From Financial Activities": {"2020-12-31": -52, "2020-09-30": -30.3, "2020-06-30": -168.9, "2020-03-31": "-920.40000", "2019-12-31": -43.8, "2019-09-30": -40.7, "2019-06-30": -53.3, "2019-03-31": "-57.80000", "2018-12-31": -109.6, "2018-09-30": 9.4, "2018-06-30": -12.8, "2018-03-31": "-89.60000", "2017-12-31": -317.6, "2017-09-30": -80.8, "2017-06-30": -33, "2017-03-31": "15.80000", "2016-12-31": -41.68, "2016-09-30": -18.208, "2016-06-30": -4.356, "2016-03-31": "-41.65600", "2015-12-31": -62.111, "2015-09-30": 9.269, "2015-06-30": 8.93, "2015-03-31": "22.35500", "2014-12-31": 2.636, "2014-09-30": 5.84, "2014-06-30": -6.839, "2014-03-31": "-0.88800", "2013-12-31": -32.431, "2013-09-30": 8.524, "2013-06-30": 1.567, "2013-03-31": "15.91700", "2012-12-31": 4.539, "2012-09-30": 22.809, "2012-06-30": 6.937, "2012-03-31": "15.87100", "2011-12-31": 16.515, "2011-09-30": 7.572, "2011-06-30": 7.635, "2011-03-31": "8.07500", "2010-12-31": 6.808, "2010-09-30": 11.89, "2010-06-30": 14.012, "2010-03-31": "1.30900", "2009-12-31": 91.782, "2009-09-30": 1.025, "2009-06-30": -7.448, "2009-03-31": "-7.31900", "2008-12-31": 2.11}, "Net Cash Flow": {"2020-12-31": 179.5, "2020-09-30": -34.1, "2020-06-30": 290.3, "2020-03-31": "-596.40000", "2019-12-31": 47, "2019-09-30": 153.4, "2019-06-30": -194.8, "2019-03-31": "104.50000", "2018-12-31": -56.9, "2018-09-30": 197.2, "2018-06-30": 136.5, "2018-03-31": "24.60000", "2017-12-31": -94.8, "2017-09-30": 52.7, "2017-06-30": 29.9, "2017-03-31": "114.20000", "2016-12-31": 61.464, "2016-09-30": 51.133, "2016-06-30": 28.372, "2016-03-31": "24.73100", "2015-12-31": 2.565, "2015-09-30": 59.319, "2015-06-30": 95.041, "2015-03-31": "103.09800", "2014-12-31": 25.158, "2014-09-30": 54.149, "2014-06-30": 30.979, "2014-03-31": "57.09500", "2013-12-31": -28.673, "2013-09-30": 21.078, "2013-06-30": 26.084, "2013-03-31": "-25.59100", "2012-12-31": 47.509, "2012-09-30": -5.76, "2012-06-30": 6.443, "2012-03-31": "2.79300", "2011-12-31": 5.36, "2011-09-30": -11.389, "2011-06-30": 9.038, "2011-03-31": "2.12200", "2010-12-31": -10.28, "2010-09-30": -39.296, "2010-06-30": -57.82, "2010-03-31": "-38.20300", "2009-12-31": 138.218, "2009-09-30": 22.414, "2009-06-30": 2.304, "2009-03-31": "-7.05600", "2008-12-31": -14.84}, "Stock-Based Compensation": {"2020-12-31": 48.7, "2020-09-30": 49.3, "2020-06-30": 48.9, "2020-03-31": "44.80000", "2019-12-31": 43.7, "2019-09-30": 42.4, "2019-06-30": 45, "2019-03-31": "43.00000", "2018-12-31": 42.6, "2018-09-30": 43.2, "2018-06-30": 40.6, "2018-03-31": "36.50000", "2017-12-31": 34.5, "2017-09-30": 34.3, "2017-06-30": 35.1, "2017-03-31": "33.30000", "2016-12-31": 32.058, "2016-09-30": 31.093, "2016-06-30": 30.347, "2016-03-31": "28.90200", "2015-12-31": 28.087, "2015-09-30": 26.476, "2015-06-30": 21.645, "2015-03-31": "18.88000", "2014-12-31": 16.681, "2014-09-30": 14.667, "2014-06-30": 14.716, "2014-03-31": "12.93000", "2013-12-31": 12.125, "2013-09-30": 11.778, "2013-06-30": 10.707, "2013-03-31": "9.29900", "2012-12-31": 6.762, "2012-09-30": 8.83, "2012-06-30": 7.852, "2012-03-31": "7.24600", "2011-12-31": 6.341, "2011-09-30": 5.734, "2011-06-30": 3.87, "2011-03-31": "3.07000", "2010-12-31": 2.469, "2010-09-30": 2.434, "2010-06-30": 2.264, "2010-03-31": "2.14800", "2009-12-31": 2.182, "2009-09-30": 1.936, "2009-06-30": 1.793, "2009-03-31": "1.55000", "2008-12-31": 0}, "Common Stock Dividends Paid": {"2020-12-31": 0, "2020-09-30": 0, "2020-06-30": 0, "2020-03-31": "", "2019-12-31": 0, "2019-09-30": 0, "2019-06-30": 0, "2019-03-31": "", "2018-12-31": 0, "2018-09-30": 0, "2018-06-30": 0, "2018-03-31": "", "2017-12-31": 0, "2017-09-30": 0, "2017-06-30": 0, "2017-03-31": "", "2016-12-31": 0, "2016-09-30": 0, "2016-06-30": 0, "2016-03-31": "", "2015-12-31": 0, "2015-09-30": 0, "2015-06-30": 0, "2015-03-31": "", "2014-12-31": 0, "2014-09-30": 0, "2014-06-30": 0, "2014-03-31": "", "2013-12-31": 0, "2013-09-30": 0, "2013-06-30": 0, "2013-03-31": "", "2012-12-31": 0, "2012-09-30": 0, "2012-06-30": 0, "2012-03-31": "", "2011-12-31": 0, "2011-09-30": 0, "2011-06-30": 0, "2011-03-31": "", "2010-12-31": 0, "2010-09-30": 0, "2010-06-30": 0, "2010-03-31": "", "2009-12-31": 0, "2009-09-30": 0, "2009-06-30": 0, "2009-03-31": "", "2008-12-31": 0}}, "financial ratios": {"Current Ratio": {"2019-12-31": "1.87910", "2018-12-31": "1.76770", "2017-12-31": "1.67130", "2016-12-31": "1.85510", "2015-12-31": "1.87210", "2014-12-31": "2.02510", "2013-12-31": "1.78070", "2012-12-31": "1.78290", "2011-12-31": "1.96190", "2010-12-31": "1.92400", "2009-12-31": "1.89530", "2008-12-31": "1.25420", "2007-12-31": ""}, "Long-term Debt / Capital": {"2019-12-31": "", "2018-12-31": "", "2017-12-31": "", "2016-12-31": "", "2015-12-31": "", "2014-12-31": "", "2013-12-31": "", "2012-12-31": "", "2011-12-31": "", "2010-12-31": "", "2009-12-31": "", "2008-12-31": "", "2007-12-31": ""}, "Debt/Equity Ratio": {"2019-12-31": "", "2018-12-31": "", "2017-12-31": "", "2016-12-31": "", "2015-12-31": "", "2014-12-31": "", "2013-12-31": "", "2012-12-31": "", "2011-12-31": "", "2010-12-31": "", "2009-12-31": "", "2008-12-31": "", "2007-12-31": ""}, "Gross Margin": {"2019-12-31": "76.53740", "2018-12-31": "74.99450", "2017-12-31": "74.22570", "2016-12-31": "73.51420", "2015-12-31": "71.58570", "2014-12-31": "70.01300", "2013-12-31": "70.64130", "2012-12-31": "72.37460", "2011-12-31": "73.79980", "2010-12-31": "73.75820", "2009-12-31": "72.24480", "2008-12-31": "69.08650", "2007-12-31": "63.53640"}, "Operating Margin": {"2019-12-31": "15.96330", "2018-12-31": "12.82480", "2017-12-31": "7.34500", "2016-12-31": "3.36370", "2015-12-31": "1.47400", "2014-12-31": "7.70080", "2013-12-31": "11.71630", "2012-12-31": "18.82830", "2011-12-31": "20.50480", "2010-12-31": "17.04390", "2009-12-31": "10.04860", "2008-12-31": "2.32630", "2007-12-31": "-13.88790"}, "EBIT Margin": {"2019-12-31": "15.96330", "2018-12-31": "12.82480", "2017-12-31": "7.34500", "2016-12-31": "3.36370", "2015-12-31": "1.47400", "2014-12-31": "7.70080", "2013-12-31": "11.71630", "2012-12-31": "18.82830", "2011-12-31": "20.50480", "2010-12-31": "17.04390", "2009-12-31": "10.04860", "2008-12-31": "2.32630", "2007-12-31": "-13.88790"}, "EBITDA Margin": {"2019-12-31": "23.54610", "2018-12-31": "20.93050", "2017-12-31": "11.22480", "2016-12-31": "7.54270", "2015-12-31": "5.34280", "2014-12-31": "11.68990", "2013-12-31": "16.14620", "2012-12-31": "23.42430", "2011-12-31": "25.00320", "2010-12-31": "21.06160", "2009-12-31": "12.73430", "2008-12-31": "4.34480", "2007-12-31": "-11.21480"}, "Pre-Tax Profit Margin": {"2019-12-31": "17.58650", "2018-12-31": "13.92960", "2017-12-31": "8.29490", "2016-12-31": "3.37930", "2015-12-31": "1.68490", "2014-12-31": "7.98960", "2013-12-31": "12.34220", "2012-12-31": "19.67550", "2011-12-31": "21.23570", "2010-12-31": "17.35190", "2009-12-31": "10.91290", "2008-12-31": "4.36800", "2007-12-31": "-12.91210"}, "Net Profit Margin": {"2019-12-31": "15.14240", "2018-12-31": "18.44330", "2017-12-31": "2.10050", "2016-12-31": "2.52470", "2015-12-31": "0.79140", "2014-12-31": "3.28970", "2013-12-31": "7.19540", "2012-12-31": "12.52460", "2011-12-31": "14.41320", "2010-12-31": "12.70270", "2009-12-31": "20.19440", "2008-12-31": "0.21390", "2007-12-31": "-14.05840"}, "Asset Turnover": {"2019-12-31": "0.55490", "2018-12-31": "0.58520", "2017-12-31": "0.66210", "2016-12-31": "0.59600", "2015-12-31": "0.56370", "2014-12-31": "0.54070", "2013-12-31": "0.52660", "2012-12-31": "0.54700", "2011-12-31": "0.59010", "2010-12-31": "0.59530", "2009-12-31": "0.65110", "2008-12-31": "1.06370", "2007-12-31": ""}, "Inventory Turnover Ratio": {"2019-12-31": "4.29090", "2018-12-31": "5.00440", "2017-12-31": "4.98450", "2016-12-31": "3.16030", "2015-12-31": "3.41940", "2014-12-31": "3.32500", "2013-12-31": "3.71140", "2012-12-31": "7.00000", "2011-12-31": "6.99110", "2010-12-31": "6.30360", "2009-12-31": "6.57100", "2008-12-31": "5.73360", "2007-12-31": ""}, "Receiveable Turnover": {"2019-12-31": "3.96140", "2018-12-31": "4.05220", "2017-12-31": "4.29320", "2016-12-31": "4.07480", "2015-12-31": "3.88830", "2014-12-31": "4.17000", "2013-12-31": "4.71600", "2012-12-31": "4.95750", "2011-12-31": "4.53900", "2010-12-31": "4.48870", "2009-12-31": "4.62160", "2008-12-31": "4.59990", "2007-12-31": ""}, "Days Sales In Receivables": {"2019-12-31": "92.13870", "2018-12-31": "90.07470", "2017-12-31": "85.01770", "2016-12-31": "89.57520", "2015-12-31": "93.87050", "2014-12-31": "87.53070", "2013-12-31": "77.39660", "2012-12-31": "73.62530", "2011-12-31": "80.41390", "2010-12-31": "81.31500", "2009-12-31": "78.97630", "2008-12-31": "79.35040", "2007-12-31": ""}, "ROE - Return On Equity": {"2019-12-31": "24.69930", "2018-12-31": "32.88460", "2017-12-31": "5.32750", "2016-12-31": "3.84390", "2015-12-31": "1.05740", "2014-12-31": "3.74920", "2013-12-31": "7.55820", "2012-12-31": "13.08110", "2011-12-31": "17.43860", "2010-12-31": "17.74330", "2009-12-31": "42.24510", "2008-12-31": "-7.39280", "2007-12-31": ""}, "Return On Tangible Equity": {"2019-12-31": "26.68360", "2018-12-31": "34.97210", "2017-12-31": "5.62220", "2016-12-31": "4.03360", "2015-12-31": "1.08960", "2014-12-31": "3.78080", "2013-12-31": "7.68570", "2012-12-31": "13.13560", "2011-12-31": "17.43860", "2010-12-31": "17.74330", "2009-12-31": "42.24510", "2008-12-31": "-140.81080", "2007-12-31": ""}, "ROA - Return On Assets": {"2019-12-31": "8.40300", "2018-12-31": "10.79270", "2017-12-31": "1.39070", "2016-12-31": "1.50470", "2015-12-31": "0.44610", "2014-12-31": "1.77870", "2013-12-31": "3.78900", "2012-12-31": "6.85150", "2011-12-31": "8.50520", "2010-12-31": "7.56200", "2009-12-31": "15.54160", "2008-12-31": "3.69800", "2007-12-31": ""}, "ROI - Return On Investment": {"2019-12-31": "24.69930", "2018-12-31": "32.88460", "2017-12-31": "5.32750", "2016-12-31": "3.84390", "2015-12-31": "1.05740", "2014-12-31": "3.74920", "2013-12-31": "7.55820", "2012-12-31": "13.08110", "2011-12-31": "17.43860", "2010-12-31": "17.74330", "2009-12-31": "42.24510", "2008-12-31": "-140.81090", "2007-12-31": ""}, "Book Value Per Share": {"2019-12-31": "7.69890", "2018-12-31": "5.94940", "2017-12-31": "3.51040", "2016-12-31": "4.83990", "2015-12-31": "4.40710", "2014-12-31": "4.06120", "2013-12-31": "3.62620", "2012-12-31": "3.18640", "2011-12-31": "2.31210", "2010-12-31": "1.56260", "2009-12-31": "1.06610", "2008-12-31": "-0.12620", "2007-12-31": ""}, "Operating Cash Flow Per Share": {"2019-12-31": 0.9495, "2018-12-31": 0.3301, "2017-12-31": 1.3766, "2016-12-31": 0.3568, "2015-12-31": 0.4429, "2014-12-31": 0.2849, "2013-12-31": -0.2291, "2012-12-31": 0.2943, "2011-12-31": 0.1501, "2010-12-31": 0.1859, "2009-12-31": -0.2322, "2008-12-31": -0.0104, "2007-12-31": 0.7177}, "Free Cash Flow Per Share": {"2019-12-31": 0.7269, "2018-12-31": 0.7856, "2017-12-31": 0.9981, "2016-12-31": 0.1877, "2015-12-31": 0.421, "2014-12-31": 0.1772, "2013-12-31": -0.1789, "2012-12-31": 0.1837, "2011-12-31": 0.1522, "2010-12-31": 0.1969, "2009-12-31": -0.2149, "2008-12-31": -0.0103, "2007-12-31": 0.6651}}, "financial ratios, quarterly": {"Current Ratio": {"2020-09-30": "1.44910", "2020-06-30": "1.37020", "2020-03-31": "1.31910", "2019-12-31": "1.90200", "2019-09-30": "1.83780", "2019-06-30": "1.82480", "2019-03-31": "1.84430", "2018-12-31": "1.76770", "2018-09-30": "1.86900", "2018-06-30": "1.73680", "2018-03-31": "1.68570", "2017-12-31": "1.67130", "2017-09-30": "1.81260", "2017-06-30": "1.81210", "2017-03-31": "1.88670", "2016-12-31": "1.85510", "2016-09-30": "1.85890", "2016-06-30": "1.84970", "2016-03-31": "1.87050", "2015-12-31": "1.87210", "2015-09-30": "2.07540", "2015-06-30": "2.11480", "2015-03-31": "2.14370", "2014-12-31": "2.02510", "2014-09-30": "2.06320", "2014-06-30": "1.89390", "2014-03-31": "1.97910", "2013-12-31": "1.78070", "2013-09-30": "1.92190", "2013-06-30": "1.86530", "2013-03-31": "1.84990", "2012-12-31": "1.78290", "2012-09-30": "1.72300", "2012-06-30": "1.84590", "2012-03-31": "2.03530", "2011-12-31": "1.96190", "2011-09-30": "2.00240", "2011-06-30": "1.84500", "2011-03-31": "1.71300", "2010-12-31": "1.92400", "2010-09-30": "1.89190", "2010-06-30": "1.75230", "2010-03-31": "1.77600", "2009-12-31": "1.89530", "2009-09-30": "", "2009-06-30": "", "2009-03-31": "", "2008-12-31": ""}, "Long-term Debt / Capital": {"2020-09-30": "", "2020-06-30": "", "2020-03-31": "", "2019-12-31": "", "2019-09-30": "", "2019-06-30": "", "2019-03-31": "", "2018-12-31": "", "2018-09-30": "", "2018-06-30": "", "2018-03-31": "", "2017-12-31": "", "2017-09-30": "", "2017-06-30": "", "2017-03-31": "", "2016-12-31": "", "2016-09-30": "", "2016-06-30": "", "2016-03-31": "", "2015-12-31": "", "2015-09-30": "", "2015-06-30": "", "2015-03-31": "", "2014-12-31": "", "2014-09-30": "", "2014-06-30": "", "2014-03-31": "", "2013-12-31": "", "2013-09-30": "", "2013-06-30": "", "2013-03-31": "", "2012-12-31": "", "2012-09-30": "", "2012-06-30": "", "2012-03-31": "", "2011-12-31": "", "2011-09-30": "", "2011-06-30": "", "2011-03-31": "", "2010-12-31": "", "2010-09-30": "", "2010-06-30": "", "2010-03-31": "", "2009-12-31": "", "2009-09-30": "", "2009-06-30": "", "2009-03-31": "", "2008-12-31": ""}, "Debt/Equity Ratio": {"2020-09-30": "", "2020-06-30": "", "2020-03-31": "", "2019-12-31": "", "2019-09-30": "", "2019-06-30": "", "2019-03-31": "", "2018-12-31": "", "2018-09-30": "", "2018-06-30": "", "2018-03-31": "", "2017-12-31": "", "2017-09-30": "", "2017-06-30": "", "2017-03-31": "", "2016-12-31": "", "2016-09-30": "", "2016-06-30": "", "2016-03-31": "", "2015-12-31": "", "2015-09-30": "", "2015-06-30": "", "2015-03-31": "", "2014-12-31": "", "2014-09-30": "", "2014-06-30": "", "2014-03-31": "", "2013-12-31": "", "2013-09-30": "", "2013-06-30": "", "2013-03-31": "", "2012-12-31": "", "2012-09-30": "", "2012-06-30": "", "2012-03-31": "", "2011-12-31": "", "2011-09-30": "", "2011-06-30": "", "2011-03-31": "", "2010-12-31": "", "2010-09-30": "", "2010-06-30": "", "2010-03-31": "", "2009-12-31": "", "2009-09-30": "", "2009-06-30": "", "2009-03-31": "", "2008-12-31": ""}, "Gross Margin": {"2020-09-30": "78.62080", "2020-06-30": "78.05040", "2020-03-31": "77.69110", "2019-12-31": "77.10980", "2019-09-30": "77.35820", "2019-06-30": "75.40730", "2019-03-31": "76.08970", "2018-12-31": "74.65490", "2018-09-30": "75.41310", "2018-06-30": "74.37120", "2018-03-31": "75.63910", "2017-12-31": "74.70000", "2017-09-30": "74.98660", "2017-06-30": "73.67260", "2017-03-31": "73.39990", "2016-12-31": "74.95660", "2016-09-30": "73.21960", "2016-06-30": "72.86270", "2016-03-31": "72.71590", "2015-12-31": "72.35480", "2015-09-30": "72.42990", "2015-06-30": "71.01650", "2015-03-31": "70.12390", "2014-12-31": "70.69950", "2014-09-30": "70.57900", "2014-06-30": "68.62700", "2014-03-31": "69.96550", "2013-12-31": "69.62110", "2013-09-30": "71.60290", "2013-06-30": "70.35300", "2013-03-31": "71.19130", "2012-12-31": "72.58440", "2012-09-30": "72.25470", "2012-06-30": "71.21090", "2012-03-31": "73.52340", "2011-12-31": "73.12200", "2011-09-30": "73.25430", "2011-06-30": "74.22130", "2011-03-31": "74.89330", "2010-12-31": "74.12040", "2010-09-30": "74.76430", "2010-06-30": "73.58220", "2010-03-31": "72.24010", "2009-12-31": "70.44170", "2009-09-30": "73.53180", "2009-06-30": "72.32210", "2009-03-31": "72.96010", "2008-12-31": ""}, "Operating Margin": {"2020-09-30": "19.49010", "2020-06-30": "18.96020", "2020-03-31": "20.09010", "2019-12-31": "19.19190", "2019-09-30": "18.35430", "2019-06-30": "14.41440", "2019-03-31": "10.70670", "2018-12-31": "16.78500", "2018-09-30": "13.83560", "2018-06-30": "11.48880", "2018-03-31": "8.12030", "2017-12-31": "10.12960", "2017-09-30": "9.00590", "2017-06-30": "7.84040", "2017-03-31": "1.58540", "2016-12-31": "12.44510", "2016-09-30": "1.73320", "2016-06-30": "-1.29900", "2016-03-31": "-1.29740", "2015-12-31": "4.33920", "2015-09-30": "-0.70750", "2015-06-30": "1.23110", "2015-03-31": "0.42180", "2014-12-31": "8.89230", "2014-09-30": "7.99130", "2014-06-30": "6.05220", "2014-03-31": "7.58510", "2013-12-31": "13.89510", "2013-09-30": "11.81590", "2013-06-30": "9.34490", "2013-03-31": "11.33190", "2012-12-31": "23.18040", "2012-09-30": "18.91130", "2012-06-30": "16.24510", "2012-03-31": "15.96200", "2011-12-31": "21.94260", "2011-09-30": "22.46920", "2011-06-30": "18.22800", "2011-03-31": "18.70460", "2010-12-31": "22.11350", "2010-09-30": "21.37080", "2010-06-30": "12.81260", "2010-03-31": "9.60530", "2009-12-31": "10.48070", "2009-09-30": "14.69090", "2009-06-30": "8.10990", "2009-03-31": "5.95820", "2008-12-31": ""}, "EBIT Margin": {"2020-09-30": "19.49010", "2020-06-30": "18.96020", "2020-03-31": "20.09010", "2019-12-31": "19.19190", "2019-09-30": "18.35430", "2019-06-30": "14.41440", "2019-03-31": "10.70670", "2018-12-31": "16.78500", "2018-09-30": "13.83560", "2018-06-30": "11.48880", "2018-03-31": "8.12030", "2017-12-31": "10.12960", "2017-09-30": "9.00590", "2017-06-30": "7.84040", "2017-03-31": "1.58540", "2016-12-31": "12.44510", "2016-09-30": "1.73320", "2016-06-30": "-1.29900", "2016-03-31": "-1.29740", "2015-12-31": "4.33920", "2015-09-30": "-0.70750", "2015-06-30": "1.23110", "2015-03-31": "0.42180", "2014-12-31": "8.89230", "2014-09-30": "7.99130", "2014-06-30": "6.05220", "2014-03-31": "7.58510", "2013-12-31": "13.89510", "2013-09-30": "11.81590", "2013-06-30": "9.34490", "2013-03-31": "11.33190", "2012-12-31": "23.18040", "2012-09-30": "18.91130", "2012-06-30": "16.24510", "2012-03-31": "15.96200", "2011-12-31": "21.94260", "2011-09-30": "22.46920", "2011-06-30": "18.22800", "2011-03-31": "18.70460", "2010-12-31": "22.11350", "2010-09-30": "21.37080", "2010-06-30": "12.81260", "2010-03-31": "9.60530", "2009-12-31": "10.48070", "2009-09-30": "14.69090", "2009-06-30": "8.10990", "2009-03-31": "5.95820", "2008-12-31": ""}, "EBITDA Margin": {"2020-09-30": "", "2020-06-30": "", "2020-03-31": "", "2019-12-31": "", "2019-09-30": "", "2019-06-30": "", "2019-03-31": "", "2018-12-31": "", "2018-09-30": "", "2018-06-30": "", "2018-03-31": "", "2017-12-31": "", "2017-09-30": "", "2017-06-30": "", "2017-03-31": "", "2016-12-31": "", "2016-09-30": "", "2016-06-30": "", "2016-03-31": "", "2015-12-31": "", "2015-09-30": "", "2015-06-30": "", "2015-03-31": "", "2014-12-31": "", "2014-09-30": "", "2014-06-30": "", "2014-03-31": "", "2013-12-31": "", "2013-09-30": "", "2013-06-30": "", "2013-03-31": "", "2012-12-31": "", "2012-09-30": "", "2012-06-30": "", "2012-03-31": "", "2011-12-31": "", "2011-09-30": "", "2011-06-30": "", "2011-03-31": "", "2010-12-31": "", "2010-09-30": "", "2010-06-30": "", "2010-03-31": "", "2009-12-31": "", "2009-09-30": "", "2009-06-30": "", "2009-03-31": "", "2008-12-31": ""}, "Pre-Tax Profit Margin": {"2020-09-30": "19.72050", "2020-06-30": "19.75630", "2020-03-31": "20.29810", "2019-12-31": "20.70710", "2019-09-30": "19.33950", "2019-06-30": "16.44620", "2019-03-31": "12.75920", "2018-12-31": "18.16570", "2018-09-30": "15.55410", "2018-06-30": "11.67010", "2018-03-31": "9.19800", "2017-12-31": "10.80170", "2017-09-30": "10.15500", "2017-06-30": "9.05090", "2017-03-31": "2.37820", "2016-12-31": "11.97920", "2016-09-30": "2.08090", "2016-06-30": "-1.18500", "2016-03-31": "-1.14490", "2015-12-31": "4.39620", "2015-09-30": "-0.44600", "2015-06-30": "1.45380", "2015-03-31": "0.77180", "2014-12-31": "8.98250", "2014-09-30": "8.16400", "2014-06-30": "6.45690", "2014-03-31": "8.14390", "2013-12-31": "14.40200", "2013-09-30": "11.90050", "2013-06-30": "10.18400", "2013-03-31": "12.49820", "2012-12-31": "23.99410", "2012-09-30": "19.64580", "2012-06-30": "17.23450", "2012-03-31": "16.82690", "2011-12-31": "22.64670", "2011-09-30": "23.29720", "2011-06-30": "18.86470", "2011-03-31": "19.45300", "2010-12-31": "22.52370", "2010-09-30": "21.50260", "2010-06-30": "13.44930", "2010-03-31": "9.63110", "2009-12-31": "11.05910", "2009-09-30": "15.24350", "2009-06-30": "8.52230", "2009-03-31": "8.18730", "2008-12-31": ""}, "Net Profit Margin": {"2020-09-30": "18.95250", "2020-06-30": "18.21280", "2020-03-31": "18.02740", "2019-12-31": "18.70320", "2019-09-30": "14.63240", "2019-06-30": "13.93520", "2019-03-31": "12.44180", "2018-12-31": "36.01580", "2018-09-30": "12.93240", "2018-06-30": "11.17150", "2018-03-31": "10.42610", "2017-12-31": "-6.96110", "2017-09-30": "7.13520", "2017-06-30": "6.32740", "2017-03-31": "3.14150", "2016-12-31": "6.94040", "2016-09-30": "1.98680", "2016-06-30": "-0.44570", "2016-03-31": "0.74430", "2015-12-31": "-0.85460", "2015-09-30": "3.14110", "2015-06-30": "0.33030", "2015-03-31": "0.73280", "2014-12-31": "3.04190", "2014-09-30": "2.09780", "2014-06-30": "3.30310", "2014-03-31": "4.96780", "2013-12-31": "6.77530", "2013-09-30": "7.12930", "2013-06-30": "6.09040", "2013-03-31": "9.01860", "2012-12-31": "14.22780", "2012-09-30": "12.62660", "2012-06-30": "10.81710", "2012-03-31": "12.08820", "2011-12-31": "13.64710", "2011-09-30": "15.38920", "2011-06-30": "14.06870", "2011-03-31": "14.56800", "2010-12-31": "17.24480", "2010-09-30": "16.49620", "2010-06-30": "8.99900", "2010-03-31": "6.04340", "2009-12-31": "62.13890", "2009-09-30": "9.70180", "2009-06-30": "", "2009-03-31": "-2.68850", "2008-12-31": ""}, "Asset Turnover": {"2020-09-30": "0.18160", "2020-06-30": "0.18480", "2020-03-31": "0.17990", "2019-12-31": "0.15820", "2019-09-30": "0.15460", "2019-06-30": "0.15480", "2019-03-31": "0.14740", "2018-12-31": "0.16470", "2018-09-30": "0.16420", "2018-06-30": "0.17130", "2018-03-31": "0.16620", "2017-12-31": "0.18450", "2017-09-30": "0.15620", "2017-06-30": "0.15400", "2017-03-31": "0.15020", "2016-12-31": "0.16950", "2016-09-30": "0.15750", "2016-06-30": "0.15890", "2016-03-31": "0.15710", "2015-12-31": "0.16560", "2015-09-30": "0.15230", "2015-06-30": "0.14940", "2015-03-31": "0.14210", "2014-12-31": "0.15720", "2014-09-30": "0.14730", "2014-06-30": "0.14550", "2014-03-31": "0.14080", "2013-12-31": "0.15180", "2013-09-30": "0.13710", "2013-06-30": "0.13580", "2013-03-31": "0.13150", "2012-12-31": "0.15500", "2012-09-30": "0.14920", "2012-06-30": "0.15150", "2012-03-31": "0.14870", "2011-12-31": "0.16450", "2011-09-30": "0.17350", "2011-06-30": "0.16220", "2011-03-31": "0.15870", "2010-12-31": "0.17160", "2010-09-30": "0.17400", "2010-06-30": "0.17050", "2010-03-31": "0.17270", "2009-12-31": "0.18260", "2009-09-30": "", "2009-06-30": "", "2009-03-31": "", "2008-12-31": ""}, "Inventory Turnover Ratio": {"2020-09-30": "1.03490", "2020-06-30": "1.07220", "2020-03-31": "1.22570", "2019-12-31": "1.19170", "2019-09-30": "1.25100", "2019-06-30": "1.49710", "2019-03-31": "1.27830", "2018-12-31": "1.42780", "2018-09-30": "1.38120", "2018-06-30": "1.44630", "2018-03-31": "1.21500", "2017-12-31": "1.36350", "2017-09-30": "1.27180", "2017-06-30": "1.10710", "2017-03-31": "0.86300", "2016-12-31": "0.85000", "2016-09-30": "0.90470", "2016-06-30": "1.04010", "2016-03-31": "0.99240", "2015-12-31": "0.97740", "2015-09-30": "0.88900", "2015-06-30": "1.00950", "2015-03-31": "0.88260", "2014-12-31": "0.94450", "2014-09-30": "1.10790", "2014-06-30": "1.23350", "2014-03-31": "1.17210", "2013-12-31": "1.10690", "2013-09-30": "0.93720", "2013-06-30": "1.31190", "2013-03-31": "1.63490", "2012-12-31": "1.96780", "2012-09-30": "1.44400", "2012-06-30": "1.78260", "2012-03-31": "1.72850", "2011-12-31": "1.99920", "2011-09-30": "2.40120", "2011-06-30": "1.94560", "2011-03-31": "1.93120", "2010-12-31": "1.79200", "2010-09-30": "1.90030", "2010-06-30": "1.66360", "2010-03-31": "1.96360", "2009-12-31": "1.96450", "2009-09-30": "", "2009-06-30": "", "2009-03-31": "", "2008-12-31": ""}, "Receiveable Turnover": {"2020-09-30": "1.19120", "2020-06-30": "1.23420", "2020-03-31": "1.21530", "2019-12-31": "1.12770", "2019-09-30": "1.42700", "2019-06-30": "1.29420", "2019-03-31": "1.24040", "2018-12-31": "1.14060", "2018-09-30": "1.39920", "2018-06-30": "1.32280", "2018-03-31": "1.27440", "2017-12-31": "1.19640", "2017-09-30": "1.45040", "2017-06-30": "1.32430", "2017-03-31": "1.26100", "2016-12-31": "1.15910", "2016-09-30": "1.32490", "2016-06-30": "1.22410", "2016-03-31": "1.29270", "2015-12-31": "1.14240", "2015-09-30": "1.49370", "2015-06-30": "1.35590", "2015-03-31": "1.31530", "2014-12-31": "1.21230", "2014-09-30": "1.66130", "2014-06-30": "1.44020", "2014-03-31": "1.51540", "2013-12-31": "1.35930", "2013-09-30": "1.43500", "2013-06-30": "1.35370", "2013-03-31": "1.32690", "2012-12-31": "1.40430", "2012-09-30": "1.51670", "2012-06-30": "1.35250", "2012-03-31": "1.38330", "2011-12-31": "1.26530", "2011-09-30": "1.53530", "2011-06-30": "1.42670", "2011-03-31": "1.30760", "2010-12-31": "1.29390", "2010-09-30": "1.42660", "2010-06-30": "1.27630", "2010-03-31": "1.36010", "2009-12-31": "1.29620", "2009-09-30": "", "2009-06-30": "", "2009-03-31": "", "2008-12-31": ""}, "Days Sales In Receivables": {"2020-09-30": "75.55520", "2020-06-30": "72.92120", "2020-03-31": "74.05620", "2019-12-31": "79.80940", "2019-09-30": "63.07060", "2019-06-30": "69.54000", "2019-03-31": "72.55610", "2018-12-31": "78.90530", "2018-09-30": "64.32250", "2018-06-30": "68.03540", "2018-03-31": "70.62410", "2017-12-31": "75.22320", "2017-09-30": "62.05210", "2017-06-30": "67.95830", "2017-03-31": "71.37400", "2016-12-31": "77.64840", "2016-09-30": "67.92740", "2016-06-30": "73.52210", "2016-03-31": "69.61990", "2015-12-31": "78.78040", "2015-09-30": "60.25340", "2015-06-30": "66.37780", "2015-03-31": "68.42560", "2014-12-31": "74.23660", "2014-09-30": "54.17370", "2014-06-30": "62.48980", "2014-03-31": "59.39080", "2013-12-31": "66.21030", "2013-09-30": "62.71650", "2013-06-30": "66.48420", "2013-03-31": "67.82730", "2012-12-31": "64.08880", "2012-09-30": "59.33800", "2012-06-30": "66.54360", "2012-03-31": "65.06190", "2011-12-31": "71.13110", "2011-09-30": "58.62220", "2011-06-30": "63.08380", "2011-03-31": "68.82830", "2010-12-31": "69.55460", "2010-09-30": "63.08720", "2010-06-30": "70.51580", "2010-03-31": "66.17020", "2009-12-31": "69.43180", "2009-09-30": "", "2009-06-30": "", "2009-03-31": "", "2008-12-31": ""}, "ROE - Return On Equity": {"2020-09-30": "17.30230", "2020-06-30": "20.61040", "2020-03-31": "19.39210", "2019-12-31": "8.55180", "2019-09-30": "6.68110", "2019-06-30": "6.47780", "2019-03-31": "5.55710", "2018-12-31": "18.07560", "2018-09-30": "6.58370", "2018-06-30": "6.31890", "2018-03-31": "5.99860", "2017-12-31": "-4.92030", "2017-09-30": "2.95940", "2017-06-30": "2.49420", "2017-03-31": "1.19120", "2016-12-31": "3.00580", "2016-09-30": "0.76430", "2016-06-30": "-0.17250", "2016-03-31": "0.28530", "2015-12-31": "-0.33550", "2015-09-30": "1.02700", "2015-06-30": "0.10550", "2015-03-31": "0.21670", "2014-12-31": "1.00790", "2014-09-30": "0.62470", "2014-06-30": "0.97260", "2014-03-31": "1.37570", "2013-12-31": "2.05140", "2013-09-30": "1.83830", "2013-06-30": "1.58310", "2013-03-31": "2.23640", "2012-12-31": "4.20930", "2012-09-30": "3.59610", "2012-06-30": "3.26970", "2012-03-31": "3.55810", "2011-12-31": "4.60270", "2011-09-30": "5.65440", "2011-06-30": "5.04100", "2011-03-31": "5.26440", "2010-12-31": "6.94370", "2010-09-30": "6.78950", "2010-06-30": "3.89500", "2010-03-31": "2.79140", "2009-12-31": "30.84480", "2009-09-30": "", "2009-06-30": "", "2009-03-31": "", "2008-12-31": ""}, "Return On Tangible Equity": {"2020-09-30": "19.91290", "2020-06-30": "24.72980", "2020-03-31": "23.52940", "2019-12-31": "9.22760", "2019-09-30": "6.98480", "2019-06-30": "6.80780", "2019-03-31": "5.87530", "2018-12-31": "19.22310", "2018-09-30": "6.92380", "2018-06-30": "6.71940", "2018-03-31": "6.26130", "2017-12-31": "-5.19250", "2017-09-30": "3.07120", "2017-06-30": "2.59230", "2017-03-31": "1.24250", "2016-12-31": "3.15410", "2016-09-30": "0.80580", "2016-06-30": "-0.18290", "2016-03-31": "0.29370", "2015-12-31": "-0.34570", "2015-09-30": "1.05790", "2015-06-30": "0.10600", "2015-03-31": "0.21840", "2014-12-31": "1.01640", "2014-09-30": "0.63050", "2014-06-30": "0.98240", "2014-03-31": "1.39640", "2013-12-31": "2.08590", "2013-09-30": "1.87140", "2013-06-30": "1.61020", "2013-03-31": "2.27780", "2012-12-31": "4.22690", "2012-09-30": "3.59610", "2012-06-30": "3.26970", "2012-03-31": "3.55810", "2011-12-31": "4.60270", "2011-09-30": "5.65440", "2011-06-30": "5.04100", "2011-03-31": "5.26440", "2010-12-31": "6.94370", "2010-09-30": "6.78950", "2010-06-30": "3.89500", "2010-03-31": "2.79140", "2009-12-31": "30.84480", "2009-09-30": "", "2009-06-30": "", "2009-03-31": "", "2008-12-31": ""}, "ROA - Return On Assets": {"2020-09-30": "3.44100", "2020-06-30": "3.36580", "2020-03-31": "3.24370", "2019-12-31": "2.95940", "2019-09-30": "2.26200", "2019-06-30": "2.15770", "2019-03-31": "1.83420", "2018-12-31": "5.93240", "2018-09-30": "2.12410", "2018-06-30": "1.91400", "2018-03-31": "1.73280", "2017-12-31": "-1.28440", "2017-09-30": "1.11470", "2017-06-30": "0.97430", "2017-03-31": "0.47190", "2016-12-31": "1.17660", "2016-09-30": "0.31300", "2016-06-30": "-0.07080", "2016-03-31": "0.11690", "2015-12-31": "-0.14150", "2015-09-30": "0.47850", "2015-06-30": "0.04930", "2015-03-31": "0.10410", "2014-12-31": "0.47820", "2014-09-30": "0.30900", "2014-06-30": "0.48070", "2014-03-31": "0.69940", "2013-12-31": "1.02840", "2013-09-30": "0.97760", "2013-06-30": "0.82700", "2013-03-31": "1.18610", "2012-12-31": "2.20470", "2012-09-30": "1.88400", "2012-06-30": "1.63880", "2012-03-31": "1.79760", "2011-12-31": "2.24490", "2011-09-30": "2.67020", "2011-06-30": "2.28170", "2011-03-31": "2.31170", "2010-12-31": "2.95940", "2010-09-30": "2.86970", "2010-06-30": "1.53460", "2010-03-31": "1.04350", "2009-12-31": "11.34750", "2009-09-30": "", "2009-06-30": "", "2009-03-31": "", "2008-12-31": ""}, "ROI - Return On Investment": {"2020-09-30": "17.30230", "2020-06-30": "20.61040", "2020-03-31": "19.39210", "2019-12-31": "8.55180", "2019-09-30": "6.68110", "2019-06-30": "6.47780", "2019-03-31": "5.55710", "2018-12-31": "18.07560", "2018-09-30": "6.58370", "2018-06-30": "6.31890", "2018-03-31": "5.99860", "2017-12-31": "-4.92030", "2017-09-30": "2.95940", "2017-06-30": "2.49420", "2017-03-31": "1.19120", "2016-12-31": "3.00580", "2016-09-30": "0.76430", "2016-06-30": "-0.17250", "2016-03-31": "0.28530", "2015-12-31": "-0.33550", "2015-09-30": "1.02700", "2015-06-30": "0.10550", "2015-03-31": "0.21670", "2014-12-31": "1.00790", "2014-09-30": "0.62470", "2014-06-30": "0.97260", "2014-03-31": "1.37570", "2013-12-31": "2.05140", "2013-09-30": "1.83830", "2013-06-30": "1.58310", "2013-03-31": "2.23640", "2012-12-31": "4.20930", "2012-09-30": "3.59610", "2012-06-30": "3.26970", "2012-03-31": "3.55810", "2011-12-31": "4.60270", "2011-09-30": "5.65440", "2011-06-30": "5.04100", "2011-03-31": "5.26440", "2010-12-31": "6.94370", "2010-09-30": "6.78950", "2010-06-30": "3.89500", "2010-03-31": "2.79140", "2009-12-31": "30.84480", "2009-09-30": "", "2009-06-30": "", "2009-03-31": "", "2008-12-31": ""}, "Book Value Per Share": {"2020-09-30": "4.39430", "2020-06-30": "3.36160", "2020-03-31": "3.29830", "2019-12-31": "7.81830", "2019-09-30": "7.00760", "2019-06-30": "6.56320", "2019-03-31": "6.19860", "2018-12-31": "5.94940", "2018-09-30": "5.23550", "2018-06-30": "4.61660", "2018-03-31": "4.12800", "2017-12-31": "3.51040", "2017-09-30": "5.16660", "2017-06-30": "5.24730", "2017-03-31": "5.11990", "2016-12-31": "4.83990", "2016-09-30": "4.74370", "2016-06-30": "4.66620", "2016-03-31": "4.32670", "2015-12-31": "4.40710", "2015-09-30": "4.61360", "2015-06-30": "4.40500", "2015-03-31": "4.25260", "2014-12-31": "4.06120", "2014-09-30": "3.93700", "2014-06-30": "3.82240", "2014-03-31": "3.74330", "2013-12-31": "3.62620", "2013-09-30": "3.67330", "2013-06-30": "3.49330", "2013-03-31": "3.37800", "2012-12-31": "3.18640", "2012-09-30": "2.99400", "2012-06-30": "2.70440", "2012-03-31": "2.53580", "2011-12-31": "2.31210", "2011-09-30": "2.06300", "2011-06-30": "1.88030", "2011-03-31": "1.70230", "2010-12-31": "1.56260", "2010-09-30": "1.41110", "2010-06-30": "1.25130", "2010-03-31": "1.12130", "2009-12-31": "1.06610", "2009-09-30": "", "2009-06-30": "", "2009-03-31": "", "2008-12-31": ""}, "Operating Cash Flow Per Share": {"2020-09-30": 1.3292, "2020-06-30": 1.5909, "2020-03-31": "1.83350", "2019-12-31": 1.0839, "2019-09-30": 1.2694, "2019-06-30": 1.1122, "2019-03-31": "1.15160", "2018-12-31": 1.0569, "2018-09-30": 0.9853, "2018-06-30": 0.8122, "2018-03-31": "0.81320", "2017-12-31": 0.8967, "2017-09-30": 0.9133, "2017-06-30": 0.8001, "2017-03-31": "0.72740", "2016-12-31": 0.5859, "2016-09-30": 0.3956, "2016-06-30": 0.4027, "2016-03-31": "0.57670", "2015-12-31": 0.4012, "2015-09-30": 0.3579, "2015-06-30": 0.473, "2015-03-31": "0.37200", "2014-12-31": 0.2113, "2014-09-30": 0.328, "2014-06-30": 0.2596, "2014-03-31": "0.36230", "2013-12-31": 0.2792, "2013-09-30": 0.1488, "2013-06-30": 0.2212, "2013-03-31": "0.22710", "2012-12-31": 0.3046, "2012-09-30": 0.242, "2012-06-30": 0.2661, "2012-03-31": "0.29270", "2011-12-31": 0.1381, "2011-09-30": 0.22, "2011-06-30": 0.2063, "2011-03-31": "0.24670", "2010-12-31": 0.1993, "2010-09-30": 0.1988, "2010-06-30": 0.1172, "2010-03-31": "0.14570", "2009-12-31": 0.0814, "2009-09-30": 0.1231, "2009-06-30": -0.138, "2009-03-31": "0.37140", "2008-12-31": 0}, "Free Cash Flow Per Share": {"2020-09-30": 1.1177, "2020-06-30": 1.3956, "2020-03-31": "1.67510", "2019-12-31": 0.8146, "2019-09-30": 1.1689, "2019-06-30": 1.0136, "2019-03-31": "1.09320", "2018-12-31": 0.9883, "2018-09-30": 0.8835, "2018-06-30": 0.746, "2018-03-31": "0.74560", "2017-12-31": 0.8163, "2017-09-30": 0.7899, "2017-06-30": 0.3199, "2017-03-31": "0.65170", "2016-12-31": 0.4875, "2016-09-30": 0.3708, "2016-06-30": 0.3164, "2016-03-31": "0.40500", "2015-12-31": 0.3522, "2015-09-30": 0.2838, "2015-06-30": 0.4124, "2015-03-31": "0.34360", "2014-12-31": 0.179, "2014-09-30": 0.2949, "2014-06-30": 0.2022, "2014-03-31": "0.29490", "2013-12-31": 0.2366, "2013-09-30": 0.1301, "2013-06-30": 0.2092, "2013-03-31": "0.21790", "2012-12-31": 0.2935, "2012-09-30": 0.1436, "2012-06-30": 0.2527, "2012-03-31": "0.28290", "2011-12-31": 0.133, "2011-09-30": 0.2118, "2011-06-30": 0.2018, "2011-03-31": "0.24240", "2010-12-31": 0.1937, "2010-09-30": 0.195, "2010-06-30": 0.1092, "2010-03-31": "0.13890", "2009-12-31": 0.0821, "2009-09-30": 0.1135, "2009-06-30": -0.0989, "2009-03-31": "0.30880", "2008-12-31": 0}}, "revenue": {"Fortinet Annual Revenue (Millions of US $)": {"2020": "$2,594", "2019": "$2,156", "2018": "$1,801", "2017": "$1,495", "2016": "$1,275", "2015": "$1,009", "2014": "$770", "2013": "$615", "2012": "$534", "2011": "$434", "2010": "$325", "2009": "$252", "2008": "$212", "2007": "$155"}, "Fortinet Quarterly Revenue (Millions of US $)": {"2020-12-31": "$748", "2020-09-30": "$651", "2020-06-30": "$616", "2020-03-31": "$577", "2019-12-31": "$614", "2019-09-30": "$548", "2019-06-30": "$522", "2019-03-31": "$473", "2018-12-31": "$507", "2018-09-30": "$454", "2018-06-30": "$441", "2018-03-31": "$399", "2017-12-31": "$417", "2017-09-30": "$374", "2017-06-30": "$364", "2017-03-31": "$341", "2016-12-31": "$363", "2016-09-30": "$317", "2016-06-30": "$311", "2016-03-31": "$285", "2015-12-31": "$297", "2015-09-30": "$260", "2015-06-30": "$240", "2015-03-31": "$213", "2014-12-31": "$224", "2014-09-30": "$193", "2014-06-30": "$184", "2014-03-31": "$169", "2013-12-31": "$177", "2013-09-30": "$155", "2013-06-30": "$147", "2013-03-31": "$136", "2012-12-31": "$151", "2012-09-30": "$136", "2012-06-30": "$129", "2012-03-31": "$117", "2011-12-31": "$121", "2011-09-30": "$116", "2011-06-30": "$103", "2011-03-31": "$93", "2010-12-31": "$94", "2010-09-30": "$85", "2010-06-30": "$76", "2010-03-31": "$70", "2009-12-31": "$71", "2009-09-30": "$66", "2009-06-30": "$61", "2009-03-31": "$54", "2008-12-31": ""}}, "gross-profit": {"Fortinet Annual Gross Profit (Millions of US $)": {"2020": "$2,024", "2019": "$1,650", "2018": "$1,351", "2017": "$1,110", "2016": "$938", "2015": "$722", "2014": "$539", "2013": "$435", "2012": "$386", "2011": "$320", "2010": "$239", "2009": "$182", "2008": "$146", "2007": "$99"}, "Fortinet Quarterly Gross Profit (Millions of US $)": {"2020-12-31": "$581", "2020-09-30": "$512", "2020-06-30": "$480", "2020-03-31": "$448", "2019-12-31": "$473", "2019-09-30": "$424", "2019-06-30": "$393", "2019-03-31": "$360", "2018-12-31": "$379", "2018-09-30": "$342", "2018-06-30": "$328", "2018-03-31": "$302", "2017-12-31": "$311", "2017-09-30": "$281", "2017-06-30": "$268", "2017-03-31": "$250", "2016-12-31": "$272", "2016-09-30": "$232", "2016-06-30": "$227", "2016-03-31": "$207", "2015-12-31": "$215", "2015-09-30": "$188", "2015-06-30": "$170", "2015-03-31": "$149", "2014-12-31": "$158", "2014-09-30": "$136", "2014-06-30": "$126", "2014-03-31": "$118", "2013-12-31": "$123", "2013-09-30": "$111", "2013-06-30": "$104", "2013-03-31": "$97", "2012-12-31": "$110", "2012-09-30": "$98", "2012-06-30": "$92", "2012-03-31": "$86", "2011-12-31": "$88", "2011-09-30": "$85", "2011-06-30": "$76", "2011-03-31": "$70", "2010-12-31": "$69", "2010-09-30": "$64", "2010-06-30": "$56", "2010-03-31": "$50", "2009-12-31": "$50", "2009-09-30": "$48", "2009-06-30": "$44", "2009-03-31": "$40", "2008-12-31": ""}}, "operating-income": {"Fortinet Annual Operating Income (Millions of US $)": {"2020": "$532", "2019": "$344", "2018": "$231", "2017": "$110", "2016": "$43", "2015": "$15", "2014": "$59", "2013": "$72", "2012": "$100", "2011": "$89", "2010": "$55", "2009": "$25", "2008": "$5", "2007": "$-22"}, "Fortinet Quarterly Operating Income (Millions of US $)": {"2020-12-31": "$169", "2020-09-30": "$127", "2020-06-30": "$117", "2020-03-31": "$116", "2019-12-31": "$118", "2019-09-30": "$101", "2019-06-30": "$75", "2019-03-31": "$51", "2018-12-31": "$85", "2018-09-30": "$63", "2018-06-30": "$51", "2018-03-31": "$32", "2017-12-31": "$42", "2017-09-30": "$34", "2017-06-30": "$29", "2017-03-31": "$5", "2016-12-31": "$45", "2016-09-30": "$5", "2016-06-30": "$-4", "2016-03-31": "$-4", "2015-12-31": "$13", "2015-09-30": "$-2", "2015-06-30": "$3", "2015-03-31": "$1", "2014-12-31": "$20", "2014-09-30": "$15", "2014-06-30": "$11", "2014-03-31": "$13", "2013-12-31": "$25", "2013-09-30": "$18", "2013-06-30": "$14", "2013-03-31": "$15", "2012-12-31": "$35", "2012-09-30": "$26", "2012-06-30": "$21", "2012-03-31": "$19", "2011-12-31": "$27", "2011-09-30": "$26", "2011-06-30": "$19", "2011-03-31": "$17", "2010-12-31": "$21", "2010-09-30": "$18", "2010-06-30": "$10", "2010-03-31": "$7", "2009-12-31": "$7", "2009-09-30": "$10", "2009-06-30": "$5", "2009-03-31": "$3", "2008-12-31": ""}}, "ebitda": {"Fortinet Annual EBITDA (Millions of US $)": {"2019": "$508", "2018": "$377", "2017": "$168", "2016": "$96", "2015": "$54", "2014": "$90", "2013": "$99", "2012": "$125", "2011": "$108", "2010": "$68", "2009": "$32", "2008": "$9", "2007": "$-17"}, "Fortinet Quarterly EBITDA (Millions of US $)": {"2020-09-30": "$180", "2020-06-30": "$168", "2020-03-31": "$164", "2019-12-31": "$162", "2019-09-30": "$141", "2019-06-30": "$114", "2019-03-31": "$90", "2018-12-31": "$124", "2018-09-30": "$100", "2018-06-30": "$87", "2018-03-31": "$67", "2017-12-31": "$57", "2017-09-30": "$48", "2017-06-30": "$43", "2017-03-31": "$20", "2016-12-31": "$60", "2016-09-30": "$20", "2016-06-30": "$9", "2016-03-31": "$8", "2015-12-31": "$24", "2015-09-30": "$9", "2015-06-30": "$12", "2015-03-31": "$9", "2014-12-31": "$27", "2014-09-30": "$23", "2014-06-30": "$20", "2014-03-31": "$20", "2013-12-31": "$31", "2013-09-30": "$25", "2013-06-30": "$20", "2013-03-31": "$22", "2012-12-31": "$41", "2012-09-30": "$32", "2012-06-30": "$27", "2012-03-31": "$24", "2011-12-31": "$31", "2011-09-30": "$31", "2011-06-30": "$23", "2011-03-31": "$22", "2010-12-31": "$25", "2010-09-30": "$22", "2010-06-30": "$13", "2010-03-31": "$9", "2009-12-31": "$9", "2009-09-30": "$12", "2009-06-30": "$7", "2009-03-31": "$5", "2008-12-31": ""}}, "net-income": {"Fortinet Annual Net Income (Millions of US $)": {"2020": "$489", "2019": "$327", "2018": "$332", "2017": "$31", "2016": "$32", "2015": "$8", "2014": "$25", "2013": "$44", "2012": "$67", "2011": "$62", "2010": "$41", "2009": "$51", "2008": "$0", "2007": "$-22"}, "Fortinet Quarterly Net Income (Millions of US $)": {"2020-12-31": "$147", "2020-09-30": "$123", "2020-06-30": "$112", "2020-03-31": "$104", "2019-12-31": "$115", "2019-09-30": "$80", "2019-06-30": "$73", "2019-03-31": "$59", "2018-12-31": "$183", "2018-09-30": "$59", "2018-06-30": "$49", "2018-03-31": "$42", "2017-12-31": "$-29", "2017-09-30": "$27", "2017-06-30": "$23", "2017-03-31": "$11", "2016-12-31": "$25", "2016-09-30": "$6", "2016-06-30": "$-1", "2016-03-31": "$2", "2015-12-31": "$-3", "2015-09-30": "$8", "2015-06-30": "$1", "2015-03-31": "$2", "2014-12-31": "$7", "2014-09-30": "$4", "2014-06-30": "$6", "2014-03-31": "$8", "2013-12-31": "$12", "2013-09-30": "$11", "2013-06-30": "$9", "2013-03-31": "$12", "2012-12-31": "$22", "2012-09-30": "$17", "2012-06-30": "$14", "2012-03-31": "$14", "2011-12-31": "$16", "2011-09-30": "$18", "2011-06-30": "$14", "2011-03-31": "$14", "2010-12-31": "$16", "2010-09-30": "$14", "2010-06-30": "$7", "2010-03-31": "$4", "2009-12-31": "$44", "2009-09-30": "$6", "2009-06-30": "$0", "2009-03-31": "$-1", "2008-12-31": ""}}, "eps-earnings-per-share-diluted": {"Fortinet Annual EPS": {"2020": "$2.91", "2019": "$1.87", "2018": "$1.91", "2017": "$0.18", "2016": "$0.18", "2015": "$0.05", "2014": "$0.15", "2013": "$0.26", "2012": "$0.40", "2011": "$0.38", "2010": "$0.26", "2009": "$0.39", "2008": "$0.01", "2007": "$-0.57"}, "Fortinet Quarterly EPS": {"2020-12-31": "$0.89", "2020-09-30": "$0.75", "2020-06-30": "$0.68", "2020-03-31": "$0.60", "2019-12-31": "$0.65", "2019-09-30": "$0.46", "2019-06-30": "$0.42", "2019-03-31": "$0.34", "2018-12-31": "$1.06", "2018-09-30": "$0.33", "2018-06-30": "$0.28", "2018-03-31": "$0.24", "2017-12-31": "$-0.16", "2017-09-30": "$0.15", "2017-06-30": "$0.13", "2017-03-31": "$0.06", "2016-12-31": "$0.14", "2016-09-30": "$0.04", "2016-06-30": "$-0.01", "2016-03-31": "$0.01", "2015-12-31": "$-0.02", "2015-09-30": "$0.05", "2015-06-30": "$0.01", "2015-03-31": "$0.01", "2014-12-31": "$0.04", "2014-09-30": "$0.02", "2014-06-30": "$0.04", "2014-03-31": "$0.05", "2013-12-31": "$0.07", "2013-09-30": "$0.07", "2013-06-30": "$0.05", "2013-03-31": "$0.07", "2012-12-31": "$0.13", "2012-09-30": "$0.10", "2012-06-30": "$0.08", "2012-03-31": "$0.09", "2011-12-31": "$0.10", "2011-09-30": "$0.11", "2011-06-30": "$0.09", "2011-03-31": "$0.08", "2010-12-31": "$0.09", "2010-09-30": "$0.09", "2010-06-30": "$0.05", "2010-03-31": "$0.03", "2009-12-31": "$0.31", "2009-09-30": "$0.05", "2009-06-30": "$0.00", "2009-03-31": "$-0.04", "2008-12-31": "$0.00"}}, "shares-outstanding": {"Fortinet Annual Shares Outstanding (Millions of Shares)": {"2020": "168", "2019": "175", "2018": "174", "2017": "178", "2016": "176", "2015": "176", "2014": "169", "2013": "168", "2012": "166", "2011": "164", "2010": "156", "2009": "130", "2008": "53", "2007": "39"}, "Fortinet Quarterly Shares Outstanding (Millions of Shares)": {"2020-12-31": "166", "2020-09-30": "166", "2020-06-30": "165", "2020-03-31": "174", "2019-12-31": "175", "2019-09-30": "175", "2019-06-30": "175", "2019-03-31": "175", "2018-12-31": "174", "2018-09-30": "176", "2018-06-30": "174", "2018-03-31": "172", "2017-12-31": "178", "2017-09-30": "179", "2017-06-30": "180", "2017-03-31": "178", "2016-12-31": "176", "2016-09-30": "178", "2016-06-30": "172", "2016-03-31": "174", "2015-12-31": "176", "2015-09-30": "178", "2015-06-30": "176", "2015-03-31": "174", "2014-12-31": "169", "2014-09-30": "170", "2014-06-30": "168", "2014-03-31": "168", "2013-12-31": "168", "2013-09-30": "169", "2013-06-30": "168", "2013-03-31": "168", "2012-12-31": "166", "2012-09-30": "167", "2012-06-30": "166", "2012-03-31": "166", "2011-12-31": "164", "2011-09-30": "164", "2011-06-30": "164", "2011-03-31": "163", "2010-12-31": "156", "2010-09-30": "156", "2010-06-30": "151", "2010-03-31": "150", "2009-12-31": "142", "2009-09-30": "128", "2009-06-30": "128", "2009-03-31": "42", "2008-12-31": ""}}, "total-assets": {"Fortinet Annual Total Assets (Millions of US $)": {"2019": "$3,886", "2018": "$3,078", "2017": "$2,258", "2016": "$2,140", "2015": "$1,791", "2014": "$1,425", "2013": "$1,168", "2012": "$975", "2011": "$735", "2010": "$545", "2009": "$387", "2008": "$199", "2007": "$0"}, "Fortinet Quarterly Total Assets (Millions of US $)": {"2020-09-30": "$3,586", "2020-06-30": "$3,331", "2020-03-31": "$3,206", "2019-12-31": "$3,879", "2019-09-30": "$3,546", "2019-06-30": "$3,369", "2019-03-31": "$3,206", "2018-12-31": "$3,078", "2018-09-30": "$2,764", "2018-06-30": "$2,576", "2018-03-31": "$2,401", "2017-12-31": "$2,258", "2017-09-30": "$2,395", "2017-06-30": "$2,361", "2017-03-31": "$2,267", "2016-12-31": "$2,140", "2016-09-30": "$2,010", "2016-06-30": "$1,960", "2016-03-31": "$1,812", "2015-12-31": "$1,791", "2015-09-30": "$1,707", "2015-06-30": "$1,605", "2015-03-31": "$1,498", "2014-12-31": "$1,425", "2014-09-30": "$1,313", "2014-06-30": "$1,265", "2014-03-31": "$1,200", "2013-12-31": "$1,168", "2013-09-30": "$1,128", "2013-06-30": "$1,086", "2013-03-31": "$1,033", "2012-12-31": "$975", "2012-09-30": "$913", "2012-06-30": "$851", "2012-03-31": "$788", "2011-12-31": "$735", "2011-09-30": "$671", "2011-06-30": "$635", "2011-03-31": "$588", "2010-12-31": "$545", "2010-09-30": "$488", "2010-06-30": "$448", "2010-03-31": "$404", "2009-12-31": "$387", "2009-09-30": "$0", "2009-06-30": "$0", "2009-03-31": "$0", "2008-12-31": "$199"}}, "cash-on-hand": {"Fortinet Annual Cash on Hand (Millions of US $)": {"2019": "$2,066", "2018": "$1,650", "2017": "$1,251", "2016": "$1,086", "2015": "$891", "2014": "$720", "2013": "$491", "2012": "$414", "2011": "$390", "2010": "$314", "2009": "$260", "2008": "$124", "2007": "$"}, "Fortinet Quarterly Cash on Hand (Millions of US $)": {"2020-09-30": "$1,657", "2020-06-30": "$1,527", "2020-03-31": "$1,401", "2019-12-31": "$2,066", "2019-09-30": "$1,940", "2019-06-30": "$1,830", "2019-03-31": "$1,802", "2018-12-31": "$1,650", "2018-09-30": "$1,634", "2018-06-30": "$1,434", "2018-03-31": "$1,304", "2017-12-31": "$1,251", "2017-09-30": "$1,276", "2017-06-30": "$1,207", "2017-03-31": "$1,199", "2016-12-31": "$1,086", "2016-09-30": "$1,030", "2016-06-30": "$985", "2016-03-31": "$953", "2015-12-31": "$891", "2015-09-30": "$908", "2015-06-30": "$873", "2015-03-31": "$804", "2014-12-31": "$720", "2014-09-30": "$661", "2014-06-30": "$558", "2014-03-31": "$561", "2013-12-31": "$491", "2013-09-30": "$513", "2013-06-30": "$503", "2013-03-31": "$460", "2012-12-31": "$414", "2012-09-30": "$375", "2012-06-30": "$402", "2012-03-31": "$428", "2011-12-31": "$390", "2011-09-30": "$389", "2011-06-30": "$342", "2011-03-31": "$302", "2010-12-31": "$314", "2010-09-30": "$292", "2010-06-30": "$252", "2010-03-31": "$248", "2009-12-31": "$260", "2009-09-30": "", "2009-06-30": "", "2009-03-31": "", "2008-12-31": "$124"}}, "long-term-debt": {"Fortinet Annual Long Term Debt (Millions of US $)": {"2019": "$", "2018": "$", "2017": "$", "2016": "$", "2015": "$", "2014": "$", "2013": "$", "2012": "$", "2011": "$", "2010": "$", "2009": "$", "2008": "$", "2007": "$"}, "Fortinet Quarterly Long Term Debt (Millions of US $)": {"2020-09-30": "", "2020-06-30": "", "2020-03-31": "", "2019-12-31": "", "2019-09-30": "", "2019-06-30": "", "2019-03-31": "", "2018-12-31": "", "2018-09-30": "", "2018-06-30": "", "2018-03-31": "", "2017-12-31": "", "2017-09-30": "", "2017-06-30": "", "2017-03-31": "", "2016-12-31": "", "2016-09-30": "", "2016-06-30": "", "2016-03-31": "", "2015-12-31": "", "2015-09-30": "", "2015-06-30": "", "2015-03-31": "", "2014-12-31": "", "2014-09-30": "", "2014-06-30": "", "2014-03-31": "", "2013-12-31": "", "2013-09-30": "", "2013-06-30": "", "2013-03-31": "", "2012-12-31": "", "2012-09-30": "", "2012-06-30": "", "2012-03-31": "", "2011-12-31": "", "2011-09-30": "", "2011-06-30": "", "2011-03-31": "", "2010-12-31": "", "2010-09-30": "", "2010-06-30": "", "2010-03-31": "", "2009-12-31": "", "2009-09-30": "", "2009-06-30": "", "2009-03-31": "", "2008-12-31": ""}}, "total-liabilities": {"Fortinet Annual Total Liabilities (Millions of US $)": {"2019": "$2,564", "2018": "$2,068", "2017": "$1,669", "2016": "$1,302", "2015": "$1,035", "2014": "$749", "2013": "$583", "2012": "$465", "2011": "$376", "2010": "$313", "2009": "$245", "2008": "$204", "2007": "$"}, "Fortinet Quarterly Total Liabilities (Millions of US $)": {"2020-09-30": "$2,873", "2020-06-30": "$2,787", "2020-03-31": "$2,670", "2019-12-31": "$2,537", "2019-09-30": "$2,345", "2019-06-30": "$2,247", "2019-03-31": "$2,148", "2018-12-31": "$2,068", "2018-09-30": "$1,872", "2018-06-30": "$1,796", "2018-03-31": "$1,707", "2017-12-31": "$1,669", "2017-09-30": "$1,493", "2017-06-30": "$1,439", "2017-03-31": "$1,369", "2016-12-31": "$1,302", "2016-09-30": "$1,187", "2016-06-30": "$1,156", "2016-03-31": "$1,069", "2015-12-31": "$1,035", "2015-09-30": "$912", "2015-06-30": "$854", "2015-03-31": "$779", "2014-12-31": "$749", "2014-09-30": "$663", "2014-06-30": "$640", "2014-03-31": "$590", "2013-12-31": "$583", "2013-09-30": "$528", "2013-06-30": "$519", "2013-03-31": "$485", "2012-12-31": "$465", "2012-09-30": "$435", "2012-06-30": "$425", "2012-03-31": "$390", "2011-12-31": "$376", "2011-09-30": "$354", "2011-06-30": "$348", "2011-03-31": "$330", "2010-12-31": "$313", "2010-09-30": "$282", "2010-06-30": "$271", "2010-03-31": "$253", "2009-12-31": "$245", "2009-09-30": "$0", "2009-06-30": "$0", "2009-03-31": "$0", "2008-12-31": "$204"}}, "total-share-holder-equity": {"Fortinet Annual Share Holder Equity (Millions of US $)": {"2019": "$1,322", "2018": "$1,010", "2017": "$589", "2016": "$838", "2015": "$755", "2014": "$676", "2013": "$586", "2012": "$511", "2011": "$358", "2010": "$232", "2009": "$142", "2008": "$-5", "2007": "$"}, "Fortinet Quarterly Share Holder Equity (Millions of US $)": {"2020-09-30": "$713", "2020-06-30": "$544", "2020-03-31": "$536", "2019-12-31": "$1,342", "2019-09-30": "$1,200", "2019-06-30": "$1,122", "2019-03-31": "$1,058", "2018-12-31": "$1,010", "2018-09-30": "$892", "2018-06-30": "$780", "2018-03-31": "$694", "2017-12-31": "$589", "2017-09-30": "$902", "2017-06-30": "$922", "2017-03-31": "$898", "2016-12-31": "$838", "2016-09-30": "$823", "2016-06-30": "$805", "2016-03-31": "$742", "2015-12-31": "$755", "2015-09-30": "$795", "2015-06-30": "$751", "2015-03-31": "$720", "2014-12-31": "$676", "2014-09-30": "$649", "2014-06-30": "$625", "2014-03-31": "$610", "2013-12-31": "$586", "2013-09-30": "$600", "2013-06-30": "$567", "2013-03-31": "$548", "2012-12-31": "$511", "2012-09-30": "$478", "2012-06-30": "$427", "2012-03-31": "$398", "2011-12-31": "$358", "2011-09-30": "$317", "2011-06-30": "$288", "2011-03-31": "$258", "2010-12-31": "$232", "2010-09-30": "$206", "2010-06-30": "$176", "2010-03-31": "$151", "2009-12-31": "$142", "2009-09-30": "$0", "2009-06-30": "$0", "2009-03-31": "$0", "2008-12-31": "$-5"}}, "profit-margins": {"current": "18.76%"}, "gross margin": {"2020-12-31": "77.97%", "2020-09-30": "77.83%", "2020-06-30": "77.49%", "2020-03-31": "76.87%", "2019-12-31": "76.50%", "2019-09-30": "75.85%", "2019-06-30": "75.31%", "2019-03-31": "75.09%", "2018-12-31": "74.96%", "2018-09-30": "74.99%", "2018-06-30": "74.92%", "2018-03-31": "74.77%", "2017-12-31": "74.20%", "2017-09-30": "74.27%", "2017-06-30": "73.79%", "2017-03-31": "73.65%", "2016-12-31": "73.51%", "2016-09-30": "72.81%", "2016-06-30": "72.59%", "2016-03-31": "72.09%", "2015-12-31": "71.49%", "2015-09-30": "70.97%", "2015-06-30": "70.46%", "2015-03-31": "69.90%", "2014-12-31": "69.87%", "2014-09-30": "69.57%", "2014-06-30": "69.78%", "2014-03-31": "70.37%", "2013-12-31": "70.73%", "2013-09-30": "71.65%", "2013-06-30": "71.75%", "2013-03-31": "71.92%", "2012-12-31": "72.42%", "2012-09-30": "72.37%", "2012-06-30": "72.67%", "2012-03-31": "73.30%", "2011-12-31": "73.67%", "2011-09-30": "73.89%", "2011-06-30": "74.40%", "2011-03-31": "74.43%", "2010-12-31": "73.54%", "2010-09-30": "72.85%", "2010-06-30": "72.08%", "2010-03-31": "71.64%", "2009-12-31": "72.22%"}, "operating margin": {"2020-12-31": "20.41%", "2020-09-30": "19.45%", "2020-06-30": "19.19%", "2020-03-31": "18.13%", "2019-12-31": "15.99%", "2019-09-30": "15.22%", "2019-06-30": "14.01%", "2019-03-31": "13.33%", "2018-12-31": "12.83%", "2018-09-30": "10.99%", "2018-06-30": "9.75%", "2018-03-31": "8.82%", "2017-12-31": "7.35%", "2017-09-30": "7.84%", "2017-06-30": "6.06%", "2017-03-31": "3.83%", "2016-12-31": "3.29%", "2016-09-30": "0.83%", "2016-06-30": "0.26%", "2016-03-31": "0.92%", "2015-12-31": "1.49%", "2015-09-30": "2.35%", "2015-06-30": "4.48%", "2015-03-31": "5.77%", "2014-12-31": "7.66%", "2014-09-30": "8.85%", "2014-06-30": "9.78%", "2014-03-31": "10.80%", "2013-12-31": "11.71%", "2013-09-30": "13.92%", "2013-06-30": "15.79%", "2013-03-31": "17.57%", "2012-12-31": "18.95%", "2012-09-30": "18.49%", "2012-06-30": "19.25%", "2012-03-31": "19.91%", "2011-12-31": "20.55%", "2011-09-30": "20.44%", "2011-06-30": "20.00%", "2011-03-31": "18.97%", "2010-12-31": "17.23%", "2010-09-30": "13.91%", "2010-06-30": "12.01%", "2010-03-31": "10.82%", "2009-12-31": "9.92%"}, "ebitda margin": {"2020-09-30": "27.42%", "2020-06-30": "26.96%", "2020-03-31": "25.70%", "2019-12-31": "23.50%", "2019-09-30": "22.88%", "2019-06-30": "21.88%", "2019-03-31": "21.39%", "2018-12-31": "20.99%", "2018-09-30": "18.18%", "2018-06-30": "15.88%", "2018-03-31": "13.84%", "2017-12-31": "11.23%", "2017-09-30": "11.86%", "2017-06-30": "10.32%", "2017-03-31": "8.18%", "2016-12-31": "7.60%", "2016-09-30": "5.04%", "2016-06-30": "4.34%", "2016-03-31": "4.90%", "2015-12-31": "5.35%", "2015-09-30": "6.08%", "2015-06-30": "8.16%", "2015-03-31": "9.71%", "2014-12-31": "11.69%", "2014-09-30": "13.00%", "2014-06-30": "14.01%", "2014-03-31": "14.81%", "2013-12-31": "15.93%", "2013-09-30": "18.34%", "2013-06-30": "20.18%", "2013-03-31": "22.10%", "2012-12-31": "23.26%", "2012-09-30": "22.66%", "2012-06-30": "23.40%", "2012-03-31": "23.85%", "2011-12-31": "24.71%", "2011-09-30": "24.88%", "2011-06-30": "24.53%", "2011-03-31": "23.56%", "2010-12-31": "21.23%", "2010-09-30": "17.55%", "2010-06-30": "15.19%", "2010-03-31": "13.81%", "2009-12-31": "13.10%"}, "pre tax profit margin": {"2020-12-31": "20.79%", "2020-09-30": "20.10%", "2020-06-30": "20.04%", "2020-03-31": "19.28%", "2019-12-31": "17.57%", "2019-09-30": "16.78%", "2019-06-30": "15.80%", "2019-03-31": "14.67%", "2018-12-31": "13.99%", "2018-09-30": "11.98%", "2018-06-30": "10.55%", "2018-03-31": "9.85%", "2017-12-31": "8.29%", "2017-09-30": "8.46%", "2017-06-30": "6.57%", "2017-03-31": "4.05%", "2016-12-31": "3.37%", "2016-09-30": "1.07%", "2016-06-30": "0.43%", "2016-03-31": "1.11%", "2015-12-31": "1.68%", "2015-09-30": "2.56%", "2015-06-30": "4.71%", "2015-03-31": "6.14%", "2014-12-31": "8.05%", "2014-09-30": "9.41%", "2014-06-30": "10.22%", "2014-03-31": "11.27%", "2013-12-31": "12.36%", "2013-09-30": "14.60%", "2013-06-30": "16.67%", "2013-03-31": "18.48%", "2012-12-31": "19.70%", "2012-09-30": "19.09%", "2012-06-30": "19.88%", "2012-03-31": "20.35%", "2011-12-31": "21.02%", "2011-09-30": "20.94%", "2011-06-30": "20.27%", "2011-03-31": "19.25%", "2010-12-31": "17.23%", "2010-09-30": "14.24%", "2010-06-30": "12.37%", "2010-03-31": "11.19%", "2009-12-31": "10.71%"}, "net profit margin": {"2020-12-31": "18.75%", "2020-09-30": "18.47%", "2020-06-30": "17.45%", "2020-03-31": "16.45%", "2019-12-31": "15.16%", "2019-09-30": "19.27%", "2019-06-30": "19.12%", "2019-03-31": "18.67%", "2018-12-31": "18.49%", "2018-09-30": "7.07%", "2018-06-30": "5.46%", "2018-03-31": "4.05%", "2017-12-31": "2.14%", "2017-09-30": "5.96%", "2017-06-30": "4.69%", "2017-03-31": "3.08%", "2016-12-31": "2.51%", "2016-09-30": "0.33%", "2016-06-30": "0.52%", "2016-03-31": "0.74%", "2015-12-31": "0.79%", "2015-09-30": "1.92%", "2015-06-30": "1.61%", "2015-03-31": "2.33%", "2014-12-31": "3.25%", "2014-09-30": "4.15%", "2014-06-30": "5.40%", "2014-03-31": "6.17%", "2013-12-31": "7.15%", "2013-09-30": "9.17%", "2013-06-30": "10.53%", "2013-03-31": "11.78%", "2012-12-31": "12.57%", "2012-09-30": "12.13%", "2012-06-30": "12.84%", "2012-03-31": "13.57%", "2011-12-31": "14.32%", "2011-09-30": "15.27%", "2011-06-30": "15.47%", "2011-03-31": "14.66%", "2010-12-31": "12.62%", "2010-09-30": "22.85%", "2010-06-30": "21.55%", "2010-03-31": "20.15%", "2009-12-31": "19.44%"}, "pe ratio": {"current": "67.21", "2021-02-11": "80.30", "2020-12-31": "73.17", "2020-09-30": "43.80", "2020-06-30": "57.20", "2020-03-31": "47.28", "2019-12-31": "56.79", "2019-09-30": "33.96", "2019-06-30": "36.07", "2019-03-31": "42.20", "2018-12-31": "37.26", "2018-09-30": "135.69", "2018-06-30": "124.86", "2018-03-31": "153.09", "2017-12-31": "257.00", "2017-09-30": "74.67", "2017-06-30": "101.19", "2017-03-31": "166.74", "2016-12-31": "200.80", "2016-09-30": "0.00", "2016-06-30": "3159.00", "2016-03-31": "1531.50", "2015-12-31": "623.40", "2015-09-30": "424.80", "2015-06-30": "590.43", "2015-03-31": "317.73", "2014-12-31": "204.40", "2014-09-30": "140.36", "2014-06-30": "109.26", "2014-03-31": "91.79", "2013-12-31": "73.58", "2013-09-30": "63.31", "2013-06-30": "50.00", "2013-03-31": "62.32", "2012-12-31": "52.55", "2012-09-30": "65.19", "2012-06-30": "61.11", "2012-03-31": "70.90", "2011-12-31": "56.65", "2011-09-30": "43.64", "2011-06-30": "74.77", "2011-03-31": "68.98", "2010-12-31": "61.04", "2010-09-30": "26.32"}, "price sales": {"2021-02-11": "10.53", "2020-12-31": "9.59", "2020-09-30": "8.14", "2020-06-30": "10.04", "2020-03-31": "7.82", "2019-12-31": "8.66", "2019-09-30": "6.54", "2019-06-30": "6.87", "2019-03-31": "7.82", "2018-12-31": "6.80", "2018-09-30": "9.43", "2018-06-30": "6.72", "2018-03-31": "6.11", "2017-12-31": "5.22", "2017-09-30": "4.43", "2017-06-30": "4.82", "2017-03-31": "5.07", "2016-12-31": "4.14", "2016-09-30": "5.35", "2016-06-30": "4.80", "2016-03-31": "4.99", "2015-12-31": "5.44", "2015-09-30": "7.91", "2015-06-30": "8.19", "2015-03-31": "7.31", "2014-12-31": "6.72", "2014-09-30": "5.89", "2014-06-30": "6.17", "2014-03-31": "5.72", "2013-12-31": "5.23", "2013-09-30": "5.77", "2013-06-30": "5.13", "2013-03-31": "7.15", "2012-12-31": "6.55", "2012-09-30": "7.94", "2012-06-30": "7.92", "2012-03-31": "9.93", "2011-12-31": "8.23", "2011-09-30": "6.69", "2011-06-30": "11.64", "2011-03-31": "9.94", "2010-12-31": "7.65", "2010-09-30": "6.20"}, "price book": {"current": "30.33", "2021-02-11": "37.10", "2020-09-30": "26.81", "2020-06-30": "40.83", "2020-03-31": "30.67", "2019-12-31": "13.66", "2019-09-30": "10.95", "2019-06-30": "11.71", "2019-03-31": "13.55", "2018-12-31": "11.84", "2018-09-30": "17.62", "2018-06-30": "13.52", "2018-03-31": "12.98", "2017-12-31": "12.45", "2017-09-30": "6.94", "2017-06-30": "7.14", "2017-03-31": "7.49", "2016-12-31": "6.22", "2016-09-30": "7.79", "2016-06-30": "6.77", "2016-03-31": "7.08", "2015-12-31": "7.07", "2015-09-30": "9.21", "2015-06-30": "9.38", "2015-03-31": "8.22", "2014-12-31": "7.55", "2014-09-30": "6.42", "2014-06-30": "6.57", "2014-03-31": "5.89", "2013-12-31": "5.28", "2013-09-30": "5.52", "2013-06-30": "5.01", "2013-03-31": "7.01", "2012-12-31": "6.60", "2012-09-30": "8.06", "2012-06-30": "8.59", "2012-03-31": "10.90", "2011-12-31": "9.43", "2011-09-30": "8.14", "2011-06-30": "14.51", "2011-03-31": "12.97", "2010-12-31": "10.35", "2010-09-30": "8.86", "2010-06-30": "6.57", "2010-03-31": "7.84", "2009-12-31": "8.24"}, "price fcf": {"2021-02-11": "", "2020-09-30": "$5.00", "2020-06-30": "$5.05", "2020-03-31": "$4.67", "2019-12-31": "$4.09", "2019-09-30": "$4.26", "2019-06-30": "$3.98", "2019-03-31": "$3.71", "2018-12-31": "$3.36", "2018-09-30": "$3.19", "2018-06-30": "$3.10", "2018-03-31": "$2.67", "2017-12-31": "$2.58", "2017-09-30": "$2.25", "2017-06-30": "$1.83", "2017-03-31": "$1.83", "2016-12-31": "$1.58", "2016-09-30": "$1.44", "2016-06-30": "$1.36", "2016-03-31": "$1.45", "2015-12-31": "$1.39", "2015-09-30": "$1.22", "2015-06-30": "$1.23", "2015-03-31": "$1.02", "2014-12-31": "$0.97", "2014-09-30": "$1.03", "2014-06-30": "$0.86", "2014-03-31": "$0.87", "2013-12-31": "$0.79", "2013-09-30": "$0.85", "2013-06-30": "$0.86", "2013-03-31": "$0.91", "2012-12-31": "$0.97", "2012-09-30": "$0.81", "2012-06-30": "$0.88", "2012-03-31": "$0.83", "2011-12-31": "$0.79", "2011-09-30": "$0.85", "2011-06-30": "$0.83", "2011-03-31": "$0.74", "2010-12-31": "$0.64", "2010-09-30": "$0.85"}, "net worth": {"value": "$25.97B"}, "current ratio": {"2020-12-31": "1.50", "2020-09-30": "1.45", "2020-06-30": "1.37", "2020-03-31": "1.32", "2019-12-31": "1.90", "2019-09-30": "1.84", "2019-06-30": "1.83", "2019-03-31": "1.84", "2018-12-31": "1.77", "2018-09-30": "1.87", "2018-06-30": "1.74", "2018-03-31": "1.69", "2017-12-31": "1.67", "2017-09-30": "1.81", "2017-06-30": "1.81", "2017-03-31": "1.89", "2016-12-31": "1.86", "2016-09-30": "1.86", "2016-06-30": "1.85", "2016-03-31": "1.87", "2015-12-31": "1.87", "2015-09-30": "2.08", "2015-06-30": "2.12", "2015-03-31": "2.14", "2014-12-31": "2.03", "2014-09-30": "2.06", "2014-06-30": "1.89", "2014-03-31": "1.98", "2013-12-31": "1.78", "2013-09-30": "1.92", "2013-06-30": "1.87", "2013-03-31": "1.85", "2012-12-31": "1.78", "2012-09-30": "1.72", "2012-06-30": "1.85", "2012-03-31": "2.04", "2011-12-31": "1.96", "2011-09-30": "2.00", "2011-06-30": "1.85", "2011-03-31": "1.71", "2010-12-31": "1.92", "2010-09-30": "1.89", "2010-06-30": "1.75", "2010-03-31": "1.78", "2009-12-31": "1.90", "2009-09-30": "0.00", "2009-06-30": "0.00", "2009-03-31": "0.00", "2008-12-31": "1.25"}, "quick ratio": {"2020-12-31": "1.42", "2020-09-30": "1.37", "2020-06-30": "1.29", "2020-03-31": "1.25", "2019-12-31": "1.82", "2019-09-30": "1.76", "2019-06-30": "1.76", "2019-03-31": "1.77", "2018-12-31": "1.70", "2018-09-30": "1.80", "2018-06-30": "1.67", "2018-03-31": "1.61", "2017-12-31": "1.60", "2017-09-30": "1.73", "2017-06-30": "1.71", "2017-03-31": "1.76", "2016-12-31": "1.73", "2016-09-30": "1.73", "2016-06-30": "1.74", "2016-03-31": "1.76", "2015-12-31": "1.75", "2015-09-30": "1.94", "2015-06-30": "1.99", "2015-03-31": "2.01", "2014-12-31": "1.89", "2014-09-30": "1.95", "2014-06-30": "1.78", "2014-03-31": "1.87", "2013-12-31": "1.66", "2013-09-30": "1.79", "2013-06-30": "1.77", "2013-03-31": "1.78", "2012-12-31": "1.72", "2012-09-30": "1.64", "2012-06-30": "1.78", "2012-03-31": "1.97", "2011-12-31": "1.90", "2011-09-30": "1.95", "2011-06-30": "1.79", "2011-03-31": "1.66", "2010-12-31": "1.86", "2010-09-30": "1.84", "2010-06-30": "1.69", "2010-03-31": "1.72", "2009-12-31": "1.84", "2009-09-30": "0.00", "2009-06-30": "0.00", "2009-03-31": "0.00", "2008-12-31": "1.18"}, "debt equity ratio": {"current": "0.00", "2020-12-31": "3.73", "2020-09-30": "4.03", "2020-06-30": "5.12", "2020-03-31": "4.98", "2019-12-31": "1.89", "2019-09-30": "1.95", "2019-06-30": "2.00", "2019-03-31": "2.03", "2018-12-31": "2.05", "2018-09-30": "2.10", "2018-06-30": "2.30", "2018-03-31": "2.46", "2017-12-31": "2.83", "2017-09-30": "1.66", "2017-06-30": "1.56", "2017-03-31": "1.52", "2016-12-31": "1.56", "2016-09-30": "1.44", "2016-06-30": "1.44", "2016-03-31": "1.44", "2015-12-31": "1.37", "2015-09-30": "1.15", "2015-06-30": "1.14", "2015-03-31": "1.08", "2014-12-31": "1.11", "2014-09-30": "1.02", "2014-06-30": "1.02", "2014-03-31": "0.97", "2013-12-31": "1.00", "2013-09-30": "0.88", "2013-06-30": "0.91", "2013-03-31": "0.89", "2012-12-31": "0.91", "2012-09-30": "0.91", "2012-06-30": "1.00", "2012-03-31": "0.98", "2011-12-31": "1.05", "2011-09-30": "1.12", "2011-06-30": "1.21", "2011-03-31": "1.28", "2010-12-31": "1.35", "2010-09-30": "1.37", "2010-06-30": "1.54", "2010-03-31": "1.68", "2009-12-31": "1.72", "2009-09-30": "0.00", "2009-06-30": "0.00", "2009-03-31": "0.00", "2008-12-31": "-39.14"}, "return on equity": {"2020-12-31": "73.39%", "2020-09-30": "57.93%", "2020-06-30": "45.39%", "2020-03-31": "35.43%", "2019-12-31": "27.70%", "2019-09-30": "35.99%", "2019-06-30": "36.65%", "2019-03-31": "37.43%", "2018-12-31": "39.45%", "2018-09-30": "16.38%", "2018-06-30": "12.01%", "2018-03-31": "8.11%", "2017-12-31": "3.87%", "2017-09-30": "9.66%", "2017-06-30": "7.47%", "2017-03-31": "4.88%", "2016-12-31": "3.99%", "2016-09-30": "0.51%", "2016-06-30": "0.77%", "2016-03-31": "1.05%", "2015-12-31": "1.06%", "2015-09-30": "2.45%", "2015-06-30": "2.00%", "2015-03-31": "2.85%", "2014-12-31": "3.91%", "2014-09-30": "4.86%", "2014-06-30": "6.11%", "2014-03-31": "6.77%", "2013-12-31": "7.65%", "2013-09-30": "9.70%", "2013-06-30": "11.41%", "2013-03-31": "13.24%", "2012-12-31": "14.77%", "2012-09-30": "14.69%", "2012-06-30": "16.53%", "2012-03-31": "18.22%", "2011-12-31": "20.31%", "2011-09-30": "22.65%", "2011-06-30": "23.58%", "2011-03-31": "23.39%", "2010-12-31": "21.44%", "2010-09-30": "40.89%", "2010-06-30": "52.03%", "2010-03-31": "73.72%", "2009-12-31": "138.03%"}, "return on assets": {"2020-12-31": "13.72%", "2020-09-30": "12.97%", "2020-06-30": "11.77%", "2020-03-31": "10.63%", "2019-12-31": "9.34%", "2019-09-30": "11.97%", "2019-06-30": "12.05%", "2019-03-31": "12.04%", "2018-12-31": "12.31%", "2018-09-30": "4.84%", "2018-06-30": "3.70%", "2018-03-31": "2.68%", "2017-12-31": "1.38%", "2017-09-30": "3.75%", "2017-06-30": "2.96%", "2017-03-31": "1.96%", "2016-12-31": "1.62%", "2016-09-30": "0.21%", "2016-06-30": "0.33%", "2016-03-31": "0.46%", "2015-12-31": "0.48%", "2015-09-30": "1.15%", "2015-06-30": "0.96%", "2015-03-31": "1.38%", "2014-12-31": "1.92%", "2014-09-30": "2.43%", "2014-06-30": "3.11%", "2014-03-31": "3.49%", "2013-12-31": "3.99%", "2013-09-30": "5.12%", "2013-06-30": "5.99%", "2013-03-31": "6.89%", "2012-12-31": "7.60%", "2012-09-30": "7.42%", "2012-06-30": "8.14%", "2012-03-31": "8.77%", "2011-12-31": "9.43%", "2011-09-30": "10.17%", "2011-06-30": "10.28%", "2011-03-31": "9.86%", "2010-12-31": "8.70%", "2010-09-30": "15.98%", "2010-06-30": "19.69%", "2010-03-31": "27.31%", "2009-12-31": "50.65%"}, "return on investments": {"2020-12-31": "inf%", "2020-09-30": "inf%", "2020-06-30": "inf%", "2020-03-31": "inf%", "2019-12-31": "inf%", "2019-09-30": "inf%", "2019-06-30": "inf%", "2019-03-31": "inf%", "2018-12-31": "inf%", "2018-09-30": "inf%", "2018-06-30": "inf%", "2018-03-31": "inf%", "2017-12-31": "inf%", "2017-09-30": "inf%", "2017-06-30": "inf%", "2017-03-31": "inf%", "2016-12-31": "inf%", "2016-09-30": "inf%", "2016-06-30": "inf%", "2016-03-31": "inf%", "2015-12-31": "inf%", "2015-09-30": "inf%", "2015-06-30": "inf%", "2015-03-31": "inf%", "2014-12-31": "inf%", "2014-09-30": "inf%", "2014-06-30": "inf%", "2014-03-31": "inf%", "2013-12-31": "inf%", "2013-09-30": "inf%", "2013-06-30": "inf%", "2013-03-31": "inf%", "2012-12-31": "inf%", "2012-09-30": "inf%", "2012-06-30": "inf%", "2012-03-31": "inf%", "2011-12-31": "inf%", "2011-09-30": "inf%", "2011-06-30": "inf%", "2011-03-31": "inf%", "2010-12-31": "inf%", "2010-09-30": "inf%", "2010-06-30": "inf%", "2010-03-31": "inf%", "2009-12-31": "inf%"}, "return on tangible equity": {"2020-09-30": "65.82%", "2020-06-30": "50.02%", "2020-03-31": "38.13%", "2019-12-31": "29.32%", "2019-09-30": "37.92%", "2019-06-30": "38.69%", "2019-03-31": "39.63%", "2018-12-31": "41.68%", "2018-09-30": "17.26%", "2018-06-30": "12.60%", "2018-03-31": "8.46%", "2017-12-31": "4.03%", "2017-09-30": "10.07%", "2017-06-30": "7.81%", "2017-03-31": "5.13%", "2016-12-31": "4.18%", "2016-09-30": "0.53%", "2016-06-30": "0.80%", "2016-03-31": "1.08%", "2015-12-31": "1.08%", "2015-09-30": "2.48%", "2015-06-30": "2.02%", "2015-03-31": "2.87%", "2014-12-31": "3.95%", "2014-09-30": "4.92%", "2014-06-30": "6.21%", "2014-03-31": "6.88%", "2013-12-31": "7.78%", "2013-09-30": "9.85%", "2013-06-30": "11.52%", "2013-03-31": "13.32%", "2012-12-31": "14.79%", "2012-09-30": "14.69%", "2012-06-30": "16.53%", "2012-03-31": "18.22%", "2011-12-31": "20.31%", "2011-09-30": "22.65%", "2011-06-30": "23.58%", "2011-03-31": "23.39%", "2010-12-31": "21.44%", "2010-09-30": "40.89%", "2010-06-30": "52.03%", "2010-03-31": "73.72%", "2009-12-31": "138.03%"}, "dividend yield history": {"last payout": "$0.00", "last yield": "0.00%"}}