{"ticker": "GLPI", "price": {"title": "Gaming And Leisure Properties Historical Annual Stock Price Data", "value": 43.61, "historical": {"2020": {"Average Stock Price": "37.2117", "Year Open": "42.7300", "Year High": "50.3000", "Year Low": "15.1400", "Year Close": "42.4000", "Annual % Change": "-1.51%"}, "2019": {"Average Stock Price": "38.8849", "Year Open": "32.1800", "Year High": "43.0500", "Year Low": "32.1800", "Year Close": "43.0500", "Annual % Change": "33.24%"}, "2018": {"Average Stock Price": "34.6412", "Year Open": "36.6200", "Year High": "36.7600", "Year Low": "31.5200", "Year Close": "32.3100", "Annual % Change": "-12.68%"}, "2017": {"Average Stock Price": "35.4098", "Year Open": "30.7900", "Year High": "39.1900", "Year Low": "30.2700", "Year Close": "37.0000", "Annual % Change": "20.84%"}, "2016": {"Average Stock Price": "31.6002", "Year Open": "27.6400", "Year High": "35.8900", "Year Low": "24.8200", "Year Close": "30.6200", "Annual % Change": "10.14%"}, "2015": {"Average Stock Price": "32.8944", "Year Open": "29.6900", "Year High": "38.1800", "Year Low": "25.9000", "Year Close": "27.8000", "Annual % Change": "-5.25%"}, "2014": {"Average Stock Price": "34.2793", "Year Open": "50.4300", "Year High": "50.4300", "Year Low": "28.1600", "Year Close": "29.3400", "Annual % Change": "-42.26%"}, "2013": {"Average Stock Price": "46.5089", "Year Open": "41.2000", "Year High": "50.8200", "Year Low": "41.2000", "Year Close": "50.8100", "Annual % Change": "0.00%"}}}, "market cap": {"value": "$10.03B"}, "income statement": {"Revenue": {"2019-12-31": "1153.47300", "2018-12-31": "1055.72700", "2017-12-31": "971.30700", "2016-12-31": "828.25500", "2015-12-31": "575.05300", "2014-12-31": "591.06800", "2013-12-31": "235.45200", "2012-12-31": "210.64300", "2011-12-31": "231.88400", "2010-12-31": "143.19000"}, "Cost Of Goods Sold": {"2019-12-31": "74.70000", "2018-12-31": "165.88400", "2017-12-31": "165.15300", "2016-12-31": "151.91100", "2015-12-31": "122.18600", "2014-12-31": "144.88300", "2013-12-31": "109.36200", "2012-12-31": "127.81700", "2011-12-31": "139.99700", "2010-12-31": "75.28000"}, "Gross Profit": {"2019-12-31": "1078.77300", "2018-12-31": "889.84300", "2017-12-31": "806.15400", "2016-12-31": "676.34400", "2015-12-31": "452.86700", "2014-12-31": "446.18500", "2013-12-31": "126.09000", "2012-12-31": "82.82600", "2011-12-31": "91.88700", "2010-12-31": "67.91000"}, "Research And Development Expenses": {"2019-12-31": "", "2018-12-31": "", "2017-12-31": "", "2016-12-31": "", "2015-12-31": "", "2014-12-31": "", "2013-12-31": "", "2012-12-31": "", "2011-12-31": "", "2010-12-31": ""}, "SG&A Expenses": {"2019-12-31": "65.47700", "2018-12-31": "71.12800", "2017-12-31": "63.15100", "2016-12-31": "71.36800", "2015-12-31": "82.85700", "2014-12-31": "80.83600", "2013-12-31": "43.26200", "2012-12-31": "25.06800", "2011-12-31": "24.80600", "2010-12-31": "25.96000"}, "Other Operating Income Or Expenses": {"2019-12-31": "-13.00000", "2018-12-31": "", "2017-12-31": "", "2016-12-31": "", "2015-12-31": "", "2014-12-31": "", "2013-12-31": "", "2012-12-31": "", "2011-12-31": "", "2010-12-31": "0.00000"}, "Operating Expenses": {"2019-12-31": "436.05000", "2018-12-31": "461.91700", "2017-12-31": "365.78900", "2016-12-31": "347.63200", "2015-12-31": "317.63800", "2014-12-31": "332.56200", "2013-12-31": "181.54700", "2012-12-31": "166.97500", "2011-12-31": "179.37100", "2010-12-31": "112.04000"}, "Operating Income": {"2019-12-31": "717.42300", "2018-12-31": "593.81010", "2017-12-31": "605.51800", "2016-12-31": "480.62300", "2015-12-31": "257.41500", "2014-12-31": "258.50600", "2013-12-31": "53.90500", "2012-12-31": "43.66800", "2011-12-31": "52.51300", "2010-12-31": "31.15000"}, "Total Non-Operating Income/Expense": {"2019-12-31": "-321.77800", "2018-12-31": "-249.33000", "2017-12-31": "-215.13300", "2016-12-31": "-183.77300", "2015-12-31": "-121.85100", "2014-12-31": "-114.58600", "2013-12-31": "-23.45600", "2012-12-31": "-6.31800", "2011-12-31": "-6.95400", "2010-12-31": "-4.87000"}, "Pre-Tax Income": {"2019-12-31": "395.64500", "2018-12-31": "344.48000", "2017-12-31": "390.38500", "2016-12-31": "296.85000", "2015-12-31": "135.56400", "2014-12-31": "143.92000", "2013-12-31": "30.44900", "2012-12-31": "37.35000", "2011-12-31": "45.55900", "2010-12-31": "26.25000"}, "Income Taxes": {"2019-12-31": "4.76400", "2018-12-31": "4.96400", "2017-12-31": "9.78700", "2016-12-31": "7.54500", "2015-12-31": "7.44200", "2014-12-31": "5.11300", "2013-12-31": "15.59600", "2012-12-31": "14.43100", "2011-12-31": "18.87500", "2010-12-31": "10.92000"}, "Income After Taxes": {"2019-12-31": "390.88100", "2018-12-31": "339.51600", "2017-12-31": "380.59800", "2016-12-31": "289.30500", "2015-12-31": "128.12200", "2014-12-31": "138.80700", "2013-12-31": "14.85300", "2012-12-31": "22.91900", "2011-12-31": "26.68400", "2010-12-31": "15.33000"}, "Other Income": {"2019-12-31": "", "2018-12-31": "", "2017-12-31": "", "2016-12-31": "", "2015-12-31": "", "2014-12-31": "", "2013-12-31": "", "2012-12-31": "", "2011-12-31": "", "2010-12-31": "0.00000"}, "Income From Continuous Operations": {"2019-12-31": "390.88100", "2018-12-31": "339.51600", "2017-12-31": "380.59800", "2016-12-31": "289.30500", "2015-12-31": "128.12200", "2014-12-31": "138.80700", "2013-12-31": "14.85300", "2012-12-31": "22.91900", "2011-12-31": "26.68400", "2010-12-31": "15.33000"}, "Income From Discontinued Operations": {"2019-12-31": "", "2018-12-31": "", "2017-12-31": "", "2016-12-31": "", "2015-12-31": "", "2014-12-31": "", "2013-12-31": "", "2012-12-31": "", "2011-12-31": "", "2010-12-31": "0.00000"}, "Net Income": {"2019-12-31": "390.30500", "2018-12-31": "339.04100", "2017-12-31": "379.97600", "2016-12-31": "288.63700", "2015-12-31": "127.60500", "2014-12-31": "138.22900", "2013-12-31": "14.79700", "2012-12-31": "22.91900", "2011-12-31": "26.68400", "2010-12-31": "15.33000"}, "EBITDA": {"2019-12-31": "987.84900", "2018-12-31": "813.79610", "2017-12-31": "742.37900", "2016-12-31": "611.48610", "2015-12-31": "381.21400", "2014-12-31": "373.40600", "2013-12-31": "84.09800", "2012-12-31": "57.75800", "2011-12-31": "67.08100", "2010-12-31": "41.95000"}, "EBIT": {"2019-12-31": "717.42300", "2018-12-31": "593.81010", "2017-12-31": "605.51800", "2016-12-31": "480.62300", "2015-12-31": "257.41500", "2014-12-31": "258.50600", "2013-12-31": "53.90500", "2012-12-31": "43.66800", "2011-12-31": "52.51300", "2010-12-31": "31.15000"}, "Basic Shares Outstanding": {"2019-12-31": "214.66700", "2018-12-31": "213.72000", "2017-12-31": "210.70500", "2016-12-31": "178.59400", "2015-12-31": "114.43200", "2014-12-31": "112.03700", "2013-12-31": "110.61700", "2012-12-31": "110.58200", "2011-12-31": "110.58200", "2010-12-31": ""}, "Shares Outstanding": {"2019-12-31": "215.78600", "2018-12-31": "214.77900", "2017-12-31": "212.75200", "2016-12-31": "180.62200", "2015-12-31": "118.43900", "2014-12-31": "117.58600", "2013-12-31": "115.86500", "2012-12-31": "115.60300", "2011-12-31": "115.60300", "2010-12-31": ""}, "Basic EPS": {"2019-12-31": "1.82000", "2018-12-31": "1.59000", "2017-12-31": "1.80000", "2016-12-31": "1.62000", "2015-12-31": "1.12000", "2014-12-31": "1.23000", "2013-12-31": "0.13000", "2012-12-31": "0.21000", "2011-12-31": "0.24000", "2010-12-31": ""}, "EPS - Earnings Per Share": {"2019-12-31": "1.81000", "2018-12-31": "1.58000", "2017-12-31": "1.79000", "2016-12-31": "1.60000", "2015-12-31": "1.08000", "2014-12-31": "1.18000", "2013-12-31": "0.13000", "2012-12-31": "0.20000", "2011-12-31": "0.23000", "2010-12-31": "0.00000"}}, "income statement, quarterly": {"Revenue": {"2020-09-30": "307.55400", "2020-06-30": "261.96800", "2020-03-31": "283.48200", "2019-12-31": "288.98400", "2019-09-30": "287.61200", "2019-06-30": "289.01300", "2019-03-31": "287.86400", "2018-12-31": "303.31700", "2018-09-30": "254.13900", "2018-06-30": "254.22100", "2018-03-31": "244.05000", "2017-12-31": "240.69700", "2017-09-30": "244.50600", "2017-06-30": "243.39100", "2017-03-31": "242.71300", "2016-12-31": "238.79900", "2016-09-30": "233.27500", "2016-06-30": "207.36100", "2016-03-31": "148.82000", "2015-12-31": "128.68900", "2015-09-30": "147.79200", "2015-06-30": "149.86700", "2015-03-31": "148.70500", "2014-12-31": "135.06400", "2014-09-30": "146.90600", "2014-06-30": "150.77000", "2014-03-31": "158.32800", "2013-12-31": "107.09800", "2013-09-30": "39.63300", "2013-06-30": "46.07200", "2013-03-31": "42.64900", "2012-12-31": "", "2012-09-30": "45.82300", "2012-06-30": "60.25000", "2011-12-31": "", "2010-12-31": ""}, "Cost Of Goods Sold": {"2020-09-30": "18.17500", "2020-06-30": "4.85800", "2020-03-31": "16.50300", "2019-12-31": "17.96100", "2019-09-30": "18.54900", "2019-06-30": "19.16800", "2019-03-31": "19.02200", "2018-12-31": "41.87600", "2018-09-30": "40.54800", "2018-06-30": "42.20700", "2018-03-31": "41.25300", "2017-12-31": "38.71200", "2017-09-30": "41.64100", "2017-06-30": "41.58100", "2017-03-31": "43.21900", "2016-12-31": "40.47000", "2016-09-30": "40.98300", "2016-06-30": "37.26400", "2016-03-31": "33.19400", "2015-12-31": "15.91500", "2015-09-30": "35.65900", "2015-06-30": "35.65700", "2015-03-31": "34.95500", "2014-12-31": "34.91600", "2014-09-30": "35.90400", "2014-06-30": "37.53200", "2014-03-31": "36.53100", "2013-12-31": "30.71500", "2013-09-30": "24.80400", "2013-06-30": "27.53100", "2013-03-31": "26.31200", "2012-12-31": "", "2012-09-30": "27.34000", "2012-06-30": "35.53000", "2011-12-31": "", "2010-12-31": ""}, "Gross Profit": {"2020-09-30": "289.37900", "2020-06-30": "257.11000", "2020-03-31": "266.97900", "2019-12-31": "271.02300", "2019-09-30": "269.06300", "2019-06-30": "269.84500", "2019-03-31": "268.84200", "2018-12-31": "261.44100", "2018-09-30": "213.59100", "2018-06-30": "212.01400", "2018-03-31": "202.79700", "2017-12-31": "201.98500", "2017-09-30": "202.86500", "2017-06-30": "201.81000", "2017-03-31": "199.49400", "2016-12-31": "198.32900", "2016-09-30": "192.29200", "2016-06-30": "170.09700", "2016-03-31": "115.62600", "2015-12-31": "112.77400", "2015-09-30": "112.13300", "2015-06-30": "114.21000", "2015-03-31": "113.75000", "2014-12-31": "100.14800", "2014-09-30": "111.00200", "2014-06-30": "113.23800", "2014-03-31": "121.79700", "2013-12-31": "76.38300", "2013-09-30": "14.82900", "2013-06-30": "18.54100", "2013-03-31": "16.33700", "2012-12-31": "", "2012-09-30": "18.48300", "2012-06-30": "24.72000", "2011-12-31": "", "2010-12-31": ""}, "Research And Development Expenses": {"2020-09-30": "", "2020-06-30": "", "2020-03-31": "", "2019-12-31": "", "2019-09-30": "", "2019-06-30": "", "2019-03-31": "", "2018-12-31": "", "2018-09-30": "", "2018-06-30": "", "2018-03-31": "", "2017-12-31": "", "2017-09-30": "", "2017-06-30": "", "2017-03-31": "", "2016-12-31": "", "2016-09-30": "", "2016-06-30": "", "2016-03-31": "", "2015-12-31": "", "2015-09-30": "", "2015-06-30": "", "2015-03-31": "", "2014-12-31": "", "2014-09-30": "", "2014-06-30": "", "2014-03-31": "", "2013-12-31": "", "2013-09-30": "", "2013-06-30": "", "2013-03-31": "", "2012-12-31": "", "2012-09-30": "", "2012-06-30": "", "2011-12-31": "", "2010-12-31": ""}, "SG&A Expenses": {"2020-09-30": "22.51400", "2020-06-30": "13.22300", "2020-03-31": "15.98800", "2019-12-31": "17.21100", "2019-09-30": "15.04200", "2019-06-30": "15.98400", "2019-03-31": "17.24000", "2018-12-31": "14.85600", "2018-09-30": "15.00600", "2018-06-30": "24.80600", "2018-03-31": "16.46000", "2017-12-31": "17.32200", "2017-09-30": "15.11700", "2017-06-30": "14.65600", "2017-03-31": "16.05600", "2016-12-31": "6.38000", "2016-09-30": "21.82100", "2016-06-30": "22.26100", "2016-03-31": "20.90600", "2015-12-31": "18.31100", "2015-09-30": "19.28500", "2015-06-30": "23.72200", "2015-03-31": "21.53900", "2014-12-31": "22.62100", "2014-09-30": "17.74300", "2014-06-30": "19.53100", "2014-03-31": "20.94100", "2013-12-31": "25.94600", "2013-09-30": "5.55300", "2013-06-30": "5.82400", "2013-03-31": "5.93900", "2012-12-31": "", "2012-09-30": "6.76200", "2012-06-30": "6.73000", "2011-12-31": "", "2010-12-31": ""}, "Other Operating Income Or Expenses": {"2020-09-30": "", "2020-06-30": "", "2020-03-31": "", "2019-12-31": "", "2019-09-30": "", "2019-06-30": "", "2019-03-31": "-13.00000", "2018-12-31": "", "2018-09-30": "", "2018-06-30": "", "2018-03-31": "", "2017-12-31": "", "2017-09-30": "", "2017-06-30": "", "2017-03-31": "", "2016-12-31": "", "2016-09-30": "", "2016-06-30": "", "2016-03-31": "", "2015-12-31": "", "2015-09-30": "", "2015-06-30": "", "2015-03-31": "", "2014-12-31": "", "2014-09-30": "", "2014-06-30": "", "2014-03-31": "", "2013-12-31": "", "2013-09-30": "", "2013-06-30": "", "2013-03-31": "", "2012-12-31": "", "2012-09-30": "", "2012-06-30": "0.00000", "2011-12-31": "", "2010-12-31": ""}, "Operating Expenses": {"2020-09-30": "106.85300", "2020-06-30": "81.25200", "2020-03-31": "97.13200", "2019-12-31": "100.72800", "2019-09-30": "99.98700", "2019-06-30": "118.24600", "2019-03-31": "117.08900", "2018-12-31": "179.43300", "2018-09-30": "89.30500", "2018-06-30": "100.98000", "2018-03-31": "92.19900", "2017-12-31": "90.58000", "2017-09-30": "91.80700", "2017-06-30": "90.69500", "2017-03-31": "92.70700", "2016-12-31": "89.93600", "2016-09-30": "89.96900", "2016-06-30": "86.54400", "2016-03-31": "81.18300", "2015-12-31": "64.23600", "2015-09-30": "82.50100", "2015-06-30": "86.99600", "2015-03-31": "83.90500", "2014-12-31": "84.98300", "2014-09-30": "80.17300", "2014-06-30": "83.41200", "2014-03-31": "83.99400", "2013-12-31": "74.75800", "2013-09-30": "33.96800", "2013-06-30": "36.98200", "2013-03-31": "35.83900", "2012-12-31": "", "2012-09-30": "37.66800", "2012-06-30": "45.77000", "2011-12-31": "", "2010-12-31": ""}, "Operating Income": {"2020-09-30": "200.70100", "2020-06-30": "180.71600", "2020-03-31": "186.35000", "2019-12-31": "188.25600", "2019-09-30": "187.62500", "2019-06-30": "170.76700", "2019-03-31": "170.77500", "2018-12-31": "123.88400", "2018-09-30": "164.83400", "2018-06-30": "153.24100", "2018-03-31": "151.85100", "2017-12-31": "150.11710", "2017-09-30": "152.69900", "2017-06-30": "152.69600", "2017-03-31": "150.00600", "2016-12-31": "148.86300", "2016-09-30": "143.30600", "2016-06-30": "120.81700", "2016-03-31": "67.63700", "2015-12-31": "64.45300", "2015-09-30": "65.29100", "2015-06-30": "62.87100", "2015-03-31": "64.80000", "2014-12-31": "50.08100", "2014-09-30": "66.73300", "2014-06-30": "67.35800", "2014-03-31": "74.33400", "2013-12-31": "32.34000", "2013-09-30": "5.66500", "2013-06-30": "9.09000", "2013-03-31": "6.81000", "2012-12-31": "", "2012-09-30": "8.15500", "2012-06-30": "14.48000", "2011-12-31": "", "2010-12-31": ""}, "Total Non-Operating Income/Expense": {"2020-09-30": "-70.93600", "2020-06-30": "-69.20600", "2020-03-31": "-89.13700", "2019-12-31": "-72.97400", "2019-09-30": "-95.89000", "2019-06-30": "-76.27500", "2019-03-31": "-76.63900", "2018-12-31": "-77.18300", "2018-09-30": "-58.92300", "2018-06-30": "-59.63700", "2018-03-31": "-53.58700", "2017-12-31": "-53.47700", "2017-09-30": "-54.00100", "2017-06-30": "-54.17000", "2017-03-31": "-53.48500", "2016-12-31": "-53.20800", "2016-09-30": "-52.39900", "2016-06-30": "-45.28200", "2016-03-31": "-32.88400", "2015-12-31": "-33.23900", "2015-09-30": "-30.64500", "2015-06-30": "-29.00000", "2015-03-31": "-28.96700", "2014-12-31": "-28.96300", "2014-09-30": "-28.75500", "2014-06-30": "-28.44000", "2014-03-31": "-28.42800", "2013-12-31": "-19.60700", "2013-09-30": "-1.18900", "2013-06-30": "-1.38000", "2013-03-31": "-1.28000", "2012-12-31": "", "2012-09-30": "-1.37500", "2012-06-30": "-1.80000", "2011-12-31": "", "2010-12-31": ""}, "Pre-Tax Income": {"2020-09-30": "129.76500", "2020-06-30": "111.51000", "2020-03-31": "97.21300", "2019-12-31": "115.28200", "2019-09-30": "91.73500", "2019-06-30": "94.49200", "2019-03-31": "94.13600", "2018-12-31": "46.70100", "2018-09-30": "105.91100", "2018-06-30": "93.60400", "2018-03-31": "98.26400", "2017-12-31": "96.64000", "2017-09-30": "98.69800", "2017-06-30": "98.52600", "2017-03-31": "96.52100", "2016-12-31": "95.65500", "2016-09-30": "90.90700", "2016-06-30": "75.53500", "2016-03-31": "34.75300", "2015-12-31": "31.21400", "2015-09-30": "34.64600", "2015-06-30": "33.87100", "2015-03-31": "35.83300", "2014-12-31": "21.11800", "2014-09-30": "37.97800", "2014-06-30": "38.91800", "2014-03-31": "45.90600", "2013-12-31": "12.73300", "2013-09-30": "4.47600", "2013-06-30": "7.71000", "2013-03-31": "5.53000", "2012-12-31": "", "2012-09-30": "6.78000", "2012-06-30": "12.66000", "2011-12-31": "", "2010-12-31": ""}, "Income Taxes": {"2020-09-30": "2.63900", "2020-06-30": "-0.84000", "2020-03-31": "0.31900", "2019-12-31": "0.99100", "2019-09-30": "1.18800", "2019-06-30": "1.45900", "2019-03-31": "1.12600", "2018-12-31": "0.77000", "2018-09-30": "1.09600", "2018-06-30": "1.60600", "2018-03-31": "1.49200", "2017-12-31": "3.38100", "2017-09-30": "1.68400", "2017-06-30": "2.19200", "2017-03-31": "2.53000", "2016-12-31": "1.96300", "2016-09-30": "1.30700", "2016-06-30": "2.27100", "2016-03-31": "2.00400", "2015-12-31": "1.44100", "2015-09-30": "1.41700", "2015-06-30": "1.88200", "2015-03-31": "2.70200", "2014-12-31": "0.93200", "2014-09-30": "0.66500", "2014-06-30": "1.92200", "2014-03-31": "1.59400", "2013-12-31": "8.47400", "2013-09-30": "1.79500", "2013-06-30": "3.01100", "2013-03-31": "2.31600", "2012-12-31": "", "2012-09-30": "2.25000", "2012-06-30": "5.04000", "2011-12-31": "", "2010-12-31": ""}, "Income After Taxes": {"2020-09-30": "127.12600", "2020-06-30": "112.35000", "2020-03-31": "96.89400", "2019-12-31": "114.29100", "2019-09-30": "90.54700", "2019-06-30": "93.03300", "2019-03-31": "93.01000", "2018-12-31": "45.93100", "2018-09-30": "104.81500", "2018-06-30": "91.99800", "2018-03-31": "96.77200", "2017-12-31": "93.25900", "2017-09-30": "97.01400", "2017-06-30": "96.33400", "2017-03-31": "93.99100", "2016-12-31": "93.69200", "2016-09-30": "89.60000", "2016-06-30": "73.26400", "2016-03-31": "32.74900", "2015-12-31": "29.77300", "2015-09-30": "33.22900", "2015-06-30": "31.98900", "2015-03-31": "33.13100", "2014-12-31": "20.18600", "2014-09-30": "37.31300", "2014-06-30": "36.99600", "2014-03-31": "44.31200", "2013-12-31": "4.25900", "2013-09-30": "2.68100", "2013-06-30": "4.69900", "2013-03-31": "3.21400", "2012-12-31": "", "2012-09-30": "4.53000", "2012-06-30": "7.62000", "2011-12-31": "", "2010-12-31": ""}, "Other Income": {"2020-09-30": "", "2020-06-30": "", "2020-03-31": "", "2019-12-31": "", "2019-09-30": "", "2019-06-30": "", "2019-03-31": "", "2018-12-31": "", "2018-09-30": "", "2018-06-30": "", "2018-03-31": "", "2017-12-31": "", "2017-09-30": "", "2017-06-30": "", "2017-03-31": "", "2016-12-31": "", "2016-09-30": "", "2016-06-30": "", "2016-03-31": "", "2015-12-31": "", "2015-09-30": "", "2015-06-30": "", "2015-03-31": "", "2014-12-31": "", "2014-09-30": "", "2014-06-30": "", "2014-03-31": "", "2013-12-31": "", "2013-09-30": "", "2013-06-30": "", "2013-03-31": "", "2012-12-31": "", "2012-09-30": "", "2012-06-30": "0.00000", "2011-12-31": "", "2010-12-31": ""}, "Income From Continuous Operations": {"2020-09-30": "127.12600", "2020-06-30": "112.35000", "2020-03-31": "96.89400", "2019-12-31": "114.29100", "2019-09-30": "90.54700", "2019-06-30": "93.03300", "2019-03-31": "93.01000", "2018-12-31": "45.93100", "2018-09-30": "104.81500", "2018-06-30": "91.99800", "2018-03-31": "96.77200", "2017-12-31": "93.25900", "2017-09-30": "97.01400", "2017-06-30": "96.33400", "2017-03-31": "93.99100", "2016-12-31": "93.69200", "2016-09-30": "89.60000", "2016-06-30": "73.26400", "2016-03-31": "32.74900", "2015-12-31": "29.77300", "2015-09-30": "33.22900", "2015-06-30": "31.98900", "2015-03-31": "33.13100", "2014-12-31": "20.18600", "2014-09-30": "37.31300", "2014-06-30": "36.99600", "2014-03-31": "44.31200", "2013-12-31": "4.25900", "2013-09-30": "2.68100", "2013-06-30": "4.69900", "2013-03-31": "3.21400", "2012-12-31": "", "2012-09-30": "4.53000", "2012-06-30": "7.61000", "2011-12-31": "", "2010-12-31": ""}, "Income From Discontinued Operations": {"2020-09-30": "", "2020-06-30": "", "2020-03-31": "", "2019-12-31": "", "2019-09-30": "", "2019-06-30": "", "2019-03-31": "", "2018-12-31": "", "2018-09-30": "", "2018-06-30": "", "2018-03-31": "", "2017-12-31": "", "2017-09-30": "", "2017-06-30": "", "2017-03-31": "", "2016-12-31": "", "2016-09-30": "", "2016-06-30": "", "2016-03-31": "", "2015-12-31": "", "2015-09-30": "", "2015-06-30": "", "2015-03-31": "", "2014-12-31": "", "2014-09-30": "", "2014-06-30": "", "2014-03-31": "", "2013-12-31": "", "2013-09-30": "", "2013-06-30": "", "2013-03-31": "", "2012-12-31": "", "2012-09-30": "", "2012-06-30": "0.00000", "2011-12-31": "", "2010-12-31": ""}, "Net Income": {"2020-09-30": "126.97400", "2020-06-30": "112.18900", "2020-03-31": "96.75000", "2019-12-31": "114.15700", "2019-09-30": "90.40900", "2019-06-30": "92.88700", "2019-03-31": "92.85200", "2018-12-31": "45.89400", "2018-09-30": "104.66800", "2018-06-30": "91.86900", "2018-03-31": "96.61000", "2017-12-31": "93.12800", "2017-09-30": "96.85700", "2017-06-30": "96.17500", "2017-03-31": "93.81600", "2016-12-31": "93.51300", "2016-09-30": "89.41600", "2016-06-30": "73.09400", "2016-03-31": "32.61400", "2015-12-31": "29.67300", "2015-09-30": "33.09400", "2015-06-30": "31.85800", "2015-03-31": "32.98000", "2014-12-31": "19.60800", "2014-09-30": "37.31300", "2014-06-30": "36.99600", "2014-03-31": "44.31200", "2013-12-31": "4.20300", "2013-09-30": "2.68100", "2013-06-30": "4.69900", "2013-03-31": "3.21400", "2012-12-31": "", "2012-09-30": "4.53000", "2012-06-30": "7.61000", "2011-12-31": "", "2010-12-31": ""}, "EBITDA": {"2020-09-30": "264.47100", "2020-06-30": "243.71900", "2020-03-31": "248.70300", "2019-12-31": "250.82400", "2019-09-30": "250.75400", "2019-06-30": "250.93700", "2019-03-31": "235.33400", "2018-12-31": "243.66600", "2018-09-30": "197.81000", "2018-06-30": "186.53100", "2018-03-31": "185.78900", "2017-12-31": "184.26900", "2017-09-30": "187.31500", "2017-06-30": "186.96400", "2017-03-31": "183.83100", "2016-12-31": "182.71800", "2016-09-30": "176.03900", "2016-06-30": "152.42700", "2016-03-31": "100.30200", "2015-12-31": "97.93700", "2015-09-30": "96.53900", "2015-06-30": "92.50700", "2015-03-31": "94.23100", "2014-12-31": "79.54600", "2014-09-30": "95.27900", "2014-06-30": "95.71800", "2014-03-31": "102.86300", "2013-12-31": "51.70700", "2013-09-30": "9.27600", "2013-06-30": "12.71700", "2013-03-31": "10.39800", "2012-12-31": "", "2012-09-30": "11.72400", "2012-06-30": "14.48000", "2011-12-31": "", "2010-12-31": ""}, "EBIT": {"2020-09-30": "200.70100", "2020-06-30": "180.71600", "2020-03-31": "186.35000", "2019-12-31": "188.25600", "2019-09-30": "187.62500", "2019-06-30": "170.76700", "2019-03-31": "170.77500", "2018-12-31": "123.88400", "2018-09-30": "164.83400", "2018-06-30": "153.24100", "2018-03-31": "151.85100", "2017-12-31": "150.11700", "2017-09-30": "152.69900", "2017-06-30": "152.69600", "2017-03-31": "150.00600", "2016-12-31": "148.86310", "2016-09-30": "143.30600", "2016-06-30": "120.81700", "2016-03-31": "67.63700", "2015-12-31": "64.45300", "2015-09-30": "65.29100", "2015-06-30": "62.87100", "2015-03-31": "64.80000", "2014-12-31": "50.08100", "2014-09-30": "66.73300", "2014-06-30": "67.35800", "2014-03-31": "74.33400", "2013-12-31": "32.34000", "2013-09-30": "5.66500", "2013-06-30": "9.09000", "2013-03-31": "6.81000", "2012-12-31": "", "2012-09-30": "8.15500", "2012-06-30": "14.48000", "2011-12-31": "", "2010-12-31": ""}, "Basic Shares Outstanding": {"2020-09-30": "218.04200", "2020-06-30": "215.26700", "2020-03-31": "215.09000", "2019-12-31": "214.66700", "2019-09-30": "214.68300", "2019-06-30": "214.66400", "2019-03-31": "214.62600", "2018-12-31": "213.72000", "2018-09-30": "213.87600", "2018-06-30": "213.57900", "2018-03-31": "213.30400", "2017-12-31": "210.70500", "2017-09-30": "212.50000", "2017-06-30": "209.74700", "2017-03-31": "207.88000", "2016-12-31": "178.59400", "2016-09-30": "205.82600", "2016-06-30": "183.96500", "2016-03-31": "116.67100", "2015-12-31": "114.43200", "2015-09-30": "114.54000", "2015-06-30": "114.33000", "2015-03-31": "113.66600", "2014-12-31": "112.03700", "2014-09-30": "112.37700", "2014-06-30": "111.92100", "2014-03-31": "111.19800", "2013-12-31": "110.61700", "2013-09-30": "110.58200", "2013-06-30": "110.58200", "2013-03-31": "110.58200", "2012-12-31": "", "2012-09-30": "", "2012-06-30": "", "2011-12-31": "", "2010-12-31": ""}, "Shares Outstanding": {"2020-09-30": "218.84700", "2020-06-30": "215.93200", "2020-03-31": "215.44900", "2019-12-31": "215.78600", "2019-09-30": "215.32500", "2019-06-30": "215.60500", "2019-03-31": "215.28800", "2018-12-31": "214.77900", "2018-09-30": "214.87200", "2018-06-30": "214.56100", "2018-03-31": "214.68200", "2017-12-31": "212.75200", "2017-09-30": "214.55300", "2017-06-30": "211.80200", "2017-03-31": "209.52600", "2016-12-31": "180.62200", "2016-09-30": "207.87600", "2016-06-30": "186.98200", "2016-03-31": "118.81700", "2015-12-31": "118.43900", "2015-09-30": "118.76300", "2015-06-30": "119.38700", "2015-03-31": "118.49900", "2014-12-31": "117.58600", "2014-09-30": "117.63400", "2014-06-30": "117.73100", "2014-03-31": "117.85000", "2013-12-31": "115.86500", "2013-09-30": "115.60300", "2013-06-30": "115.60300", "2013-03-31": "115.60300", "2012-12-31": "", "2012-09-30": "", "2012-06-30": "", "2011-12-31": "", "2010-12-31": ""}, "Basic EPS": {"2020-09-30": "0.58000", "2020-06-30": "0.52000", "2020-03-31": "0.45000", "2019-12-31": "0.54000", "2019-09-30": "0.42000", "2019-06-30": "0.43000", "2019-03-31": "0.43000", "2018-12-31": "0.22000", "2018-09-30": "0.49000", "2018-06-30": "0.43000", "2018-03-31": "0.45000", "2017-12-31": "0.43000", "2017-09-30": "0.46000", "2017-06-30": "0.46000", "2017-03-31": "0.45000", "2016-12-31": "0.51000", "2016-09-30": "0.43000", "2016-06-30": "0.40000", "2016-03-31": "0.28000", "2015-12-31": "0.26000", "2015-09-30": "0.29000", "2015-06-30": "0.28000", "2015-03-31": "0.29000", "2014-12-31": "0.17000", "2014-09-30": "0.33000", "2014-06-30": "0.33000", "2014-03-31": "0.40000", "2013-12-31": "0.04000", "2013-09-30": "0.02000", "2013-06-30": "0.04000", "2013-03-31": "0.03000", "2012-12-31": "", "2012-09-30": "", "2012-06-30": "", "2011-12-31": "", "2010-12-31": ""}, "EPS - Earnings Per Share": {"2020-09-30": "0.58000", "2020-06-30": "0.52000", "2020-03-31": "0.45000", "2019-12-31": "0.53000", "2019-09-30": "0.42000", "2019-06-30": "0.43000", "2019-03-31": "0.43000", "2018-12-31": "0.21000", "2018-09-30": "0.49000", "2018-06-30": "0.43000", "2018-03-31": "0.45000", "2017-12-31": "0.44000", "2017-09-30": "0.45000", "2017-06-30": "0.45000", "2017-03-31": "0.45000", "2016-12-31": "0.51000", "2016-09-30": "0.43000", "2016-06-30": "0.39000", "2016-03-31": "0.27000", "2015-12-31": "0.25000", "2015-09-30": "0.28000", "2015-06-30": "0.27000", "2015-03-31": "0.28000", "2014-12-31": "0.17000", "2014-09-30": "0.32000", "2014-06-30": "0.31000", "2014-03-31": "0.38000", "2013-12-31": "0.04000", "2013-09-30": "0.02000", "2013-06-30": "0.04000", "2013-03-31": "0.03000", "2012-12-31": "0.00000", "2012-09-30": "0.00000", "2012-06-30": "0.00000", "2011-12-31": "0.00000", "2010-12-31": "0.00000"}}, "balance sheet": {"Cash On Hand": {"2019-12-31": "26.82300", "2018-12-31": "25.78300", "2017-12-31": "29.05400", "2016-12-31": "36.55600", "2015-12-31": "41.87500", "2014-12-31": "35.97300", "2013-12-31": "285.22100", "2012-12-31": "14.56200", "2011-12-31": "17.14000", "2010-12-31": ""}, "Receivables": {"2019-12-31": "", "2018-12-31": "13.00000", "2017-12-31": "13.00000", "2016-12-31": "26.20000", "2015-12-31": "29.35000", "2014-12-31": "34.00000", "2013-12-31": "", "2012-12-31": "43.31800", "2011-12-31": "", "2010-12-31": ""}, "Inventory": {"2019-12-31": "", "2018-12-31": "", "2017-12-31": "", "2016-12-31": "", "2015-12-31": "", "2014-12-31": "", "2013-12-31": "", "2012-12-31": "", "2011-12-31": "", "2010-12-31": ""}, "Pre-Paid Expenses": {"2019-12-31": "", "2018-12-31": "", "2017-12-31": "", "2016-12-31": "", "2015-12-31": "", "2014-12-31": "", "2013-12-31": "", "2012-12-31": "", "2011-12-31": "", "2010-12-31": ""}, "Other Current Assets": {"2019-12-31": "", "2018-12-31": "", "2017-12-31": "", "2016-12-31": "", "2015-12-31": "", "2014-12-31": "", "2013-12-31": "", "2012-12-31": "", "2011-12-31": "", "2010-12-31": ""}, "Total Current Assets": {"2019-12-31": "330.50700", "2018-12-31": "342.46700", "2017-12-31": "42.05400", "2016-12-31": "62.75600", "2015-12-31": "71.22500", "2014-12-31": "69.97300", "2013-12-31": "285.22100", "2012-12-31": "57.88000", "2011-12-31": "17.14000", "2010-12-31": ""}, "Property, Plant, And Equipment": {"2019-12-31": "7194.63500", "2018-12-31": "7432.34400", "2017-12-31": "3770.33800", "2016-12-31": "3858.51800", "2015-12-31": "2219.80600", "2014-12-31": "2314.15200", "2013-12-31": "2149.42400", "2012-12-31": "118.95400", "2011-12-31": "", "2010-12-31": ""}, "Long-Term Investments": {"2019-12-31": "", "2018-12-31": "", "2017-12-31": "", "2016-12-31": "", "2015-12-31": "", "2014-12-31": "", "2013-12-31": "", "2012-12-31": "", "2011-12-31": "", "2010-12-31": ""}, "Goodwill And Intangible Assets": {"2019-12-31": "864.37800", "2018-12-31": "698.85100", "2017-12-31": "725.24600", "2016-12-31": "675.85600", "2015-12-31": "85.09800", "2014-12-31": "85.09800", "2013-12-31": "85.09800", "2012-12-31": "85.09800", "2011-12-31": "85.09000", "2010-12-31": "0.00000"}, "Other Long-Term Assets": {"2019-12-31": "38.72200", "2018-12-31": "98.45300", "2017-12-31": "2704.76600", "2016-12-31": "2768.27800", "2015-12-31": "69.57900", "2014-12-31": "53.53700", "2013-12-31": "87.26800", "2012-12-31": "2.28400", "2011-12-31": "29.35000", "2010-12-31": ""}, "Total Long-Term Assets": {"2019-12-31": "8103.79200", "2018-12-31": "8234.82600", "2017-12-31": "7204.82800", "2016-12-31": "7306.57400", "2015-12-31": "2376.93000", "2014-12-31": "2455.48100", "2013-12-31": "2324.01800", "2012-12-31": "209.19500", "2011-12-31": "114.44000", "2010-12-31": ""}, "Total Assets": {"2019-12-31": "8434.29800", "2018-12-31": "8577.29300", "2017-12-31": "7246.88200", "2016-12-31": "7369.33000", "2015-12-31": "2448.15500", "2014-12-31": "2525.45400", "2013-12-31": "2609.23900", "2012-12-31": "267.07500", "2011-12-31": "261.34000", "2010-12-31": "0.00000"}, "Total Current Liabilities": {"2019-12-31": "81.76100", "2018-12-31": "95.07900", "2017-12-31": "52.67800", "2016-12-31": "52.03100", "2015-12-31": "41.32800", "2014-12-31": "39.85700", "2013-12-31": "63.57200", "2012-12-31": "9.54500", "2011-12-31": "10.65000", "2010-12-31": ""}, "Long Term Debt": {"2019-12-31": "5737.96200", "2018-12-31": "5853.49700", "2017-12-31": "4442.88000", "2016-12-31": "4664.96500", "2015-12-31": "2510.34100", "2014-12-31": "2570.36100", "2013-12-31": "2350.00000", "2012-12-31": "", "2011-12-31": "", "2010-12-31": ""}, "Other Non-Current Liabilities": {"2019-12-31": "356.08000", "2018-12-31": "362.84900", "2017-12-31": "292.83300", "2016-12-31": "218.20000", "2015-12-31": "149.76800", "2014-12-31": "90.08300", "2013-12-31": "53.93300", "2012-12-31": "12.78300", "2011-12-31": "9.07000", "2010-12-31": ""}, "Total Long Term Liabilities": {"2019-12-31": "6094.32100", "2018-12-31": "6216.60700", "2017-12-31": "4735.95700", "2016-12-31": "4883.43000", "2015-12-31": "2660.34100", "2014-12-31": "2661.88700", "2013-12-31": "2408.21500", "2012-12-31": "21.20000", "2011-12-31": "30.77000", "2010-12-31": ""}, "Total Liabilities": {"2019-12-31": "6360.05300", "2018-12-31": "6311.68600", "2017-12-31": "4788.63500", "2016-12-31": "4935.46100", "2015-12-31": "2701.66900", "2014-12-31": "2701.74400", "2013-12-31": "2471.78700", "2012-12-31": "30.74500", "2011-12-31": "41.43000", "2010-12-31": "0.00000"}, "Common Stock Net": {"2019-12-31": "2.14700", "2018-12-31": "2.14200", "2017-12-31": "2.12700", "2016-12-31": "2.07700", "2015-12-31": "1.15600", "2014-12-31": "1.13000", "2013-12-31": "0.88700", "2012-12-31": "", "2011-12-31": "0.00000", "2010-12-31": "0.00000"}, "Retained Earnings (Accumulated Deficit)": {"2019-12-31": "-1887.28500", "2018-12-31": "-1689.03800", "2017-12-31": "-1477.70900", "2016-12-31": "-1328.93700", "2015-12-31": "-1189.89000", "2014-12-31": "-1066.28000", "2013-12-31": "132.91400", "2012-12-31": "164.97400", "2011-12-31": "142.05000", "2010-12-31": ""}, "Comprehensive Income": {"2019-12-31": "", "2018-12-31": "", "2017-12-31": "", "2016-12-31": "", "2015-12-31": "", "2014-12-31": "", "2013-12-31": "", "2012-12-31": "", "2011-12-31": "", "2010-12-31": ""}, "Other Share Holders Equity": {"2019-12-31": "", "2018-12-31": "", "2017-12-31": "", "2016-12-31": "", "2015-12-31": "", "2014-12-31": "", "2013-12-31": "", "2012-12-31": "", "2011-12-31": "0.00000", "2010-12-31": "0.00000"}, "Share Holder Equity": {"2019-12-31": "2074.24500", "2018-12-31": "2265.60700", "2017-12-31": "2458.24700", "2016-12-31": "2433.86900", "2015-12-31": "-253.51400", "2014-12-31": "-176.29000", "2013-12-31": "137.45200", "2012-12-31": "236.33000", "2011-12-31": "219.91000", "2010-12-31": "0.00000"}, "Total Liabilities And Share Holders Equity": {"2019-12-31": "8434.29800", "2018-12-31": "8577.29300", "2017-12-31": "7246.88200", "2016-12-31": "7369.33000", "2015-12-31": "2448.15500", "2014-12-31": "2525.45400", "2013-12-31": "2609.23900", "2012-12-31": "267.07500", "2011-12-31": "261.34000", "2010-12-31": "0.00000"}}, "balance sheet, quarterly": {"Cash On Hand": {"2020-09-30": "105.89400", "2020-06-30": "74.05000", "2020-03-31": "559.54500", "2019-12-31": "26.82300", "2019-09-30": "25.55600", "2019-06-30": "24.73900", "2019-03-31": "30.33400", "2018-12-31": "25.78300", "2018-09-30": "1162.77400", "2018-06-30": "144.47200", "2018-03-31": "45.42000", "2017-12-31": "29.05400", "2017-09-30": "43.63400", "2017-06-30": "29.51000", "2017-03-31": "23.36100", "2016-12-31": "36.55600", "2016-09-30": "25.35900", "2016-06-30": "23.73900", "2016-03-31": "61.56100", "2015-12-31": "41.87500", "2015-09-30": "42.74000", "2015-06-30": "31.05900", "2015-03-31": "45.36700", "2014-12-31": "35.97300", "2014-09-30": "31.33400", "2014-06-30": "41.67900", "2014-03-31": "48.27800", "2013-12-31": "285.22100", "2013-09-30": "18.55000", "2013-06-30": "", "2013-03-31": "", "2012-12-31": "", "2012-09-30": "", "2012-06-30": "", "2011-12-31": "17.14000", "2010-12-31": ""}, "Receivables": {"2020-09-30": "", "2020-06-30": "", "2020-03-31": "", "2019-12-31": "", "2019-09-30": "", "2019-06-30": "", "2019-03-31": "", "2018-12-31": "13.00000", "2018-09-30": "13.99100", "2018-06-30": "13.49700", "2018-03-31": "13.00000", "2017-12-31": "13.00000", "2017-09-30": "13.00000", "2017-06-30": "13.00000", "2017-03-31": "13.00000", "2016-12-31": "26.20000", "2016-09-30": "26.73800", "2016-06-30": "27.27500", "2016-03-31": "27.81300", "2015-12-31": "29.35000", "2015-09-30": "32.38800", "2015-06-30": "32.92500", "2015-03-31": "33.46300", "2014-12-31": "34.00000", "2014-09-30": "35.00000", "2014-06-30": "36.00000", "2014-03-31": "41.00000", "2013-12-31": "", "2013-09-30": "47.34400", "2013-06-30": "", "2013-03-31": "", "2012-12-31": "", "2012-09-30": "", "2012-06-30": "", "2011-12-31": "", "2010-12-31": ""}, "Inventory": {"2020-09-30": "", "2020-06-30": "", "2020-03-31": "", "2019-12-31": "", "2019-09-30": "", "2019-06-30": "", "2019-03-31": "", "2018-12-31": "", "2018-09-30": "", "2018-06-30": "", "2018-03-31": "", "2017-12-31": "", "2017-09-30": "", "2017-06-30": "", "2017-03-31": "", "2016-12-31": "", "2016-09-30": "", "2016-06-30": "", "2016-03-31": "", "2015-12-31": "", "2015-09-30": "", "2015-06-30": "", "2015-03-31": "", "2014-12-31": "", "2014-09-30": "", "2014-06-30": "", "2014-03-31": "", "2013-12-31": "", "2013-09-30": "", "2013-06-30": "", "2013-03-31": "", "2012-12-31": "", "2012-09-30": "", "2012-06-30": "", "2011-12-31": "", "2010-12-31": ""}, "Pre-Paid Expenses": {"2020-09-30": "", "2020-06-30": "", "2020-03-31": "", "2019-12-31": "", "2019-09-30": "", "2019-06-30": "", "2019-03-31": "", "2018-12-31": "", "2018-09-30": "", "2018-06-30": "", "2018-03-31": "", "2017-12-31": "", "2017-09-30": "", "2017-06-30": "", "2017-03-31": "", "2016-12-31": "", "2016-09-30": "", "2016-06-30": "", "2016-03-31": "", "2015-12-31": "", "2015-09-30": "", "2015-06-30": "", "2015-03-31": "", "2014-12-31": "", "2014-09-30": "", "2014-06-30": "", "2014-03-31": "", "2013-12-31": "", "2013-09-30": "", "2013-06-30": "", "2013-03-31": "", "2012-12-31": "", "2012-09-30": "", "2012-06-30": "", "2011-12-31": "", "2010-12-31": ""}, "Other Current Assets": {"2020-09-30": "", "2020-06-30": "", "2020-03-31": "", "2019-12-31": "", "2019-09-30": "", "2019-06-30": "", "2019-03-31": "", "2018-12-31": "", "2018-09-30": "", "2018-06-30": "", "2018-03-31": "", "2017-12-31": "", "2017-09-30": "", "2017-06-30": "", "2017-03-31": "", "2016-12-31": "", "2016-09-30": "", "2016-06-30": "", "2016-03-31": "", "2015-12-31": "", "2015-09-30": "", "2015-06-30": "", "2015-03-31": "", "2014-12-31": "", "2014-09-30": "", "2014-06-30": "", "2014-03-31": "", "2013-12-31": "", "2013-09-30": "", "2013-06-30": "", "2013-03-31": "", "2012-12-31": "", "2012-09-30": "", "2012-06-30": "", "2011-12-31": "", "2010-12-31": ""}, "Total Current Assets": {"2020-09-30": "105.89400", "2020-06-30": "320.05000", "2020-03-31": "863.22900", "2019-12-31": "330.50700", "2019-09-30": "329.24000", "2019-06-30": "328.42300", "2019-03-31": "334.01800", "2018-12-31": "342.46700", "2018-09-30": "1176.76500", "2018-06-30": "157.96900", "2018-03-31": "58.42000", "2017-12-31": "42.05400", "2017-09-30": "56.63400", "2017-06-30": "42.51000", "2017-03-31": "36.36100", "2016-12-31": "62.75600", "2016-09-30": "52.09700", "2016-06-30": "51.01400", "2016-03-31": "89.37400", "2015-12-31": "71.22500", "2015-09-30": "75.12800", "2015-06-30": "63.98400", "2015-03-31": "78.83000", "2014-12-31": "69.97300", "2014-09-30": "66.33400", "2014-06-30": "77.67900", "2014-03-31": "89.27800", "2013-12-31": "285.22100", "2013-09-30": "65.89400", "2013-06-30": "", "2013-03-31": "", "2012-12-31": "", "2012-09-30": "", "2012-06-30": "", "2011-12-31": "17.14000", "2010-12-31": ""}, "Property, Plant, And Equipment": {"2020-09-30": "7635.40300", "2020-06-30": "7447.01100", "2020-03-31": "7138.71900", "2019-12-31": "7194.63500", "2019-09-30": "7250.59700", "2019-06-30": "7307.24700", "2019-03-31": "7374.10900", "2018-12-31": "7432.34400", "2018-09-30": "3687.06800", "2018-06-30": "3716.40700", "2018-03-31": "3743.20800", "2017-12-31": "3770.33800", "2017-09-30": "3797.55000", "2017-06-30": "3826.72300", "2017-03-31": "3830.63700", "2016-12-31": "3858.51800", "2016-09-30": "3890.15600", "2016-06-30": "3589.49700", "2016-03-31": "2193.13100", "2015-12-31": "2219.80600", "2015-09-30": "2245.29800", "2015-06-30": "2270.07800", "2015-03-31": "2293.53600", "2014-12-31": "2314.15200", "2014-09-30": "2337.99500", "2014-06-30": "2317.62300", "2014-03-31": "2295.53900", "2013-12-31": "2149.42400", "2013-09-30": "111.18500", "2013-06-30": "113.99000", "2013-03-31": "", "2012-12-31": "", "2012-09-30": "", "2012-06-30": "", "2011-12-31": "128.09000", "2010-12-31": ""}, "Long-Term Investments": {"2020-09-30": "", "2020-06-30": "", "2020-03-31": "", "2019-12-31": "", "2019-09-30": "", "2019-06-30": "", "2019-03-31": "", "2018-12-31": "", "2018-09-30": "", "2018-06-30": "", "2018-03-31": "", "2017-12-31": "", "2017-09-30": "", "2017-06-30": "", "2017-03-31": "", "2016-12-31": "", "2016-09-30": "", "2016-06-30": "", "2016-03-31": "", "2015-12-31": "", "2015-09-30": "", "2015-06-30": "", "2015-03-31": "", "2014-12-31": "", "2014-09-30": "", "2014-06-30": "", "2014-03-31": "", "2013-12-31": "", "2013-09-30": "", "2013-06-30": "", "2013-03-31": "", "2012-12-31": "", "2012-09-30": "", "2012-06-30": "", "2011-12-31": "", "2010-12-31": ""}, "Goodwill And Intangible Assets": {"2020-09-30": "853.77400", "2020-06-30": "857.19600", "2020-03-31": "860.67100", "2019-12-31": "864.37800", "2019-09-30": "884.93700", "2019-06-30": "888.57100", "2019-03-31": "898.30000", "2018-12-31": "698.85100", "2018-09-30": "717.06400", "2018-06-30": "719.79100", "2018-03-31": "722.51900", "2017-12-31": "725.24600", "2017-09-30": "727.97400", "2017-06-30": "730.70100", "2017-03-31": "673.54500", "2016-12-31": "675.85600", "2016-09-30": "678.16700", "2016-06-30": "680.47800", "2016-03-31": "85.09800", "2015-12-31": "85.09800", "2015-09-30": "85.09800", "2015-06-30": "85.09800", "2015-03-31": "85.09800", "2014-12-31": "85.09800", "2014-09-30": "85.09800", "2014-06-30": "85.09800", "2014-03-31": "85.09800", "2013-12-31": "85.09800", "2013-09-30": "85.09800", "2013-06-30": "85.09000", "2013-03-31": "0.00000", "2012-12-31": "", "2012-09-30": "0.00000", "2012-06-30": "0.00000", "2011-12-31": "85.09000", "2010-12-31": "0.00000"}, "Other Long-Term Assets": {"2020-09-30": "36.25800", "2020-06-30": "34.60700", "2020-03-31": "31.01300", "2019-12-31": "38.72200", "2019-09-30": "34.16600", "2019-06-30": "33.90200", "2019-03-31": "34.87700", "2018-12-31": "98.45300", "2018-09-30": "2710.02800", "2018-06-30": "2689.62400", "2018-03-31": "2691.79000", "2017-12-31": "2704.76600", "2017-09-30": "2746.75200", "2017-06-30": "2752.04000", "2017-03-31": "2769.17800", "2016-12-31": "2768.27800", "2016-09-30": "2797.51600", "2016-06-30": "2824.78000", "2016-03-31": "66.12600", "2015-12-31": "69.57900", "2015-09-30": "106.82400", "2015-06-30": "93.65900", "2015-03-31": "92.63700", "2014-12-31": "53.53700", "2014-09-30": "103.74300", "2014-06-30": "99.34400", "2014-03-31": "90.04400", "2013-12-31": "87.26800", "2013-09-30": "3.02100", "2013-06-30": "47.50000", "2013-03-31": "", "2012-12-31": "", "2012-09-30": "", "2012-06-30": "", "2011-12-31": "29.35000", "2010-12-31": ""}, "Total Long-Term Assets": {"2020-09-30": "8531.08900", "2020-06-30": "8345.37500", "2020-03-31": "8035.93200", "2019-12-31": "8103.79200", "2019-09-30": "8175.51200", "2019-06-30": "8235.44100", "2019-03-31": "8312.81400", "2018-12-31": "8234.82600", "2018-09-30": "7119.13300", "2018-06-30": "7130.59100", "2018-03-31": "7162.02700", "2017-12-31": "7204.82800", "2017-09-30": "7278.17400", "2017-06-30": "7314.71000", "2017-03-31": "7278.03900", "2016-12-31": "7306.57400", "2016-09-30": "7369.22300", "2016-06-30": "7098.04800", "2016-03-31": "2346.85500", "2015-12-31": "2376.93000", "2015-09-30": "2440.98700", "2015-06-30": "2451.99000", "2015-03-31": "2473.64700", "2014-12-31": "2455.48100", "2014-09-30": "2529.10300", "2014-06-30": "2503.99800", "2014-03-31": "2472.60800", "2013-12-31": "2324.01800", "2013-09-30": "201.28900", "2013-06-30": "246.58000", "2013-03-31": "", "2012-12-31": "", "2012-09-30": "", "2012-06-30": "", "2011-12-31": "242.53000", "2010-12-31": ""}, "Total Assets": {"2020-09-30": "8636.98300", "2020-06-30": "8665.42500", "2020-03-31": "8899.16100", "2019-12-31": "8434.29800", "2019-09-30": "8504.75200", "2019-06-30": "8563.86400", "2019-03-31": "8646.83200", "2018-12-31": "8577.29300", "2018-09-30": "8295.89800", "2018-06-30": "7288.56000", "2018-03-31": "7220.44700", "2017-12-31": "7246.88200", "2017-09-30": "7334.80800", "2017-06-30": "7357.22000", "2017-03-31": "7314.39900", "2016-12-31": "7369.33000", "2016-09-30": "7421.32000", "2016-06-30": "7149.06200", "2016-03-31": "2436.22900", "2015-12-31": "2448.15500", "2015-09-30": "2516.11500", "2015-06-30": "2515.97400", "2015-03-31": "2552.47700", "2014-12-31": "2525.45400", "2014-09-30": "2595.43700", "2014-06-30": "2581.67700", "2014-03-31": "2561.88600", "2013-12-31": "2609.23900", "2013-09-30": "267.18300", "2013-06-30": "0.00000", "2013-03-31": "0.00000", "2012-12-31": "0.00000", "2012-09-30": "0.00000", "2012-06-30": "0.00000", "2011-12-31": "261.34000", "2010-12-31": "0.00000"}, "Total Current Liabilities": {"2020-09-30": "93.06700", "2020-06-30": "66.53300", "2020-03-31": "87.05500", "2019-12-31": "81.76100", "2019-09-30": "101.55300", "2019-06-30": "68.40900", "2019-03-31": "111.72400", "2018-12-31": "95.07900", "2018-09-30": "117.68800", "2018-06-30": "60.65600", "2018-03-31": "85.16000", "2017-12-31": "52.67800", "2017-09-30": "91.27700", "2017-06-30": "45.79800", "2017-03-31": "86.03400", "2016-12-31": "52.03100", "2016-09-30": "89.46600", "2016-06-30": "49.47100", "2016-03-31": "60.77700", "2015-12-31": "41.32800", "2015-09-30": "65.82200", "2015-06-30": "38.20100", "2015-03-31": "57.87500", "2014-12-31": "39.85700", "2014-09-30": "77.72300", "2014-06-30": "84.42800", "2014-03-31": "82.59300", "2013-12-31": "63.57200", "2013-09-30": "8.93500", "2013-06-30": "8.96000", "2013-03-31": "", "2012-12-31": "", "2012-09-30": "", "2012-06-30": "", "2011-12-31": "10.65000", "2010-12-31": ""}, "Long Term Debt": {"2020-09-30": "5752.25200", "2020-06-30": "5768.33000", "2020-03-31": "6255.71400", "2019-12-31": "5737.96200", "2019-09-30": "5749.13600", "2019-06-30": "5796.99000", "2019-03-31": "5795.12200", "2018-12-31": "5853.49700", "2018-09-30": "5449.14700", "2018-06-30": "4506.74400", "2018-03-31": "4401.10700", "2017-12-31": "4442.88000", "2017-09-30": "4449.65200", "2017-06-30": "4521.42300", "2017-03-31": "4573.19400", "2016-12-31": "4664.96500", "2016-09-30": "4661.68300", "2016-06-30": "4513.45200", "2016-03-31": "2468.98500", "2015-12-31": "2510.34100", "2015-09-30": "2541.41400", "2015-06-30": "2566.43900", "2015-03-31": "2576.46300", "2014-12-31": "2570.36100", "2014-09-30": "2546.00000", "2014-06-30": "2526.00000", "2014-03-31": "2500.00000", "2013-12-31": "2350.00000", "2013-09-30": "", "2013-06-30": "", "2013-03-31": "", "2012-12-31": "", "2012-09-30": "", "2012-06-30": "", "2011-12-31": "", "2010-12-31": ""}, "Other Non-Current Liabilities": {"2020-09-30": "399.58800", "2020-06-30": "544.63400", "2020-03-31": "360.45700", "2019-12-31": "356.08000", "2019-09-30": "345.67200", "2019-06-30": "337.44700", "2019-03-31": "329.63900", "2018-12-31": "362.84900", "2018-09-30": "370.38800", "2018-06-30": "342.13500", "2018-03-31": "317.05300", "2017-12-31": "292.83300", "2017-09-30": "300.49500", "2017-06-30": "270.93800", "2017-03-31": "247.57100", "2016-12-31": "218.20000", "2016-09-30": "220.24600", "2016-06-30": "199.62000", "2016-03-31": "165.07600", "2015-12-31": "149.76800", "2015-09-30": "145.12800", "2015-06-30": "126.28100", "2015-03-31": "42.94100", "2014-12-31": "90.08300", "2014-09-30": "47.83000", "2014-06-30": "42.10300", "2014-03-31": "44.23800", "2013-12-31": "53.93300", "2013-09-30": "8.91800", "2013-06-30": "8.55000", "2013-03-31": "", "2012-12-31": "", "2012-09-30": "", "2012-06-30": "", "2011-12-31": "9.07000", "2010-12-31": ""}, "Total Long Term Liabilities": {"2020-09-30": "6152.17400", "2020-06-30": "6313.27100", "2020-03-31": "6616.50300", "2019-12-31": "6094.32100", "2019-09-30": "6095.07000", "2019-06-30": "6134.67000", "2019-03-31": "6125.01900", "2018-12-31": "6216.60700", "2018-09-30": "5819.81400", "2018-06-30": "4849.13600", "2018-03-31": "4718.43900", "2017-12-31": "4735.95700", "2017-09-30": "4750.42700", "2017-06-30": "4792.65500", "2017-03-31": "4821.02900", "2016-12-31": "4883.43000", "2016-09-30": "4882.19400", "2016-06-30": "4713.41900", "2016-03-31": "2634.26700", "2015-12-31": "2660.34100", "2015-09-30": "2686.87900", "2015-06-30": "2693.08600", "2015-03-31": "2620.14200", "2014-12-31": "2661.88700", "2014-09-30": "2595.61300", "2014-06-30": "2570.17100", "2014-03-31": "2547.32100", "2013-12-31": "2408.21500", "2013-09-30": "13.91000", "2013-06-30": "12.25000", "2013-03-31": "", "2012-12-31": "", "2012-09-30": "", "2012-06-30": "", "2011-12-31": "30.77000", "2010-12-31": ""}, "Total Liabilities": {"2020-09-30": "6427.70700", "2020-06-30": "6562.66000", "2020-03-31": "6886.85600", "2019-12-31": "6360.05300", "2019-09-30": "6398.12000", "2019-06-30": "6405.17700", "2019-03-31": "6439.14800", "2018-12-31": "6311.68600", "2018-09-30": "5937.50200", "2018-06-30": "4909.79200", "2018-03-31": "4803.59900", "2017-12-31": "4788.63500", "2017-09-30": "4841.70400", "2017-06-30": "4838.45300", "2017-03-31": "4907.06300", "2016-12-31": "4935.46100", "2016-09-30": "4971.66000", "2016-06-30": "4762.89000", "2016-03-31": "2695.04400", "2015-12-31": "2701.66900", "2015-09-30": "2752.70100", "2015-06-30": "2731.28700", "2015-03-31": "2678.01700", "2014-12-31": "2701.74400", "2014-09-30": "2673.33600", "2014-06-30": "2654.59900", "2014-03-31": "2629.91400", "2013-12-31": "2471.78700", "2013-09-30": "22.84500", "2013-06-30": "0.00000", "2013-03-31": "0.00000", "2012-12-31": "", "2012-09-30": "0.00000", "2012-06-30": "0.00000", "2011-12-31": "41.43000", "2010-12-31": "0.00000"}, "Common Stock Net": {"2020-09-30": "2.20700", "2020-06-30": "2.17800", "2020-03-31": "2.15100", "2019-12-31": "2.14700", "2019-09-30": "2.14700", "2019-06-30": "2.14700", "2019-03-31": "2.14600", "2018-12-31": "2.14200", "2018-09-30": "2.14000", "2018-06-30": "2.13700", "2018-03-31": "2.13500", "2017-12-31": "2.12700", "2017-09-30": "2.12600", "2017-06-30": "2.12200", "2017-03-31": "2.08100", "2016-12-31": "2.07700", "2016-09-30": "2.07100", "2016-06-30": "2.03400", "2016-03-31": "1.17000", "2015-12-31": "1.15600", "2015-09-30": "1.14700", "2015-06-30": "1.14400", "2015-03-31": "1.14200", "2014-12-31": "1.13000", "2014-09-30": "1.12400", "2014-06-30": "1.12300", "2014-03-31": "1.11800", "2013-12-31": "0.88700", "2013-09-30": "", "2013-06-30": "0.00000", "2013-03-31": "0.00000", "2012-12-31": "", "2012-09-30": "0.00000", "2012-06-30": "0.00000", "2011-12-31": "0.00000", "2010-12-31": "0.00000"}, "Retained Earnings (Accumulated Deficit)": {"2020-09-30": "-1753.79200", "2020-06-30": "-1854.70600", "2020-03-31": "-1941.18700", "2019-12-31": "-1887.28500", "2019-09-30": "-1851.07000", "2019-06-30": "-1795.40900", "2019-03-31": "-1742.23000", "2018-12-31": "-1689.03800", "2018-09-30": "-1589.13600", "2018-06-30": "-1558.88600", "2018-03-31": "-1516.06400", "2017-12-31": "-1477.70900", "2017-09-30": "-1436.80800", "2017-06-30": "-1399.68300", "2017-03-31": "-1364.24700", "2016-12-31": "-1328.93700", "2016-09-30": "-1297.91600", "2016-06-30": "-1262.99900", "2016-03-31": "-1222.81100", "2015-12-31": "-1189.89000", "2015-09-30": "-1156.40100", "2015-06-30": "-1126.68200", "2015-03-31": "-1030.29000", "2014-12-31": "-1066.28000", "2014-09-30": "-953.45800", "2014-06-30": "-943.90600", "2014-03-31": "-931.73400", "2013-12-31": "132.91400", "2013-09-30": "175.56800", "2013-06-30": "", "2013-03-31": "", "2012-12-31": "", "2012-09-30": "", "2012-06-30": "", "2011-12-31": "142.05000", "2010-12-31": ""}, "Comprehensive Income": {"2020-09-30": "", "2020-06-30": "", "2020-03-31": "", "2019-12-31": "", "2019-09-30": "", "2019-06-30": "", "2019-03-31": "", "2018-12-31": "", "2018-09-30": "", "2018-06-30": "", "2018-03-31": "", "2017-12-31": "", "2017-09-30": "", "2017-06-30": "", "2017-03-31": "", "2016-12-31": "", "2016-09-30": "", "2016-06-30": "", "2016-03-31": "", "2015-12-31": "", "2015-09-30": "", "2015-06-30": "", "2015-03-31": "", "2014-12-31": "", "2014-09-30": "", "2014-06-30": "", "2014-03-31": "", "2013-12-31": "", "2013-09-30": "", "2013-06-30": "", "2013-03-31": "", "2012-12-31": "", "2012-09-30": "", "2012-06-30": "", "2011-12-31": "", "2010-12-31": ""}, "Other Share Holders Equity": {"2020-09-30": "", "2020-06-30": "", "2020-03-31": "", "2019-12-31": "", "2019-09-30": "", "2019-06-30": "", "2019-03-31": "", "2018-12-31": "", "2018-09-30": "", "2018-06-30": "", "2018-03-31": "", "2017-12-31": "", "2017-09-30": "", "2017-06-30": "", "2017-03-31": "", "2016-12-31": "", "2016-09-30": "", "2016-06-30": "", "2016-03-31": "", "2015-12-31": "", "2015-09-30": "", "2015-06-30": "", "2015-03-31": "", "2014-12-31": "", "2014-09-30": "", "2014-06-30": "", "2014-03-31": "", "2013-12-31": "", "2013-09-30": "", "2013-06-30": "0.00000", "2013-03-31": "0.00000", "2012-12-31": "", "2012-09-30": "0.00000", "2012-06-30": "0.00000", "2011-12-31": "0.00000", "2010-12-31": "0.00000"}, "Share Holder Equity": {"2020-09-30": "2209.27600", "2020-06-30": "2102.76500", "2020-03-31": "2012.30500", "2019-12-31": "2074.24500", "2019-09-30": "2106.63200", "2019-06-30": "2158.68700", "2019-03-31": "2207.68400", "2018-12-31": "2265.60700", "2018-09-30": "2358.39600", "2018-06-30": "2378.76800", "2018-03-31": "2416.84800", "2017-12-31": "2458.24700", "2017-09-30": "2493.10400", "2017-06-30": "2518.76700", "2017-03-31": "2407.33600", "2016-12-31": "2433.86900", "2016-09-30": "2449.66000", "2016-06-30": "2386.17200", "2016-03-31": "-258.81500", "2015-12-31": "-253.51400", "2015-09-30": "-236.58600", "2015-06-30": "-215.31300", "2015-03-31": "-125.54000", "2014-12-31": "-176.29000", "2014-09-30": "-77.89900", "2014-06-30": "-72.92200", "2014-03-31": "-68.02800", "2013-12-31": "137.45200", "2013-09-30": "244.33800", "2013-06-30": "0.00000", "2013-03-31": "0.00000", "2012-12-31": "", "2012-09-30": "0.00000", "2012-06-30": "0.00000", "2011-12-31": "219.91000", "2010-12-31": "0.00000"}, "Total Liabilities And Share Holders Equity": {"2020-09-30": "8636.98300", "2020-06-30": "8665.42500", "2020-03-31": "8899.16100", "2019-12-31": "8434.29800", "2019-09-30": "8504.75200", "2019-06-30": "8563.86400", "2019-03-31": "8646.83200", "2018-12-31": "8577.29300", "2018-09-30": "8295.89800", "2018-06-30": "7288.56000", "2018-03-31": "7220.44700", "2017-12-31": "7246.88200", "2017-09-30": "7334.80800", "2017-06-30": "7357.22000", "2017-03-31": "7314.39900", "2016-12-31": "7369.33000", "2016-09-30": "7421.32000", "2016-06-30": "7149.06200", "2016-03-31": "2436.22900", "2015-12-31": "2448.15500", "2015-09-30": "2516.11500", "2015-06-30": "2515.97400", "2015-03-31": "2552.47700", "2014-12-31": "2525.45400", "2014-09-30": "2595.43700", "2014-06-30": "2581.67700", "2014-03-31": "2561.88600", "2013-12-31": "2609.23900", "2013-09-30": "267.18300", "2013-06-30": "265.47000", "2013-03-31": "0.00000", "2012-12-31": "", "2012-09-30": "0.00000", "2012-06-30": "0.00000", "2011-12-31": "261.34000", "2010-12-31": "0.00000"}}, "cash flow statement": {"Net Income/Loss": {"2019-12-31": "390.88100", "2018-12-31": "339.51600", "2017-12-31": "380.59800", "2016-12-31": "289.30500", "2015-12-31": "128.12200", "2014-12-31": "138.80700", "2013-12-31": "14.85300", "2012-12-31": "22.91900", "2011-12-31": "26.68400", "2010-12-31": "15.33000"}, "Total Depreciation And Amortization - Cash Flow": {"2019-12-31": "270.42600", "2018-12-31": "219.98600", "2017-12-31": "136.86100", "2016-12-31": "130.86300", "2015-12-31": "123.79900", "2014-12-31": "114.90000", "2013-12-31": "30.19300", "2012-12-31": "14.09000", "2011-12-31": "14.56800", "2010-12-31": "10.80000"}, "Other Non-Cash Items": {"2019-12-31": "84.12300", "2018-12-31": "76.30000", "2017-12-31": "81.57600", "2016-12-31": "74.99500", "2015-12-31": "72.00800", "2014-12-31": "53.84000", "2013-12-31": "2.55800", "2012-12-31": "-0.23000", "2011-12-31": "-6.58900", "2010-12-31": ""}, "Total Non-Cash Items": {"2019-12-31": "354.54900", "2018-12-31": "296.28600", "2017-12-31": "218.43700", "2016-12-31": "205.85800", "2015-12-31": "195.80700", "2014-12-31": "168.74000", "2013-12-31": "32.75100", "2012-12-31": "13.86000", "2011-12-31": "7.97900", "2010-12-31": "10.80000"}, "Change In Accounts Receivable": {"2019-12-31": "", "2018-12-31": "", "2017-12-31": "", "2016-12-31": "", "2015-12-31": "", "2014-12-31": "", "2013-12-31": "", "2012-12-31": "", "2011-12-31": "", "2010-12-31": ""}, "Change In Inventories": {"2019-12-31": "", "2018-12-31": "", "2017-12-31": "", "2016-12-31": "", "2015-12-31": "", "2014-12-31": "", "2013-12-31": "", "2012-12-31": "", "2011-12-31": "", "2010-12-31": ""}, "Change In Accounts Payable": {"2019-12-31": "-1.50500", "2018-12-31": "1.79600", "2017-12-31": "-0.42100", "2016-12-31": "0.50600", "2015-12-31": "-0.94600", "2014-12-31": "-1.65000", "2013-12-31": "2.63800", "2012-12-31": "-0.26000", "2011-12-31": "-0.28800", "2010-12-31": ""}, "Change In Assets/Liabilities": {"2019-12-31": "-5.59800", "2018-12-31": "-1.26000", "2017-12-31": "-0.00200", "2016-12-31": "10.35300", "2015-12-31": "-8.76900", "2014-12-31": "-8.85700", "2013-12-31": "-0.97100", "2012-12-31": "1.23700", "2011-12-31": "-1.06000", "2010-12-31": ""}, "Total Change In Assets/Liabilities": {"2019-12-31": "4.87200", "2018-12-31": "18.63100", "2017-12-31": "-0.32400", "2016-12-31": "19.20700", "2015-12-31": "-4.24100", "2014-12-31": "-34.28800", "2013-12-31": "33.02800", "2012-12-31": "-10.03500", "2011-12-31": "22.17700", "2010-12-31": "-6.79000"}, "Cash Flow From Operating Activities": {"2019-12-31": "750.30200", "2018-12-31": "654.43300", "2017-12-31": "598.71100", "2016-12-31": "514.37000", "2015-12-31": "319.68800", "2014-12-31": "273.25900", "2013-12-31": "80.63200", "2012-12-31": "26.74400", "2011-12-31": "56.84000", "2010-12-31": "29.08000"}, "Net Change In Property, Plant, And Equipment": {"2019-12-31": "-2.81700", "2018-12-31": "-1.09300", "2017-12-31": "-2.32200", "2016-12-31": "-2.30700", "2015-12-31": "-18.79200", "2014-12-31": "-142.58900", "2013-12-31": "-16.27500", "2012-12-31": "-4.81000", "2011-12-31": "-8.17100", "2010-12-31": "-58.98000"}, "Net Change In Intangible Assets": {"2019-12-31": "", "2018-12-31": "", "2017-12-31": "", "2016-12-31": "", "2015-12-31": "", "2014-12-31": "", "2013-12-31": "", "2012-12-31": "", "2011-12-31": "", "2010-12-31": ""}, "Net Acquisitions/Divestitures": {"2019-12-31": "", "2018-12-31": "-1243.46600", "2017-12-31": "-83.25200", "2016-12-31": "-3267.99200", "2015-12-31": "", "2014-12-31": "-140.73000", "2013-12-31": "", "2012-12-31": "", "2011-12-31": "", "2010-12-31": "0.00000"}, "Net Change In Short-term Investments": {"2019-12-31": "", "2018-12-31": "", "2017-12-31": "", "2016-12-31": "", "2015-12-31": "", "2014-12-31": "", "2013-12-31": "", "2012-12-31": "", "2011-12-31": "", "2010-12-31": ""}, "Net Change In Long-Term Investments": {"2019-12-31": "", "2018-12-31": "38.45900", "2017-12-31": "86.27200", "2016-12-31": "51.68300", "2015-12-31": "4.65000", "2014-12-31": "-34.00000", "2013-12-31": "", "2012-12-31": "", "2011-12-31": "", "2010-12-31": ""}, "Net Change In Investments - Total": {"2019-12-31": "", "2018-12-31": "38.45900", "2017-12-31": "86.27200", "2016-12-31": "51.68300", "2015-12-31": "4.65000", "2014-12-31": "-34.00000", "2013-12-31": "", "2012-12-31": "", "2011-12-31": "", "2010-12-31": "0.00000"}, "Investing Activities - Other": {"2019-12-31": "", "2018-12-31": "-303.68400", "2017-12-31": "", "2016-12-31": "", "2015-12-31": "", "2014-12-31": "", "2013-12-31": "", "2012-12-31": "", "2011-12-31": "", "2010-12-31": ""}, "Cash Flow From Investing Activities": {"2019-12-31": "-2.81700", "2018-12-31": "-1509.78400", "2017-12-31": "0.69800", "2016-12-31": "-3218.61600", "2015-12-31": "-14.14200", "2014-12-31": "-317.31900", "2013-12-31": "-16.27500", "2012-12-31": "-4.81000", "2011-12-31": "-8.17100", "2010-12-31": "-58.98000"}, "Net Long-Term Debt": {"2019-12-31": "-119.09590", "2018-12-31": "1429.28800", "2017-12-31": "-235.11200", "2016-12-31": "2174.89600", "2015-12-31": "-68.09800", "2014-12-31": "259.92600", "2013-12-31": "260.00000", "2012-12-31": "", "2011-12-31": "-0.90000", "2010-12-31": ""}, "Net Current Debt": {"2019-12-31": "", "2018-12-31": "", "2017-12-31": "", "2016-12-31": "", "2015-12-31": "", "2014-12-31": "", "2013-12-31": "", "2012-12-31": "", "2011-12-31": "", "2010-12-31": "0.00000"}, "Debt Issuance/Retirement Net - Total": {"2019-12-31": "-119.09590", "2018-12-31": "1429.28800", "2017-12-31": "-235.11200", "2016-12-31": "2174.89600", "2015-12-31": "-68.09800", "2014-12-31": "259.92600", "2013-12-31": "260.00000", "2012-12-31": "", "2011-12-31": "-0.90000", "2010-12-31": "-20.75000"}, "Net Common Equity Issued/Repurchased": {"2019-12-31": "-9.05800", "2018-12-31": "7.53700", "2017-12-31": "18.15700", "2016-12-31": "984.29400", "2015-12-31": "29.68600", "2014-12-31": "29.93100", "2013-12-31": "1.43100", "2012-12-31": "", "2011-12-31": "", "2010-12-31": ""}, "Net Total Equity Issued/Repurchased": {"2019-12-31": "-9.05800", "2018-12-31": "7.53700", "2017-12-31": "18.15700", "2016-12-31": "984.29400", "2015-12-31": "29.68600", "2014-12-31": "29.93100", "2013-12-31": "1.43100", "2012-12-31": "", "2011-12-31": "", "2010-12-31": "0.00000"}, "Total Common And Preferred Stock Dividends Paid": {"2019-12-31": "-589.12800", "2018-12-31": "-550.43500", "2017-12-31": "-529.37000", "2016-12-31": "-428.35200", "2015-12-31": "-251.73200", "2014-12-31": "-494.10400", "2013-12-31": "", "2012-12-31": "", "2011-12-31": "", "2010-12-31": "0.00000"}, "Financial Activities - Other": {"2019-12-31": "-29.16300", "2018-12-31": "-34.31000", "2017-12-31": "139.41400", "2016-12-31": "-31.91100", "2015-12-31": "-9.50000", "2014-12-31": "-0.94100", "2013-12-31": "-55.12900", "2012-12-31": "-24.51800", "2011-12-31": "-49.53600", "2010-12-31": "62.61000"}, "Cash Flow From Financial Activities": {"2019-12-31": "-746.44500", "2018-12-31": "852.08000", "2017-12-31": "-606.91100", "2016-12-31": "2698.92700", "2015-12-31": "-299.64400", "2014-12-31": "-205.18800", "2013-12-31": "206.30200", "2012-12-31": "-24.51800", "2011-12-31": "-50.43600", "2010-12-31": "41.86000"}, "Net Cash Flow": {"2019-12-31": "1.04000", "2018-12-31": "-3.27100", "2017-12-31": "-7.50200", "2016-12-31": "-5.31900", "2015-12-31": "5.90200", "2014-12-31": "-249.24800", "2013-12-31": "270.65900", "2012-12-31": "-2.58400", "2011-12-31": "-1.76700", "2010-12-31": "11.96000"}, "Stock-Based Compensation": {"2019-12-31": "16.19800", "2018-12-31": "11.15200", "2017-12-31": "15.63600", "2016-12-31": "18.31200", "2015-12-31": "16.81100", "2014-12-31": "12.25800", "2013-12-31": "1.56600", "2012-12-31": "", "2011-12-31": "", "2010-12-31": ""}, "Common Stock Dividends Paid": {"2019-12-31": "-589.12800", "2018-12-31": "-550.43500", "2017-12-31": "-529.37000", "2016-12-31": "-428.35200", "2015-12-31": "-251.73200", "2014-12-31": "-494.10400", "2013-12-31": "", "2012-12-31": "", "2011-12-31": "", "2010-12-31": ""}}, "cash flow statement, quarterly": {"Net Income/Loss": {"2020-09-30": 127.126, "2020-06-30": 112.35, "2020-03-31": "96.89400", "2019-12-31": 114.291, "2019-09-30": 90.547, "2019-06-30": 93.033, "2019-03-31": "93.01000", "2018-12-31": 45.931, "2018-09-30": 104.815, "2018-06-30": 91.998, "2018-03-31": "96.77200", "2017-12-31": 93.259, "2017-09-30": 97.014, "2017-06-30": 96.334, "2017-03-31": "93.99100", "2016-12-31": 93.692, "2016-09-30": 89.6, "2016-06-30": 73.264, "2016-03-31": "32.74900", "2015-12-31": 29.773, "2015-09-30": 33.229, "2015-06-30": 31.989, "2015-03-31": "33.13100", "2014-12-31": 30.202, "2014-09-30": 37.313, "2014-06-30": 26.98, "2014-03-31": "44.31200", "2013-12-31": 4.259, "2013-09-30": 2.681, "2013-06-30": 4.699, "2013-03-31": "3.21400", "2012-12-31": 2.096, "2012-09-30": 4.534, "2012-06-30": -10.4, "2011-12-31": 11.35, "2010-12-31": 15.33}, "Total Depreciation And Amortization - Cash Flow": {"2020-09-30": 63.77, "2020-06-30": 63.003, "2020-03-31": "62.35300", "2019-12-31": 62.568, "2019-09-30": 63.129, "2019-06-30": 80.17, "2019-03-31": "64.55900", "2018-12-31": 119.782, "2018-09-30": 32.976, "2018-06-30": 33.29, "2018-03-31": "33.93800", "2017-12-31": 34.152, "2017-09-30": 34.616, "2017-06-30": 34.268, "2017-03-31": "33.82500", "2016-12-31": 33.855, "2016-09-30": 32.733, "2016-06-30": 31.61, "2016-03-31": "32.66500", "2015-12-31": 33.484, "2015-09-30": 31.248, "2015-06-30": 29.636, "2015-03-31": "29.43100", "2014-12-31": 29.465, "2014-09-30": 28.546, "2014-06-30": 28.36, "2014-03-31": "28.52900", "2013-12-31": 19.367, "2013-09-30": 3.611, "2013-06-30": 3.627, "2013-03-31": "3.58800", "2012-12-31": 3.451, "2012-09-30": 3.569, "2012-06-30": -7.49, "2011-12-31": 3.76, "2010-12-31": 10.8}, "Other Non-Cash Items": {"2020-09-30": 5.142, "2020-06-30": 4.683, "2020-03-31": "30.24700", "2019-12-31": 12.304, "2019-09-30": 33.477, "2019-06-30": 12.614, "2019-03-31": "25.72800", "2018-12-31": 16.735, "2018-09-30": 18.148, "2018-06-30": 20.649, "2018-03-31": "20.76800", "2017-12-31": 21.701, "2017-09-30": 20.067, "2017-06-30": 19.717, "2017-03-31": "20.09100", "2016-12-31": 20.219, "2016-09-30": 18.54, "2016-06-30": 17.802, "2016-03-31": "18.43400", "2015-12-31": 19.571, "2015-09-30": 17.49, "2015-06-30": 16.982, "2015-03-31": "17.96500", "2014-12-31": 17.428, "2014-09-30": 13.053, "2014-06-30": 22.148, "2014-03-31": "1.21100", "2013-12-31": 5.14, "2013-09-30": -2.179, "2013-06-30": -0.503, "2013-03-31": "0.10000", "2012-12-31": -0.702, "2012-09-30": 0.702, "2012-06-30": 0, "2011-12-31": 0, "2010-12-31": 0}, "Total Non-Cash Items": {"2020-09-30": 68.912, "2020-06-30": 67.686, "2020-03-31": "92.60000", "2019-12-31": 74.872, "2019-09-30": 96.606, "2019-06-30": 92.784, "2019-03-31": "90.28700", "2018-12-31": 136.517, "2018-09-30": 51.124, "2018-06-30": 53.939, "2018-03-31": "54.70600", "2017-12-31": 55.853, "2017-09-30": 54.683, "2017-06-30": 53.985, "2017-03-31": "53.91600", "2016-12-31": 54.074, "2016-09-30": 51.273, "2016-06-30": 49.412, "2016-03-31": "51.09900", "2015-12-31": 53.055, "2015-09-30": 48.738, "2015-06-30": 46.618, "2015-03-31": "47.39600", "2014-12-31": 46.893, "2014-09-30": 41.599, "2014-06-30": 50.508, "2014-03-31": "29.74000", "2013-12-31": 24.507, "2013-09-30": 1.432, "2013-06-30": 3.124, "2013-03-31": "3.68800", "2012-12-31": 2.749, "2012-09-30": 4.271, "2012-06-30": -7.49, "2011-12-31": 3.76, "2010-12-31": 10.8}, "Change In Accounts Receivable": {"2020-09-30": 0, "2020-06-30": 0, "2020-03-31": "", "2019-12-31": 0, "2019-09-30": 0, "2019-06-30": 0, "2019-03-31": "", "2018-12-31": 0, "2018-09-30": 0, "2018-06-30": 0, "2018-03-31": "", "2017-12-31": 0, "2017-09-30": 0, "2017-06-30": 0, "2017-03-31": "", "2016-12-31": 0, "2016-09-30": 0, "2016-06-30": 0, "2016-03-31": "", "2015-12-31": 0, "2015-09-30": 0, "2015-06-30": 0, "2015-03-31": "", "2014-12-31": 0, "2014-09-30": 0, "2014-06-30": 0, "2014-03-31": "", "2013-12-31": 0, "2013-09-30": 0, "2013-06-30": 0, "2013-03-31": "", "2012-12-31": -0.804, "2012-09-30": 0.804, "2012-06-30": 0, "2011-12-31": 0, "2010-12-31": 0}, "Change In Inventories": {"2020-09-30": 0, "2020-06-30": 0, "2020-03-31": "", "2019-12-31": 0, "2019-09-30": 0, "2019-06-30": 0, "2019-03-31": "", "2018-12-31": 0, "2018-09-30": 0, "2018-06-30": 0, "2018-03-31": "", "2017-12-31": 0, "2017-09-30": 0, "2017-06-30": 0, "2017-03-31": "", "2016-12-31": 0, "2016-09-30": 0, "2016-06-30": 0, "2016-03-31": "", "2015-12-31": 0, "2015-09-30": 0, "2015-06-30": 0, "2015-03-31": "", "2014-12-31": 0, "2014-09-30": 0, "2014-06-30": 0, "2014-03-31": "", "2013-12-31": 0, "2013-09-30": 0, "2013-06-30": 0, "2013-03-31": "", "2012-12-31": 0, "2012-09-30": 0, "2012-06-30": 0, "2011-12-31": 0, "2010-12-31": 0}, "Change In Accounts Payable": {"2020-09-30": -0.282, "2020-06-30": 0.785, "2020-03-31": "-0.66700", "2019-12-31": 0.84, "2019-09-30": -0.005, "2019-06-30": -0.531, "2019-03-31": "-1.80900", "2018-12-31": 0.66, "2018-09-30": 1.39, "2018-06-30": -0.029, "2018-03-31": "-0.22500", "2017-12-31": 0.28, "2017-09-30": 0.003, "2017-06-30": -0.523, "2017-03-31": "-0.18100", "2016-12-31": 0.449, "2016-09-30": 0.302, "2016-06-30": -0.29, "2016-03-31": "0.04500", "2015-12-31": -0.962, "2015-09-30": 0.681, "2015-06-30": 0.68, "2015-03-31": "-1.34500", "2014-12-31": -0.17, "2014-09-30": -9.663, "2014-06-30": 8.14, "2014-03-31": "0.04300", "2013-12-31": 2.264, "2013-09-30": 0.239, "2013-06-30": -0.042, "2013-03-31": "0.17700", "2012-12-31": 0.099, "2012-09-30": -0.099, "2012-06-30": 0, "2011-12-31": 0, "2010-12-31": 0}, "Change In Assets/Liabilities": {"2020-09-30": -140.45, "2020-06-30": -129.799, "2020-03-31": "2.20000", "2019-12-31": -2.182, "2019-09-30": -0.229, "2019-06-30": 0.847, "2019-03-31": "-4.03400", "2018-12-31": -1.626, "2018-09-30": 1.036, "2018-06-30": -0.213, "2018-03-31": "-0.45700", "2017-12-31": -1.444, "2017-09-30": 1.196, "2017-06-30": 1.133, "2017-03-31": "-0.88700", "2016-12-31": -1.515, "2016-09-30": 15.54, "2016-06-30": -8.022, "2016-03-31": "4.35000", "2015-12-31": -6.74, "2015-09-30": -5.088, "2015-06-30": 2.178, "2015-03-31": "0.88100", "2014-12-31": -2.905, "2014-09-30": 2.253, "2014-06-30": -9.38, "2014-03-31": "1.17500", "2013-12-31": -0.53, "2013-09-30": -0.561, "2013-06-30": 0.096, "2013-03-31": "0.02400", "2012-12-31": -0.25, "2012-09-30": 0.25, "2012-06-30": 0, "2011-12-31": 0, "2010-12-31": 0}, "Total Change In Assets/Liabilities": {"2020-09-30": -115.22, "2020-06-30": -149.108, "2020-03-31": "9.29100", "2019-12-31": -22.547, "2019-09-30": 32.452, "2019-06-30": -43.159, "2019-03-31": "38.12600", "2018-12-31": -46.233, "2018-09-30": 56.657, "2018-06-30": -26.071, "2018-03-31": "34.27800", "2017-12-31": -39.505, "2017-09-30": 45.167, "2017-06-30": -42.768, "2017-03-31": "36.78200", "2016-12-31": -38.841, "2016-09-30": 54.23, "2016-06-30": -16.192, "2016-03-31": "20.01000", "2015-12-31": -29.965, "2015-09-30": 22.789, "2015-06-30": -17.297, "2015-03-31": "20.23200", "2014-12-31": -24.843, "2014-09-30": 15.874, "2014-06-30": -30.994, "2014-03-31": "5.67500", "2013-12-31": 38.658, "2013-09-30": 2.663, "2013-06-30": 2.368, "2013-03-31": "-10.66100", "2012-12-31": 1.164, "2012-09-30": 0.456, "2012-06-30": -33.82, "2011-12-31": 28.96, "2010-12-31": -6.79}, "Cash Flow From Operating Activities": {"2020-09-30": 80.818, "2020-06-30": 30.928, "2020-03-31": "198.78500", "2019-12-31": 166.616, "2019-09-30": 219.605, "2019-06-30": 142.658, "2019-03-31": "221.42300", "2018-12-31": 136.215, "2018-09-30": 212.596, "2018-06-30": 119.866, "2018-03-31": "185.75600", "2017-12-31": 109.607, "2017-09-30": 196.864, "2017-06-30": 107.551, "2017-03-31": "184.68900", "2016-12-31": 108.925, "2016-09-30": 195.103, "2016-06-30": 106.484, "2016-03-31": "103.85800", "2015-12-31": 52.863, "2015-09-30": 104.756, "2015-06-30": 61.31, "2015-03-31": "100.75900", "2014-12-31": 52.252, "2014-09-30": 94.786, "2014-06-30": 46.494, "2014-03-31": "79.72700", "2013-12-31": 67.424, "2013-09-30": 6.776, "2013-06-30": 10.191, "2013-03-31": "-3.75900", "2012-12-31": 5.779, "2012-09-30": 9.591, "2012-06-30": -45.47, "2011-12-31": 27.76, "2010-12-31": 29.08}, "Net Change In Property, Plant, And Equipment": {"2020-09-30": -0.48, "2020-06-30": -0.488, "2020-03-31": "-0.64600", "2019-12-31": -0.771, "2019-09-30": -0.689, "2019-06-30": -1.009, "2019-03-31": "-0.34800", "2018-12-31": -1.265, "2018-09-30": 1.943, "2018-06-30": -0.949, "2018-03-31": "-0.82200", "2017-12-31": -0.971, "2017-09-30": 0.433, "2017-06-30": -1.294, "2017-03-31": "-0.49000", "2016-12-31": -1.422, "2016-09-30": 0.347, "2016-06-30": -0.838, "2016-03-31": "-0.39400", "2015-12-31": -3.102, "2015-09-30": -3.311, "2015-06-30": -5.793, "2015-03-31": "-6.58600", "2014-12-31": -16.113, "2014-09-30": -69.51, "2014-06-30": -32.093, "2014-03-31": "-24.87300", "2013-12-31": -13.249, "2013-09-30": -0.809, "2013-06-30": -1.322, "2013-03-31": "-0.89500", "2012-12-31": -1.364, "2012-09-30": -1.236, "2012-06-30": 5.96, "2011-12-31": 50.81, "2010-12-31": -58.98}, "Net Change In Intangible Assets": {"2020-09-30": 0, "2020-06-30": 0, "2020-03-31": "", "2019-12-31": 0, "2019-09-30": 0, "2019-06-30": 0, "2019-03-31": "", "2018-12-31": 0, "2018-09-30": 0, "2018-06-30": 0, "2018-03-31": "", "2017-12-31": 0, "2017-09-30": 0, "2017-06-30": 0, "2017-03-31": "", "2016-12-31": 0, "2016-09-30": 0, "2016-06-30": 0, "2016-03-31": "", "2015-12-31": 0, "2015-09-30": 0, "2015-06-30": 0, "2015-03-31": "", "2014-12-31": 0, "2014-09-30": 0, "2014-06-30": 0, "2014-03-31": "", "2013-12-31": 0, "2013-09-30": 0, "2013-06-30": 0, "2013-03-31": "", "2012-12-31": 0, "2012-09-30": 0, "2012-06-30": 0, "2011-12-31": 0, "2010-12-31": 0}, "Net Acquisitions/Divestitures": {"2020-09-30": 0, "2020-06-30": 0, "2020-03-31": "", "2019-12-31": 0, "2019-09-30": 0, "2019-06-30": 0, "2019-03-31": "", "2018-12-31": -1227.914, "2018-09-30": -15.552, "2018-06-30": 0, "2018-03-31": "", "2017-12-31": 0, "2017-09-30": -0.386, "2017-06-30": -82.866, "2017-03-31": "", "2016-12-31": -0.869, "2016-09-30": -326.633, "2016-06-30": -2940.49, "2016-03-31": "", "2015-12-31": 0, "2015-09-30": 0, "2015-06-30": 0, "2015-03-31": "", "2014-12-31": 0, "2014-09-30": 0, "2014-06-30": 0, "2014-03-31": "-140.73000", "2013-12-31": 0, "2013-09-30": 0, "2013-06-30": 0, "2013-03-31": "", "2012-12-31": 0, "2012-09-30": 0, "2012-06-30": 0, "2011-12-31": 0, "2010-12-31": 0}, "Net Change In Short-term Investments": {"2020-09-30": 0, "2020-06-30": 0, "2020-03-31": "", "2019-12-31": 0, "2019-09-30": 0, "2019-06-30": 0, "2019-03-31": "", "2018-12-31": 0, "2018-09-30": 0, "2018-06-30": 0, "2018-03-31": "", "2017-12-31": 0, "2017-09-30": 0, "2017-06-30": 0, "2017-03-31": "", "2016-12-31": 0, "2016-09-30": 0, "2016-06-30": 0, "2016-03-31": "", "2015-12-31": 0, "2015-09-30": 0, "2015-06-30": 0, "2015-03-31": "", "2014-12-31": 0, "2014-09-30": 0, "2014-06-30": 0, "2014-03-31": "", "2013-12-31": 0, "2013-09-30": 0, "2013-06-30": 0, "2013-03-31": "", "2012-12-31": 0, "2012-09-30": 0, "2012-06-30": 0, "2011-12-31": 0, "2010-12-31": 0}, "Net Change In Long-Term Investments": {"2020-09-30": 0, "2020-06-30": 0, "2020-03-31": "", "2019-12-31": 0, "2019-09-30": 0, "2019-06-30": 0, "2019-03-31": "", "2018-12-31": 1.218, "2018-09-30": 8.002, "2018-06-30": 11.03, "2018-03-31": "18.20900", "2017-12-31": 18.613, "2017-09-30": 18.614, "2017-06-30": 18.232, "2017-03-31": "30.81300", "2016-12-31": 18.542, "2016-09-30": 18.541, "2016-06-30": 13.063, "2016-03-31": "1.53700", "2015-12-31": 3.037, "2015-09-30": 0.538, "2015-06-30": 0.537, "2015-03-31": "0.53800", "2014-12-31": 1, "2014-09-30": 1, "2014-06-30": 5, "2014-03-31": "-41.00000", "2013-12-31": 0, "2013-09-30": 0, "2013-06-30": 0, "2013-03-31": "", "2012-12-31": 0, "2012-09-30": 0, "2012-06-30": 0, "2011-12-31": 0, "2010-12-31": 0}, "Net Change In Investments - Total": {"2020-09-30": 0, "2020-06-30": 0, "2020-03-31": "", "2019-12-31": 0, "2019-09-30": 0, "2019-06-30": 0, "2019-03-31": "", "2018-12-31": 1.218, "2018-09-30": 8.002, "2018-06-30": 11.03, "2018-03-31": "18.20900", "2017-12-31": 18.613, "2017-09-30": 18.614, "2017-06-30": 18.232, "2017-03-31": "30.81300", "2016-12-31": 18.542, "2016-09-30": 18.541, "2016-06-30": 13.063, "2016-03-31": "1.53700", "2015-12-31": 3.037, "2015-09-30": 0.538, "2015-06-30": 0.537, "2015-03-31": "0.53800", "2014-12-31": 1, "2014-09-30": 1, "2014-06-30": 5, "2014-03-31": "-41.00000", "2013-12-31": 0, "2013-09-30": 0, "2013-06-30": 0, "2013-03-31": "", "2012-12-31": 0, "2012-09-30": 0, "2012-06-30": 0, "2011-12-31": 0, "2010-12-31": 0}, "Investing Activities - Other": {"2020-09-30": 0, "2020-06-30": 0, "2020-03-31": "", "2019-12-31": 0, "2019-09-30": 0, "2019-06-30": 0, "2019-03-31": "", "2018-12-31": -303.684, "2018-09-30": 0, "2018-06-30": 0, "2018-03-31": "", "2017-12-31": 0, "2017-09-30": 0, "2017-06-30": 8.23, "2017-03-31": "-8.23000", "2016-12-31": 0, "2016-09-30": 0, "2016-06-30": 0, "2016-03-31": "", "2015-12-31": 0, "2015-09-30": 0.037, "2015-06-30": -0.001, "2015-03-31": "-0.03600", "2014-12-31": 0, "2014-09-30": 0, "2014-06-30": 3.356, "2014-03-31": "-3.35600", "2013-12-31": 0, "2013-09-30": 0, "2013-06-30": 0, "2013-03-31": "", "2012-12-31": 0, "2012-09-30": 0, "2012-06-30": 0, "2011-12-31": 0, "2010-12-31": 0}, "Cash Flow From Investing Activities": {"2020-09-30": -0.48, "2020-06-30": -0.488, "2020-03-31": "-0.64600", "2019-12-31": -0.771, "2019-09-30": -0.689, "2019-06-30": -1.009, "2019-03-31": "-0.34800", "2018-12-31": -1531.645, "2018-09-30": -5.607, "2018-06-30": 10.081, "2018-03-31": "17.38700", "2017-12-31": 17.642, "2017-09-30": 18.661, "2017-06-30": -57.698, "2017-03-31": "22.09300", "2016-12-31": 16.251, "2016-09-30": -307.745, "2016-06-30": -2928.265, "2016-03-31": "1.14300", "2015-12-31": -0.065, "2015-09-30": -2.736, "2015-06-30": -5.257, "2015-03-31": "-6.08400", "2014-12-31": -15.113, "2014-09-30": -68.51, "2014-06-30": -23.737, "2014-03-31": "-209.95900", "2013-12-31": -13.249, "2013-09-30": -0.809, "2013-06-30": -1.322, "2013-03-31": "-0.89500", "2012-12-31": -1.364, "2012-09-30": -1.236, "2012-06-30": 5.96, "2011-12-31": 50.81, "2010-12-31": -58.98}, "Net Long-Term Debt": {"2020-09-30": -17.364, "2020-06-30": -480.497, "2020-03-31": "513.39400", "2019-12-31": -14.031, "2019-09-30": -43.0039, "2019-06-30": -1.031, "2019-03-31": "-61.03000", "2018-12-31": 401.97, "2018-09-30": 950.919, "2018-06-30": 121.428, "2018-03-31": "-45.02900", "2017-12-31": -10.029, "2017-09-30": -75.028, "2017-06-30": -55.028, "2017-03-31": "-95.02700", "2016-12-31": -0.028, "2016-09-30": 144.975, "2016-06-30": 2071.974, "2016-03-31": "-42.02500", "2015-12-31": -0.025, "2015-09-30": -25.025, "2015-06-30": -10.024, "2015-03-31": "-33.02400", "2014-12-31": 63.926, "2014-09-30": 20, "2014-06-30": 25.992, "2014-03-31": "150.00800", "2013-12-31": 260, "2013-09-30": 0, "2013-06-30": 0, "2013-03-31": "", "2012-12-31": 0, "2012-09-30": 0, "2012-06-30": 0, "2011-12-31": 0, "2010-12-31": 0}, "Net Current Debt": {"2020-09-30": 0, "2020-06-30": 0, "2020-03-31": "", "2019-12-31": 0, "2019-09-30": 0, "2019-06-30": 0, "2019-03-31": "", "2018-12-31": 0, "2018-09-30": 0, "2018-06-30": 0, "2018-03-31": "", "2017-12-31": 0, "2017-09-30": 0, "2017-06-30": 0, "2017-03-31": "", "2016-12-31": 0, "2016-09-30": 0, "2016-06-30": 0, "2016-03-31": "", "2015-12-31": 0, "2015-09-30": 0, "2015-06-30": 0, "2015-03-31": "", "2014-12-31": 0, "2014-09-30": 0, "2014-06-30": 0, "2014-03-31": "", "2013-12-31": 0, "2013-09-30": 0, "2013-06-30": 0, "2013-03-31": "", "2012-12-31": 0, "2012-09-30": 0, "2012-06-30": 0, "2011-12-31": 0, "2010-12-31": 0}, "Debt Issuance/Retirement Net - Total": {"2020-09-30": -17.364, "2020-06-30": -480.497, "2020-03-31": "513.39400", "2019-12-31": -14.031, "2019-09-30": -43.0039, "2019-06-30": -1.031, "2019-03-31": "-61.03000", "2018-12-31": 401.97, "2018-09-30": 950.919, "2018-06-30": 121.428, "2018-03-31": "-45.02900", "2017-12-31": -10.029, "2017-09-30": -75.028, "2017-06-30": -55.028, "2017-03-31": "-95.02700", "2016-12-31": -0.028, "2016-09-30": 144.975, "2016-06-30": 2071.974, "2016-03-31": "-42.02500", "2015-12-31": -0.025, "2015-09-30": -25.025, "2015-06-30": -10.024, "2015-03-31": "-33.02400", "2014-12-31": 63.926, "2014-09-30": 20, "2014-06-30": 25.992, "2014-03-31": "150.00800", "2013-12-31": 260, "2013-09-30": 0, "2013-06-30": 0, "2013-03-31": "", "2012-12-31": 0, "2012-09-30": 0, "2012-06-30": 0.9, "2011-12-31": 19.85, "2010-12-31": -20.75}, "Net Common Equity Issued/Repurchased": {"2020-09-30": -2.706, "2020-06-30": -0.312, "2020-03-31": "-12.27300", "2019-12-31": -0.001, "2019-09-30": 0, "2019-06-30": -0.001, "2019-03-31": "-9.05600", "2018-12-31": 3.839, "2018-09-30": 6.603, "2018-06-30": 4.126, "2018-03-31": "-7.03100", "2017-12-31": -137.054, "2017-09-30": 7.766, "2017-06-30": 142.989, "2017-03-31": "4.45600", "2016-12-31": 10.765, "2016-09-30": 93.804, "2016-06-30": 856.636, "2016-03-31": "23.08900", "2015-12-31": 12.436, "2015-09-30": 4.322, "2015-06-30": 2.534, "2015-03-31": "10.39400", "2014-12-31": 9.635, "2014-09-30": 2.833, "2014-06-30": 4.142, "2014-03-31": "13.32100", "2013-12-31": 1.431, "2013-09-30": 0, "2013-06-30": 0, "2013-03-31": "", "2012-12-31": 0, "2012-09-30": 0, "2012-06-30": 0, "2011-12-31": 0, "2010-12-31": 0}, "Net Total Equity Issued/Repurchased": {"2020-09-30": -2.706, "2020-06-30": -0.312, "2020-03-31": "-12.27300", "2019-12-31": -0.001, "2019-09-30": 0, "2019-06-30": -0.001, "2019-03-31": "-9.05600", "2018-12-31": 3.839, "2018-09-30": 6.603, "2018-06-30": 4.126, "2018-03-31": "-7.03100", "2017-12-31": -137.054, "2017-09-30": 7.766, "2017-06-30": 142.989, "2017-03-31": "4.45600", "2016-12-31": 10.765, "2016-09-30": 93.804, "2016-06-30": 856.636, "2016-03-31": "23.08900", "2015-12-31": 12.436, "2015-09-30": 4.322, "2015-06-30": 2.534, "2015-03-31": "10.39400", "2014-12-31": 9.635, "2014-09-30": 2.833, "2014-06-30": 4.142, "2014-03-31": "13.32100", "2013-12-31": 1.431, "2013-09-30": 0, "2013-06-30": 0, "2013-03-31": "", "2012-12-31": 0, "2012-09-30": 0, "2012-06-30": 0, "2011-12-31": 0, "2010-12-31": 0}, "Total Common And Preferred Stock Dividends Paid": {"2020-09-30": -26.212, "2020-06-30": -25.869, "2020-03-31": "-150.79600", "2019-12-31": -150.506, "2019-09-30": -146.208, "2019-06-30": -146.212, "2019-03-31": "-146.20200", "2018-12-31": -145.833, "2018-09-30": -135.065, "2018-06-30": -134.82, "2018-03-31": "-134.71700", "2017-12-31": -134.16, "2017-09-30": -134.139, "2017-06-30": -131.77, "2017-03-31": "-129.30100", "2016-12-31": -124.713, "2016-09-30": -124.517, "2016-06-30": -113.452, "2016-03-31": "-65.67000", "2015-12-31": -63.262, "2015-09-30": -62.948, "2015-06-30": -62.871, "2015-03-31": "-62.65100", "2014-12-31": -105.426, "2014-09-30": -59.454, "2014-06-30": -59.184, "2014-03-31": "-270.04000", "2013-12-31": 0, "2013-09-30": 0, "2013-06-30": 0, "2013-03-31": "", "2012-12-31": 0, "2012-09-30": 0, "2012-06-30": 0, "2011-12-31": 0, "2010-12-31": 0}, "Financial Activities - Other": {"2020-09-30": -2.212, "2020-06-30": -9.257, "2020-03-31": "-15.74200", "2019-12-31": -0.04, "2019-09-30": -28.887, "2019-06-30": 0, "2019-03-31": "-0.23600", "2018-12-31": -1.537, "2018-09-30": -11.144, "2018-06-30": -21.629, "2018-03-31": "", "2017-12-31": 139.414, "2017-09-30": 0, "2017-06-30": 0.105, "2017-03-31": "-0.10500", "2016-12-31": -0.003, "2016-09-30": 0, "2016-06-30": -31.199, "2016-03-31": "-0.70900", "2015-12-31": -2.812, "2015-09-30": -6.688, "2015-06-30": 0, "2015-03-31": "", "2014-12-31": -0.635, "2014-09-30": 0, "2014-06-30": -0.306, "2014-03-31": "", "2013-12-31": -48.935, "2013-09-30": -5.817, "2013-06-30": -7.657, "2013-03-31": "7.28000", "2012-12-31": -4.76, "2012-09-30": -9.29, "2012-06-30": 39.07, "2011-12-31": -112.14, "2010-12-31": 62.61}, "Cash Flow From Financial Activities": {"2020-09-30": -48.494, "2020-06-30": -515.935, "2020-03-31": "334.58300", "2019-12-31": -164.578, "2019-09-30": -218.099, "2019-06-30": -147.244, "2019-03-31": "-216.52400", "2018-12-31": 258.439, "2018-09-30": 811.313, "2018-06-30": -30.895, "2018-03-31": "-186.77700", "2017-12-31": -141.829, "2017-09-30": -201.401, "2017-06-30": -43.704, "2017-03-31": "-219.97700", "2016-12-31": -113.979, "2016-09-30": 114.262, "2016-06-30": 2783.959, "2016-03-31": "-85.31500", "2015-12-31": -53.663, "2015-09-30": -90.339, "2015-06-30": -70.361, "2015-03-31": "-85.28100", "2014-12-31": -32.5, "2014-09-30": -36.621, "2014-06-30": -29.356, "2014-03-31": "-106.71100", "2013-12-31": 212.496, "2013-09-30": -5.817, "2013-06-30": -7.657, "2013-03-31": "7.28000", "2012-12-31": -4.76, "2012-09-30": -9.29, "2012-06-30": 39.97, "2011-12-31": -92.29, "2010-12-31": 41.86}, "Net Cash Flow": {"2020-09-30": 31.844, "2020-06-30": -485.495, "2020-03-31": "532.72200", "2019-12-31": 1.267, "2019-09-30": 0.817, "2019-06-30": -5.595, "2019-03-31": "4.55100", "2018-12-31": -1136.991, "2018-09-30": 1018.302, "2018-06-30": 99.052, "2018-03-31": "16.36600", "2017-12-31": -14.58, "2017-09-30": 14.124, "2017-06-30": 6.149, "2017-03-31": "-13.19500", "2016-12-31": 11.197, "2016-09-30": 1.62, "2016-06-30": -37.822, "2016-03-31": "19.68600", "2015-12-31": -0.865, "2015-09-30": 11.681, "2015-06-30": -14.308, "2015-03-31": "9.39400", "2014-12-31": 4.639, "2014-09-30": -10.345, "2014-06-30": -6.599, "2014-03-31": "-236.94300", "2013-12-31": 266.671, "2013-09-30": 0.15, "2013-06-30": 1.212, "2013-03-31": "2.62600", "2012-12-31": -0.345, "2012-09-30": -0.935, "2012-06-30": 0.46, "2011-12-31": -13.72, "2010-12-31": 11.96}, "Stock-Based Compensation": {"2020-09-30": 8.353, "2020-06-30": 4.064, "2020-03-31": "4.23500", "2019-12-31": 3.845, "2019-09-30": 3.845, "2019-06-30": 4.183, "2019-03-31": "4.32500", "2018-12-31": 3.274, "2018-09-30": 3.275, "2018-06-30": 0.616, "2018-03-31": "3.98700", "2017-12-31": 3.685, "2017-09-30": 3.695, "2017-06-30": 3.773, "2017-03-31": "4.48300", "2016-12-31": 4.508, "2016-09-30": 4.641, "2016-06-30": 4.591, "2016-03-31": "4.57200", "2015-12-31": 4.153, "2015-09-30": 4.153, "2015-06-30": 4.111, "2015-03-31": "4.39400", "2014-12-31": 3.635, "2014-09-30": 3.536, "2014-06-30": 3.136, "2014-03-31": "1.95100", "2013-12-31": 1.566, "2013-09-30": 0, "2013-06-30": 0, "2013-03-31": "", "2012-12-31": 0, "2012-09-30": 0, "2012-06-30": 0, "2011-12-31": 0, "2010-12-31": 0}, "Common Stock Dividends Paid": {"2020-09-30": -26.212, "2020-06-30": -25.869, "2020-03-31": "-150.79600", "2019-12-31": -150.506, "2019-09-30": -146.208, "2019-06-30": -146.212, "2019-03-31": "-146.20200", "2018-12-31": -145.833, "2018-09-30": -135.065, "2018-06-30": -134.82, "2018-03-31": "-134.71700", "2017-12-31": -134.16, "2017-09-30": -134.139, "2017-06-30": -131.77, "2017-03-31": "-129.30100", "2016-12-31": -124.713, "2016-09-30": -124.517, "2016-06-30": -113.452, "2016-03-31": "-65.67000", "2015-12-31": -63.262, "2015-09-30": -62.948, "2015-06-30": -62.871, "2015-03-31": "-62.65100", "2014-12-31": -105.426, "2014-09-30": -59.454, "2014-06-30": -59.184, "2014-03-31": "-270.04000", "2013-12-31": 0, "2013-09-30": 0, "2013-06-30": 0, "2013-03-31": "", "2012-12-31": 0, "2012-09-30": 0, "2012-06-30": 0, "2011-12-31": 0, "2010-12-31": 0}}, "financial ratios": {"Current Ratio": {"2019-12-31": "", "2018-12-31": "", "2017-12-31": "", "2016-12-31": "", "2015-12-31": "", "2014-12-31": "", "2013-12-31": "", "2012-12-31": "", "2011-12-31": "", "2010-12-31": ""}, "Long-term Debt / Capital": {"2019-12-31": "0.73450", "2018-12-31": "0.72100", "2017-12-31": "0.64380", "2016-12-31": "0.65710", "2015-12-31": "1.11230", "2014-12-31": "1.07360", "2013-12-31": "0.94470", "2012-12-31": "", "2011-12-31": "", "2010-12-31": ""}, "Debt/Equity Ratio": {"2019-12-31": "2.76630", "2018-12-31": "2.58360", "2017-12-31": "1.80730", "2016-12-31": "1.91670", "2015-12-31": "-9.90220", "2014-12-31": "-14.58030", "2013-12-31": "17.09690", "2012-12-31": "", "2011-12-31": "", "2010-12-31": ""}, "Gross Margin": {"2019-12-31": "", "2018-12-31": "", "2017-12-31": "", "2016-12-31": "", "2015-12-31": "", "2014-12-31": "", "2013-12-31": "", "2012-12-31": "", "2011-12-31": "", "2010-12-31": ""}, "Operating Margin": {"2019-12-31": "62.19680", "2018-12-31": "56.24660", "2017-12-31": "62.34050", "2016-12-31": "58.02840", "2015-12-31": "44.76370", "2014-12-31": "43.73540", "2013-12-31": "22.89430", "2012-12-31": "20.73080", "2011-12-31": "22.64620", "2010-12-31": "21.75430"}, "EBIT Margin": {"2019-12-31": "62.19680", "2018-12-31": "56.24660", "2017-12-31": "62.34050", "2016-12-31": "58.02840", "2015-12-31": "44.76370", "2014-12-31": "43.73540", "2013-12-31": "22.89430", "2012-12-31": "20.73080", "2011-12-31": "22.64620", "2010-12-31": "21.75430"}, "EBITDA Margin": {"2019-12-31": "85.64130", "2018-12-31": "77.08400", "2017-12-31": "76.43090", "2016-12-31": "73.82820", "2015-12-31": "66.29200", "2014-12-31": "63.17480", "2013-12-31": "35.71770", "2012-12-31": "27.41990", "2011-12-31": "28.92870", "2010-12-31": "29.29670"}, "Pre-Tax Profit Margin": {"2019-12-31": "34.30030", "2018-12-31": "32.62970", "2017-12-31": "40.19170", "2016-12-31": "35.84040", "2015-12-31": "23.57420", "2014-12-31": "24.34910", "2013-12-31": "12.93220", "2012-12-31": "17.73140", "2011-12-31": "19.64730", "2010-12-31": "18.33230"}, "Net Profit Margin": {"2019-12-31": "33.83740", "2018-12-31": "32.11450", "2017-12-31": "39.12010", "2016-12-31": "34.84880", "2015-12-31": "22.19010", "2014-12-31": "23.38630", "2013-12-31": "6.28450", "2012-12-31": "10.88050", "2011-12-31": "11.50750", "2010-12-31": "10.70610"}, "Asset Turnover": {"2019-12-31": "0.13680", "2018-12-31": "0.12310", "2017-12-31": "0.13400", "2016-12-31": "0.11240", "2015-12-31": "0.23490", "2014-12-31": "0.23400", "2013-12-31": "0.09020", "2012-12-31": "0.78870", "2011-12-31": "0.88730", "2010-12-31": ""}, "Inventory Turnover Ratio": {"2019-12-31": "", "2018-12-31": "", "2017-12-31": "", "2016-12-31": "", "2015-12-31": "", "2014-12-31": "", "2013-12-31": "", "2012-12-31": "", "2011-12-31": "", "2010-12-31": ""}, "Receiveable Turnover": {"2019-12-31": "", "2018-12-31": "", "2017-12-31": "", "2016-12-31": "", "2015-12-31": "", "2014-12-31": "", "2013-12-31": "", "2012-12-31": "", "2011-12-31": "", "2010-12-31": ""}, "Days Sales In Receivables": {"2019-12-31": "", "2018-12-31": "", "2017-12-31": "", "2016-12-31": "", "2015-12-31": "", "2014-12-31": "", "2013-12-31": "", "2012-12-31": "", "2011-12-31": "", "2010-12-31": ""}, "ROE - Return On Equity": {"2019-12-31": "18.84450", "2018-12-31": "14.98570", "2017-12-31": "15.48250", "2016-12-31": "11.88660", "2015-12-31": "-50.53840", "2014-12-31": "-78.73790", "2013-12-31": "10.80600", "2012-12-31": "9.69790", "2011-12-31": "12.13460", "2010-12-31": ""}, "Return On Tangible Equity": {"2019-12-31": "32.30780", "2018-12-31": "21.67000", "2017-12-31": "21.96180", "2016-12-31": "16.45640", "2015-12-31": "-37.83740", "2014-12-31": "-53.10390", "2013-12-31": "28.37040", "2012-12-31": "15.15490", "2011-12-31": "19.79230", "2010-12-31": ""}, "ROA - Return On Assets": {"2019-12-31": "4.63440", "2018-12-31": "3.95830", "2017-12-31": "5.25190", "2016-12-31": "3.92580", "2015-12-31": "5.23340", "2014-12-31": "5.49630", "2013-12-31": "0.56920", "2012-12-31": "8.58150", "2011-12-31": "10.21050", "2010-12-31": ""}, "ROI - Return On Investment": {"2019-12-31": "5.00350", "2018-12-31": "4.18170", "2017-12-31": "5.51500", "2016-12-31": "4.07540", "2015-12-31": "5.67710", "2014-12-31": "5.79790", "2013-12-31": "0.59710", "2012-12-31": "9.69790", "2011-12-31": "12.13410", "2010-12-31": ""}, "Book Value Per Share": {"2019-12-31": "9.66140", "2018-12-31": "10.57650", "2017-12-31": "11.55640", "2016-12-31": "11.71950", "2015-12-31": "-2.19310", "2014-12-31": "-1.56040", "2013-12-31": "1.55030", "2012-12-31": "", "2011-12-31": "", "2010-12-31": ""}, "Operating Cash Flow Per Share": {"2019-12-31": 0.4301, "2018-12-31": 0.2329, "2017-12-31": -0.0337, "2016-12-31": 0.1486, "2015-12-31": 0.3753, "2014-12-31": 1.628, "2013-12-31": 0.4646, "2012-12-31": -0.2604, "2011-12-31": 0.4917, "2010-12-31": 0}, "Free Cash Flow Per Share": {"2019-12-31": 0.4221, "2018-12-31": 0.2387, "2017-12-31": -0.0318, "2016-12-31": 0.2945, "2015-12-31": 1.4292, "2014-12-31": 0.5559, "2013-12-31": 0.3657, "2012-12-31": -0.2313, "2011-12-31": 0.421, "2010-12-31": 0}}, "financial ratios, quarterly": {"Current Ratio": {"2020-09-30": "", "2020-06-30": "", "2020-03-31": "", "2019-12-31": "", "2019-09-30": "", "2019-06-30": "", "2019-03-31": "", "2018-12-31": "", "2018-09-30": "", "2018-06-30": "", "2018-03-31": "", "2017-12-31": "", "2017-09-30": "", "2017-06-30": "", "2017-03-31": "", "2016-12-31": "", "2016-09-30": "", "2016-06-30": "", "2016-03-31": "", "2015-12-31": "", "2015-09-30": "", "2015-06-30": "", "2015-03-31": "", "2014-12-31": "", "2014-09-30": "", "2014-06-30": "", "2014-03-31": "", "2013-12-31": "", "2013-09-30": "", "2013-06-30": "", "2013-03-31": "", "2012-12-31": "", "2012-09-30": "", "2012-06-30": "", "2011-12-31": "", "2010-12-31": ""}, "Long-term Debt / Capital": {"2020-09-30": "0.72250", "2020-06-30": "0.73280", "2020-03-31": "0.75660", "2019-12-31": "0.73450", "2019-09-30": "0.73180", "2019-06-30": "0.72870", "2019-03-31": "0.72410", "2018-12-31": "0.72100", "2018-09-30": "0.69790", "2018-06-30": "0.65450", "2018-03-31": "0.64550", "2017-12-31": "0.64380", "2017-09-30": "0.64090", "2017-06-30": "0.64220", "2017-03-31": "0.65510", "2016-12-31": "0.65710", "2016-09-30": "0.65550", "2016-06-30": "0.65420", "2016-03-31": "1.11710", "2015-12-31": "1.11230", "2015-09-30": "1.10260", "2015-06-30": "1.09160", "2015-03-31": "1.05120", "2014-12-31": "1.07360", "2014-09-30": "1.03160", "2014-06-30": "1.02970", "2014-03-31": "1.02800", "2013-12-31": "0.94470", "2013-09-30": "", "2013-06-30": "", "2013-03-31": "", "2012-12-31": "", "2012-09-30": "", "2012-06-30": "", "2011-12-31": "", "2010-12-31": ""}, "Debt/Equity Ratio": {"2020-09-30": "2.60370", "2020-06-30": "2.74320", "2020-03-31": "3.10870", "2019-12-31": "2.76630", "2019-09-30": "2.72910", "2019-06-30": "2.68540", "2019-03-31": "2.62500", "2018-12-31": "2.58360", "2018-09-30": "2.31050", "2018-06-30": "1.89460", "2018-03-31": "1.82100", "2017-12-31": "1.80730", "2017-09-30": "1.78480", "2017-06-30": "1.79510", "2017-03-31": "1.89970", "2016-12-31": "1.91670", "2016-09-30": "1.90300", "2016-06-30": "1.89150", "2016-03-31": "-9.53960", "2015-12-31": "-9.90220", "2015-09-30": "-10.74200", "2015-06-30": "-11.91960", "2015-03-31": "-20.52300", "2014-12-31": "-14.58030", "2014-09-30": "-32.68340", "2014-06-30": "-34.63980", "2014-03-31": "-36.74960", "2013-12-31": "17.09690", "2013-09-30": "", "2013-06-30": "", "2013-03-31": "", "2012-12-31": "", "2012-09-30": "", "2012-06-30": "", "2011-12-31": "", "2010-12-31": ""}, "Gross Margin": {"2020-09-30": "", "2020-06-30": "", "2020-03-31": "", "2019-12-31": "", "2019-09-30": "", "2019-06-30": "", "2019-03-31": "", "2018-12-31": "", "2018-09-30": "", "2018-06-30": "", "2018-03-31": "", "2017-12-31": "", "2017-09-30": "", "2017-06-30": "", "2017-03-31": "", "2016-12-31": "", "2016-09-30": "", "2016-06-30": "", "2016-03-31": "", "2015-12-31": "", "2015-09-30": "", "2015-06-30": "", "2015-03-31": "", "2014-12-31": "", "2014-09-30": "", "2014-06-30": "", "2014-03-31": "", "2013-12-31": "", "2013-09-30": "", "2013-06-30": "", "2013-03-31": "", "2012-12-31": "", "2012-09-30": "", "2012-06-30": "", "2011-12-31": "", "2010-12-31": ""}, "Operating Margin": {"2020-09-30": "65.25720", "2020-06-30": "68.98400", "2020-03-31": "65.73610", "2019-12-31": "65.14410", "2019-09-30": "65.23550", "2019-06-30": "59.08630", "2019-03-31": "59.32490", "2018-12-31": "40.84310", "2018-09-30": "64.85980", "2018-06-30": "60.27870", "2018-03-31": "62.22130", "2017-12-31": "62.36760", "2017-09-30": "62.45210", "2017-06-30": "62.73690", "2017-03-31": "61.80390", "2016-12-31": "62.33820", "2016-09-30": "61.43220", "2016-06-30": "58.26410", "2016-03-31": "45.44890", "2015-12-31": "50.08430", "2015-09-30": "44.17760", "2015-06-30": "41.95120", "2015-03-31": "43.57620", "2014-12-31": "37.07940", "2014-09-30": "45.42560", "2014-06-30": "44.67600", "2014-03-31": "46.94940", "2013-12-31": "30.19670", "2013-09-30": "14.29360", "2013-06-30": "19.73000", "2013-03-31": "15.96750", "2012-12-31": "", "2012-09-30": "17.79680", "2012-06-30": "24.03320", "2011-12-31": "", "2010-12-31": ""}, "EBIT Margin": {"2020-09-30": "65.25720", "2020-06-30": "68.98400", "2020-03-31": "65.73610", "2019-12-31": "65.14410", "2019-09-30": "65.23550", "2019-06-30": "59.08630", "2019-03-31": "59.32490", "2018-12-31": "40.84310", "2018-09-30": "64.85980", "2018-06-30": "60.27870", "2018-03-31": "62.22130", "2017-12-31": "62.36760", "2017-09-30": "62.45210", "2017-06-30": "62.73690", "2017-03-31": "61.80390", "2016-12-31": "62.33820", "2016-09-30": "61.43220", "2016-06-30": "58.26410", "2016-03-31": "45.44890", "2015-12-31": "50.08430", "2015-09-30": "44.17760", "2015-06-30": "41.95120", "2015-03-31": "43.57620", "2014-12-31": "37.07950", "2014-09-30": "45.42560", "2014-06-30": "44.67600", "2014-03-31": "46.94940", "2013-12-31": "30.19670", "2013-09-30": "14.29360", "2013-06-30": "19.73000", "2013-03-31": "15.96750", "2012-12-31": "", "2012-09-30": "17.79680", "2012-06-30": "24.03320", "2011-12-31": "", "2010-12-31": ""}, "EBITDA Margin": {"2020-09-30": "", "2020-06-30": "", "2020-03-31": "", "2019-12-31": "", "2019-09-30": "", "2019-06-30": "", "2019-03-31": "", "2018-12-31": "", "2018-09-30": "", "2018-06-30": "", "2018-03-31": "", "2017-12-31": "", "2017-09-30": "", "2017-06-30": "", "2017-03-31": "", "2016-12-31": "", "2016-09-30": "", "2016-06-30": "", "2016-03-31": "", "2015-12-31": "", "2015-09-30": "", "2015-06-30": "", "2015-03-31": "", "2014-12-31": "", "2014-09-30": "", "2014-06-30": "", "2014-03-31": "", "2013-12-31": "", "2013-09-30": "", "2013-06-30": "", "2013-03-31": "", "2012-12-31": "", "2012-09-30": "", "2012-06-30": "", "2011-12-31": "", "2010-12-31": ""}, "Pre-Tax Profit Margin": {"2020-09-30": "42.19260", "2020-06-30": "42.56630", "2020-03-31": "34.29250", "2019-12-31": "39.89220", "2019-09-30": "31.89540", "2019-06-30": "32.69470", "2019-03-31": "32.70160", "2018-12-31": "15.39680", "2018-09-30": "41.67440", "2018-06-30": "36.81990", "2018-03-31": "40.26390", "2017-12-31": "40.15010", "2017-09-30": "40.36630", "2017-06-30": "40.48050", "2017-03-31": "39.76750", "2016-12-31": "40.05670", "2016-09-30": "38.96990", "2016-06-30": "36.42680", "2016-03-31": "23.35240", "2015-12-31": "24.25540", "2015-09-30": "23.44240", "2015-06-30": "22.60070", "2015-03-31": "24.09670", "2014-12-31": "15.63560", "2014-09-30": "25.85190", "2014-06-30": "25.81280", "2014-03-31": "28.99420", "2013-12-31": "11.88910", "2013-09-30": "11.29360", "2013-06-30": "16.73470", "2013-03-31": "12.96630", "2012-12-31": "", "2012-09-30": "14.79610", "2012-06-30": "21.01250", "2011-12-31": "", "2010-12-31": ""}, "Net Profit Margin": {"2020-09-30": "41.28510", "2020-06-30": "42.82550", "2020-03-31": "34.12920", "2019-12-31": "39.50290", "2019-09-30": "31.43440", "2019-06-30": "32.13940", "2019-03-31": "32.25550", "2018-12-31": "15.13070", "2018-09-30": "41.18530", "2018-06-30": "36.13750", "2018-03-31": "39.58620", "2017-12-31": "38.69100", "2017-09-30": "39.61340", "2017-06-30": "39.51460", "2017-03-31": "38.65310", "2016-12-31": "39.15970", "2016-09-30": "38.33070", "2016-06-30": "35.24960", "2016-03-31": "21.91510", "2015-12-31": "23.05790", "2015-09-30": "22.39230", "2015-06-30": "21.25750", "2015-03-31": "22.17810", "2014-12-31": "14.51760", "2014-09-30": "25.39920", "2014-06-30": "24.53800", "2014-03-31": "27.98750", "2013-12-31": "3.92440", "2013-09-30": "6.76460", "2013-06-30": "10.19930", "2013-03-31": "7.53590", "2012-12-31": "", "2012-09-30": "9.88590", "2012-06-30": "12.63070", "2011-12-31": "", "2010-12-31": ""}, "Asset Turnover": {"2020-09-30": "0.03560", "2020-06-30": "0.03020", "2020-03-31": "0.03190", "2019-12-31": "0.03430", "2019-09-30": "0.03380", "2019-06-30": "0.03370", "2019-03-31": "0.03330", "2018-12-31": "0.03540", "2018-09-30": "0.03060", "2018-06-30": "0.03490", "2018-03-31": "0.03380", "2017-12-31": "0.03320", "2017-09-30": "0.03330", "2017-06-30": "0.03310", "2017-03-31": "0.03320", "2016-12-31": "0.03240", "2016-09-30": "0.03140", "2016-06-30": "0.02900", "2016-03-31": "0.06110", "2015-12-31": "0.05260", "2015-09-30": "0.05870", "2015-06-30": "0.05960", "2015-03-31": "0.05830", "2014-12-31": "0.05350", "2014-09-30": "0.05660", "2014-06-30": "0.05840", "2014-03-31": "0.06180", "2013-12-31": "0.04100", "2013-09-30": "0.14830", "2013-06-30": "", "2013-03-31": "", "2012-12-31": "", "2012-09-30": "", "2012-06-30": "", "2011-12-31": "", "2010-12-31": ""}, "Inventory Turnover Ratio": {"2020-09-30": "", "2020-06-30": "", "2020-03-31": "", "2019-12-31": "", "2019-09-30": "", "2019-06-30": "", "2019-03-31": "", "2018-12-31": "", "2018-09-30": "", "2018-06-30": "", "2018-03-31": "", "2017-12-31": "", "2017-09-30": "", "2017-06-30": "", "2017-03-31": "", "2016-12-31": "", "2016-09-30": "", "2016-06-30": "", "2016-03-31": "", "2015-12-31": "", "2015-09-30": "", "2015-06-30": "", "2015-03-31": "", "2014-12-31": "", "2014-09-30": "", "2014-06-30": "", "2014-03-31": "", "2013-12-31": "", "2013-09-30": "", "2013-06-30": "", "2013-03-31": "", "2012-12-31": "", "2012-09-30": "", "2012-06-30": "", "2011-12-31": "", "2010-12-31": ""}, "Receiveable Turnover": {"2020-09-30": "", "2020-06-30": "", "2020-03-31": "", "2019-12-31": "", "2019-09-30": "", "2019-06-30": "", "2019-03-31": "", "2018-12-31": "", "2018-09-30": "", "2018-06-30": "", "2018-03-31": "", "2017-12-31": "", "2017-09-30": "", "2017-06-30": "", "2017-03-31": "", "2016-12-31": "", "2016-09-30": "", "2016-06-30": "", "2016-03-31": "", "2015-12-31": "", "2015-09-30": "", "2015-06-30": "", "2015-03-31": "", "2014-12-31": "", "2014-09-30": "", "2014-06-30": "", "2014-03-31": "", "2013-12-31": "", "2013-09-30": "", "2013-06-30": "", "2013-03-31": "", "2012-12-31": "", "2012-09-30": "", "2012-06-30": "", "2011-12-31": "", "2010-12-31": ""}, "Days Sales In Receivables": {"2020-09-30": "", "2020-06-30": "", "2020-03-31": "", "2019-12-31": "", "2019-09-30": "", "2019-06-30": "", "2019-03-31": "", "2018-12-31": "", "2018-09-30": "", "2018-06-30": "", "2018-03-31": "", "2017-12-31": "", "2017-09-30": "", "2017-06-30": "", "2017-03-31": "", "2016-12-31": "", "2016-09-30": "", "2016-06-30": "", "2016-03-31": "", "2015-12-31": "", "2015-09-30": "", "2015-06-30": "", "2015-03-31": "", "2014-12-31": "", "2014-09-30": "", "2014-06-30": "", "2014-03-31": "", "2013-12-31": "", "2013-09-30": "", "2013-06-30": "", "2013-03-31": "", "2012-12-31": "", "2012-09-30": "", "2012-06-30": "", "2011-12-31": "", "2010-12-31": ""}, "ROE - Return On Equity": {"2020-09-30": "5.75420", "2020-06-30": "5.34300", "2020-03-31": "4.81510", "2019-12-31": "5.51000", "2019-09-30": "4.29820", "2019-06-30": "4.30970", "2019-03-31": "4.21300", "2018-12-31": "2.02730", "2018-09-30": "4.44430", "2018-06-30": "3.86750", "2018-03-31": "4.00410", "2017-12-31": "3.79370", "2017-09-30": "3.89130", "2017-06-30": "3.82460", "2017-03-31": "3.90440", "2016-12-31": "3.84950", "2016-09-30": "3.65770", "2016-06-30": "3.07040", "2016-03-31": "-12.65340", "2015-12-31": "-11.74410", "2015-09-30": "-14.04520", "2015-06-30": "-14.85700", "2015-03-31": "-26.39080", "2014-12-31": "-11.45040", "2014-09-30": "-47.89920", "2014-06-30": "-50.73370", "2014-03-31": "-65.13790", "2013-12-31": "3.09850", "2013-09-30": "1.09730", "2013-06-30": "6.58580", "2013-03-31": "", "2012-12-31": "", "2012-09-30": "", "2012-06-30": "", "2011-12-31": "", "2010-12-31": ""}, "Return On Tangible Equity": {"2020-09-30": "9.37850", "2020-06-30": "9.02000", "2020-03-31": "8.41360", "2019-12-31": "9.44660", "2019-09-30": "7.41160", "2019-06-30": "7.32480", "2019-03-31": "7.10330", "2018-12-31": "2.93160", "2018-09-30": "6.38600", "2018-06-30": "5.54550", "2018-03-31": "5.71150", "2017-12-31": "5.38140", "2017-09-30": "5.49610", "2017-06-30": "5.38760", "2017-03-31": "5.42110", "2016-12-31": "5.32940", "2016-09-30": "5.05790", "2016-06-30": "4.29530", "2016-03-31": "-9.52250", "2015-12-31": "-8.79270", "2015-09-30": "-10.32970", "2015-06-30": "-10.64840", "2015-03-31": "-15.72890", "2014-12-31": "-7.72260", "2014-09-30": "-22.89180", "2014-06-30": "-23.41220", "2014-03-31": "-28.93820", "2013-12-31": "8.13500", "2013-09-30": "1.68360", "2013-06-30": "3.34970", "2013-03-31": "", "2012-12-31": "", "2012-09-30": "", "2012-06-30": "", "2011-12-31": "", "2010-12-31": ""}, "ROA - Return On Assets": {"2020-09-30": "1.47190", "2020-06-30": "1.29650", "2020-03-31": "1.08880", "2019-12-31": "1.35510", "2019-09-30": "1.06470", "2019-06-30": "1.08630", "2019-03-31": "1.07570", "2018-12-31": "0.53550", "2018-09-30": "1.26350", "2018-06-30": "1.26220", "2018-03-31": "1.34030", "2017-12-31": "1.28690", "2017-09-30": "1.32270", "2017-06-30": "1.30940", "2017-03-31": "1.28500", "2016-12-31": "1.27140", "2016-09-30": "1.20730", "2016-06-30": "1.02480", "2016-03-31": "1.34420", "2015-12-31": "1.21610", "2015-09-30": "1.32060", "2015-06-30": "1.27140", "2015-03-31": "1.29800", "2014-12-31": "0.79930", "2014-09-30": "1.43760", "2014-06-30": "1.43300", "2014-03-31": "1.72970", "2013-12-31": "0.16320", "2013-09-30": "1.00340", "2013-06-30": "", "2013-03-31": "", "2012-12-31": "", "2012-09-30": "", "2012-06-30": "", "2011-12-31": "", "2010-12-31": ""}, "ROI - Return On Investment": {"2020-09-30": "1.59680", "2020-06-30": "1.42740", "2020-03-31": "1.17190", "2019-12-31": "1.46300", "2019-09-30": "1.15260", "2019-06-30": "1.16940", "2019-03-31": "1.16220", "2018-12-31": "0.56570", "2018-09-30": "1.34250", "2018-06-30": "1.33610", "2018-03-31": "1.41940", "2017-12-31": "1.35140", "2017-09-30": "1.39730", "2017-06-30": "1.36830", "2017-03-31": "1.34650", "2016-12-31": "1.31980", "2016-09-30": "1.26000", "2016-06-30": "1.06190", "2016-03-31": "1.48170", "2015-12-31": "1.31920", "2015-09-30": "1.44170", "2015-06-30": "1.36060", "2015-03-31": "1.35180", "2014-12-31": "0.84320", "2014-09-30": "1.51180", "2014-06-30": "1.50810", "2014-03-31": "1.82210", "2013-12-31": "0.17120", "2013-09-30": "1.09730", "2013-06-30": "", "2013-03-31": "", "2012-12-31": "", "2012-09-30": "", "2012-06-30": "", "2011-12-31": "", "2010-12-31": ""}, "Book Value Per Share": {"2020-09-30": "10.01050", "2020-06-30": "9.65360", "2020-03-31": "9.35490", "2019-12-31": "9.66140", "2019-09-30": "9.81280", "2019-06-30": "10.05570", "2019-03-31": "10.28520", "2018-12-31": "10.57650", "2018-09-30": "11.01860", "2018-06-30": "11.12940", "2018-03-31": "11.32020", "2017-12-31": "11.55640", "2017-09-30": "11.72660", "2017-06-30": "11.86880", "2017-03-31": "11.56610", "2016-12-31": "11.71950", "2016-09-30": "11.82750", "2016-06-30": "11.73070", "2016-03-31": "-2.21160", "2015-12-31": "-2.19310", "2015-09-30": "-2.06320", "2015-06-30": "-1.88190", "2015-03-31": "-1.09920", "2014-12-31": "-1.56040", "2014-09-30": "-0.69290", "2014-06-30": "-0.64950", "2014-03-31": "-0.60860", "2013-12-31": "1.55030", "2013-09-30": "2.74470", "2013-06-30": "", "2013-03-31": "", "2012-12-31": "", "2012-09-30": "", "2012-06-30": "", "2011-12-31": "", "2010-12-31": ""}, "Operating Cash Flow Per Share": {"2020-09-30": 0.3551, "2020-06-30": 0.1411, "2020-03-31": "0.92270", "2019-12-31": 0.7664, "2019-09-30": 1.0221, "2019-06-30": 0.6601, "2019-03-31": "1.02850", "2018-12-31": 0.6352, "2018-09-30": 0.9874, "2018-06-30": 0.5591, "2018-03-31": "0.86530", "2017-12-31": 0.5345, "2017-09-30": 0.8998, "2017-06-30": 0.4983, "2017-03-31": "0.88150", "2016-12-31": 0.8974, "2016-09-30": 0.8255, "2016-06-30": 0.2508, "2016-03-31": "0.87410", "2015-12-31": 0.4525, "2015-09-30": 0.8892, "2015-06-30": 0.5072, "2015-03-31": "0.85030", "2014-12-31": 0.4451, "2014-09-30": 0.8067, "2014-06-30": 0.3956, "2014-03-31": "0.67650", "2013-12-31": 0.5816, "2013-09-30": 0.0587, "2013-06-30": 0.0881, "2013-03-31": "-0.03250", "2012-12-31": 0, "2012-09-30": 0, "2012-06-30": 0, "2011-12-31": 0, "2010-12-31": 0}, "Free Cash Flow Per Share": {"2020-09-30": 0.353, "2020-06-30": 0.1389, "2020-03-31": "0.91970", "2019-12-31": 0.7628, "2019-09-30": 1.0188, "2019-06-30": 0.6555, "2019-03-31": "1.02690", "2018-12-31": 0.6293, "2018-09-30": 0.9964, "2018-06-30": 0.5548, "2018-03-31": "0.86140", "2017-12-31": 0.5299, "2017-09-30": 0.9019, "2017-06-30": 0.4923, "2017-03-31": "0.87910", "2016-12-31": 0.8888, "2016-09-30": 0.8279, "2016-06-30": 0.2475, "2016-03-31": "0.87080", "2015-12-31": 0.4259, "2015-09-30": 0.8608, "2015-06-30": 0.4591, "2015-03-31": "0.79470", "2014-12-31": 0.3077, "2014-09-30": 0.2154, "2014-06-30": 0.1227, "2014-03-31": "0.46550", "2013-12-31": 0.4673, "2013-09-30": 0.0516, "2013-06-30": 0.0768, "2013-03-31": "-0.04030", "2012-12-31": 0, "2012-09-30": 0, "2012-06-30": 0, "2011-12-31": 0, "2010-12-31": 0}}, "revenue": {"Gaming And Leisure Properties Annual Revenue (Millions of US $)": {"2019": "$1,153", "2018": "$1,056", "2017": "$971", "2016": "$828", "2015": "$575", "2014": "$591", "2013": "$235", "2012": "$211", "2011": "$232", "2010": "$143"}, "Gaming And Leisure Properties Quarterly Revenue (Millions of US $)": {"2020-09-30": "$308", "2020-06-30": "$262", "2020-03-31": "$283", "2019-12-31": "$289", "2019-09-30": "$288", "2019-06-30": "$289", "2019-03-31": "$288", "2018-12-31": "$303", "2018-09-30": "$254", "2018-06-30": "$254", "2018-03-31": "$244", "2017-12-31": "$241", "2017-09-30": "$245", "2017-06-30": "$243", "2017-03-31": "$243", "2016-12-31": "$239", "2016-09-30": "$233", "2016-06-30": "$207", "2016-03-31": "$149", "2015-12-31": "$129", "2015-09-30": "$148", "2015-06-30": "$150", "2015-03-31": "$149", "2014-12-31": "$135", "2014-09-30": "$147", "2014-06-30": "$151", "2014-03-31": "$158", "2013-12-31": "$107", "2013-09-30": "$40", "2013-06-30": "$46", "2013-03-31": "$43", "2012-12-31": "", "2012-09-30": "$46", "2012-06-30": "$60", "2011-12-31": "", "2010-12-31": ""}}, "gross-profit": {"Gaming And Leisure Properties Annual Gross Profit (Millions of US $)": {"2019": "$1,079", "2018": "$890", "2017": "$806", "2016": "$676", "2015": "$453", "2014": "$446", "2013": "$126", "2012": "$83", "2011": "$92", "2010": "$68"}, "Gaming And Leisure Properties Quarterly Gross Profit (Millions of US $)": {"2020-09-30": "$289", "2020-06-30": "$257", "2020-03-31": "$267", "2019-12-31": "$271", "2019-09-30": "$269", "2019-06-30": "$270", "2019-03-31": "$269", "2018-12-31": "$261", "2018-09-30": "$214", "2018-06-30": "$212", "2018-03-31": "$203", "2017-12-31": "$202", "2017-09-30": "$203", "2017-06-30": "$202", "2017-03-31": "$199", "2016-12-31": "$198", "2016-09-30": "$192", "2016-06-30": "$170", "2016-03-31": "$116", "2015-12-31": "$113", "2015-09-30": "$112", "2015-06-30": "$114", "2015-03-31": "$114", "2014-12-31": "$100", "2014-09-30": "$111", "2014-06-30": "$113", "2014-03-31": "$122", "2013-12-31": "$76", "2013-09-30": "$15", "2013-06-30": "$19", "2013-03-31": "$16", "2012-12-31": "", "2012-09-30": "$18", "2012-06-30": "$25", "2011-12-31": "", "2010-12-31": ""}}, "operating-income": {"Gaming And Leisure Properties Annual Operating Income (Millions of US $)": {"2019": "$717", "2018": "$594", "2017": "$606", "2016": "$481", "2015": "$257", "2014": "$259", "2013": "$54", "2012": "$44", "2011": "$53", "2010": "$31"}, "Gaming And Leisure Properties Quarterly Operating Income (Millions of US $)": {"2020-09-30": "$201", "2020-06-30": "$181", "2020-03-31": "$186", "2019-12-31": "$188", "2019-09-30": "$188", "2019-06-30": "$171", "2019-03-31": "$171", "2018-12-31": "$124", "2018-09-30": "$165", "2018-06-30": "$153", "2018-03-31": "$152", "2017-12-31": "$150", "2017-09-30": "$153", "2017-06-30": "$153", "2017-03-31": "$150", "2016-12-31": "$149", "2016-09-30": "$143", "2016-06-30": "$121", "2016-03-31": "$68", "2015-12-31": "$64", "2015-09-30": "$65", "2015-06-30": "$63", "2015-03-31": "$65", "2014-12-31": "$50", "2014-09-30": "$67", "2014-06-30": "$67", "2014-03-31": "$74", "2013-12-31": "$32", "2013-09-30": "$6", "2013-06-30": "$9", "2013-03-31": "$7", "2012-12-31": "", "2012-09-30": "$8", "2012-06-30": "$14", "2011-12-31": "", "2010-12-31": ""}}, "ebitda": {"Gaming And Leisure Properties Annual EBITDA (Millions of US $)": {"2019": "$988", "2018": "$814", "2017": "$742", "2016": "$611", "2015": "$381", "2014": "$373", "2013": "$84", "2012": "$58", "2011": "$67", "2010": "$42"}, "Gaming And Leisure Properties Quarterly EBITDA (Millions of US $)": {"2020-09-30": "$264", "2020-06-30": "$244", "2020-03-31": "$249", "2019-12-31": "$251", "2019-09-30": "$251", "2019-06-30": "$251", "2019-03-31": "$235", "2018-12-31": "$244", "2018-09-30": "$198", "2018-06-30": "$187", "2018-03-31": "$186", "2017-12-31": "$184", "2017-09-30": "$187", "2017-06-30": "$187", "2017-03-31": "$184", "2016-12-31": "$183", "2016-09-30": "$176", "2016-06-30": "$152", "2016-03-31": "$100", "2015-12-31": "$98", "2015-09-30": "$97", "2015-06-30": "$93", "2015-03-31": "$94", "2014-12-31": "$80", "2014-09-30": "$95", "2014-06-30": "$96", "2014-03-31": "$103", "2013-12-31": "$52", "2013-09-30": "$9", "2013-06-30": "$13", "2013-03-31": "$10", "2012-12-31": "", "2012-09-30": "$12", "2012-06-30": "$14", "2011-12-31": "", "2010-12-31": ""}}, "net-income": {"Gaming And Leisure Properties Annual Net Income (Millions of US $)": {"2019": "$390", "2018": "$339", "2017": "$380", "2016": "$289", "2015": "$128", "2014": "$138", "2013": "$15", "2012": "$23", "2011": "$27", "2010": "$15"}, "Gaming And Leisure Properties Quarterly Net Income (Millions of US $)": {"2020-09-30": "$127", "2020-06-30": "$112", "2020-03-31": "$97", "2019-12-31": "$114", "2019-09-30": "$90", "2019-06-30": "$93", "2019-03-31": "$93", "2018-12-31": "$46", "2018-09-30": "$105", "2018-06-30": "$92", "2018-03-31": "$97", "2017-12-31": "$93", "2017-09-30": "$97", "2017-06-30": "$96", "2017-03-31": "$94", "2016-12-31": "$94", "2016-09-30": "$89", "2016-06-30": "$73", "2016-03-31": "$33", "2015-12-31": "$30", "2015-09-30": "$33", "2015-06-30": "$32", "2015-03-31": "$33", "2014-12-31": "$20", "2014-09-30": "$37", "2014-06-30": "$37", "2014-03-31": "$44", "2013-12-31": "$4", "2013-09-30": "$3", "2013-06-30": "$5", "2013-03-31": "$3", "2012-12-31": "", "2012-09-30": "$5", "2012-06-30": "$8", "2011-12-31": "", "2010-12-31": ""}}, "eps-earnings-per-share-diluted": {"Gaming And Leisure Properties Annual EPS": {"2019": "$1.81", "2018": "$1.58", "2017": "$1.79", "2016": "$1.60", "2015": "$1.08", "2014": "$1.18", "2013": "$0.13", "2012": "$0.20", "2011": "$0.23", "2010": "$0.00"}, "Gaming And Leisure Properties Quarterly EPS": {"2020-09-30": "$0.58", "2020-06-30": "$0.52", "2020-03-31": "$0.45", "2019-12-31": "$0.53", "2019-09-30": "$0.42", "2019-06-30": "$0.43", "2019-03-31": "$0.43", "2018-12-31": "$0.21", "2018-09-30": "$0.49", "2018-06-30": "$0.43", "2018-03-31": "$0.45", "2017-12-31": "$0.44", "2017-09-30": "$0.45", "2017-06-30": "$0.45", "2017-03-31": "$0.45", "2016-12-31": "$0.51", "2016-09-30": "$0.43", "2016-06-30": "$0.39", "2016-03-31": "$0.27", "2015-12-31": "$0.25", "2015-09-30": "$0.28", "2015-06-30": "$0.27", "2015-03-31": "$0.28", "2014-12-31": "$0.17", "2014-09-30": "$0.32", "2014-06-30": "$0.31", "2014-03-31": "$0.38", "2013-12-31": "$0.04", "2013-09-30": "$0.02", "2013-06-30": "$0.04", "2013-03-31": "$0.03", "2012-12-31": "$0.00", "2012-09-30": "$0.00", "2012-06-30": "$0.00", "2011-12-31": "$0.00", "2010-12-31": "$0.00"}}, "shares-outstanding": {"Gaming And Leisure Properties Annual Shares Outstanding (Millions of Shares)": {"2019": "216", "2018": "215", "2017": "213", "2016": "181", "2015": "118", "2014": "118", "2013": "116", "2012": "116", "2011": "116", "2010": ""}, "Gaming And Leisure Properties Quarterly Shares Outstanding (Millions of Shares)": {"2020-09-30": "219", "2020-06-30": "216", "2020-03-31": "215", "2019-12-31": "216", "2019-09-30": "215", "2019-06-30": "216", "2019-03-31": "215", "2018-12-31": "215", "2018-09-30": "215", "2018-06-30": "215", "2018-03-31": "215", "2017-12-31": "213", "2017-09-30": "215", "2017-06-30": "212", "2017-03-31": "210", "2016-12-31": "181", "2016-09-30": "208", "2016-06-30": "187", "2016-03-31": "119", "2015-12-31": "118", "2015-09-30": "119", "2015-06-30": "119", "2015-03-31": "118", "2014-12-31": "118", "2014-09-30": "118", "2014-06-30": "118", "2014-03-31": "118", "2013-12-31": "116", "2013-09-30": "116", "2013-06-30": "116", "2013-03-31": "116", "2012-12-31": "", "2012-09-30": "", "2012-06-30": "", "2011-12-31": "", "2010-12-31": ""}}, "total-assets": {"Gaming And Leisure Properties Annual Total Assets (Millions of US $)": {"2019": "$8,434", "2018": "$8,577", "2017": "$7,247", "2016": "$7,369", "2015": "$2,448", "2014": "$2,525", "2013": "$2,609", "2012": "$267", "2011": "$261", "2010": "$0"}, "Gaming And Leisure Properties Quarterly Total Assets (Millions of US $)": {"2020-09-30": "$8,637", "2020-06-30": "$8,665", "2020-03-31": "$8,899", "2019-12-31": "$8,434", "2019-09-30": "$8,505", "2019-06-30": "$8,564", "2019-03-31": "$8,647", "2018-12-31": "$8,577", "2018-09-30": "$8,296", "2018-06-30": "$7,289", "2018-03-31": "$7,220", "2017-12-31": "$7,247", "2017-09-30": "$7,335", "2017-06-30": "$7,357", "2017-03-31": "$7,314", "2016-12-31": "$7,369", "2016-09-30": "$7,421", "2016-06-30": "$7,149", "2016-03-31": "$2,436", "2015-12-31": "$2,448", "2015-09-30": "$2,516", "2015-06-30": "$2,516", "2015-03-31": "$2,552", "2014-12-31": "$2,525", "2014-09-30": "$2,595", "2014-06-30": "$2,582", "2014-03-31": "$2,562", "2013-12-31": "$2,609", "2013-09-30": "$267", "2013-06-30": "$0", "2013-03-31": "$0", "2012-12-31": "$0", "2012-09-30": "$0", "2012-06-30": "$0", "2011-12-31": "$261", "2010-12-31": "$0"}}, "cash-on-hand": {"Gaming And Leisure Properties Annual Cash on Hand (Millions of US $)": {"2019": "$27", "2018": "$26", "2017": "$29", "2016": "$37", "2015": "$42", "2014": "$36", "2013": "$285", "2012": "$15", "2011": "$17", "2010": "$"}, "Gaming And Leisure Properties Quarterly Cash on Hand (Millions of US $)": {"2020-09-30": "$106", "2020-06-30": "$74", "2020-03-31": "$560", "2019-12-31": "$27", "2019-09-30": "$26", "2019-06-30": "$25", "2019-03-31": "$30", "2018-12-31": "$26", "2018-09-30": "$1,163", "2018-06-30": "$144", "2018-03-31": "$45", "2017-12-31": "$29", "2017-09-30": "$44", "2017-06-30": "$30", "2017-03-31": "$23", "2016-12-31": "$37", "2016-09-30": "$25", "2016-06-30": "$24", "2016-03-31": "$62", "2015-12-31": "$42", "2015-09-30": "$43", "2015-06-30": "$31", "2015-03-31": "$45", "2014-12-31": "$36", "2014-09-30": "$31", "2014-06-30": "$42", "2014-03-31": "$48", "2013-12-31": "$285", "2013-09-30": "$19", "2013-06-30": "", "2013-03-31": "", "2012-12-31": "", "2012-09-30": "", "2012-06-30": "", "2011-12-31": "$17", "2010-12-31": ""}}, "long-term-debt": {"Gaming And Leisure Properties Annual Long Term Debt (Millions of US $)": {"2019": "$5,738", "2018": "$5,853", "2017": "$4,443", "2016": "$4,665", "2015": "$2,510", "2014": "$2,570", "2013": "$2,350", "2012": "$", "2011": "$", "2010": "$"}, "Gaming And Leisure Properties Quarterly Long Term Debt (Millions of US $)": {"2020-09-30": "$5,752", "2020-06-30": "$5,768", "2020-03-31": "$6,256", "2019-12-31": "$5,738", "2019-09-30": "$5,749", "2019-06-30": "$5,797", "2019-03-31": "$5,795", "2018-12-31": "$5,853", "2018-09-30": "$5,449", "2018-06-30": "$4,507", "2018-03-31": "$4,401", "2017-12-31": "$4,443", "2017-09-30": "$4,450", "2017-06-30": "$4,521", "2017-03-31": "$4,573", "2016-12-31": "$4,665", "2016-09-30": "$4,662", "2016-06-30": "$4,513", "2016-03-31": "$2,469", "2015-12-31": "$2,510", "2015-09-30": "$2,541", "2015-06-30": "$2,566", "2015-03-31": "$2,576", "2014-12-31": "$2,570", "2014-09-30": "$2,546", "2014-06-30": "$2,526", "2014-03-31": "$2,500", "2013-12-31": "$2,350", "2013-09-30": "", "2013-06-30": "", "2013-03-31": "", "2012-12-31": "", "2012-09-30": "", "2012-06-30": "", "2011-12-31": "", "2010-12-31": ""}}, "total-liabilities": {"Gaming And Leisure Properties Annual Total Liabilities (Millions of US $)": {"2019": "$6,360", "2018": "$6,312", "2017": "$4,789", "2016": "$4,935", "2015": "$2,702", "2014": "$2,702", "2013": "$2,472", "2012": "$31", "2011": "$41", "2010": "$0"}, "Gaming And Leisure Properties Quarterly Total Liabilities (Millions of US $)": {"2020-09-30": "$6,428", "2020-06-30": "$6,563", "2020-03-31": "$6,887", "2019-12-31": "$6,360", "2019-09-30": "$6,398", "2019-06-30": "$6,405", "2019-03-31": "$6,439", "2018-12-31": "$6,312", "2018-09-30": "$5,938", "2018-06-30": "$4,910", "2018-03-31": "$4,804", "2017-12-31": "$4,789", "2017-09-30": "$4,842", "2017-06-30": "$4,838", "2017-03-31": "$4,907", "2016-12-31": "$4,935", "2016-09-30": "$4,972", "2016-06-30": "$4,763", "2016-03-31": "$2,695", "2015-12-31": "$2,702", "2015-09-30": "$2,753", "2015-06-30": "$2,731", "2015-03-31": "$2,678", "2014-12-31": "$2,702", "2014-09-30": "$2,673", "2014-06-30": "$2,655", "2014-03-31": "$2,630", "2013-12-31": "$2,472", "2013-09-30": "$23", "2013-06-30": "$0", "2013-03-31": "$0", "2012-12-31": "", "2012-09-30": "$0", "2012-06-30": "$0", "2011-12-31": "$41", "2010-12-31": "$0"}}, "total-share-holder-equity": {"Gaming And Leisure Properties Annual Share Holder Equity (Millions of US $)": {"2019": "$2,074", "2018": "$2,266", "2017": "$2,458", "2016": "$2,434", "2015": "$-254", "2014": "$-176", "2013": "$137", "2012": "$236", "2011": "$220", "2010": "$0"}, "Gaming And Leisure Properties Quarterly Share Holder Equity (Millions of US $)": {"2020-09-30": "$2,209", "2020-06-30": "$2,103", "2020-03-31": "$2,012", "2019-12-31": "$2,074", "2019-09-30": "$2,107", "2019-06-30": "$2,159", "2019-03-31": "$2,208", "2018-12-31": "$2,266", "2018-09-30": "$2,358", "2018-06-30": "$2,379", "2018-03-31": "$2,417", "2017-12-31": "$2,458", "2017-09-30": "$2,493", "2017-06-30": "$2,519", "2017-03-31": "$2,407", "2016-12-31": "$2,434", "2016-09-30": "$2,450", "2016-06-30": "$2,386", "2016-03-31": "$-259", "2015-12-31": "$-254", "2015-09-30": "$-237", "2015-06-30": "$-215", "2015-03-31": "$-126", "2014-12-31": "$-176", "2014-09-30": "$-78", "2014-06-30": "$-73", "2014-03-31": "$-68", "2013-12-31": "$137", "2013-09-30": "$244", "2013-06-30": "$0", "2013-03-31": "$0", "2012-12-31": "", "2012-09-30": "$0", "2012-06-30": "$0", "2011-12-31": "$220", "2010-12-31": "$0"}}, "profit-margins": {"current": "39.46%"}, "gross margin": {"2020-09-30": "94.92%", "2020-06-30": "94.83%", "2020-03-31": "93.73%", "2019-12-31": "93.50%", "2019-09-30": "91.52%", "2019-06-30": "89.42%", "2019-03-31": "86.99%", "2018-12-31": "84.36%", "2018-09-30": "83.69%", "2018-06-30": "83.33%", "2018-03-31": "83.25%", "2017-12-31": "82.92%", "2017-09-30": "82.68%", "2017-06-30": "82.57%", "2017-03-31": "82.32%", "2016-12-31": "81.64%", "2016-09-30": "82.31%", "2016-06-30": "80.73%", "2016-03-31": "78.99%", "2015-12-31": "78.65%", "2015-09-30": "75.60%", "2015-06-30": "75.56%", "2015-03-31": "75.26%", "2014-12-31": "75.47%", "2014-09-30": "74.96%", "2014-06-30": "71.49%", "2014-03-31": "66.10%", "2013-12-31": "53.39%", "2013-06-30": "39.26%", "2013-03-31": "39.60%"}, "operating margin": {"2020-09-30": "66.20%", "2020-06-30": "66.22%", "2020-03-31": "63.79%", "2019-12-31": "62.22%", "2019-09-30": "55.99%", "2019-06-30": "55.64%", "2019-03-31": "55.78%", "2018-12-31": "56.30%", "2018-09-30": "62.44%", "2018-06-30": "61.79%", "2018-03-31": "62.49%", "2017-12-31": "62.35%", "2017-09-30": "62.37%", "2017-06-30": "62.11%", "2017-03-31": "61.06%", "2016-12-31": "58.09%", "2016-09-30": "55.15%", "2016-06-30": "50.24%", "2016-03-31": "45.14%", "2015-12-31": "44.62%", "2015-09-30": "41.75%", "2015-06-30": "42.17%", "2015-03-31": "42.78%", "2014-12-31": "43.65%", "2014-09-30": "42.63%", "2014-06-30": "39.25%", "2014-03-31": "34.47%", "2013-12-31": "22.88%", "2013-06-30": "17.78%", "2013-03-31": "19.46%"}, "ebitda margin": {"2020-09-30": "88.27%", "2020-06-30": "88.68%", "2020-03-31": "87.21%", "2019-12-31": "85.62%", "2019-09-30": "83.99%", "2019-06-30": "81.83%", "2019-03-31": "78.62%", "2018-12-31": "77.25%", "2018-09-30": "76.03%", "2018-06-30": "75.61%", "2018-03-31": "76.46%", "2017-12-31": "76.34%", "2017-09-30": "76.39%", "2017-06-30": "76.20%", "2017-03-31": "75.38%", "2016-12-31": "73.79%", "2016-09-30": "73.26%", "2016-06-30": "70.62%", "2016-03-31": "67.36%", "2015-12-31": "66.32%", "2015-09-30": "62.54%", "2015-06-30": "62.31%", "2015-03-31": "62.71%", "2014-12-31": "63.28%", "2014-09-30": "61.46%", "2014-06-30": "57.02%", "2014-03-31": "50.43%", "2013-12-31": "35.59%", "2013-06-30": "25.93%", "2013-03-31": "24.16%"}, "pre tax profit margin": {"2020-09-30": "39.75%", "2020-06-30": "37.08%", "2020-03-31": "34.64%", "2019-12-31": "34.23%", "2019-09-30": "28.00%", "2019-06-30": "30.07%", "2019-03-31": "31.03%", "2018-12-31": "32.70%", "2018-09-30": "39.78%", "2018-06-30": "39.43%", "2018-03-31": "40.39%", "2017-12-31": "40.33%", "2017-09-30": "40.31%", "2017-06-30": "39.98%", "2017-03-31": "39.05%", "2016-12-31": "35.99%", "2016-09-30": "32.45%", "2016-06-30": "27.96%", "2016-03-31": "23.44%", "2015-12-31": "23.61%", "2015-09-30": "21.65%", "2015-06-30": "22.20%", "2015-03-31": "23.02%", "2014-12-31": "24.37%", "2014-09-30": "24.16%", "2014-06-30": "22.37%", "2014-03-31": "20.23%", "2013-12-31": "13.14%", "2013-06-30": "15.56%", "2013-03-31": "17.45%"}, "net profit margin": {"2020-09-30": "39.40%", "2020-06-30": "36.81%", "2020-03-31": "34.29%", "2019-12-31": "33.80%", "2019-09-30": "27.57%", "2019-06-30": "29.72%", "2019-03-31": "30.57%", "2018-12-31": "32.23%", "2018-09-30": "38.97%", "2018-06-30": "38.52%", "2018-03-31": "39.36%", "2017-12-31": "39.09%", "2017-09-30": "39.28%", "2017-06-30": "38.94%", "2017-03-31": "37.96%", "2016-12-31": "34.90%", "2016-09-30": "31.34%", "2016-06-30": "26.70%", "2016-03-31": "22.22%", "2015-12-31": "22.22%", "2015-09-30": "20.27%", "2015-06-30": "21.00%", "2015-03-31": "21.82%", "2014-12-31": "23.35%", "2014-09-30": "21.67%", "2014-06-30": "19.30%", "2014-03-31": "15.95%", "2013-12-31": "6.36%", "2013-06-30": "9.63%", "2013-03-31": "10.74%"}, "pe ratio": {"current": "12.53", "2021-02-05": "20.97", "2020-09-30": "17.50", "2020-06-30": "17.48", "2020-03-31": "14.63", "2019-12-31": "22.61", "2019-09-30": "23.99", "2019-06-30": "22.96", "2019-03-31": "22.33", "2018-12-31": "18.12", "2018-09-30": "17.02", "2018-06-30": "17.36", "2018-03-31": "15.77", "2017-12-31": "17.10", "2017-09-30": "16.58", "2017-06-30": "16.84", "2017-03-31": "15.20", "2016-12-31": "15.15", "2016-09-30": "18.62", "2016-06-30": "21.22", "2016-03-31": "18.56", "2015-12-31": "14.85", "2015-09-30": "14.17", "2015-06-30": "15.68", "2015-03-31": "15.53", "2014-12-31": "12.31", "2014-09-30": "15.55"}, "price sales": {"2021-02-05": "8.27", "2020-09-30": "6.90", "2020-06-30": "6.45", "2020-03-31": "5.02", "2019-12-31": "7.65", "2019-09-30": "6.59", "2019-06-30": "6.79", "2019-03-31": "6.81", "2018-12-31": "5.82", "2018-09-30": "6.61", "2018-06-30": "6.65", "2018-03-31": "6.16", "2017-12-31": "6.65", "2017-09-30": "6.26", "2017-06-30": "6.31", "2017-03-31": "5.55", "2016-12-31": "4.89", "2016-09-30": "5.50", "2016-06-30": "5.43", "2016-03-31": "4.64", "2015-12-31": "4.08", "2015-09-30": "4.22", "2015-06-30": "5.11", "2015-03-31": "5.04", "2014-12-31": "3.87", "2014-09-30": "4.15"}, "price book": {"current": "4.36", "2021-02-05": "4.36", "2020-09-30": "3.64", "2020-06-30": "3.48", "2020-03-31": "2.86", "2019-12-31": "4.24", "2019-09-30": "3.64", "2019-06-30": "3.56", "2019-03-31": "3.39", "2018-12-31": "2.71", "2018-09-30": "2.78", "2018-06-30": "2.75", "2018-03-31": "2.48", "2017-12-31": "2.63", "2017-09-30": "2.54", "2017-06-30": "2.53", "2017-03-31": "2.26", "2016-12-31": "2.00", "2016-09-30": "2.13", "2016-06-30": "2.17", "2016-03-31": "-10.15", "2015-12-31": "-9.01", "2015-09-30": "-10.03", "2015-06-30": "-13.33", "2015-03-31": "-22.60", "2014-12-31": "-12.46", "2014-09-30": "-28.72", "2014-06-30": "-33.16", "2014-03-31": "-37.39", "2013-12-31": "15.36"}, "price fcf": {"2021-02-05": "", "2020-09-30": "$2.17", "2020-06-30": "$2.84", "2020-03-31": "$3.36", "2019-12-31": "$3.46", "2019-09-30": "$3.33", "2019-06-30": "$3.31", "2019-03-31": "$3.21", "2018-12-31": "$3.04", "2018-09-30": "$2.94", "2018-06-30": "$2.85", "2018-03-31": "$2.79", "2017-12-31": "$2.80", "2017-09-30": "$3.16", "2017-06-30": "$3.09", "2017-03-31": "$2.84", "2016-12-31": "$2.84", "2016-09-30": "$2.37", "2016-06-30": "$2.41", "2016-03-31": "$2.62", "2015-12-31": "$2.54", "2015-09-30": "$2.42", "2015-06-30": "$1.78", "2015-03-31": "$1.44", "2014-12-31": "$1.11", "2014-09-30": "$1.36"}, "net worth": {"value": "$10.03B"}, "current ratio": {"2020-09-30": "1.14", "2020-06-30": "4.81", "2020-03-31": "9.92", "2019-12-31": "4.04", "2019-09-30": "3.24", "2019-06-30": "4.80", "2019-03-31": "2.99", "2018-12-31": "3.60", "2018-09-30": "10.00", "2018-06-30": "2.60", "2018-03-31": "0.69", "2017-12-31": "0.80", "2017-09-30": "0.62", "2017-06-30": "0.93", "2017-03-31": "0.42", "2016-12-31": "1.21", "2016-09-30": "0.58", "2016-06-30": "1.03", "2016-03-31": "1.47", "2015-12-31": "1.72", "2015-09-30": "1.14", "2015-06-30": "1.68", "2015-03-31": "1.36", "2014-12-31": "1.76", "2014-09-30": "0.85", "2014-06-30": "0.92", "2014-03-31": "1.08", "2013-12-31": "4.49", "2013-09-30": "7.38", "2013-06-30": "0.00", "2013-03-31": "0.00", "2012-12-31": "0.00", "2012-09-30": "0.00", "2012-06-30": "0.00", "2011-12-31": "1.61", "2010-12-31": "0.00"}, "quick ratio": {"2020-09-30": "0.00", "2020-06-30": "0.00", "2020-03-31": "0.00", "2019-12-31": "0.00", "2019-09-30": "0.00", "2019-06-30": "0.00", "2019-03-31": "0.00", "2018-12-31": "0.00", "2018-09-30": "0.00", "2018-06-30": "0.00", "2018-03-31": "0.00", "2017-12-31": "0.00", "2017-09-30": "0.00", "2017-06-30": "0.00", "2017-03-31": "0.00", "2016-12-31": "0.00", "2016-09-30": "0.00", "2016-06-30": "0.00", "2016-03-31": "0.00", "2015-12-31": "0.00", "2015-09-30": "0.00", "2015-06-30": "0.00", "2015-03-31": "0.00", "2014-12-31": "0.00", "2014-09-30": "0.00", "2014-06-30": "0.00", "2014-03-31": "0.00", "2013-12-31": "0.00", "2013-09-30": "0.00", "2013-06-30": "0.00", "2013-03-31": "0.00", "2012-12-31": "0.00", "2012-09-30": "0.00", "2012-06-30": "0.00", "2011-12-31": "0.00", "2010-12-31": "0.00"}, "debt equity ratio": {"current": "2.60", "2020-09-30": "2.91", "2020-06-30": "3.12", "2020-03-31": "3.42", "2019-12-31": "3.07", "2019-09-30": "3.04", "2019-06-30": "2.97", "2019-03-31": "2.92", "2018-12-31": "2.79", "2018-09-30": "2.52", "2018-06-30": "2.06", "2018-03-31": "1.99", "2017-12-31": "1.95", "2017-09-30": "1.94", "2017-06-30": "1.92", "2017-03-31": "2.04", "2016-12-31": "2.03", "2016-09-30": "2.03", "2016-06-30": "2.00", "2016-03-31": "-10.41", "2015-12-31": "-10.66", "2015-09-30": "-11.64", "2015-06-30": "-12.69", "2015-03-31": "-21.33", "2014-12-31": "-15.33", "2014-09-30": "-34.32", "2014-06-30": "-36.40", "2014-03-31": "-38.66", "2013-12-31": "17.98", "2013-09-30": "0.09", "2013-06-30": "0.00", "2013-03-31": "0.00", "2012-12-31": "0.00", "2012-09-30": "0.00", "2012-06-30": "0.00", "2011-12-31": "0.19", "2010-12-31": "0.00"}, "return on equity": {"2020-09-30": "21.43%", "2020-06-30": "19.91%", "2020-03-31": "18.87%", "2019-12-31": "18.25%", "2019-09-30": "14.74%", "2019-06-30": "14.99%", "2019-03-31": "14.59%", "2018-12-31": "14.44%", "2018-09-30": "16.10%", "2018-06-30": "15.55%", "2018-03-31": "15.50%", "2017-12-31": "15.39%", "2017-09-30": "15.47%", "2017-06-30": "15.21%", "2017-03-31": "14.47%", "2016-12-31": "16.49%", "2016-09-30": "20.82%", "2016-06-30": "41.32%", "2016-03-31": "-53.06%", "2015-12-31": "-61.54%", "2015-09-30": "-62.60%", "2015-06-30": "-82.02%", "2015-03-31": "-112.14%", "2014-12-31": "-139.75%", "2014-09-30": "-595.12%", "2014-06-30": "146.67%", "2014-03-31": "71.57%", "2013-12-31": "15.75%", "2013-06-30": "inf%", "2013-03-31": "inf%"}, "return on assets": {"2020-09-30": "5.20%", "2020-06-30": "4.79%", "2020-03-31": "4.58%", "2019-12-31": "4.57%", "2019-09-30": "3.76%", "2019-06-30": "3.95%", "2019-03-31": "4.10%", "2018-12-31": "4.33%", "2018-09-30": "5.15%", "2018-06-30": "5.21%", "2018-03-31": "5.25%", "2017-12-31": "5.20%", "2017-09-30": "5.19%", "2017-06-30": "5.06%", "2017-03-31": "4.79%", "2016-12-31": "4.74%", "2016-09-30": "4.63%", "2016-06-30": "4.65%", "2016-03-31": "5.16%", "2015-12-31": "5.10%", "2015-09-30": "4.67%", "2015-06-30": "4.79%", "2015-03-31": "4.95%", "2014-12-31": "5.38%", "2014-09-30": "4.72%", "2014-06-30": "4.39%", "2014-03-31": "4.12%", "2013-12-31": "2.09%", "2013-06-30": "inf%", "2013-03-31": "inf%"}, "return on investments": {"2020-09-30": "9.48%", "2020-06-30": "9.34%", "2020-03-31": "9.19%", "2019-12-31": "9.08%", "2019-09-30": "8.19%", "2019-06-30": "7.92%", "2019-03-31": "7.96%", "2018-12-31": "8.02%", "2018-09-30": "8.73%", "2018-06-30": "8.83%", "2018-03-31": "8.78%", "2017-12-31": "8.70%", "2017-09-30": "8.62%", "2017-06-30": "8.43%", "2017-03-31": "8.02%", "2016-12-31": "8.25%", "2016-09-30": "8.57%", "2016-06-30": "9.30%", "2016-03-31": "11.40%", "2015-12-31": "10.98%", "2015-09-30": "10.23%", "2015-06-30": "10.14%", "2015-03-31": "10.20%", "2014-12-31": "10.59%", "2014-09-30": "9.76%", "2014-06-30": "9.71%", "2014-03-31": "9.84%", "2013-12-31": "8.69%", "2013-06-30": "inf%", "2013-03-31": "inf%"}, "return on tangible equity": {"2020-09-30": "36.26%", "2020-06-30": "34.20%", "2020-03-31": "32.47%", "2019-12-31": "31.13%", "2019-09-30": "23.99%", "2019-06-30": "23.29%", "2019-03-31": "21.76%", "2018-12-31": "20.73%", "2018-09-30": "23.01%", "2018-06-30": "22.13%", "2018-03-31": "21.95%", "2017-12-31": "21.65%", "2017-09-30": "21.63%", "2017-06-30": "21.16%", "2017-03-31": "20.09%", "2016-12-31": "23.64%", "2016-09-30": "32.21%", "2016-06-30": "96.43%", "2016-03-31": "-39.23%", "2015-12-31": "-43.69%", "2015-09-30": "-43.14%", "2015-06-30": "-52.19%", "2015-03-31": "-64.06%", "2014-12-31": "-75.10%", "2014-09-30": "-115.64%", "2014-06-30": "-352.00%", "2014-03-31": "113.13%", "2013-12-31": "17.09%", "2013-06-30": "37.14%", "2013-03-31": "inf%"}, "dividend yield history": {"last payout": "$2.40", "last yield": "5.50%"}}