{"ticker": "GTES", "price": {"title": "Gates Industrial Historical Annual Stock Price Data", "value": 15.37, "historical": {"2020": {"Average Stock Price": "10.9663", "Year Open": "13.8400", "Year High": "13.8400", "Year Low": "6.0500", "Year Close": "12.7600", "Annual % Change": "-7.27%"}, "2019": {"Average Stock Price": "12.3941", "Year Open": "13.4700", "Year High": "16.4600", "Year Low": "7.8000", "Year Close": "13.7600", "Annual % Change": "3.93%"}, "2018": {"Average Stock Price": "16.4710", "Year Open": "18.5000", "Year High": "20.2100", "Year Low": "12.5800", "Year Close": "13.2400", "Annual % Change": "0.00%"}}}, "market cap": {"value": "$4.46B"}, "income statement": {"Revenue": {"2019-12-31": "3087.10000", "2018-12-31": "3347.60000", "2017-12-31": "3041.70000", "2016-12-31": "2747.00000", "2015-12-31": "2745.10000", "2014-12-31": "3042.20000"}, "Cost Of Goods Sold": {"2019-12-31": "1944.60000", "2018-12-31": "2017.00000", "2017-12-31": "1823.70000", "2016-12-31": "1686.20000", "2015-12-31": "1709.00000", "2014-12-31": "2015.20000"}, "Gross Profit": {"2019-12-31": "1142.50000", "2018-12-31": "1330.60000", "2017-12-31": "1218.00000", "2016-12-31": "1060.80000", "2015-12-31": "1036.10000", "2014-12-31": "1027.00000"}, "Research And Development Expenses": {"2019-12-31": "", "2018-12-31": "", "2017-12-31": "", "2016-12-31": "", "2015-12-31": "", "2014-12-31": ""}, "SG&A Expenses": {"2019-12-31": "777.30000", "2018-12-31": "805.80000", "2017-12-31": "777.10000", "2016-12-31": "737.70000", "2015-12-31": "784.50000", "2014-12-31": "815.70000"}, "Other Operating Income Or Expenses": {"2019-12-31": "-12.40000", "2018-12-31": "-21.60000", "2017-12-31": "-20.60000", "2016-12-31": "-6.40000", "2015-12-31": "-51.40000", "2014-12-31": "-189.70000"}, "Operating Expenses": {"2019-12-31": "2740.30000", "2018-12-31": "2850.80000", "2017-12-31": "2638.80000", "2016-12-31": "2441.70000", "2015-12-31": "2560.50000", "2014-12-31": "3042.60000"}, "Operating Income": {"2019-12-31": "346.80030", "2018-12-31": "496.80000", "2017-12-31": "402.90010", "2016-12-31": "305.30030", "2015-12-31": "184.60010", "2014-12-31": "-0.39990"}, "Total Non-Operating Income/Expense": {"2019-12-31": "-148.00000", "2018-12-31": "-193.30000", "2017-12-31": "-293.40000", "2016-12-31": "-212.30000", "2015-12-31": "-142.90000", "2014-12-31": "-124.60000"}, "Pre-Tax Income": {"2019-12-31": "198.80000", "2018-12-31": "303.50000", "2017-12-31": "109.50000", "2016-12-31": "93.00000", "2015-12-31": "41.70000", "2014-12-31": "-125.00000"}, "Income Taxes": {"2019-12-31": "-495.90000", "2018-12-31": "31.80000", "2017-12-31": "-72.50000", "2016-12-31": "21.10000", "2015-12-31": "-9.20000", "2014-12-31": "-51.90000"}, "Income After Taxes": {"2019-12-31": "694.70000", "2018-12-31": "271.70000", "2017-12-31": "182.00000", "2016-12-31": "71.90000", "2015-12-31": "50.90000", "2014-12-31": "-73.10000"}, "Other Income": {"2019-12-31": "", "2018-12-31": "", "2017-12-31": "", "2016-12-31": "", "2015-12-31": "", "2014-12-31": ""}, "Income From Continuous Operations": {"2019-12-31": "694.70000", "2018-12-31": "271.70000", "2017-12-31": "182.00000", "2016-12-31": "71.90000", "2015-12-31": "50.90000", "2014-12-31": "-72.60000"}, "Income From Discontinued Operations": {"2019-12-31": "-0.60000", "2018-12-31": "-0.60000", "2017-12-31": "0.70000", "2016-12-31": "12.40000", "2015-12-31": "", "2014-12-31": "-50.30000"}, "Net Income": {"2019-12-31": "690.10000", "2018-12-31": "245.30000", "2017-12-31": "151.30000", "2016-12-31": "57.70000", "2015-12-31": "24.90000", "2014-12-31": "-142.10000"}, "EBITDA": {"2019-12-31": "569.00030", "2018-12-31": "715.30000", "2017-12-31": "615.10020", "2016-12-31": "549.30030", "2015-12-31": "505.80010", "2014-12-31": "289.10010"}, "EBIT": {"2019-12-31": "346.80030", "2018-12-31": "496.80000", "2017-12-31": "402.90010", "2016-12-31": "305.30030", "2015-12-31": "184.60010", "2014-12-31": "-0.39990"}, "Basic Shares Outstanding": {"2019-12-31": "290.05700", "2018-12-31": "285.90700", "2017-12-31": "245.52100", "2016-12-31": "245.68400", "2015-12-31": "245.82400", "2014-12-31": "321.11000"}, "Shares Outstanding": {"2019-12-31": "291.62700", "2018-12-31": "291.69800", "2017-12-31": "250.49100", "2016-12-31": "248.36000", "2015-12-31": "247.67400", "2014-12-31": "321.17400"}, "Basic EPS": {"2019-12-31": "2.38000", "2018-12-31": "0.86000", "2017-12-31": "0.62000", "2016-12-31": "0.23000", "2015-12-31": "0.10000", "2014-12-31": "-0.44000"}, "EPS - Earnings Per Share": {"2019-12-31": "2.37000", "2018-12-31": "0.84000", "2017-12-31": "0.60000", "2016-12-31": "0.23000", "2015-12-31": "0.10000", "2014-12-31": "-0.44000"}}, "income statement, quarterly": {"Revenue": {"2020-09-30": "712.20000", "2020-06-30": "576.50000", "2020-03-31": "710.10000", "2019-12-31": "725.70000", "2019-09-30": "746.60000", "2019-06-30": "809.90000", "2019-03-31": "804.90000", "2018-12-31": "792.10020", "2018-09-30": "828.40000", "2018-06-30": "875.10000", "2018-03-31": "852.00000", "2017-12-31": "781.80000", "2017-09-30": "760.60000", "2017-06-30": "769.10000", "2017-03-31": "730.20000", "2016-12-31": "", "2015-12-31": "", "2014-12-31": ""}, "Cost Of Goods Sold": {"2020-09-30": "438.60000", "2020-06-30": "373.00000", "2020-03-31": "454.30000", "2019-12-31": "464.29990", "2019-09-30": "474.20000", "2019-06-30": "508.50000", "2019-03-31": "497.60000", "2018-12-31": "482.10010", "2018-09-30": "501.20000", "2018-06-30": "517.60000", "2018-03-31": "516.10000", "2017-12-31": "479.80000", "2017-09-30": "449.80000", "2017-06-30": "450.70000", "2017-03-31": "443.40000", "2016-12-31": "", "2015-12-31": "", "2014-12-31": ""}, "Gross Profit": {"2020-09-30": "273.60000", "2020-06-30": "203.50000", "2020-03-31": "255.80000", "2019-12-31": "261.40010", "2019-09-30": "272.40000", "2019-06-30": "301.40000", "2019-03-31": "307.30000", "2018-12-31": "310.00010", "2018-09-30": "327.20000", "2018-06-30": "357.50000", "2018-03-31": "335.90000", "2017-12-31": "302.00000", "2017-09-30": "310.80000", "2017-06-30": "318.40000", "2017-03-31": "286.80000", "2016-12-31": "", "2015-12-31": "", "2014-12-31": ""}, "Research And Development Expenses": {"2020-09-30": "", "2020-06-30": "", "2020-03-31": "", "2019-12-31": "", "2019-09-30": "", "2019-06-30": "", "2019-03-31": "", "2018-12-31": "", "2018-09-30": "", "2018-06-30": "", "2018-03-31": "", "2017-12-31": "0.00000", "2017-09-30": "", "2017-06-30": "", "2017-03-31": "", "2016-12-31": "", "2015-12-31": "", "2014-12-31": ""}, "SG&A Expenses": {"2020-09-30": "195.40000", "2020-06-30": "182.90000", "2020-03-31": "193.40000", "2019-12-31": "186.90000", "2019-09-30": "191.90000", "2019-06-30": "198.00000", "2019-03-31": "200.50000", "2018-12-31": "184.70000", "2018-09-30": "202.70000", "2018-06-30": "209.80000", "2018-03-31": "208.60000", "2017-12-31": "210.10000", "2017-09-30": "201.40000", "2017-06-30": "195.60000", "2017-03-31": "188.50000", "2016-12-31": "", "2015-12-31": "", "2014-12-31": ""}, "Other Operating Income Or Expenses": {"2020-09-30": "-7.00000", "2020-06-30": "0.00000", "2020-03-31": "-2.10000", "2019-12-31": "-4.40000", "2019-09-30": "-3.50000", "2019-06-30": "-1.20000", "2019-03-31": "-3.30000", "2018-12-31": "-2.30000", "2018-09-30": "-5.50000", "2018-06-30": "-4.50000", "2018-03-31": "-9.30000", "2017-12-31": "-9.40000", "2017-09-30": "-7.10000", "2017-06-30": "-2.00000", "2017-03-31": "-2.10000", "2016-12-31": "", "2015-12-31": "", "2014-12-31": ""}, "Operating Expenses": {"2020-09-30": "648.30000", "2020-06-30": "573.10000", "2020-03-31": "651.70000", "2019-12-31": "657.70000", "2019-09-30": "669.90000", "2019-06-30": "708.00000", "2019-03-31": "704.70000", "2018-12-31": "672.30000", "2018-09-30": "710.60000", "2018-06-30": "734.20000", "2018-03-31": "733.70000", "2017-12-31": "689.90000", "2017-09-30": "660.70000", "2017-06-30": "652.40000", "2017-03-31": "635.80000", "2016-12-31": "", "2015-12-31": "", "2014-12-31": ""}, "Operating Income": {"2020-09-30": "63.90000", "2020-06-30": "3.40000", "2020-03-31": "58.40000", "2019-12-31": "68.00000", "2019-09-30": "76.70000", "2019-06-30": "101.90000", "2019-03-31": "100.20010", "2018-12-31": "119.80020", "2018-09-30": "117.80000", "2018-06-30": "140.90000", "2018-03-31": "118.30000", "2017-12-31": "91.90000", "2017-09-30": "99.90000", "2017-06-30": "116.70000", "2017-03-31": "94.40000", "2016-12-31": "", "2015-12-31": "", "2014-12-31": ""}, "Total Non-Operating Income/Expense": {"2020-09-30": "-34.20000", "2020-06-30": "-30.60000", "2020-03-31": "-34.60000", "2019-12-31": "-40.70000", "2019-09-30": "-34.80000", "2019-06-30": "-37.70000", "2019-03-31": "-34.80000", "2018-12-31": "-36.00000", "2018-09-30": "-43.60000", "2018-06-30": "-36.50000", "2018-03-31": "-77.20000", "2017-12-31": "-67.70000", "2017-09-30": "-65.90000", "2017-06-30": "-103.90000", "2017-03-31": "-55.90000", "2016-12-31": "", "2015-12-31": "", "2014-12-31": ""}, "Pre-Tax Income": {"2020-09-30": "29.70000", "2020-06-30": "-27.20000", "2020-03-31": "23.80000", "2019-12-31": "27.30000", "2019-09-30": "41.90000", "2019-06-30": "64.20000", "2019-03-31": "65.40000", "2018-12-31": "83.80000", "2018-09-30": "74.20000", "2018-06-30": "104.40000", "2018-03-31": "41.10000", "2017-12-31": "24.20000", "2017-09-30": "34.00000", "2017-06-30": "12.80000", "2017-03-31": "38.50000", "2016-12-31": "", "2015-12-31": "", "2014-12-31": ""}, "Income Taxes": {"2020-09-30": "-16.00000", "2020-06-30": "0.60000", "2020-03-31": "-16.10000", "2019-12-31": "1.90000", "2019-09-30": "4.40000", "2019-06-30": "37.50000", "2019-03-31": "-539.70000", "2018-12-31": "1.40000", "2018-09-30": "7.20000", "2018-06-30": "11.50000", "2018-03-31": "11.70000", "2017-12-31": "-105.40000", "2017-09-30": "15.90000", "2017-06-30": "4.50000", "2017-03-31": "12.50000", "2016-12-31": "", "2015-12-31": "", "2014-12-31": ""}, "Income After Taxes": {"2020-09-30": "45.70000", "2020-06-30": "-27.80000", "2020-03-31": "39.90000", "2019-12-31": "25.40000", "2019-09-30": "37.50000", "2019-06-30": "26.70000", "2019-03-31": "605.10000", "2018-12-31": "82.40000", "2018-09-30": "67.00000", "2018-06-30": "92.90000", "2018-03-31": "29.40000", "2017-12-31": "129.60000", "2017-09-30": "18.10000", "2017-06-30": "8.30000", "2017-03-31": "26.00000", "2016-12-31": "", "2015-12-31": "", "2014-12-31": ""}, "Other Income": {"2020-09-30": "", "2020-06-30": "", "2020-03-31": "", "2019-12-31": "", "2019-09-30": "", "2019-06-30": "", "2019-03-31": "", "2018-12-31": "", "2018-09-30": "", "2018-06-30": "", "2018-03-31": "", "2017-12-31": "0.00000", "2017-09-30": "", "2017-06-30": "", "2017-03-31": "", "2016-12-31": "", "2015-12-31": "", "2014-12-31": ""}, "Income From Continuous Operations": {"2020-09-30": "45.70000", "2020-06-30": "-27.80000", "2020-03-31": "39.90000", "2019-12-31": "25.40000", "2019-09-30": "37.50000", "2019-06-30": "26.70000", "2019-03-31": "605.10000", "2018-12-31": "82.40000", "2018-09-30": "67.00000", "2018-06-30": "92.90000", "2018-03-31": "29.40000", "2017-12-31": "129.60000", "2017-09-30": "18.10000", "2017-06-30": "8.30000", "2017-03-31": "26.00000", "2016-12-31": "", "2015-12-31": "", "2014-12-31": ""}, "Income From Discontinued Operations": {"2020-09-30": "-0.10000", "2020-06-30": "-0.20000", "2020-03-31": "", "2019-12-31": "", "2019-09-30": "-0.10000", "2019-06-30": "-0.20000", "2019-03-31": "-0.30000", "2018-12-31": "0.10000", "2018-09-30": "-0.30000", "2018-06-30": "-0.30000", "2018-03-31": "-0.10000", "2017-12-31": "", "2017-09-30": "0.10000", "2017-06-30": "-0.30000", "2017-03-31": "0.30000", "2016-12-31": "", "2015-12-31": "", "2014-12-31": ""}, "Net Income": {"2020-09-30": "41.90000", "2020-06-30": "-22.40000", "2020-03-31": "35.60000", "2019-12-31": "19.40000", "2019-09-30": "35.50000", "2019-06-30": "21.50000", "2019-03-31": "613.70000", "2018-12-31": "75.60000", "2018-09-30": "59.90000", "2018-06-30": "85.60000", "2018-03-31": "24.20000", "2017-12-31": "118.80000", "2017-09-30": "13.20000", "2017-06-30": "0.50000", "2017-03-31": "18.80000", "2016-12-31": "", "2015-12-31": "", "2014-12-31": ""}, "EBITDA": {"2020-09-30": "117.50000", "2020-06-30": "58.10000", "2020-03-31": "113.30000", "2019-12-31": "122.80000", "2019-09-30": "131.80000", "2019-06-30": "158.10000", "2019-03-31": "156.30010", "2018-12-31": "175.00020", "2018-09-30": "171.50000", "2018-06-30": "195.50000", "2018-03-31": "173.30000", "2017-12-31": "150.70000", "2017-09-30": "151.90000", "2017-06-30": "170.49990", "2017-03-31": "146.80000", "2016-12-31": "", "2015-12-31": "", "2014-12-31": ""}, "EBIT": {"2020-09-30": "63.90000", "2020-06-30": "3.40000", "2020-03-31": "58.40000", "2019-12-31": "68.00020", "2019-09-30": "76.70000", "2019-06-30": "101.90000", "2019-03-31": "100.20010", "2018-12-31": "119.80000", "2018-09-30": "117.80000", "2018-06-30": "140.90000", "2018-03-31": "118.30000", "2017-12-31": "91.90000", "2017-09-30": "99.90000", "2017-06-30": "116.70000", "2017-03-31": "94.40000", "2016-12-31": "", "2015-12-31": "", "2014-12-31": ""}, "Basic Shares Outstanding": {"2020-09-30": "290.76900", "2020-06-30": "290.73200", "2020-03-31": "290.61000", "2019-12-31": "290.05700", "2019-09-30": "290.10900", "2019-06-30": "290.05900", "2019-03-31": "289.92900", "2018-12-31": "285.90700", "2018-09-30": "289.78300", "2018-06-30": "289.75600", "2018-03-31": "274.87600", "2017-12-31": "245.52100", "2017-09-30": "245.48400", "2017-06-30": "245.52000", "2017-03-31": "245.60300", "2016-12-31": "", "2015-12-31": "", "2014-12-31": ""}, "Shares Outstanding": {"2020-09-30": "292.44200", "2020-06-30": "290.73200", "2020-03-31": "292.11100", "2019-12-31": "291.62700", "2019-09-30": "291.11300", "2019-06-30": "291.80300", "2019-03-31": "294.66200", "2018-12-31": "291.69800", "2018-09-30": "298.45400", "2018-06-30": "297.38600", "2018-03-31": "284.30400", "2017-12-31": "250.49100", "2017-09-30": "255.13100", "2017-06-30": "251.59000", "2017-03-31": "249.88800", "2016-12-31": "", "2015-12-31": "", "2014-12-31": ""}, "Basic EPS": {"2020-09-30": "0.14000", "2020-06-30": "-0.08000", "2020-03-31": "0.12000", "2019-12-31": "0.07000", "2019-09-30": "0.12000", "2019-06-30": "0.07000", "2019-03-31": "2.12000", "2018-12-31": "0.26000", "2018-09-30": "0.21000", "2018-06-30": "0.30000", "2018-03-31": "0.09000", "2017-12-31": "0.48800", "2017-09-30": "0.05000", "2017-06-30": "0.00200", "2017-03-31": "0.08000", "2016-12-31": "", "2015-12-31": "", "2014-12-31": ""}, "EPS - Earnings Per Share": {"2020-09-30": "0.14000", "2020-06-30": "-0.08000", "2020-03-31": "0.12000", "2019-12-31": "0.10000", "2019-09-30": "0.12000", "2019-06-30": "0.07000", "2019-03-31": "2.08000", "2018-12-31": "0.26000", "2018-09-30": "0.20000", "2018-06-30": "0.29000", "2018-03-31": "0.09000", "2017-12-31": "0.46800", "2017-09-30": "0.05000", "2017-06-30": "0.00200", "2017-03-31": "0.08000", "2016-12-31": "0.00000", "2015-12-31": "0.00000", "2014-12-31": "0.00000"}}, "balance sheet": {"Cash On Hand": {"2019-12-31": "635.30000", "2018-12-31": "423.40000", "2017-12-31": "564.40000", "2016-12-31": "527.20000", "2015-12-31": "343.70000", "2014-12-31": ""}, "Receivables": {"2019-12-31": "716.80000", "2018-12-31": "749.50000", "2017-12-31": "727.90000", "2016-12-31": "659.40000", "2015-12-31": "625.90000", "2014-12-31": ""}, "Inventory": {"2019-12-31": "475.10000", "2018-12-31": "537.60000", "2017-12-31": "457.10000", "2016-12-31": "366.90000", "2015-12-31": "415.70000", "2014-12-31": ""}, "Pre-Paid Expenses": {"2019-12-31": "131.40000", "2018-12-31": "104.10000", "2017-12-31": "76.80000", "2016-12-31": "71.20000", "2015-12-31": "61.90000", "2014-12-31": ""}, "Other Current Assets": {"2019-12-31": "", "2018-12-31": "", "2017-12-31": "", "2016-12-31": "", "2015-12-31": "", "2014-12-31": ""}, "Total Current Assets": {"2019-12-31": "1958.60000", "2018-12-31": "1814.60000", "2017-12-31": "1826.20000", "2016-12-31": "1624.70000", "2015-12-31": "1447.20000", "2014-12-31": ""}, "Property, Plant, And Equipment": {"2019-12-31": "727.90000", "2018-12-31": "756.30000", "2017-12-31": "686.20000", "2016-12-31": "599.60000", "2015-12-31": "660.60000", "2014-12-31": ""}, "Long-Term Investments": {"2019-12-31": "", "2018-12-31": "", "2017-12-31": "", "2016-12-31": "", "2015-12-31": "4.10000", "2014-12-31": ""}, "Goodwill And Intangible Assets": {"2019-12-31": "3936.50000", "2018-12-31": "4036.50000", "2017-12-31": "4212.30000", "2016-12-31": "4056.40000", "2015-12-31": "4340.50000", "2014-12-31": "0.00000"}, "Other Long-Term Assets": {"2019-12-31": "17.10000", "2018-12-31": "29.60000", "2017-12-31": "38.60000", "2016-12-31": "28.40000", "2015-12-31": "20.80000", "2014-12-31": ""}, "Total Long-Term Assets": {"2019-12-31": "5452.70000", "2018-12-31": "4908.00000", "2017-12-31": "5027.50000", "2016-12-31": "4758.60000", "2015-12-31": "5118.40000", "2014-12-31": ""}, "Total Assets": {"2019-12-31": "7411.30000", "2018-12-31": "6722.60000", "2017-12-31": "6853.70000", "2016-12-31": "6383.30000", "2015-12-31": "6565.60000", "2014-12-31": "0.00000"}, "Total Current Liabilities": {"2019-12-31": "658.10000", "2018-12-31": "679.00000", "2017-12-31": "697.80000", "2016-12-31": "579.50000", "2015-12-31": "565.20000", "2014-12-31": ""}, "Long Term Debt": {"2019-12-31": "3021.10000", "2018-12-31": "3035.30000", "2017-12-31": "3989.90000", "2016-12-31": "3885.00000", "2015-12-31": "3881.90000", "2014-12-31": ""}, "Other Non-Current Liabilities": {"2019-12-31": "84.70000", "2018-12-31": "79.20000", "2017-12-31": "63.40000", "2016-12-31": "26.50000", "2015-12-31": "39.30000", "2014-12-31": ""}, "Total Long Term Liabilities": {"2019-12-31": "3742.50000", "2018-12-31": "3709.90000", "2017-12-31": "4727.50000", "2016-12-31": "4735.40000", "2015-12-31": "4807.80000", "2014-12-31": ""}, "Total Liabilities": {"2019-12-31": "4400.60000", "2018-12-31": "4388.90000", "2017-12-31": "5425.30000", "2016-12-31": "5314.90000", "2015-12-31": "5373.00000", "2014-12-31": "0.00000"}, "Common Stock Net": {"2019-12-31": "2.90000", "2018-12-31": "2.90000", "2017-12-31": "2.50000", "2016-12-31": "2.50000", "2015-12-31": "", "2014-12-31": "0.00000"}, "Retained Earnings (Accumulated Deficit)": {"2019-12-31": "1072.00000", "2018-12-31": "381.90000", "2017-12-31": "136.90000", "2016-12-31": "-14.30000", "2015-12-31": "-72.00000", "2014-12-31": ""}, "Comprehensive Income": {"2019-12-31": "-858.40000", "2018-12-31": "-854.30000", "2017-12-31": "-747.40000", "2016-12-31": "-915.90000", "2015-12-31": "-759.90000", "2014-12-31": ""}, "Other Share Holders Equity": {"2019-12-31": "", "2018-12-31": "", "2017-12-31": "", "2016-12-31": "", "2015-12-31": "", "2014-12-31": "0.00000"}, "Share Holder Equity": {"2019-12-31": "3010.70000", "2018-12-31": "2333.70000", "2017-12-31": "1428.40000", "2016-12-31": "1068.40000", "2015-12-31": "1192.60000", "2014-12-31": "0.00000"}, "Total Liabilities And Share Holders Equity": {"2019-12-31": "7411.30000", "2018-12-31": "6722.60000", "2017-12-31": "6853.70000", "2016-12-31": "6383.30000", "2015-12-31": "6565.60000", "2014-12-31": "0.00000"}}, "balance sheet, quarterly": {"Cash On Hand": {"2020-09-30": "672.30000", "2020-06-30": "639.70000", "2020-03-31": "626.30000", "2019-12-31": "635.30000", "2019-09-30": "456.10000", "2019-06-30": "411.00000", "2019-03-31": "333.60000", "2018-12-31": "423.40000", "2018-09-30": "296.30000", "2018-06-30": "305.20000", "2018-03-31": "328.50000", "2017-12-31": "564.40000", "2017-09-30": "", "2017-06-30": "", "2017-03-31": "", "2016-12-31": "527.20000", "2015-12-31": "343.70000", "2014-12-31": ""}, "Receivables": {"2020-09-30": "743.70000", "2020-06-30": "685.60000", "2020-03-31": "749.70000", "2019-12-31": "716.80000", "2019-09-30": "758.00000", "2019-06-30": "793.40000", "2019-03-31": "817.30000", "2018-12-31": "749.50000", "2018-09-30": "785.50000", "2018-06-30": "816.80000", "2018-03-31": "806.60000", "2017-12-31": "727.90000", "2017-09-30": "", "2017-06-30": "", "2017-03-31": "", "2016-12-31": "659.40000", "2015-12-31": "625.90000", "2014-12-31": ""}, "Inventory": {"2020-09-30": "486.40000", "2020-06-30": "498.80000", "2020-03-31": "484.40000", "2019-12-31": "475.10000", "2019-09-30": "507.80000", "2019-06-30": "544.50000", "2019-03-31": "559.70000", "2018-12-31": "537.60000", "2018-09-30": "526.80000", "2018-06-30": "502.10000", "2018-03-31": "492.00000", "2017-12-31": "457.10000", "2017-09-30": "", "2017-06-30": "", "2017-03-31": "", "2016-12-31": "366.90000", "2015-12-31": "415.70000", "2014-12-31": ""}, "Pre-Paid Expenses": {"2020-09-30": "143.70000", "2020-06-30": "135.30000", "2020-03-31": "137.50000", "2019-12-31": "131.40000", "2019-09-30": "142.00000", "2019-06-30": "117.00000", "2019-03-31": "125.40000", "2018-12-31": "104.10000", "2018-09-30": "108.60000", "2018-06-30": "99.50000", "2018-03-31": "91.50000", "2017-12-31": "76.80000", "2017-09-30": "", "2017-06-30": "", "2017-03-31": "", "2016-12-31": "", "2015-12-31": "", "2014-12-31": ""}, "Other Current Assets": {"2020-09-30": "", "2020-06-30": "", "2020-03-31": "", "2019-12-31": "", "2019-09-30": "", "2019-06-30": "", "2019-03-31": "", "2018-12-31": "", "2018-09-30": "", "2018-06-30": "", "2018-03-31": "", "2017-12-31": "", "2017-09-30": "", "2017-06-30": "", "2017-03-31": "", "2016-12-31": "67.00000", "2015-12-31": "61.90000", "2014-12-31": ""}, "Total Current Assets": {"2020-09-30": "2046.10000", "2020-06-30": "1959.40000", "2020-03-31": "1997.90000", "2019-12-31": "1958.60000", "2019-09-30": "1863.90000", "2019-06-30": "1865.90000", "2019-03-31": "1836.00000", "2018-12-31": "1814.60000", "2018-09-30": "1717.20000", "2018-06-30": "1723.60000", "2018-03-31": "1718.60000", "2017-12-31": "1826.20000", "2017-09-30": "", "2017-06-30": "", "2017-03-31": "", "2016-12-31": "1624.70000", "2015-12-31": "1447.20000", "2014-12-31": ""}, "Property, Plant, And Equipment": {"2020-09-30": "677.00000", "2020-06-30": "671.20000", "2020-03-31": "683.00000", "2019-12-31": "727.90000", "2019-09-30": "721.10000", "2019-06-30": "748.10000", "2019-03-31": "757.20000", "2018-12-31": "756.30000", "2018-09-30": "761.70000", "2018-06-30": "746.90000", "2018-03-31": "738.90000", "2017-12-31": "686.20000", "2017-09-30": "", "2017-06-30": "", "2017-03-31": "", "2016-12-31": "832.40000", "2015-12-31": "813.80000", "2014-12-31": ""}, "Long-Term Investments": {"2020-09-30": "", "2020-06-30": "", "2020-03-31": "", "2019-12-31": "", "2019-09-30": "", "2019-06-30": "", "2019-03-31": "", "2018-12-31": "", "2018-09-30": "", "2018-06-30": "", "2018-03-31": "", "2017-12-31": "", "2017-09-30": "", "2017-06-30": "", "2017-03-31": "", "2016-12-31": "3.90000", "2015-12-31": "4.10000", "2014-12-31": ""}, "Goodwill And Intangible Assets": {"2020-09-30": "3800.90000", "2020-06-30": "3773.80000", "2020-03-31": "3767.60000", "2019-12-31": "3936.50000", "2019-09-30": "3912.30000", "2019-06-30": "4006.00000", "2019-03-31": "4018.00000", "2018-12-31": "4036.50000", "2018-09-30": "4115.80000", "2018-06-30": "4138.70000", "2018-03-31": "4254.60000", "2017-12-31": "4212.30000", "2017-09-30": "0.00000", "2017-06-30": "0.00000", "2017-03-31": "0.00000", "2016-12-31": "4056.40000", "2015-12-31": "4340.50000", "2014-12-31": "0.00000"}, "Other Long-Term Assets": {"2020-09-30": "16.00000", "2020-06-30": "17.60000", "2020-03-31": "15.30000", "2019-12-31": "17.10000", "2019-09-30": "31.70000", "2019-06-30": "29.50000", "2019-03-31": "28.90000", "2018-12-31": "29.60000", "2018-09-30": "40.70000", "2018-06-30": "34.70000", "2018-03-31": "34.70000", "2017-12-31": "38.60000", "2017-09-30": "", "2017-06-30": "", "2017-03-31": "", "2016-12-31": "96.30000", "2015-12-31": "110.09000", "2014-12-31": ""}, "Total Long-Term Assets": {"2020-09-30": "5289.60000", "2020-06-30": "5216.90000", "2020-03-31": "5186.90000", "2019-12-31": "5452.70000", "2019-09-30": "5422.00000", "2019-06-30": "5564.20000", "2019-03-31": "5601.80000", "2018-12-31": "4908.00000", "2018-09-30": "5001.50000", "2018-06-30": "5012.10000", "2018-03-31": "5121.50000", "2017-12-31": "5027.50000", "2017-09-30": "", "2017-06-30": "", "2017-03-31": "", "2016-12-31": "4991.40000", "2015-12-31": "5271.59000", "2014-12-31": ""}, "Total Assets": {"2020-09-30": "7335.70000", "2020-06-30": "7176.30000", "2020-03-31": "7184.80000", "2019-12-31": "7411.30000", "2019-09-30": "7285.90000", "2019-06-30": "7430.10000", "2019-03-31": "7437.80000", "2018-12-31": "6722.60000", "2018-09-30": "6718.70000", "2018-06-30": "6735.70000", "2018-03-31": "6840.10000", "2017-12-31": "6853.70000", "2017-09-30": "0.00000", "2017-06-30": "0.00000", "2017-03-31": "0.00000", "2016-12-31": "6383.30000", "2015-12-31": "6565.60000", "2014-12-31": "0.00000"}, "Total Current Liabilities": {"2020-09-30": "653.90000", "2020-06-30": "629.30000", "2020-03-31": "667.70000", "2019-12-31": "658.10000", "2019-09-30": "583.20000", "2019-06-30": "641.30000", "2019-03-31": "641.70000", "2018-12-31": "679.00000", "2018-09-30": "654.40000", "2018-06-30": "698.10000", "2018-03-31": "681.50000", "2017-12-31": "697.80000", "2017-09-30": "", "2017-06-30": "", "2017-03-31": "", "2016-12-31": "579.50000", "2015-12-31": "565.20000", "2014-12-31": ""}, "Long Term Debt": {"2020-09-30": "3030.30000", "2020-06-30": "3013.10000", "2020-03-31": "3006.70000", "2019-12-31": "3021.10000", "2019-09-30": "3065.10000", "2019-06-30": "3083.80000", "2019-03-31": "3081.60000", "2018-12-31": "3035.30000", "2018-09-30": "3041.70000", "2018-06-30": "3076.80000", "2018-03-31": "3101.30000", "2017-12-31": "3989.90000", "2017-09-30": "", "2017-06-30": "", "2017-03-31": "", "2016-12-31": "3886.30000", "2015-12-31": "3881.90000", "2014-12-31": ""}, "Other Non-Current Liabilities": {"2020-09-30": "110.60000", "2020-06-30": "100.70000", "2020-03-31": "87.70000", "2019-12-31": "84.70000", "2019-09-30": "86.50000", "2019-06-30": "70.60000", "2019-03-31": "80.00000", "2018-12-31": "79.20000", "2018-09-30": "72.00000", "2018-06-30": "73.90000", "2018-03-31": "75.10000", "2017-12-31": "63.40000", "2017-09-30": "", "2017-06-30": "", "2017-03-31": "", "2016-12-31": "196.80000", "2015-12-31": "211.20000", "2014-12-31": ""}, "Total Long Term Liabilities": {"2020-09-30": "3726.60000", "2020-06-30": "3705.30000", "2020-03-31": "3675.70000", "2019-12-31": "3742.50000", "2019-09-30": "3772.70000", "2019-06-30": "3806.20000", "2019-03-31": "3834.00000", "2018-12-31": "3709.90000", "2018-09-30": "3737.20000", "2018-06-30": "3781.10000", "2018-03-31": "3843.50000", "2017-12-31": "4727.50000", "2017-09-30": "", "2017-06-30": "", "2017-03-31": "", "2016-12-31": "4735.40000", "2015-12-31": "4807.80000", "2014-12-31": ""}, "Total Liabilities": {"2020-09-30": "4380.50000", "2020-06-30": "4334.60000", "2020-03-31": "4343.40000", "2019-12-31": "4400.60000", "2019-09-30": "4355.90000", "2019-06-30": "4447.50000", "2019-03-31": "4475.70000", "2018-12-31": "4388.90000", "2018-09-30": "4391.60000", "2018-06-30": "4479.20000", "2018-03-31": "4525.00000", "2017-12-31": "5425.30000", "2017-09-30": "0.00000", "2017-06-30": "0.00000", "2017-03-31": "0.00000", "2016-12-31": "5314.90000", "2015-12-31": "5373.00000", "2014-12-31": "0.00000"}, "Common Stock Net": {"2020-09-30": "2.90000", "2020-06-30": "2.90000", "2020-03-31": "2.90000", "2019-12-31": "2.90000", "2019-09-30": "2.90000", "2019-06-30": "2.90000", "2019-03-31": "2.90000", "2018-12-31": "2.90000", "2018-09-30": "2.90000", "2018-06-30": "2.90000", "2018-03-31": "2.90000", "2017-12-31": "2.50000", "2017-09-30": "0.00000", "2017-06-30": "0.00000", "2017-03-31": "0.00000", "2016-12-31": "0.00000", "2015-12-31": "0.00000", "2014-12-31": "0.00000"}, "Retained Earnings (Accumulated Deficit)": {"2020-09-30": "1127.10000", "2020-06-30": "1085.20000", "2020-03-31": "1107.60000", "2019-12-31": "1072.00000", "2019-09-30": "1052.60000", "2019-06-30": "1017.10000", "2019-03-31": "995.60000", "2018-12-31": "381.90000", "2018-09-30": "306.60000", "2018-06-30": "246.70000", "2018-03-31": "161.10000", "2017-12-31": "136.90000", "2017-09-30": "", "2017-06-30": "", "2017-03-31": "", "2016-12-31": "-14.30000", "2015-12-31": "-72.00000", "2014-12-31": ""}, "Comprehensive Income": {"2020-09-30": "-982.30000", "2020-06-30": "-1036.20000", "2020-03-31": "-1065.80000", "2019-12-31": "-858.40000", "2019-09-30": "-908.60000", "2019-06-30": "-835.60000", "2019-03-31": "-840.00000", "2018-12-31": "-854.30000", "2018-09-30": "-787.20000", "2018-06-30": "-809.20000", "2018-03-31": "-696.60000", "2017-12-31": "-747.40000", "2017-09-30": "", "2017-06-30": "", "2017-03-31": "", "2016-12-31": "", "2015-12-31": "", "2014-12-31": ""}, "Other Share Holders Equity": {"2020-09-30": "", "2020-06-30": "", "2020-03-31": "", "2019-12-31": "", "2019-09-30": "", "2019-06-30": "", "2019-03-31": "", "2018-12-31": "", "2018-09-30": "", "2018-06-30": "", "2018-03-31": "", "2017-12-31": "", "2017-09-30": "0.00000", "2017-06-30": "0.00000", "2017-03-31": "0.00000", "2016-12-31": "-538.80000", "2015-12-31": "-353.60000", "2014-12-31": "0.00000"}, "Share Holder Equity": {"2020-09-30": "2955.20000", "2020-06-30": "2841.70000", "2020-03-31": "2841.40000", "2019-12-31": "3010.70000", "2019-09-30": "2930.00000", "2019-06-30": "2982.60000", "2019-03-31": "2962.10000", "2018-12-31": "2333.70000", "2018-09-30": "2327.10000", "2018-06-30": "2256.50000", "2018-03-31": "2315.10000", "2017-12-31": "1428.40000", "2017-09-30": "0.00000", "2017-06-30": "0.00000", "2017-03-31": "0.00000", "2016-12-31": "1068.40000", "2015-12-31": "1192.60000", "2014-12-31": "0.00000"}, "Total Liabilities And Share Holders Equity": {"2020-09-30": "7335.70000", "2020-06-30": "7176.30000", "2020-03-31": "7184.80000", "2019-12-31": "7411.30000", "2019-09-30": "7285.90000", "2019-06-30": "7430.10000", "2019-03-31": "7437.80000", "2018-12-31": "6722.60000", "2018-09-30": "6718.70000", "2018-06-30": "6735.70000", "2018-03-31": "6840.10000", "2017-12-31": "6853.70000", "2017-09-30": "0.00000", "2017-06-30": "0.00000", "2017-03-31": "0.00000", "2016-12-31": "6383.30000", "2015-12-31": "6565.60000", "2014-12-31": "0.00000"}}, "cash flow statement": {"Net Income/Loss": {"2019-12-31": "694.10000", "2018-12-31": "271.10000", "2017-12-31": "182.70000", "2016-12-31": "84.30000", "2015-12-31": "50.90000", "2014-12-31": "-122.90000"}, "Total Depreciation And Amortization - Cash Flow": {"2019-12-31": "222.20000", "2018-12-31": "218.50000", "2017-12-31": "212.20000", "2016-12-31": "244.00000", "2015-12-31": "321.20000", "2014-12-31": "289.50000"}, "Other Non-Cash Items": {"2019-12-31": "-626.20000", "2018-12-31": "-11.60000", "2017-12-31": "-54.30000", "2016-12-31": "-48.40000", "2015-12-31": "-125.50000", "2014-12-31": "-157.80000"}, "Total Non-Cash Items": {"2019-12-31": "-404.00000", "2018-12-31": "206.90000", "2017-12-31": "157.90000", "2016-12-31": "195.60000", "2015-12-31": "195.70000", "2014-12-31": "131.70000"}, "Change In Accounts Receivable": {"2019-12-31": "41.80000", "2018-12-31": "-49.60000", "2017-12-31": "-24.60000", "2016-12-31": "-44.80000", "2015-12-31": "4.30000", "2014-12-31": "-38.20000"}, "Change In Inventories": {"2019-12-31": "65.10000", "2018-12-31": "-96.10000", "2017-12-31": "-45.40000", "2016-12-31": "39.50000", "2015-12-31": "9.50000", "2014-12-31": "127.00000"}, "Change In Accounts Payable": {"2019-12-31": "-48.20000", "2018-12-31": "42.10000", "2017-12-31": "49.90000", "2016-12-31": "50.20000", "2015-12-31": "46.50000", "2014-12-31": "-14.50000"}, "Change In Assets/Liabilities": {"2019-12-31": "-46.10000", "2018-12-31": "-45.60000", "2017-12-31": "-7.10000", "2016-12-31": "16.90000", "2015-12-31": "-9.50000", "2014-12-31": "25.00000"}, "Total Change In Assets/Liabilities": {"2019-12-31": "58.80000", "2018-12-31": "-164.50000", "2017-12-31": "-20.70000", "2016-12-31": "96.80000", "2015-12-31": "29.30000", "2014-12-31": "72.70000"}, "Cash Flow From Operating Activities": {"2019-12-31": "348.90000", "2018-12-31": "313.50000", "2017-12-31": "319.90000", "2016-12-31": "376.70000", "2015-12-31": "275.90000", "2014-12-31": "81.50000"}, "Net Change In Property, Plant, And Equipment": {"2019-12-31": "-72.10000", "2018-12-31": "-166.10000", "2017-12-31": "-101.10000", "2016-12-31": "-53.80000", "2015-12-31": "-75.80000", "2014-12-31": "-62.50000"}, "Net Change In Intangible Assets": {"2019-12-31": "-11.00000", "2018-12-31": "-16.60000", "2017-12-31": "-10.00000", "2016-12-31": "-9.10000", "2015-12-31": "-7.30000", "2014-12-31": "-6.50000"}, "Net Acquisitions/Divestitures": {"2019-12-31": "", "2018-12-31": "-50.90000", "2017-12-31": "-110.70000", "2016-12-31": "", "2015-12-31": "", "2014-12-31": "-3710.60000"}, "Net Change In Short-term Investments": {"2019-12-31": "", "2018-12-31": "", "2017-12-31": "", "2016-12-31": "", "2015-12-31": "", "2014-12-31": ""}, "Net Change In Long-Term Investments": {"2019-12-31": "", "2018-12-31": "", "2017-12-31": "", "2016-12-31": "", "2015-12-31": "", "2014-12-31": ""}, "Net Change In Investments - Total": {"2019-12-31": "", "2018-12-31": "", "2017-12-31": "", "2016-12-31": "", "2015-12-31": "", "2014-12-31": ""}, "Investing Activities - Other": {"2019-12-31": "5.10000", "2018-12-31": "-10.00000", "2017-12-31": "-5.20000", "2016-12-31": "-5.00000", "2015-12-31": "22.60000", "2014-12-31": "-22.10000"}, "Cash Flow From Investing Activities": {"2019-12-31": "-78.00000", "2018-12-31": "-243.60000", "2017-12-31": "-227.00000", "2016-12-31": "-67.90000", "2015-12-31": "-60.50000", "2014-12-31": "-3801.70000"}, "Net Long-Term Debt": {"2019-12-31": "-25.10000", "2018-12-31": "-960.50000", "2017-12-31": "-32.20000", "2016-12-31": "-67.20000", "2015-12-31": "-51.70000", "2014-12-31": "2286.50000"}, "Net Current Debt": {"2019-12-31": "", "2018-12-31": "", "2017-12-31": "", "2016-12-31": "", "2015-12-31": "", "2014-12-31": ""}, "Debt Issuance/Retirement Net - Total": {"2019-12-31": "-25.10000", "2018-12-31": "-960.50000", "2017-12-31": "-32.20000", "2016-12-31": "-67.20000", "2015-12-31": "-51.70000", "2014-12-31": "2286.50000"}, "Net Common Equity Issued/Repurchased": {"2019-12-31": "1.80000", "2018-12-31": "799.70000", "2017-12-31": "-1.00000", "2016-12-31": "-0.90000", "2015-12-31": "10.70000", "2014-12-31": "1586.10000"}, "Net Total Equity Issued/Repurchased": {"2019-12-31": "1.80000", "2018-12-31": "799.70000", "2017-12-31": "-1.00000", "2016-12-31": "-0.90000", "2015-12-31": "10.70000", "2014-12-31": "1586.10000"}, "Total Common And Preferred Stock Dividends Paid": {"2019-12-31": "", "2018-12-31": "", "2017-12-31": "", "2016-12-31": "", "2015-12-31": "", "2014-12-31": ""}, "Financial Activities - Other": {"2019-12-31": "-36.00000", "2018-12-31": "-38.10000", "2017-12-31": "-42.10000", "2016-12-31": "-42.70000", "2015-12-31": "-32.90000", "2014-12-31": "-130.30000"}, "Cash Flow From Financial Activities": {"2019-12-31": "-59.30000", "2018-12-31": "-198.90000", "2017-12-31": "-75.30000", "2016-12-31": "-110.80000", "2015-12-31": "-73.90000", "2014-12-31": "3742.30000"}, "Net Cash Flow": {"2019-12-31": "212.00000", "2018-12-31": "-141.40000", "2017-12-31": "37.20000", "2016-12-31": "188.60000", "2015-12-31": "127.30000", "2014-12-31": "12.10000"}, "Stock-Based Compensation": {"2019-12-31": "15.00000", "2018-12-31": "6.00000", "2017-12-31": "5.40000", "2016-12-31": "4.20000", "2015-12-31": "4.30000", "2014-12-31": "11.80000"}, "Common Stock Dividends Paid": {"2019-12-31": "", "2018-12-31": "", "2017-12-31": "", "2016-12-31": "", "2015-12-31": "", "2014-12-31": ""}}, "cash flow statement, quarterly": {"Net Income/Loss": {"2020-09-30": 45.6, "2020-06-30": -28, "2020-03-31": "39.90000", "2019-12-31": 25.4, "2019-09-30": 37.4, "2019-06-30": 26.5, "2019-03-31": "604.80000", "2018-12-31": 82.5, "2018-09-30": 66.7, "2018-06-30": 92.6, "2018-03-31": "29.30000", "2017-12-31": 130.2, "2017-09-30": 18.2, "2017-06-30": 8, "2017-03-31": "26.30000", "2016-12-31": 33.4, "2015-12-31": 173.8, "2014-12-31": -122.9}, "Total Depreciation And Amortization - Cash Flow": {"2020-09-30": 53.6, "2020-06-30": 54.7, "2020-03-31": "54.90000", "2019-12-31": 54.8, "2019-09-30": 55.1, "2019-06-30": 56.2, "2019-03-31": "56.10000", "2018-12-31": 55.2, "2018-09-30": 53.7, "2018-06-30": 54.6, "2018-03-31": "55.00000", "2017-12-31": 58.8, "2017-09-30": 52, "2017-06-30": 53.8, "2017-03-31": "52.40000", "2016-12-31": -77.2, "2015-12-31": 31.7, "2014-12-31": 289.5}, "Other Non-Cash Items": {"2020-09-30": -19.3, "2020-06-30": -3.9, "2020-03-31": "10.40000", "2019-12-31": -0.1, "2019-09-30": -15, "2019-06-30": 11.2, "2019-03-31": "-622.30000", "2018-12-31": -19, "2018-09-30": 4.1, "2018-06-30": -24.9, "2018-03-31": "28.20000", "2017-12-31": -103.1, "2017-09-30": 10.1, "2017-06-30": 42.2, "2017-03-31": "-3.50000", "2016-12-31": 0, "2015-12-31": 0, "2014-12-31": 0}, "Total Non-Cash Items": {"2020-09-30": 34.3, "2020-06-30": 50.8, "2020-03-31": "65.30000", "2019-12-31": 54.7, "2019-09-30": 40.1, "2019-06-30": 67.4, "2019-03-31": "-566.20000", "2018-12-31": 36.2, "2018-09-30": 57.8, "2018-06-30": 29.7, "2018-03-31": "83.20000", "2017-12-31": 10, "2017-09-30": 62.1, "2017-06-30": 96, "2017-03-31": "48.90000", "2016-12-31": -77.2, "2015-12-31": 31.7, "2014-12-31": 289.5}, "Change In Accounts Receivable": {"2020-09-30": -49.5, "2020-06-30": 67.1, "2020-03-31": "-42.10000", "2019-12-31": 45.8, "2019-09-30": 33, "2019-06-30": 9.1, "2019-03-31": "-46.10000", "2018-12-31": 33, "2018-09-30": 26, "2018-06-30": -29.8, "2018-03-31": "-78.80000", "2017-12-31": 44, "2017-09-30": 14.8, "2017-06-30": -22.7, "2017-03-31": "-60.70000", "2016-12-31": 0, "2015-12-31": 0, "2014-12-31": 0}, "Change In Inventories": {"2020-09-30": 20.3, "2020-06-30": -11.8, "2020-03-31": "-27.50000", "2019-12-31": 39.9, "2019-09-30": 25.1, "2019-06-30": 21.4, "2019-03-31": "-21.30000", "2018-12-31": -15.1, "2018-09-30": -28, "2018-06-30": -24, "2018-03-31": "-29.00000", "2017-12-31": 10.4, "2017-09-30": -21.3, "2017-06-30": -19.7, "2017-03-31": "-14.80000", "2016-12-31": 0, "2015-12-31": 0, "2014-12-31": 0}, "Change In Accounts Payable": {"2020-09-30": 15.7, "2020-06-30": -68.6, "2020-03-31": "19.50000", "2019-12-31": 42.2, "2019-09-30": -43, "2019-06-30": -21.6, "2019-03-31": "-25.80000", "2018-12-31": 25.7, "2018-09-30": -31.8, "2018-06-30": 24.9, "2018-03-31": "23.30000", "2017-12-31": 19.8, "2017-09-30": -3.1, "2017-06-30": 9.4, "2017-03-31": "23.80000", "2016-12-31": 0, "2015-12-31": 0, "2014-12-31": 0}, "Change In Assets/Liabilities": {"2020-09-30": -1.8, "2020-06-30": 28.4, "2020-03-31": "14.30000", "2019-12-31": -2.3, "2019-09-30": -5.6, "2019-06-30": 6.6, "2019-03-31": "-44.80000", "2018-12-31": 17.8, "2018-09-30": -27.3, "2018-06-30": 16, "2018-03-31": "-52.10000", "2017-12-31": 14.8, "2017-09-30": -8.9, "2017-06-30": 28.6, "2017-03-31": "-41.60000", "2016-12-31": 0, "2015-12-31": 0, "2014-12-31": 0}, "Total Change In Assets/Liabilities": {"2020-09-30": -24, "2020-06-30": 17.7, "2020-03-31": "-74.10000", "2019-12-31": 123.6, "2019-09-30": 3.9, "2019-06-30": 17.6, "2019-03-31": "-86.30000", "2018-12-31": 52.5, "2018-09-30": -76.1, "2018-06-30": -1.9, "2018-03-31": "-139.00000", "2017-12-31": 82.5, "2017-09-30": -17.4, "2017-06-30": -4.5, "2017-03-31": "-87.70000", "2016-12-31": 62.4, "2015-12-31": -43.4, "2014-12-31": 72.7}, "Cash Flow From Operating Activities": {"2020-09-30": 55.9, "2020-06-30": 40.5, "2020-03-31": "31.10000", "2019-12-31": 203.7, "2019-09-30": 81.4, "2019-06-30": 111.5, "2019-03-31": "-47.70000", "2018-12-31": 171.2, "2018-09-30": 48.4, "2018-06-30": 120.4, "2018-03-31": "-26.50000", "2017-12-31": 163.6, "2017-09-30": 62.9, "2017-06-30": 99.5, "2017-03-31": "-12.50000", "2016-12-31": 95.7, "2015-12-31": 194.4, "2014-12-31": 81.5}, "Net Change In Property, Plant, And Equipment": {"2020-09-30": -15.9, "2020-06-30": -11, "2020-03-31": "-12.10000", "2019-12-31": -21.6, "2019-09-30": -13.6, "2019-06-30": -15.6, "2019-03-31": "-21.30000", "2018-12-31": -23.1, "2018-09-30": -37.6, "2018-06-30": -49.5, "2018-03-31": "-55.90000", "2017-12-31": -42.9, "2017-09-30": -25.2, "2017-06-30": -18.8, "2017-03-31": "-11.90000", "2016-12-31": 22, "2015-12-31": -13.3, "2014-12-31": -62.5}, "Net Change In Intangible Assets": {"2020-09-30": -2.1, "2020-06-30": -1.7, "2020-03-31": "-2.80000", "2019-12-31": -3, "2019-09-30": -2.8, "2019-06-30": -3.6, "2019-03-31": "-1.60000", "2018-12-31": -4.7, "2018-09-30": -3.1, "2018-06-30": -4.2, "2018-03-31": "-4.60000", "2017-12-31": -3.1, "2017-09-30": -4, "2017-06-30": -1.6, "2017-03-31": "-1.30000", "2016-12-31": 0, "2015-12-31": 0, "2014-12-31": 0}, "Net Acquisitions/Divestitures": {"2020-09-30": 0, "2020-06-30": 0, "2020-03-31": "", "2019-12-31": 0, "2019-09-30": 0, "2019-06-30": 0, "2019-03-31": "", "2018-12-31": 0, "2018-09-30": 0, "2018-06-30": -50.9, "2018-03-31": "", "2017-12-31": -74, "2017-09-30": 0, "2017-06-30": -36.7, "2017-03-31": "", "2016-12-31": 2.3, "2015-12-31": 3707.7, "2014-12-31": -3710.6}, "Net Change In Short-term Investments": {"2020-09-30": 0, "2020-06-30": 0, "2020-03-31": "", "2019-12-31": 0, "2019-09-30": 0, "2019-06-30": 0, "2019-03-31": "", "2018-12-31": 0, "2018-09-30": 0, "2018-06-30": 0, "2018-03-31": "", "2017-12-31": 0, "2017-09-30": 0, "2017-06-30": 0, "2017-03-31": "", "2016-12-31": 0, "2015-12-31": 0, "2014-12-31": 0}, "Net Change In Long-Term Investments": {"2020-09-30": 0, "2020-06-30": 0, "2020-03-31": "", "2019-12-31": 11.7, "2019-09-30": -11.7, "2019-06-30": 0, "2019-03-31": "", "2018-12-31": 0, "2018-09-30": 0, "2018-06-30": 0, "2018-03-31": "", "2017-12-31": 0, "2017-09-30": 0, "2017-06-30": 0, "2017-03-31": "", "2016-12-31": 0, "2015-12-31": 0, "2014-12-31": 0}, "Net Change In Investments - Total": {"2020-09-30": 0, "2020-06-30": 0, "2020-03-31": "", "2019-12-31": 11.7, "2019-09-30": -11.7, "2019-06-30": 0, "2019-03-31": "", "2018-12-31": 0, "2018-09-30": 0, "2018-06-30": 0, "2018-03-31": "", "2017-12-31": 0, "2017-09-30": 0, "2017-06-30": 0, "2017-03-31": "", "2016-12-31": 0.8, "2015-12-31": -0.1, "2014-12-31": 0}, "Investing Activities - Other": {"2020-09-30": 1.5, "2020-06-30": 0.2, "2020-03-31": "-9.70000", "2019-12-31": 4.5, "2019-09-30": 6, "2019-06-30": 3.4, "2019-03-31": "-8.80000", "2018-12-31": -1.7, "2018-09-30": 0.3, "2018-06-30": 0.3, "2018-03-31": "-8.90000", "2017-12-31": -3.5, "2017-09-30": 0, "2017-06-30": 0.8, "2017-03-31": "-8.40000", "2016-12-31": -24.7, "2015-12-31": 46.9, "2014-12-31": -28.6}, "Cash Flow From Investing Activities": {"2020-09-30": -16.5, "2020-06-30": -12.5, "2020-03-31": "-24.60000", "2019-12-31": -8.4, "2019-09-30": -22.1, "2019-06-30": -15.8, "2019-03-31": "-31.70000", "2018-12-31": -29.5, "2018-09-30": -40.4, "2018-06-30": -104.3, "2018-03-31": "-69.40000", "2017-12-31": -113.5, "2017-09-30": -29.2, "2017-06-30": -56.3, "2017-03-31": "-21.60000", "2016-12-31": 0.4, "2015-12-31": 3741.2, "2014-12-31": -3801.7}, "Net Long-Term Debt": {"2020-09-30": -6.2, "2020-06-30": -6.2, "2020-03-31": "-6.20000", "2019-12-31": -6.2, "2019-09-30": 0, "2019-06-30": -6.2, "2019-03-31": "-12.70000", "2018-12-31": 0, "2018-09-30": -6.8, "2018-06-30": -6.6, "2018-03-31": "-947.10000", "2017-12-31": -6.8, "2017-09-30": -6.5, "2017-06-30": -161.9, "2017-03-31": "143.00000", "2016-12-31": 0, "2015-12-31": 0, "2014-12-31": 0}, "Net Current Debt": {"2020-09-30": 0, "2020-06-30": 0, "2020-03-31": "", "2019-12-31": 0, "2019-09-30": 0, "2019-06-30": 0, "2019-03-31": "", "2018-12-31": 0, "2018-09-30": 0, "2018-06-30": 0, "2018-03-31": "", "2017-12-31": 0, "2017-09-30": 0, "2017-06-30": 0, "2017-03-31": "", "2016-12-31": 0, "2015-12-31": 0, "2014-12-31": 0}, "Debt Issuance/Retirement Net - Total": {"2020-09-30": -6.2, "2020-06-30": -6.2, "2020-03-31": "-6.20000", "2019-12-31": -6.2, "2019-09-30": 0, "2019-06-30": -6.2, "2019-03-31": "-12.70000", "2018-12-31": 0, "2018-09-30": -6.8, "2018-06-30": -6.6, "2018-03-31": "-947.10000", "2017-12-31": -6.8, "2017-09-30": -6.5, "2017-06-30": -161.9, "2017-03-31": "143.00000", "2016-12-31": -15.5, "2015-12-31": -2338.2, "2014-12-31": 2286.5}, "Net Common Equity Issued/Repurchased": {"2020-09-30": 0.1, "2020-06-30": 0.6, "2020-03-31": "2.10000", "2019-12-31": 0.1, "2019-09-30": 0.1, "2019-06-30": 0.4, "2019-03-31": "1.20000", "2018-12-31": 0.1, "2018-09-30": 0.5, "2018-06-30": 0, "2018-03-31": "799.10000", "2017-12-31": 0, "2017-09-30": -0.2, "2017-06-30": -0.1, "2017-03-31": "-0.70000", "2016-12-31": 0, "2015-12-31": 0, "2014-12-31": 0}, "Net Total Equity Issued/Repurchased": {"2020-09-30": 0.1, "2020-06-30": 0.6, "2020-03-31": "2.10000", "2019-12-31": 0.1, "2019-09-30": 0.1, "2019-06-30": 0.4, "2019-03-31": "1.20000", "2018-12-31": 0.1, "2018-09-30": 0.5, "2018-06-30": 0, "2018-03-31": "799.10000", "2017-12-31": 0, "2017-09-30": -0.2, "2017-06-30": -0.1, "2017-03-31": "-0.70000", "2016-12-31": -11.6, "2015-12-31": -1575.4, "2014-12-31": 1586.1}, "Total Common And Preferred Stock Dividends Paid": {"2020-09-30": 0, "2020-06-30": 0, "2020-03-31": "", "2019-12-31": 0, "2019-09-30": 0, "2019-06-30": 0, "2019-03-31": "", "2018-12-31": 0, "2018-09-30": 0, "2018-06-30": 0, "2018-03-31": "", "2017-12-31": 0, "2017-09-30": 0, "2017-06-30": 0, "2017-03-31": "", "2016-12-31": 0, "2015-12-31": 0, "2014-12-31": 0}, "Financial Activities - Other": {"2020-09-30": -6.7, "2020-06-30": -10.4, "2020-03-31": "1.20000", "2019-12-31": -13.1, "2019-09-30": -8.9, "2019-06-30": -12.4, "2019-03-31": "-1.60000", "2018-12-31": -11.9, "2018-09-30": -7.8, "2018-06-30": -21.4, "2018-03-31": "3.00000", "2017-12-31": -10.3, "2017-09-30": -12.8, "2017-06-30": -9.9, "2017-03-31": "-9.10000", "2016-12-31": -9.8, "2015-12-31": 97.4, "2014-12-31": -130.3}, "Cash Flow From Financial Activities": {"2020-09-30": -12.8, "2020-06-30": -16, "2020-03-31": "-2.90000", "2019-12-31": -19.2, "2019-09-30": -8.8, "2019-06-30": -18.2, "2019-03-31": "-13.10000", "2018-12-31": -11.8, "2018-09-30": -14.1, "2018-06-30": -28, "2018-03-31": "-145.00000", "2017-12-31": -17.1, "2017-09-30": -19.5, "2017-06-30": -171.9, "2017-03-31": "133.20000", "2016-12-31": -36.9, "2015-12-31": -3816.2, "2014-12-31": 3742.3}, "Net Cash Flow": {"2020-09-30": 34, "2020-06-30": 13.4, "2020-03-31": "-9.30000", "2019-12-31": 179.3, "2019-09-30": 45.1, "2019-06-30": 77.3, "2019-03-31": "-89.70000", "2018-12-31": 126.7, "2018-09-30": -8.9, "2018-06-30": -23.4, "2018-03-31": "-235.80000", "2017-12-31": 36, "2017-09-30": 18.9, "2017-06-30": -124.6, "2017-03-31": "106.90000", "2016-12-31": 64.2, "2015-12-31": 115.2, "2014-12-31": 12.1}, "Stock-Based Compensation": {"2020-09-30": 4.9, "2020-06-30": 5.7, "2020-03-31": "2.90000", "2019-12-31": 4.5, "2019-09-30": 4.1, "2019-06-30": 3.8, "2019-03-31": "2.60000", "2018-12-31": 0.5, "2018-09-30": 2.3, "2018-06-30": 1.6, "2018-03-31": "1.60000", "2017-12-31": 2.5, "2017-09-30": 1.2, "2017-06-30": 0.9, "2017-03-31": "0.80000", "2016-12-31": 0, "2015-12-31": 0, "2014-12-31": 0}, "Common Stock Dividends Paid": {"2020-09-30": 0, "2020-06-30": 0, "2020-03-31": "", "2019-12-31": 0, "2019-09-30": 0, "2019-06-30": 0, "2019-03-31": "", "2018-12-31": 0, "2018-09-30": 0, "2018-06-30": 0, "2018-03-31": "", "2017-12-31": 0, "2017-09-30": 0, "2017-06-30": 0, "2017-03-31": "", "2016-12-31": 0, "2015-12-31": 0, "2014-12-31": 0}}, "financial ratios": {"Current Ratio": {"2019-12-31": "2.97610", "2018-12-31": "2.67250", "2017-12-31": "2.61710", "2016-12-31": "2.80360", "2015-12-31": "2.56050", "2014-12-31": ""}, "Long-term Debt / Capital": {"2019-12-31": "0.50090", "2018-12-31": "0.56530", "2017-12-31": "0.73640", "2016-12-31": "0.78430", "2015-12-31": "0.76500", "2014-12-31": ""}, "Debt/Equity Ratio": {"2019-12-31": "1.01880", "2018-12-31": "1.32270", "2017-12-31": "2.83980", "2016-12-31": "3.68020", "2015-12-31": "3.32910", "2014-12-31": ""}, "Gross Margin": {"2019-12-31": "37.00880", "2018-12-31": "39.74790", "2017-12-31": "40.04340", "2016-12-31": "38.61670", "2015-12-31": "37.74360", "2014-12-31": "33.75850"}, "Operating Margin": {"2019-12-31": "11.23390", "2018-12-31": "14.84050", "2017-12-31": "13.24590", "2016-12-31": "11.11400", "2015-12-31": "6.72470", "2014-12-31": "-0.01310"}, "EBIT Margin": {"2019-12-31": "11.23390", "2018-12-31": "14.84050", "2017-12-31": "13.24590", "2016-12-31": "11.11400", "2015-12-31": "6.72470", "2014-12-31": "-0.01310"}, "EBITDA Margin": {"2019-12-31": "18.43160", "2018-12-31": "21.36760", "2017-12-31": "20.22230", "2016-12-31": "19.99640", "2015-12-31": "18.42560", "2014-12-31": "9.50300"}, "Pre-Tax Profit Margin": {"2019-12-31": "6.43970", "2018-12-31": "9.06620", "2017-12-31": "3.60000", "2016-12-31": "3.38550", "2015-12-31": "1.51910", "2014-12-31": "-4.10890"}, "Net Profit Margin": {"2019-12-31": "22.35430", "2018-12-31": "7.32760", "2017-12-31": "4.97420", "2016-12-31": "2.10050", "2015-12-31": "0.90710", "2014-12-31": "-4.67100"}, "Asset Turnover": {"2019-12-31": "0.41650", "2018-12-31": "0.49800", "2017-12-31": "0.44380", "2016-12-31": "0.43030", "2015-12-31": "0.41810", "2014-12-31": ""}, "Inventory Turnover Ratio": {"2019-12-31": "4.09300", "2018-12-31": "3.75190", "2017-12-31": "3.98970", "2016-12-31": "4.59580", "2015-12-31": "4.11110", "2014-12-31": ""}, "Receiveable Turnover": {"2019-12-31": "4.30680", "2018-12-31": "4.46640", "2017-12-31": "4.17870", "2016-12-31": "4.16590", "2015-12-31": "4.38580", "2014-12-31": ""}, "Days Sales In Receivables": {"2019-12-31": "84.75010", "2018-12-31": "81.72050", "2017-12-31": "87.34710", "2016-12-31": "87.61590", "2015-12-31": "83.22230", "2014-12-31": ""}, "ROE - Return On Equity": {"2019-12-31": "23.07440", "2018-12-31": "11.64250", "2017-12-31": "12.74150", "2016-12-31": "6.72970", "2015-12-31": "4.26800", "2014-12-31": ""}, "Return On Tangible Equity": {"2019-12-31": "-75.03780", "2018-12-31": "-15.95610", "2017-12-31": "-6.53760", "2016-12-31": "-2.40630", "2015-12-31": "-1.61700", "2014-12-31": ""}, "ROA - Return On Assets": {"2019-12-31": "9.37350", "2018-12-31": "4.04160", "2017-12-31": "2.65550", "2016-12-31": "1.12640", "2015-12-31": "0.77530", "2014-12-31": ""}, "ROI - Return On Investment": {"2019-12-31": "11.51730", "2018-12-31": "5.06050", "2017-12-31": "3.35900", "2016-12-31": "1.45150", "2015-12-31": "1.00310", "2014-12-31": ""}, "Book Value Per Share": {"2019-12-31": "10.37610", "2018-12-31": "8.05150", "2017-12-31": "5.81890", "2016-12-31": "4.34970", "2015-12-31": "3.70210", "2014-12-31": ""}, "Operating Cash Flow Per Share": {"2019-12-31": 0.1217, "2018-12-31": -0.2024, "2017-12-31": -0.2397, "2016-12-31": 0.4028, "2015-12-31": 0.8602, "2014-12-31": 0.2538}, "Free Cash Flow Per Share": {"2019-12-31": 0.4439, "2018-12-31": -0.3682, "2017-12-31": -0.4266, "2016-12-31": 0.4922, "2015-12-31": 0.7487, "2014-12-31": 0.0592}}, "financial ratios, quarterly": {"Current Ratio": {"2020-09-30": "3.12910", "2020-06-30": "3.11360", "2020-03-31": "2.99220", "2019-12-31": "2.97610", "2019-09-30": "3.19600", "2019-06-30": "2.90960", "2019-03-31": "2.86120", "2018-12-31": "2.67250", "2018-09-30": "2.62410", "2018-06-30": "2.46900", "2018-03-31": "2.52180", "2017-12-31": "2.61710", "2017-09-30": "", "2017-06-30": "", "2017-03-31": "", "2016-12-31": "", "2015-12-31": "", "2014-12-31": ""}, "Long-term Debt / Capital": {"2020-09-30": "0.50630", "2020-06-30": "0.51460", "2020-03-31": "0.51410", "2019-12-31": "0.50090", "2019-09-30": "0.51130", "2019-06-30": "0.50830", "2019-03-31": "0.50990", "2018-12-31": "0.56530", "2018-09-30": "0.56660", "2018-06-30": "0.57690", "2018-03-31": "0.57260", "2017-12-31": "0.73640", "2017-09-30": "", "2017-06-30": "", "2017-03-31": "", "2016-12-31": "", "2015-12-31": "", "2014-12-31": ""}, "Debt/Equity Ratio": {"2020-09-30": "1.04240", "2020-06-30": "1.08270", "2020-03-31": "1.07750", "2019-12-31": "1.01880", "2019-09-30": "1.06100", "2019-06-30": "1.04770", "2019-03-31": "1.05190", "2018-12-31": "1.32270", "2018-09-30": "1.32120", "2018-06-30": "1.38210", "2018-03-31": "1.35420", "2017-12-31": "2.83980", "2017-09-30": "", "2017-06-30": "", "2017-03-31": "", "2016-12-31": "", "2015-12-31": "", "2014-12-31": ""}, "Gross Margin": {"2020-09-30": "38.41620", "2020-06-30": "35.29920", "2020-03-31": "36.02310", "2019-12-31": "36.02040", "2019-09-30": "36.48540", "2019-06-30": "37.21450", "2019-03-31": "38.17870", "2018-12-31": "39.13650", "2018-09-30": "39.49780", "2018-06-30": "40.85250", "2018-03-31": "39.42490", "2017-12-31": "38.62880", "2017-09-30": "40.86250", "2017-06-30": "41.39900", "2017-03-31": "39.27690", "2016-12-31": "", "2015-12-31": "", "2014-12-31": ""}, "Operating Margin": {"2020-09-30": "8.97220", "2020-06-30": "0.58980", "2020-03-31": "8.22420", "2019-12-31": "9.37030", "2019-09-30": "10.27320", "2019-06-30": "12.58180", "2019-03-31": "12.44880", "2018-12-31": "15.12440", "2018-09-30": "14.22020", "2018-06-30": "16.10100", "2018-03-31": "13.88500", "2017-12-31": "11.75490", "2017-09-30": "13.13440", "2017-06-30": "15.17360", "2017-03-31": "12.92800", "2016-12-31": "", "2015-12-31": "", "2014-12-31": ""}, "EBIT Margin": {"2020-09-30": "8.97220", "2020-06-30": "0.58980", "2020-03-31": "8.22420", "2019-12-31": "9.37030", "2019-09-30": "10.27320", "2019-06-30": "12.58180", "2019-03-31": "12.44880", "2018-12-31": "15.12440", "2018-09-30": "14.22020", "2018-06-30": "16.10100", "2018-03-31": "13.88500", "2017-12-31": "11.75490", "2017-09-30": "13.13440", "2017-06-30": "15.17360", "2017-03-31": "12.92800", "2016-12-31": "", "2015-12-31": "", "2014-12-31": ""}, "EBITDA Margin": {"2020-09-30": "", "2020-06-30": "", "2020-03-31": "", "2019-12-31": "", "2019-09-30": "", "2019-06-30": "", "2019-03-31": "", "2018-12-31": "", "2018-09-30": "", "2018-06-30": "", "2018-03-31": "", "2017-12-31": "", "2017-09-30": "", "2017-06-30": "", "2017-03-31": "", "2016-12-31": "", "2015-12-31": "", "2014-12-31": ""}, "Pre-Tax Profit Margin": {"2020-09-30": "4.17020", "2020-06-30": "-4.71810", "2020-03-31": "3.35160", "2019-12-31": "3.76190", "2019-09-30": "5.61210", "2019-06-30": "7.92690", "2019-03-31": "8.12520", "2018-12-31": "10.57950", "2018-09-30": "8.95700", "2018-06-30": "11.93010", "2018-03-31": "4.82390", "2017-12-31": "3.09540", "2017-09-30": "4.47020", "2017-06-30": "1.66430", "2017-03-31": "5.27250", "2016-12-31": "", "2015-12-31": "", "2014-12-31": ""}, "Net Profit Margin": {"2020-09-30": "5.88320", "2020-06-30": "-3.88550", "2020-03-31": "5.01340", "2019-12-31": "2.67330", "2019-09-30": "4.75490", "2019-06-30": "2.65460", "2019-03-31": "76.24550", "2018-12-31": "9.54420", "2018-09-30": "7.23080", "2018-06-30": "9.78170", "2018-03-31": "2.84040", "2017-12-31": "15.19570", "2017-09-30": "1.73550", "2017-06-30": "0.06500", "2017-03-31": "2.57460", "2016-12-31": "", "2015-12-31": "", "2014-12-31": ""}, "Asset Turnover": {"2020-09-30": "0.09710", "2020-06-30": "0.08030", "2020-03-31": "0.09880", "2019-12-31": "0.09790", "2019-09-30": "0.10250", "2019-06-30": "0.10900", "2019-03-31": "0.10820", "2018-12-31": "0.11780", "2018-09-30": "0.12330", "2018-06-30": "0.12990", "2018-03-31": "0.12460", "2017-12-31": "0.11410", "2017-09-30": "", "2017-06-30": "", "2017-03-31": "", "2016-12-31": "", "2015-12-31": "", "2014-12-31": ""}, "Inventory Turnover Ratio": {"2020-09-30": "0.90170", "2020-06-30": "0.74780", "2020-03-31": "0.93790", "2019-12-31": "0.97730", "2019-09-30": "0.93380", "2019-06-30": "0.93390", "2019-03-31": "0.88900", "2018-12-31": "0.89680", "2018-09-30": "0.95140", "2018-06-30": "1.03090", "2018-03-31": "1.04900", "2017-12-31": "1.04970", "2017-09-30": "", "2017-06-30": "", "2017-03-31": "", "2016-12-31": "", "2015-12-31": "", "2014-12-31": ""}, "Receiveable Turnover": {"2020-09-30": "0.95760", "2020-06-30": "0.84090", "2020-03-31": "0.94720", "2019-12-31": "1.01240", "2019-09-30": "0.98500", "2019-06-30": "1.02080", "2019-03-31": "0.98480", "2018-12-31": "1.05680", "2018-09-30": "1.05460", "2018-06-30": "1.07140", "2018-03-31": "1.05630", "2017-12-31": "1.07400", "2017-09-30": "", "2017-06-30": "", "2017-03-31": "", "2016-12-31": "", "2015-12-31": "", "2014-12-31": ""}, "Days Sales In Receivables": {"2020-09-30": "93.98060", "2020-06-30": "107.03210", "2020-03-31": "95.01900", "2019-12-31": "88.89620", "2019-09-30": "91.37420", "2019-06-30": "88.16640", "2019-03-31": "91.38650", "2018-12-31": "85.15970", "2018-09-30": "85.33920", "2018-06-30": "84.00410", "2018-03-31": "85.20420", "2017-12-31": "83.79510", "2017-09-30": "", "2017-06-30": "", "2017-03-31": "", "2016-12-31": "", "2015-12-31": "", "2014-12-31": ""}, "ROE - Return On Equity": {"2020-09-30": "1.54640", "2020-06-30": "-0.97830", "2020-03-31": "1.40420", "2019-12-31": "0.84370", "2019-09-30": "1.27990", "2019-06-30": "0.89520", "2019-03-31": "20.42810", "2018-12-31": "3.53090", "2018-09-30": "2.87910", "2018-06-30": "4.11700", "2018-03-31": "1.26990", "2017-12-31": "9.07310", "2017-09-30": "", "2017-06-30": "", "2017-03-31": "", "2016-12-31": "", "2015-12-31": "", "2014-12-31": ""}, "Return On Tangible Equity": {"2020-09-30": "-5.40380", "2020-06-30": "2.98250", "2020-03-31": "-4.30790", "2019-12-31": "-2.74360", "2019-09-30": "-3.81760", "2019-06-30": "-2.60900", "2019-03-31": "-57.30650", "2018-12-31": "-4.83910", "2018-09-30": "-3.74570", "2018-06-30": "-4.93570", "2018-03-31": "-1.51590", "2017-12-31": "-4.65530", "2017-09-30": "", "2017-06-30": "", "2017-03-31": "", "2016-12-31": "", "2015-12-31": "", "2014-12-31": ""}, "ROA - Return On Assets": {"2020-09-30": "0.62300", "2020-06-30": "-0.38740", "2020-03-31": "0.55530", "2019-12-31": "0.34270", "2019-09-30": "0.51470", "2019-06-30": "0.35930", "2019-03-31": "8.13550", "2018-12-31": "1.22570", "2018-09-30": "0.99720", "2018-06-30": "1.37920", "2018-03-31": "0.42980", "2017-12-31": "1.89090", "2017-09-30": "", "2017-06-30": "", "2017-03-31": "", "2016-12-31": "", "2015-12-31": "", "2014-12-31": ""}, "ROI - Return On Investment": {"2020-09-30": "0.76350", "2020-06-30": "-0.47480", "2020-03-31": "0.68230", "2019-12-31": "0.42110", "2019-09-30": "0.62550", "2019-06-30": "0.44010", "2019-03-31": "10.01210", "2018-12-31": "1.53470", "2018-09-30": "1.24800", "2018-06-30": "1.74190", "2018-03-31": "0.54280", "2017-12-31": "2.39190", "2017-09-30": "", "2017-06-30": "", "2017-03-31": "", "2016-12-31": "", "2015-12-31": "", "2014-12-31": ""}, "Book Value Per Share": {"2020-09-30": "10.16280", "2020-06-30": "9.77350", "2020-03-31": "9.77540", "2019-12-31": "10.37610", "2019-09-30": "10.09930", "2019-06-30": "10.28120", "2019-03-31": "10.21260", "2018-12-31": "8.05150", "2018-09-30": "8.02980", "2018-06-30": "7.78760", "2018-03-31": "7.98980", "2017-12-31": "5.81890", "2017-09-30": "", "2017-06-30": "", "2017-03-31": "", "2016-12-31": "", "2015-12-31": "", "2014-12-31": ""}, "Operating Cash Flow Per Share": {"2020-09-30": 0.1897, "2020-06-30": 0.1398, "2020-03-31": "0.10650", "2019-12-31": 0.6976, "2019-09-30": 0.2802, "2019-06-30": 0.3805, "2019-03-31": "-0.16190", "2018-12-31": 0.5979, "2018-09-30": 0.161, "2018-06-30": 0.409, "2018-03-31": "-0.09320", "2017-12-31": 0.664, "2017-09-30": 0.2417, "2017-06-30": 0.3958, "2017-03-31": "-0.05000", "2016-12-31": 0, "2015-12-31": 0, "2014-12-31": 0}, "Free Cash Flow Per Share": {"2020-09-30": 0.1358, "2020-06-30": 0.1018, "2020-03-31": "0.06500", "2019-12-31": 0.6239, "2019-09-30": 0.2331, "2019-06-30": 0.3264, "2019-03-31": "-0.23420", "2018-12-31": 0.5076, "2018-09-30": 0.0364, "2018-06-30": 0.2511, "2018-03-31": "-0.28980", "2017-12-31": 0.4887, "2017-09-30": 0.1446, "2017-06-30": 0.3214, "2017-03-31": "-0.09760", "2016-12-31": 0, "2015-12-31": 0, "2014-12-31": 0}}, "revenue": {"Gates Industrial Annual Revenue (Millions of US $)": {"2019": "$3,087", "2018": "$3,348", "2017": "$3,042", "2016": "$2,747", "2015": "$2,745", "2014": "$3,042"}, "Gates Industrial Quarterly Revenue (Millions of US $)": {"2020-09-30": "$712", "2020-06-30": "$577", "2020-03-31": "$710", "2019-12-31": "$726", "2019-09-30": "$747", "2019-06-30": "$810", "2019-03-31": "$805", "2018-12-31": "$792", "2018-09-30": "$828", "2018-06-30": "$875", "2018-03-31": "$852", "2017-12-31": "$782", "2017-09-30": "$761", "2017-06-30": "$769", "2017-03-31": "$730", "2016-12-31": "", "2015-12-31": "", "2014-12-31": ""}}, "gross-profit": {"Gates Industrial Annual Gross Profit (Millions of US $)": {"2019": "$1,143", "2018": "$1,331", "2017": "$1,218", "2016": "$1,061", "2015": "$1,036", "2014": "$1,027"}, "Gates Industrial Quarterly Gross Profit (Millions of US $)": {"2020-09-30": "$274", "2020-06-30": "$204", "2020-03-31": "$256", "2019-12-31": "$261", "2019-09-30": "$272", "2019-06-30": "$301", "2019-03-31": "$307", "2018-12-31": "$310", "2018-09-30": "$327", "2018-06-30": "$358", "2018-03-31": "$336", "2017-12-31": "$302", "2017-09-30": "$311", "2017-06-30": "$318", "2017-03-31": "$287", "2016-12-31": "", "2015-12-31": "", "2014-12-31": ""}}, "operating-income": {"Gates Industrial Annual Operating Income (Millions of US $)": {"2019": "$347", "2018": "$497", "2017": "$403", "2016": "$305", "2015": "$185", "2014": "$-0"}, "Gates Industrial Quarterly Operating Income (Millions of US $)": {"2020-09-30": "$64", "2020-06-30": "$3", "2020-03-31": "$58", "2019-12-31": "$68", "2019-09-30": "$77", "2019-06-30": "$102", "2019-03-31": "$100", "2018-12-31": "$120", "2018-09-30": "$118", "2018-06-30": "$141", "2018-03-31": "$118", "2017-12-31": "$92", "2017-09-30": "$100", "2017-06-30": "$117", "2017-03-31": "$94", "2016-12-31": "", "2015-12-31": "", "2014-12-31": ""}}, "ebitda": {"Gates Industrial Annual EBITDA (Millions of US $)": {"2019": "$569", "2018": "$715", "2017": "$615", "2016": "$549", "2015": "$506", "2014": "$289"}, "Gates Industrial Quarterly EBITDA (Millions of US $)": {"2020-09-30": "$118", "2020-06-30": "$58", "2020-03-31": "$113", "2019-12-31": "$123", "2019-09-30": "$132", "2019-06-30": "$158", "2019-03-31": "$156", "2018-12-31": "$175", "2018-09-30": "$172", "2018-06-30": "$196", "2018-03-31": "$173", "2017-12-31": "$151", "2017-09-30": "$152", "2017-06-30": "$171", "2017-03-31": "$147", "2016-12-31": "", "2015-12-31": "", "2014-12-31": ""}}, "net-income": {"Gates Industrial Annual Net Income (Millions of US $)": {"2019": "$690", "2018": "$245", "2017": "$151", "2016": "$58", "2015": "$25", "2014": "$-142"}, "Gates Industrial Quarterly Net Income (Millions of US $)": {"2020-09-30": "$42", "2020-06-30": "$-22", "2020-03-31": "$36", "2019-12-31": "$19", "2019-09-30": "$36", "2019-06-30": "$22", "2019-03-31": "$614", "2018-12-31": "$76", "2018-09-30": "$60", "2018-06-30": "$86", "2018-03-31": "$24", "2017-12-31": "$119", "2017-09-30": "$13", "2017-06-30": "$1", "2017-03-31": "$19", "2016-12-31": "", "2015-12-31": "", "2014-12-31": ""}}, "eps-earnings-per-share-diluted": {"Gates Industrial Annual EPS": {"2019": "$2.37", "2018": "$0.84", "2017": "$0.60", "2016": "$0.23", "2015": "$0.10", "2014": "$-0.44"}, "Gates Industrial Quarterly EPS": {"2020-09-30": "$0.14", "2020-06-30": "$-0.08", "2020-03-31": "$0.12", "2019-12-31": "$0.10", "2019-09-30": "$0.12", "2019-06-30": "$0.07", "2019-03-31": "$2.08", "2018-12-31": "$0.26", "2018-09-30": "$0.20", "2018-06-30": "$0.29", "2018-03-31": "$0.09", "2017-12-31": "$0.47", "2017-09-30": "$0.05", "2017-06-30": "$0.00", "2017-03-31": "$0.08", "2016-12-31": "$0.00", "2015-12-31": "$0.00", "2014-12-31": "$0.00"}}, "shares-outstanding": {"Gates Industrial Annual Shares Outstanding (Millions of Shares)": {"2019": "292", "2018": "292", "2017": "250", "2016": "248", "2015": "248", "2014": "321"}, "Gates Industrial Quarterly Shares Outstanding (Millions of Shares)": {"2020-09-30": "292", "2020-06-30": "291", "2020-03-31": "292", "2019-12-31": "292", "2019-09-30": "291", "2019-06-30": "292", "2019-03-31": "295", "2018-12-31": "292", "2018-09-30": "298", "2018-06-30": "297", "2018-03-31": "284", "2017-12-31": "250", "2017-09-30": "255", "2017-06-30": "252", "2017-03-31": "250", "2016-12-31": "", "2015-12-31": "", "2014-12-31": ""}}, "total-assets": {"Gates Industrial Annual Total Assets (Millions of US $)": {"2019": "$7,411", "2018": "$6,723", "2017": "$6,854", "2016": "$6,383", "2015": "$6,566", "2014": "$0"}, "Gates Industrial Quarterly Total Assets (Millions of US $)": {"2020-09-30": "$7,336", "2020-06-30": "$7,176", "2020-03-31": "$7,185", "2019-12-31": "$7,411", "2019-09-30": "$7,286", "2019-06-30": "$7,430", "2019-03-31": "$7,438", "2018-12-31": "$6,723", "2018-09-30": "$6,719", "2018-06-30": "$6,736", "2018-03-31": "$6,840", "2017-12-31": "$6,854", "2017-09-30": "$0", "2017-06-30": "$0", "2017-03-31": "$0", "2016-12-31": "$6,383", "2015-12-31": "$6,566", "2014-12-31": "$0"}}, "cash-on-hand": {"Gates Industrial Annual Cash on Hand (Millions of US $)": {"2019": "$635", "2018": "$423", "2017": "$564", "2016": "$527", "2015": "$344", "2014": "$"}, "Gates Industrial Quarterly Cash on Hand (Millions of US $)": {"2020-09-30": "$672", "2020-06-30": "$640", "2020-03-31": "$626", "2019-12-31": "$635", "2019-09-30": "$456", "2019-06-30": "$411", "2019-03-31": "$334", "2018-12-31": "$423", "2018-09-30": "$296", "2018-06-30": "$305", "2018-03-31": "$329", "2017-12-31": "$564", "2017-09-30": "", "2017-06-30": "", "2017-03-31": "", "2016-12-31": "$527", "2015-12-31": "$344", "2014-12-31": ""}}, "long-term-debt": {"Gates Industrial Annual Long Term Debt (Millions of US $)": {"2019": "$3,021", "2018": "$3,035", "2017": "$3,990", "2016": "$3,885", "2015": "$3,882", "2014": "$"}, "Gates Industrial Quarterly Long Term Debt (Millions of US $)": {"2020-09-30": "$3,030", "2020-06-30": "$3,013", "2020-03-31": "$3,007", "2019-12-31": "$3,021", "2019-09-30": "$3,065", "2019-06-30": "$3,084", "2019-03-31": "$3,082", "2018-12-31": "$3,035", "2018-09-30": "$3,042", "2018-06-30": "$3,077", "2018-03-31": "$3,101", "2017-12-31": "$3,990", "2017-09-30": "", "2017-06-30": "", "2017-03-31": "", "2016-12-31": "$3,886", "2015-12-31": "$3,882", "2014-12-31": ""}}, "total-liabilities": {"Gates Industrial Annual Total Liabilities (Millions of US $)": {"2019": "$4,401", "2018": "$4,389", "2017": "$5,425", "2016": "$5,315", "2015": "$5,373", "2014": "$0"}, "Gates Industrial Quarterly Total Liabilities (Millions of US $)": {"2020-09-30": "$4,381", "2020-06-30": "$4,335", "2020-03-31": "$4,343", "2019-12-31": "$4,401", "2019-09-30": "$4,356", "2019-06-30": "$4,448", "2019-03-31": "$4,476", "2018-12-31": "$4,389", "2018-09-30": "$4,392", "2018-06-30": "$4,479", "2018-03-31": "$4,525", "2017-12-31": "$5,425", "2017-09-30": "$0", "2017-06-30": "$0", "2017-03-31": "$0", "2016-12-31": "$5,315", "2015-12-31": "$5,373", "2014-12-31": "$0"}}, "total-share-holder-equity": {"Gates Industrial Annual Share Holder Equity (Millions of US $)": {"2019": "$3,011", "2018": "$2,334", "2017": "$1,428", "2016": "$1,068", "2015": "$1,193", "2014": "$0"}, "Gates Industrial Quarterly Share Holder Equity (Millions of US $)": {"2020-09-30": "$2,955", "2020-06-30": "$2,842", "2020-03-31": "$2,841", "2019-12-31": "$3,011", "2019-09-30": "$2,930", "2019-06-30": "$2,983", "2019-03-31": "$2,962", "2018-12-31": "$2,334", "2018-09-30": "$2,327", "2018-06-30": "$2,257", "2018-03-31": "$2,315", "2017-12-31": "$1,428", "2017-09-30": "$0", "2017-06-30": "$0", "2017-03-31": "$0", "2016-12-31": "$1,068", "2015-12-31": "$1,193", "2014-12-31": "$0"}}, "profit-margins": {"current": "2.73%"}, "gross margin": {"2020-09-30": "36.51%", "2020-06-30": "35.98%", "2020-03-31": "36.42%", "2019-12-31": "36.95%", "2019-09-30": "37.73%", "2019-06-30": "38.49%", "2019-03-31": "39.45%", "2018-12-31": "39.77%", "2018-09-30": "39.65%", "2018-06-30": "39.97%", "2018-03-31": "40.04%", "2017-12-31": "40.04%"}, "operating margin": {"2020-09-30": "7.08%", "2020-06-30": "7.46%", "2020-03-31": "10.19%", "2019-12-31": "11.24%", "2019-09-30": "12.65%", "2019-06-30": "13.60%", "2019-03-31": "14.52%", "2018-12-31": "14.85%", "2018-09-30": "14.05%", "2018-06-30": "13.79%", "2018-03-31": "13.50%", "2017-12-31": "13.25%"}, "ebitda margin": {"2020-09-30": "15.12%", "2020-06-30": "15.43%", "2020-03-31": "17.57%", "2019-12-31": "18.43%", "2019-09-30": "19.69%", "2019-06-30": "20.43%", "2019-03-31": "21.18%", "2018-12-31": "21.39%", "2018-09-30": "20.74%", "2018-06-30": "20.55%", "2018-03-31": "20.42%", "2017-12-31": "20.38%"}, "pre tax profit margin": {"2020-09-30": "1.98%", "2020-06-30": "2.39%", "2020-03-31": "5.25%", "2019-12-31": "6.41%", "2019-09-30": "8.08%", "2019-06-30": "8.87%", "2019-03-31": "9.91%", "2018-12-31": "9.05%", "2018-09-30": "7.28%", "2018-06-30": "6.21%", "2018-03-31": "3.54%", "2017-12-31": "3.62%"}, "net profit margin": {"2020-09-30": "2.75%", "2020-06-30": "2.50%", "2020-03-31": "3.78%", "2019-12-31": "22.38%", "2019-09-30": "23.72%", "2019-06-30": "23.86%", "2019-03-31": "25.33%", "2018-12-31": "7.35%", "2018-09-30": "8.66%", "2018-06-30": "7.40%", "2018-03-31": "4.96%", "2017-12-31": "5.00%"}, "pe ratio": {"current": "22.60", "2021-02-05": "61.48", "2020-09-30": "44.48", "2020-06-30": "44.70", "2020-03-31": "19.42", "2019-12-31": "5.88", "2019-09-30": "3.98", "2019-06-30": "4.37", "2019-03-31": "5.07", "2018-12-31": "15.76"}, "price sales": {"2021-02-05": "1.65", "2020-09-30": "1.19", "2020-06-30": "1.09", "2020-03-31": "0.72", "2019-12-31": "1.30", "2019-09-30": "0.93", "2019-06-30": "1.04", "2019-03-31": "1.28", "2018-12-31": "1.16"}, "price book": {"current": "1.51", "2021-02-05": "1.51", "2020-09-30": "1.09", "2020-06-30": "1.05", "2020-03-31": "0.75", "2019-12-31": "1.33", "2019-09-30": "1.00", "2019-06-30": "1.11", "2019-03-31": "1.40", "2018-12-31": "1.64", "2018-09-30": "2.43", "2018-06-30": "2.09", "2018-03-31": "2.19"}, "price fcf": {"2021-02-05": "", "2020-09-30": "$0.93", "2020-06-30": "$1.02", "2020-03-31": "$1.25", "2019-12-31": "$0.95", "2019-09-30": "$0.83", "2019-06-30": "$0.64", "2019-03-31": "$0.56", "2018-12-31": "$0.51"}, "net worth": {"value": "$4.46B"}, "current ratio": {"2020-09-30": "3.13", "2020-06-30": "3.11", "2020-03-31": "2.99", "2019-12-31": "2.98", "2019-09-30": "3.20", "2019-06-30": "2.91", "2019-03-31": "2.86", "2018-12-31": "2.67", "2018-09-30": "2.62", "2018-06-30": "2.47", "2018-03-31": "2.52", "2017-12-31": "2.62", "2017-09-30": "0.00", "2017-06-30": "0.00", "2017-03-31": "0.00", "2016-12-31": "2.80", "2015-12-31": "2.56", "2014-12-31": "0.00"}, "quick ratio": {"2020-09-30": "2.39", "2020-06-30": "2.32", "2020-03-31": "2.27", "2019-12-31": "2.25", "2019-09-30": "2.33", "2019-06-30": "2.06", "2019-03-31": "1.99", "2018-12-31": "1.88", "2018-09-30": "1.82", "2018-06-30": "1.75", "2018-03-31": "1.80", "2017-12-31": "1.96", "2017-09-30": "0.00", "2017-06-30": "0.00", "2017-03-31": "0.00", "2016-12-31": "2.17", "2015-12-31": "1.83", "2014-12-31": "0.00"}, "debt equity ratio": {"current": "1.03", "2020-09-30": "1.48", "2020-06-30": "1.53", "2020-03-31": "1.53", "2019-12-31": "1.46", "2019-09-30": "1.49", "2019-06-30": "1.49", "2019-03-31": "1.51", "2018-12-31": "1.88", "2018-09-30": "1.89", "2018-06-30": "1.99", "2018-03-31": "1.96", "2017-12-31": "3.80", "2017-09-30": "0.00", "2017-06-30": "0.00", "2017-03-31": "0.00", "2016-12-31": "4.98", "2015-12-31": "4.51", "2014-12-31": "0.00"}, "return on equity": {"2020-09-30": "2.58%", "2020-06-30": "2.37%", "2020-03-31": "3.84%", "2019-12-31": "23.25%", "2019-09-30": "26.69%", "2019-06-30": "29.12%", "2019-03-31": "33.85%", "2018-12-31": "10.66%", "2018-09-30": "13.88%", "2018-06-30": "16.13%", "2018-03-31": "16.78%", "2017-12-31": "42.58%"}, "return on assets": {"2020-09-30": "1.03%", "2020-06-30": "0.95%", "2020-03-31": "1.54%", "2019-12-31": "9.35%", "2019-09-30": "10.36%", "2019-06-30": "10.91%", "2019-03-31": "12.11%", "2018-12-31": "3.64%", "2018-09-30": "4.26%", "2018-06-30": "4.74%", "2018-03-31": "4.59%", "2017-12-31": "8.87%"}, "return on investments": {"2020-09-30": "3.25%", "2020-06-30": "3.47%", "2020-03-31": "5.10%", "2019-12-31": "5.75%", "2019-09-30": "6.80%", "2019-06-30": "7.70%", "2019-03-31": "8.66%", "2018-12-31": "9.25%", "2018-09-30": "8.71%", "2018-06-30": "11.16%", "2018-03-31": "15.77%", "2017-12-31": "29.75%"}, "return on tangible equity": {"2020-09-30": "-8.26%", "2020-06-30": "-7.33%", "2020-03-31": "-11.72%", "2019-12-31": "-69.33%", "2019-09-30": "-62.80%", "2019-06-30": "-55.43%", "2019-03-31": "-52.01%", "2018-12-31": "-13.45%", "2018-09-30": "-13.77%", "2018-06-30": "-14.65%", "2018-03-31": "-13.29%", "2017-12-31": "-21.84%"}, "dividend yield history": {"last payout": "$0.00", "last yield": "0.00%"}}