{"ticker": "GD", "price": {"title": "General Dynamics Historical Annual Stock Price Data", "value": 163.45, "historical": {"2021": {"Average Stock Price": "153.1768", "Year Open": "145.9400", "Year High": "163.4500", "Year Low": "145.9400", "Year Close": "163.4500", "Annual % Change": "9.83%"}, "2020": {"Average Stock Price": "150.2055", "Year Open": "178.4300", "Year High": "189.4300", "Year Low": "106.6000", "Year Close": "148.8200", "Annual % Change": "-15.61%"}, "2019": {"Average Stock Price": "176.5923", "Year Open": "157.2600", "Year High": "192.6700", "Year Low": "153.3700", "Year Close": "176.3500", "Annual % Change": "12.17%"}, "2018": {"Average Stock Price": "199.1590", "Year Open": "200.4900", "Year High": "229.9500", "Year Low": "148.2100", "Year Close": "157.2100", "Annual % Change": "-22.73%"}, "2017": {"Average Stock Price": "196.4011", "Year Open": "175.4500", "Year High": "213.8600", "Year Low": "175.3200", "Year Close": "203.4500", "Annual % Change": "17.83%"}, "2016": {"Average Stock Price": "146.2379", "Year Open": "136.0700", "Year High": "178.6700", "Year Low": "124.1800", "Year Close": "172.6600", "Annual % Change": "25.70%"}, "2015": {"Average Stock Price": "140.9562", "Year Open": "138.4500", "Year High": "153.2800", "Year Low": "131.2700", "Year Close": "137.3600", "Annual % Change": "-0.19%"}, "2014": {"Average Stock Price": "118.9034", "Year Open": "94.7500", "Year High": "145.3600", "Year Low": "94.4600", "Year Close": "137.6200", "Annual % Change": "44.03%"}, "2013": {"Average Stock Price": "79.5249", "Year Open": "71.2100", "Year High": "95.5500", "Year Low": "64.5700", "Year Close": "95.5500", "Annual % Change": "37.94%"}, "2012": {"Average Stock Price": "67.3563", "Year Open": "68.0000", "Year High": "74.0900", "Year Low": "61.9600", "Year Close": "69.2700", "Annual % Change": "4.31%"}, "2011": {"Average Stock Price": "68.8005", "Year Open": "69.9700", "Year High": "78.1100", "Year Low": "55.6700", "Year Close": "66.4100", "Annual % Change": "-6.41%"}, "2010": {"Average Stock Price": "67.4989", "Year Open": "69.1900", "Year High": "78.6700", "Year Low": "55.8700", "Year Close": "70.9600", "Annual % Change": "4.09%"}, "2009": {"Average Stock Price": "56.8245", "Year Open": "59.7600", "Year High": "70.6600", "Year Low": "36.3100", "Year Close": "68.1700", "Annual % Change": "18.37%"}, "2008": {"Average Stock Price": "78.7797", "Year Open": "87.4400", "Year High": "94.6000", "Year Low": "48.5400", "Year Close": "57.5900", "Annual % Change": "-35.28%"}, "2007": {"Average Stock Price": "81.4945", "Year Open": "73.9500", "Year High": "94.0000", "Year Low": "73.9500", "Year Close": "88.9900", "Annual % Change": "19.69%"}, "2006": {"Average Stock Price": "67.0933", "Year Open": "57.5000", "Year High": "77.6900", "Year Low": "56.8000", "Year Close": "74.3500", "Annual % Change": "30.38%"}, "2005": {"Average Stock Price": "55.3867", "Year Open": "51.0100", "Year High": "60.5300", "Year Low": "49.3850", "Year Close": "57.0250", "Annual % Change": "9.03%"}, "2004": {"Average Stock Price": "48.6959", "Year Open": "44.8300", "Year High": "54.9150", "Year Low": "43.0500", "Year Close": "52.3000", "Annual % Change": "15.72%"}, "2003": {"Average Stock Price": "36.6755", "Year Open": "40.4500", "Year High": "45.1950", "Year Low": "26.1850", "Year Close": "45.1950", "Annual % Change": "13.88%"}, "2002": {"Average Stock Price": "43.9084", "Year Open": "40.0050", "Year High": "55.3000", "Year Low": "37.2850", "Year Close": "39.6850", "Annual % Change": "-0.34%"}, "2001": {"Average Stock Price": "38.4560", "Year Open": "37.5300", "Year High": "47.4950", "Year Low": "30.5000", "Year Close": "39.8200", "Annual % Change": "2.10%"}, "2000": {"Average Stock Price": "28.9097", "Year Open": "24.5300", "Year High": "39.0000", "Year Low": "18.5000", "Year Close": "39.0000", "Annual % Change": "47.87%"}, "1999": {"Average Stock Price": "30.6365", "Year Open": "29.3450", "Year High": "37.4050", "Year Low": "23.4700", "Year Close": "26.3750", "Annual % Change": "-10.59%"}, "1998": {"Average Stock Price": "24.0657", "Year Open": "21.4525", "Year High": "30.6250", "Year Low": "20.1900", "Year Close": "29.5000", "Annual % Change": "36.02%"}, "1997": {"Average Stock Price": "19.3096", "Year Open": "17.3450", "Year High": "22.5000", "Year Low": "15.8125", "Year Close": "21.6875", "Annual % Change": "22.61%"}, "1996": {"Average Stock Price": "16.0358", "Year Open": "15.0625", "Year High": "18.7500", "Year Low": "14.4063", "Year Close": "17.6875", "Annual % Change": "19.65%"}, "1995": {"Average Stock Price": "12.4283", "Year Open": "10.8125", "Year High": "15.6875", "Year Low": "10.6250", "Year Close": "14.7825", "Annual % Change": "36.31%"}, "1994": {"Average Stock Price": "10.7600", "Year Open": "11.3438", "Year High": "11.8900", "Year Low": "9.6575", "Year Close": "10.8450", "Annual % Change": "-5.95%"}, "1993": {"Average Stock Price": "10.8935", "Year Open": "9.3443", "Year High": "12.5313", "Year Low": "9.2446", "Year Close": "11.5313", "Annual % Change": "25.05%"}, "1992": {"Average Stock Price": "6.7461", "Year Open": "4.7834", "Year High": "9.4556", "Year Low": "4.7834", "Year Close": "9.2215", "Annual % Change": "92.78%"}, "1991": {"Average Stock Price": "3.5262", "Year Open": "2.2587", "Year High": "4.8163", "Year Low": "1.8350", "Year Close": "4.7834", "Annual % Change": "112.87%"}, "1990": {"Average Stock Price": "2.7919", "Year Open": "4.0385", "Year High": "4.1044", "Year Low": "1.7131", "Year Close": "2.2471", "Annual % Change": "-43.74%"}, "1989": {"Average Stock Price": "4.8138", "Year Open": "4.5048", "Year High": "5.3619", "Year Low": "3.8374", "Year Close": "3.9940", "Annual % Change": "-11.57%"}, "1988": {"Average Stock Price": "4.6595", "Year Open": "4.4942", "Year High": "5.2061", "Year Low": "4.3607", "Year Close": "4.5164", "Annual % Change": "4.10%"}, "1987": {"Average Stock Price": "5.8315", "Year Open": "6.2295", "Year High": "7.0082", "Year Low": "3.8490", "Year Close": "4.3384", "Annual % Change": "-28.04%"}, "1986": {"Average Stock Price": "6.6742", "Year Open": "6.2189", "Year High": "7.8421", "Year Low": "5.7508", "Year Close": "6.0293", "Annual % Change": "-1.45%"}, "1985": {"Average Stock Price": "6.4530", "Year Open": "6.2073", "Year High": "7.3865", "Year Low": "5.5514", "Year Close": "6.1183", "Annual % Change": "-1.08%"}, "1984": {"Average Stock Price": "4.9736", "Year Open": "5.1394", "Year High": "6.1850", "Year Low": "3.7822", "Year Close": "6.1850", "Annual % Change": "19.58%"}, "1983": {"Average Stock Price": "4.4466", "Year Open": "2.9030", "Year High": "5.4731", "Year Low": "2.7810", "Year Close": "5.1723", "Annual % Change": "76.12%"}, "1982": {"Average Stock Price": "2.5456", "Year Open": "2.1803", "Year High": "3.2376", "Year Low": "1.6909", "Year Close": "2.9368", "Annual % Change": "34.70%"}, "1981": {"Average Stock Price": "2.6341", "Year Open": "3.7377", "Year High": "3.7377", "Year Low": "1.9027", "Year Close": "2.1803", "Annual % Change": "-42.69%"}, "1980": {"Average Stock Price": "3.1400", "Year Open": "2.6142", "Year High": "3.9602", "Year Low": "2.6142", "Year Close": "3.8045", "Annual % Change": "41.32%"}, "1979": {"Average Stock Price": "1.6960", "Year Open": "1.4150", "Year High": "2.6921", "Year Low": "1.2459", "Year Close": "2.6921", "Annual % Change": "90.25%"}, "1978": {"Average Stock Price": "1.1514", "Year Open": "0.8098", "Year High": "1.6508", "Year Low": "0.6630", "Year Close": "1.4150", "Annual % Change": "73.77%"}}}, "market cap": {"value": "$46.53B"}, "income statement": {"Revenue": {"2020-12-31": "37925.00000", "2019-12-31": "39350.00000", "2018-12-31": "36193.00000", "2017-12-31": "30973.00000", "2016-12-31": "30561.00000", "2015-12-31": "31781.00000", "2014-12-31": "30852.00000", "2013-12-31": "30930.00000", "2012-12-31": "30992.00000", "2011-12-31": "32677.00000", "2010-12-31": "32466.00000", "2009-12-31": "31981.00000", "2008-12-31": "29300.00000", "2007-12-31": "27240.00000", "2006-12-31": "24063.00000", "2005-12-31": "20975.00000"}, "Cost Of Goods Sold": {"2020-12-31": "33792.00000", "2019-12-31": "32291.00000", "2018-12-31": "29478.00000", "2017-12-31": "24731.00000", "2016-12-31": "24896.00000", "2015-12-31": "25549.00000", "2014-12-31": "24979.00000", "2013-12-31": "25202.00000", "2012-12-31": "26012.00000", "2011-12-31": "26821.00000", "2010-12-31": "26557.00000", "2009-12-31": "26352.00000", "2008-12-31": "23928.00000", "2007-12-31": "22484.00000", "2006-12-31": "21438.00000", "2005-12-31": "18796.00000"}, "Gross Profit": {"2020-12-31": "4133.00000", "2019-12-31": "7059.00000", "2018-12-31": "6715.00000", "2017-12-31": "6242.00000", "2016-12-31": "5665.00000", "2015-12-31": "6232.00000", "2014-12-31": "5873.00000", "2013-12-31": "5728.00000", "2012-12-31": "4980.00000", "2011-12-31": "5856.00000", "2010-12-31": "5909.00000", "2009-12-31": "5629.00000", "2008-12-31": "5372.00000", "2007-12-31": "4756.00000", "2006-12-31": "2625.00000", "2005-12-31": "2179.00000"}, "Research And Development Expenses": {"2020-12-31": "", "2019-12-31": "", "2018-12-31": "", "2017-12-31": "", "2016-12-31": "", "2015-12-31": "", "2014-12-31": "", "2013-12-31": "", "2012-12-31": "", "2011-12-31": "", "2010-12-31": "", "2009-12-31": "", "2008-12-31": "", "2007-12-31": "", "2006-12-31": "", "2005-12-31": ""}, "SG&A Expenses": {"2020-12-31": "", "2019-12-31": "2411.00000", "2018-12-31": "2258.00000", "2017-12-31": "2006.00000", "2016-12-31": "1921.00000", "2015-12-31": "1937.00000", "2014-12-31": "1984.00000", "2013-12-31": "2039.00000", "2012-12-31": "2221.00000", "2011-12-31": "2030.00000", "2010-12-31": "1964.00000", "2009-12-31": "1954.00000", "2008-12-31": "1719.00000", "2007-12-31": "1643.00000", "2006-12-31": "", "2005-12-31": ""}, "Other Operating Income Or Expenses": {"2020-12-31": "", "2019-12-31": "", "2018-12-31": "", "2017-12-31": "", "2016-12-31": "", "2015-12-31": "", "2014-12-31": "", "2013-12-31": "", "2012-12-31": "", "2011-12-31": "", "2010-12-31": "", "2009-12-31": "", "2008-12-31": "", "2007-12-31": "", "2006-12-31": "", "2005-12-31": ""}, "Operating Expenses": {"2020-12-31": "33792.00000", "2019-12-31": "34702.00000", "2018-12-31": "31736.00000", "2017-12-31": "26737.00000", "2016-12-31": "26817.00000", "2015-12-31": "27486.00000", "2014-12-31": "26963.00000", "2013-12-31": "27241.00000", "2012-12-31": "30227.00000", "2011-12-31": "28851.00000", "2010-12-31": "28521.00000", "2009-12-31": "28306.00000", "2008-12-31": "25647.00000", "2007-12-31": "24127.00000", "2006-12-31": "21438.00000", "2005-12-31": "18796.00000"}, "Operating Income": {"2020-12-31": "4133.00000", "2019-12-31": "4648.00000", "2018-12-31": "4457.00000", "2017-12-31": "4236.00000", "2016-12-31": "3744.00000", "2015-12-31": "4295.00000", "2014-12-31": "3889.00000", "2013-12-31": "3689.00000", "2012-12-31": "765.00000", "2011-12-31": "3826.00000", "2010-12-31": "3945.00000", "2009-12-31": "3675.00000", "2008-12-31": "3653.00000", "2007-12-31": "3113.00000", "2006-12-31": "2625.00000", "2005-12-31": "2179.00000"}, "Total Non-Operating Income/Expense": {"2020-12-31": "-395.00000", "2019-12-31": "-446.00000", "2018-12-31": "-372.00000", "2017-12-31": "-159.00000", "2016-12-31": "-88.00000", "2015-12-31": "-76.00000", "2014-12-31": "-87.00000", "2013-12-31": "-78.00000", "2012-12-31": "-292.00000", "2011-12-31": "-108.00000", "2010-12-31": "-155.00000", "2009-12-31": "-162.00000", "2008-12-31": "-49.00000", "2007-12-31": "-66.00000", "2006-12-31": "-98.00000", "2005-12-31": "-110.00000"}, "Pre-Tax Income": {"2020-12-31": "3738.00000", "2019-12-31": "4202.00000", "2018-12-31": "4085.00000", "2017-12-31": "4077.00000", "2016-12-31": "3656.00000", "2015-12-31": "4219.00000", "2014-12-31": "3802.00000", "2013-12-31": "3611.00000", "2012-12-31": "473.00000", "2011-12-31": "3718.00000", "2010-12-31": "3790.00000", "2009-12-31": "3513.00000", "2008-12-31": "3604.00000", "2007-12-31": "3047.00000", "2006-12-31": "2527.00000", "2005-12-31": "2069.00000"}, "Income Taxes": {"2020-12-31": "571.00000", "2019-12-31": "718.00000", "2018-12-31": "727.00000", "2017-12-31": "1165.00000", "2016-12-31": "977.00000", "2015-12-31": "1183.00000", "2014-12-31": "1129.00000", "2013-12-31": "1125.00000", "2012-12-31": "854.00000", "2011-12-31": "1166.00000", "2010-12-31": "1162.00000", "2009-12-31": "1106.00000", "2008-12-31": "1126.00000", "2007-12-31": "967.00000", "2006-12-31": "817.00000", "2005-12-31": "621.00000"}, "Income After Taxes": {"2020-12-31": "3167.00000", "2019-12-31": "3484.00000", "2018-12-31": "3358.00000", "2017-12-31": "2912.00000", "2016-12-31": "2679.00000", "2015-12-31": "3036.00000", "2014-12-31": "2673.00000", "2013-12-31": "2486.00000", "2012-12-31": "-381.00000", "2011-12-31": "2552.00000", "2010-12-31": "2628.00000", "2009-12-31": "2407.00000", "2008-12-31": "2478.00000", "2007-12-31": "2080.00000", "2006-12-31": "1710.00000", "2005-12-31": "1448.00000"}, "Other Income": {"2020-12-31": "", "2019-12-31": "", "2018-12-31": "", "2017-12-31": "", "2016-12-31": "", "2015-12-31": "", "2014-12-31": "", "2013-12-31": "", "2012-12-31": "", "2011-12-31": "", "2010-12-31": "", "2009-12-31": "", "2008-12-31": "", "2007-12-31": "", "2006-12-31": "", "2005-12-31": ""}, "Income From Continuous Operations": {"2020-12-31": "3167.00000", "2019-12-31": "3484.00000", "2018-12-31": "3358.00000", "2017-12-31": "2912.00000", "2016-12-31": "2679.00000", "2015-12-31": "3036.00000", "2014-12-31": "2673.00000", "2013-12-31": "2486.00000", "2012-12-31": "-381.00000", "2011-12-31": "2552.00000", "2010-12-31": "2628.00000", "2009-12-31": "2407.00000", "2008-12-31": "2478.00000", "2007-12-31": "2080.00000", "2006-12-31": "1710.00000", "2005-12-31": "1448.00000"}, "Income From Discontinued Operations": {"2020-12-31": "", "2019-12-31": "", "2018-12-31": "-13.00000", "2017-12-31": "", "2016-12-31": "-107.00000", "2015-12-31": "", "2014-12-31": "-140.00000", "2013-12-31": "-129.00000", "2012-12-31": "49.00000", "2011-12-31": "-26.00000", "2010-12-31": "-4.00000", "2009-12-31": "-13.00000", "2008-12-31": "-19.00000", "2007-12-31": "-8.00000", "2006-12-31": "146.00000", "2005-12-31": "13.00000"}, "Net Income": {"2020-12-31": "3167.00000", "2019-12-31": "3484.00000", "2018-12-31": "3345.00000", "2017-12-31": "2912.00000", "2016-12-31": "2572.00000", "2015-12-31": "3036.00000", "2014-12-31": "2533.00000", "2013-12-31": "2357.00000", "2012-12-31": "-332.00000", "2011-12-31": "2526.00000", "2010-12-31": "2624.00000", "2009-12-31": "2394.00000", "2008-12-31": "2459.00000", "2007-12-31": "2072.00000", "2006-12-31": "1856.00000", "2005-12-31": "1461.00000"}, "EBITDA": {"2020-12-31": "5011.00000", "2019-12-31": "5477.00000", "2018-12-31": "5220.00000", "2017-12-31": "4677.00000", "2016-12-31": "4197.00000", "2015-12-31": "4776.00000", "2014-12-31": "4385.00000", "2013-12-31": "4214.00000", "2012-12-31": "3650.00000", "2011-12-31": "4529.00000", "2010-12-31": "4514.00000", "2009-12-31": "4237.00000", "2008-12-31": "4100.00000", "2007-12-31": "3536.00000", "2006-12-31": "3009.00000", "2005-12-31": "2506.00000"}, "EBIT": {"2020-12-31": "4133.00000", "2019-12-31": "4648.00000", "2018-12-31": "4457.00000", "2017-12-31": "4236.00000", "2016-12-31": "3744.00000", "2015-12-31": "4295.00000", "2014-12-31": "3889.00000", "2013-12-31": "3689.00000", "2012-12-31": "765.00000", "2011-12-31": "3826.00000", "2010-12-31": "3945.00000", "2009-12-31": "3675.00000", "2008-12-31": "3653.00000", "2007-12-31": "3113.00000", "2006-12-31": "2625.00000", "2005-12-31": "2179.00000"}, "Basic Shares Outstanding": {"2020-12-31": "286.90000", "2019-12-31": "288.28600", "2018-12-31": "295.26200", "2017-12-31": "299.17200", "2016-12-31": "304.70700", "2015-12-31": "321.31300", "2014-12-31": "335.19200", "2013-12-31": "350.71400", "2012-12-31": "353.34600", "2011-12-31": "364.14700", "2010-12-31": "381.24000", "2009-12-31": "385.47500", "2008-12-31": "396.23800", "2007-12-31": "404.41700", "2006-12-31": "403.42400", "2005-12-31": "401.63700"}, "Shares Outstanding": {"2020-12-31": "287.90000", "2019-12-31": "290.83600", "2018-12-31": "299.16000", "2017-12-31": "304.63700", "2016-12-31": "310.38700", "2015-12-31": "326.65200", "2014-12-31": "341.33100", "2013-12-31": "353.49900", "2012-12-31": "353.34600", "2011-12-31": "367.52400", "2010-12-31": "385.23600", "2009-12-31": "387.92300", "2008-12-31": "398.74600", "2007-12-31": "408.14500", "2006-12-31": "406.82700", "2005-12-31": "404.84800"}, "Basic EPS": {"2020-12-31": "11.04000", "2019-12-31": "12.09000", "2018-12-31": "11.33000", "2017-12-31": "9.73000", "2016-12-31": "8.44000", "2015-12-31": "9.45000", "2014-12-31": "7.56000", "2013-12-31": "6.72000", "2012-12-31": "-0.94000", "2011-12-31": "6.94000", "2010-12-31": "6.88000", "2009-12-31": "6.21000", "2008-12-31": "6.21000", "2007-12-31": "5.12000", "2006-12-31": "4.60000", "2005-12-31": "3.64000"}, "EPS - Earnings Per Share": {"2020-12-31": "11.00000", "2019-12-31": "11.98000", "2018-12-31": "11.18000", "2017-12-31": "9.56000", "2016-12-31": "8.29000", "2015-12-31": "9.29000", "2014-12-31": "7.42000", "2013-12-31": "6.67000", "2012-12-31": "-0.94000", "2011-12-31": "6.87000", "2010-12-31": "6.81000", "2009-12-31": "6.17000", "2008-12-31": "6.17000", "2007-12-31": "5.08000", "2006-12-31": "4.56000", "2005-12-31": "3.61000"}}, "income statement, quarterly": {"Revenue": {"2020-09-30": "9431.00000", "2020-06-30": "9264.00000", "2020-03-31": "8749.00000", "2019-12-31": "10773.00000", "2019-09-30": "9761.00000", "2019-06-30": "9555.00000", "2019-03-31": "9261.00000", "2018-12-31": "10378.00000", "2018-09-30": "9094.00000", "2018-06-30": "9186.00000", "2018-03-31": "7535.00000", "2017-12-31": "8277.00000", "2017-09-30": "7580.00000", "2017-06-30": "7675.00000", "2017-03-31": "7441.00000", "2016-12-31": "7654.00000", "2016-09-30": "7657.00000", "2016-06-30": "7774.00000", "2016-03-31": "7476.00000", "2015-12-31": "8121.00000", "2015-09-30": "7994.00000", "2015-06-30": "7882.00000", "2015-03-31": "7784.00000", "2014-12-31": "8362.00000", "2014-09-30": "7751.00000", "2014-06-30": "7474.00000", "2014-03-31": "7265.00000", "2013-12-31": "7957.00000", "2013-09-30": "7735.00000", "2013-06-30": "7834.00000", "2013-03-31": "7404.00000", "2012-12-31": "7557.00000", "2012-09-30": "7934.00000", "2012-06-30": "7922.00000", "2012-03-31": "7579.00000", "2011-12-31": "9147.00000", "2011-09-30": "7853.00000", "2011-06-30": "7879.00000", "2011-03-31": "7798.00000", "2010-12-31": "8601.00000", "2010-09-30": "8011.00000", "2010-06-30": "8104.00000", "2010-03-31": "7750.00000", "2009-12-31": "7898.00000", "2009-09-30": "7719.00000", "2009-06-30": "8100.00000", "2009-03-31": "8264.00000", "2008-12-31": "7852.00000", "2008-09-30": "7140.00000", "2008-06-30": "7303.00000", "2008-03-31": "7005.00000", "2007-12-31": "7515.00000", "2007-09-30": "6834.00000", "2007-06-30": "6591.00000", "2007-03-31": "6300.00000", "2006-12-31": "6514.00000", "2006-09-30": "6069.00000", "2006-06-30": "5934.00000", "2006-03-31": "5546.00000", "2005-12-31": "5736.00000", "2005-09-30": "5302.00000", "2005-06-30": "5137.00000", "2005-03-31": "4800.00000"}, "Cost Of Goods Sold": {"2020-09-30": "7836.00000", "2020-06-30": "7849.00000", "2020-03-31": "7261.00000", "2019-12-31": "8816.00000", "2019-09-30": "7973.00000", "2019-06-30": "7869.00000", "2019-03-31": "7633.00000", "2018-12-31": "8595.00000", "2018-09-30": "7407.00000", "2018-06-30": "7486.00000", "2018-03-31": "5990.00000", "2017-12-31": "6680.00000", "2017-09-30": "6014.00000", "2017-06-30": "6114.00000", "2017-03-31": "5923.00000", "2016-12-31": "6372.00000", "2016-09-30": "6171.00000", "2016-06-30": "6262.00000", "2016-03-31": "6091.00000", "2015-12-31": "6477.00000", "2015-09-30": "6484.00000", "2015-06-30": "6334.00000", "2015-03-31": "6254.00000", "2014-12-31": "6766.00000", "2014-09-30": "6274.00000", "2014-06-30": "6039.00000", "2014-03-31": "5900.00000", "2013-12-31": "6516.00000", "2013-09-30": "6277.00000", "2013-06-30": "6359.00000", "2013-03-31": "6050.00000", "2012-12-31": "6882.00000", "2012-09-30": "6519.00000", "2012-06-30": "6427.00000", "2012-03-31": "6184.00000", "2011-12-31": "7673.00000", "2011-09-30": "6363.00000", "2011-06-30": "6425.00000", "2011-03-31": "6360.00000", "2010-12-31": "7006.00000", "2010-09-30": "6564.00000", "2010-06-30": "6641.00000", "2010-03-31": "6346.00000", "2009-12-31": "6464.00000", "2009-09-30": "6393.00000", "2009-06-30": "6646.00000", "2009-03-31": "6849.00000", "2008-12-31": "5195.00000", "2008-09-30": "6207.00000", "2008-06-30": "6382.00000", "2008-03-31": "6144.00000", "2007-12-31": "5001.00000", "2007-09-30": "6033.00000", "2007-06-30": "5831.00000", "2007-03-31": "5619.00000", "2006-12-31": "5811.00000", "2006-09-30": "5392.00000", "2006-06-30": "5285.00000", "2006-03-31": "4950.00000", "2005-12-31": "5131.00000", "2005-09-30": "4727.00000", "2005-06-30": "4598.00000", "2005-03-31": "4340.00000"}, "Gross Profit": {"2020-09-30": "1595.00000", "2020-06-30": "1415.00000", "2020-03-31": "1488.00000", "2019-12-31": "1957.00000", "2019-09-30": "1788.00000", "2019-06-30": "1686.00000", "2019-03-31": "1628.00000", "2018-12-31": "1783.00000", "2018-09-30": "1687.00000", "2018-06-30": "1700.00000", "2018-03-31": "1545.00000", "2017-12-31": "1597.00000", "2017-09-30": "1566.00000", "2017-06-30": "1561.00000", "2017-03-31": "1518.00000", "2016-12-31": "1282.00000", "2016-09-30": "1486.00000", "2016-06-30": "1512.00000", "2016-03-31": "1385.00000", "2015-12-31": "1644.00000", "2015-09-30": "1510.00000", "2015-06-30": "1548.00000", "2015-03-31": "1530.00000", "2014-12-31": "1596.00000", "2014-09-30": "1477.00000", "2014-06-30": "1435.00000", "2014-03-31": "1365.00000", "2013-12-31": "1441.00000", "2013-09-30": "1458.00000", "2013-06-30": "1475.00000", "2013-03-31": "1354.00000", "2012-12-31": "675.00000", "2012-09-30": "1415.00000", "2012-06-30": "1495.00000", "2012-03-31": "1395.00000", "2011-12-31": "1474.00000", "2011-09-30": "1490.00000", "2011-06-30": "1454.00000", "2011-03-31": "1438.00000", "2010-12-31": "1595.00000", "2010-09-30": "1447.00000", "2010-06-30": "1463.00000", "2010-03-31": "1404.00000", "2009-12-31": "1434.00000", "2009-09-30": "1326.00000", "2009-06-30": "1454.00000", "2009-03-31": "1415.00000", "2008-12-31": "2657.00000", "2008-09-30": "933.00000", "2008-06-30": "921.00000", "2008-03-31": "861.00000", "2007-12-31": "2514.00000", "2007-09-30": "801.00000", "2007-06-30": "760.00000", "2007-03-31": "681.00000", "2006-12-31": "703.00000", "2006-09-30": "677.00000", "2006-06-30": "649.00000", "2006-03-31": "596.00000", "2005-12-31": "605.00000", "2005-09-30": "575.00000", "2005-06-30": "539.00000", "2005-03-31": "460.00000"}, "Research And Development Expenses": {"2020-09-30": "", "2020-06-30": "", "2020-03-31": "", "2019-12-31": "", "2019-09-30": "", "2019-06-30": "", "2019-03-31": "", "2018-12-31": "", "2018-09-30": "", "2018-06-30": "", "2018-03-31": "", "2017-12-31": "", "2017-09-30": "", "2017-06-30": "", "2017-03-31": "", "2016-12-31": "", "2016-09-30": "", "2016-06-30": "", "2016-03-31": "", "2015-12-31": "", "2015-09-30": "", "2015-06-30": "", "2015-03-31": "", "2014-12-31": "", "2014-09-30": "", "2014-06-30": "", "2014-03-31": "", "2013-12-31": "", "2013-09-30": "", "2013-06-30": "", "2013-03-31": "", "2012-12-31": "", "2012-09-30": "", "2012-06-30": "", "2012-03-31": "", "2011-12-31": "", "2011-09-30": "", "2011-06-30": "", "2011-03-31": "", "2010-12-31": "", "2010-09-30": "", "2010-06-30": "", "2010-03-31": "", "2009-12-31": "", "2009-09-30": "", "2009-06-30": "", "2009-03-31": "", "2008-12-31": "", "2008-09-30": "", "2008-06-30": "", "2008-03-31": "", "2007-12-31": "", "2007-09-30": "", "2007-06-30": "", "2007-03-31": "", "2006-12-31": "", "2006-09-30": "", "2006-06-30": "", "2006-03-31": "", "2005-12-31": "", "2005-09-30": "", "2005-06-30": "", "2005-03-31": ""}, "SG&A Expenses": {"2020-09-30": "511.00000", "2020-06-30": "574.00000", "2020-03-31": "547.00000", "2019-12-31": "629.00000", "2019-09-30": "572.00000", "2019-06-30": "596.00000", "2019-03-31": "614.00000", "2018-12-31": "557.00000", "2018-09-30": "552.00000", "2018-06-30": "612.00000", "2018-03-31": "537.00000", "2017-12-31": "537.00000", "2017-09-30": "503.00000", "2017-06-30": "494.00000", "2017-03-31": "472.00000", "2016-12-31": "504.00000", "2016-09-30": "471.00000", "2016-06-30": "485.00000", "2016-03-31": "461.00000", "2015-12-31": "491.00000", "2015-09-30": "476.00000", "2015-06-30": "467.00000", "2015-03-31": "503.00000", "2014-12-31": "529.00000", "2014-09-30": "478.00000", "2014-06-30": "486.00000", "2014-03-31": "491.00000", "2013-12-31": "521.00000", "2013-09-30": "497.00000", "2013-06-30": "514.00000", "2013-03-31": "507.00000", "2012-12-31": "651.00000", "2012-09-30": "510.00000", "2012-06-30": "525.00000", "2012-03-31": "535.00000", "2011-12-31": "524.00000", "2011-09-30": "492.00000", "2011-06-30": "505.00000", "2011-03-31": "509.00000", "2010-12-31": "519.00000", "2010-09-30": "481.00000", "2010-06-30": "478.00000", "2010-03-31": "486.00000", "2009-12-31": "483.00000", "2009-09-30": "452.00000", "2009-06-30": "509.00000", "2009-03-31": "510.00000", "2008-12-31": "", "2008-09-30": "", "2008-06-30": "", "2008-03-31": "", "2007-12-31": "", "2007-09-30": "", "2007-06-30": "", "2007-03-31": "", "2006-12-31": "", "2006-09-30": "", "2006-06-30": "", "2006-03-31": "", "2005-12-31": "", "2005-09-30": "", "2005-06-30": "", "2005-03-31": ""}, "Other Operating Income Or Expenses": {"2020-09-30": "", "2020-06-30": "", "2020-03-31": "", "2019-12-31": "", "2019-09-30": "", "2019-06-30": "", "2019-03-31": "", "2018-12-31": "", "2018-09-30": "", "2018-06-30": "", "2018-03-31": "", "2017-12-31": "", "2017-09-30": "", "2017-06-30": "", "2017-03-31": "", "2016-12-31": "", "2016-09-30": "", "2016-06-30": "", "2016-03-31": "", "2015-12-31": "", "2015-09-30": "", "2015-06-30": "", "2015-03-31": "", "2014-12-31": "", "2014-09-30": "", "2014-06-30": "", "2014-03-31": "", "2013-12-31": "", "2013-09-30": "", "2013-06-30": "", "2013-03-31": "", "2012-12-31": "", "2012-09-30": "", "2012-06-30": "", "2012-03-31": "", "2011-12-31": "", "2011-09-30": "", "2011-06-30": "", "2011-03-31": "", "2010-12-31": "", "2010-09-30": "", "2010-06-30": "", "2010-03-31": "", "2009-12-31": "", "2009-09-30": "", "2009-06-30": "", "2009-03-31": "", "2008-12-31": "", "2008-09-30": "", "2008-06-30": "", "2008-03-31": "", "2007-12-31": "", "2007-09-30": "", "2007-06-30": "", "2007-03-31": "", "2006-12-31": "", "2006-09-30": "", "2006-06-30": "", "2006-03-31": "", "2005-12-31": "", "2005-09-30": "", "2005-06-30": "", "2005-03-31": ""}, "Operating Expenses": {"2020-09-30": "8347.00000", "2020-06-30": "8423.00000", "2020-03-31": "7808.00000", "2019-12-31": "9445.00000", "2019-09-30": "8545.00000", "2019-06-30": "8465.00000", "2019-03-31": "8247.00000", "2018-12-31": "9152.00000", "2018-09-30": "7959.00000", "2018-06-30": "8098.00000", "2018-03-31": "6527.00000", "2017-12-31": "7217.00000", "2017-09-30": "6517.00000", "2017-06-30": "6608.00000", "2017-03-31": "6395.00000", "2016-12-31": "6876.00000", "2016-09-30": "6642.00000", "2016-06-30": "6747.00000", "2016-03-31": "6552.00000", "2015-12-31": "6968.00000", "2015-09-30": "6960.00000", "2015-06-30": "6801.00000", "2015-03-31": "6757.00000", "2014-12-31": "7295.00000", "2014-09-30": "6752.00000", "2014-06-30": "6525.00000", "2014-03-31": "6391.00000", "2013-12-31": "7037.00000", "2013-09-30": "6774.00000", "2013-06-30": "6873.00000", "2013-03-31": "6557.00000", "2012-12-31": "9527.00000", "2012-09-30": "7029.00000", "2012-06-30": "6952.00000", "2012-03-31": "6719.00000", "2011-12-31": "8197.00000", "2011-09-30": "6855.00000", "2011-06-30": "6930.00000", "2011-03-31": "6869.00000", "2010-12-31": "7525.00000", "2010-09-30": "7045.00000", "2010-06-30": "7119.00000", "2010-03-31": "6832.00000", "2009-12-31": "6947.00000", "2009-09-30": "6845.00000", "2009-06-30": "7155.00000", "2009-03-31": "7359.00000", "2008-12-31": "6914.00000", "2008-09-30": "6207.00000", "2008-06-30": "6382.00000", "2008-03-31": "6144.00000", "2007-12-31": "6644.00000", "2007-09-30": "6033.00000", "2007-06-30": "5831.00000", "2007-03-31": "5619.00000", "2006-12-31": "5811.00000", "2006-09-30": "5392.00000", "2006-06-30": "5285.00000", "2006-03-31": "4950.00000", "2005-12-31": "5131.00000", "2005-09-30": "4727.00000", "2005-06-30": "4598.00000", "2005-03-31": "4340.00000"}, "Operating Income": {"2020-09-30": "1084.00000", "2020-06-30": "841.00000", "2020-03-31": "941.00000", "2019-12-31": "1328.00000", "2019-09-30": "1216.00000", "2019-06-30": "1090.00000", "2019-03-31": "1014.00000", "2018-12-31": "1226.00000", "2018-09-30": "1135.00000", "2018-06-30": "1088.00000", "2018-03-31": "1008.00000", "2017-12-31": "1060.00000", "2017-09-30": "1063.00000", "2017-06-30": "1067.00000", "2017-03-31": "1046.00000", "2016-12-31": "778.00000", "2016-09-30": "1015.00000", "2016-06-30": "1027.00000", "2016-03-31": "924.00000", "2015-12-31": "1153.00000", "2015-09-30": "1034.00000", "2015-06-30": "1081.00000", "2015-03-31": "1027.00000", "2014-12-31": "1067.00000", "2014-09-30": "999.00000", "2014-06-30": "949.00000", "2014-03-31": "874.00000", "2013-12-31": "920.00000", "2013-09-30": "961.00000", "2013-06-30": "961.00000", "2013-03-31": "847.00000", "2012-12-31": "-1970.00000", "2012-09-30": "905.00000", "2012-06-30": "970.00000", "2012-03-31": "860.00000", "2011-12-31": "950.00000", "2011-09-30": "998.00000", "2011-06-30": "949.00000", "2011-03-31": "929.00000", "2010-12-31": "1076.00000", "2010-09-30": "966.00000", "2010-06-30": "985.00000", "2010-03-31": "918.00000", "2009-12-31": "951.00000", "2009-09-30": "874.00000", "2009-06-30": "945.00000", "2009-03-31": "905.00000", "2008-12-31": "938.00000", "2008-09-30": "933.00000", "2008-06-30": "921.00000", "2008-03-31": "861.00000", "2007-12-31": "871.00000", "2007-09-30": "801.00000", "2007-06-30": "760.00000", "2007-03-31": "681.00000", "2006-12-31": "703.00000", "2006-09-30": "677.00000", "2006-06-30": "649.00000", "2006-03-31": "596.00000", "2005-12-31": "605.00000", "2005-09-30": "575.00000", "2005-06-30": "539.00000", "2005-03-31": "460.00000"}, "Total Non-Operating Income/Expense": {"2020-09-30": "-106.00000", "2020-06-30": "-114.00000", "2020-03-31": "-93.00000", "2019-12-31": "-114.00000", "2019-09-30": "-126.00000", "2019-06-30": "-107.00000", "2019-03-31": "-99.00000", "2018-12-31": "-94.00000", "2018-09-30": "-112.00000", "2018-06-30": "-118.00000", "2018-03-31": "-48.00000", "2017-12-31": "-52.00000", "2017-09-30": "-36.00000", "2017-06-30": "-35.00000", "2017-03-31": "-36.00000", "2016-12-31": "-33.00000", "2016-09-30": "-21.00000", "2016-06-30": "-22.00000", "2016-03-31": "-12.00000", "2015-12-31": "-17.00000", "2015-09-30": "-21.00000", "2015-06-30": "-20.00000", "2015-03-31": "-18.00000", "2014-12-31": "-22.00000", "2014-09-30": "-20.00000", "2014-06-30": "-24.00000", "2014-03-31": "-21.00000", "2013-12-31": "-19.00000", "2013-09-30": "-18.00000", "2013-06-30": "-18.00000", "2013-03-31": "-23.00000", "2012-12-31": "-169.00000", "2012-09-30": "-42.00000", "2012-06-30": "-42.00000", "2012-03-31": "-39.00000", "2011-12-31": "-39.00000", "2011-09-30": "-46.00000", "2011-06-30": "10.00000", "2011-03-31": "-33.00000", "2010-12-31": "-33.00000", "2010-09-30": "-38.00000", "2010-06-30": "-40.00000", "2010-03-31": "-44.00000", "2009-12-31": "-42.00000", "2009-09-30": "-46.00000", "2009-06-30": "-38.00000", "2009-03-31": "-36.00000", "2008-12-31": "-10.00000", "2008-09-30": "-11.00000", "2008-06-30": "-12.00000", "2008-03-31": "-16.00000", "2007-12-31": "-11.00000", "2007-09-30": "-10.00000", "2007-06-30": "-20.00000", "2007-03-31": "-25.00000", "2006-12-31": "-27.00000", "2006-09-30": "-33.00000", "2006-06-30": "-21.00000", "2006-03-31": "-17.00000", "2005-12-31": "-13.00000", "2005-09-30": "-34.00000", "2005-06-30": "-28.00000", "2005-03-31": "-35.00000"}, "Pre-Tax Income": {"2020-09-30": "978.00000", "2020-06-30": "727.00000", "2020-03-31": "848.00000", "2019-12-31": "1214.00000", "2019-09-30": "1090.00000", "2019-06-30": "983.00000", "2019-03-31": "915.00000", "2018-12-31": "1132.00000", "2018-09-30": "1023.00000", "2018-06-30": "970.00000", "2018-03-31": "960.00000", "2017-12-31": "1008.00000", "2017-09-30": "1027.00000", "2017-06-30": "1032.00000", "2017-03-31": "1010.00000", "2016-12-31": "745.00000", "2016-09-30": "994.00000", "2016-06-30": "1005.00000", "2016-03-31": "912.00000", "2015-12-31": "1136.00000", "2015-09-30": "1013.00000", "2015-06-30": "1061.00000", "2015-03-31": "1009.00000", "2014-12-31": "1045.00000", "2014-09-30": "979.00000", "2014-06-30": "925.00000", "2014-03-31": "853.00000", "2013-12-31": "901.00000", "2013-09-30": "943.00000", "2013-06-30": "943.00000", "2013-03-31": "824.00000", "2012-12-31": "-2139.00000", "2012-09-30": "863.00000", "2012-06-30": "928.00000", "2012-03-31": "821.00000", "2011-12-31": "911.00000", "2011-09-30": "952.00000", "2011-06-30": "959.00000", "2011-03-31": "896.00000", "2010-12-31": "1043.00000", "2010-09-30": "928.00000", "2010-06-30": "945.00000", "2010-03-31": "874.00000", "2009-12-31": "909.00000", "2009-09-30": "828.00000", "2009-06-30": "907.00000", "2009-03-31": "869.00000", "2008-12-31": "928.00000", "2008-09-30": "922.00000", "2008-06-30": "909.00000", "2008-03-31": "845.00000", "2007-12-31": "860.00000", "2007-09-30": "791.00000", "2007-06-30": "740.00000", "2007-03-31": "656.00000", "2006-12-31": "676.00000", "2006-09-30": "644.00000", "2006-06-30": "628.00000", "2006-03-31": "579.00000", "2005-12-31": "592.00000", "2005-09-30": "541.00000", "2005-06-30": "511.00000", "2005-03-31": "425.00000"}, "Income Taxes": {"2020-09-30": "144.00000", "2020-06-30": "102.00000", "2020-03-31": "142.00000", "2019-12-31": "194.00000", "2019-09-30": "177.00000", "2019-06-30": "177.00000", "2019-03-31": "170.00000", "2018-12-31": "223.00000", "2018-09-30": "159.00000", "2018-06-30": "184.00000", "2018-03-31": "161.00000", "2017-12-31": "372.00000", "2017-09-30": "263.00000", "2017-06-30": "283.00000", "2017-03-31": "247.00000", "2016-12-31": "165.00000", "2016-09-30": "263.00000", "2016-06-30": "291.00000", "2016-03-31": "258.00000", "2015-12-31": "301.00000", "2015-09-30": "280.00000", "2015-06-30": "309.00000", "2015-03-31": "293.00000", "2014-12-31": "308.00000", "2014-09-30": "285.00000", "2014-06-30": "279.00000", "2014-03-31": "257.00000", "2013-12-31": "278.00000", "2013-09-30": "291.00000", "2013-06-30": "303.00000", "2013-03-31": "253.00000", "2012-12-31": "40.00000", "2012-09-30": "263.00000", "2012-06-30": "294.00000", "2012-03-31": "257.00000", "2011-12-31": "308.00000", "2011-09-30": "287.00000", "2011-06-30": "293.00000", "2011-03-31": "278.00000", "2010-12-31": "314.00000", "2010-09-30": "279.00000", "2010-06-30": "294.00000", "2010-03-31": "275.00000", "2009-12-31": "291.00000", "2009-09-30": "253.00000", "2009-06-30": "286.00000", "2009-03-31": "276.00000", "2008-12-31": "298.00000", "2008-09-30": "288.00000", "2008-06-30": "268.00000", "2008-03-31": "272.00000", "2007-12-31": "282.00000", "2007-09-30": "247.00000", "2007-06-30": "222.00000", "2007-03-31": "216.00000", "2006-12-31": "213.00000", "2006-09-30": "204.00000", "2006-06-30": "208.00000", "2006-03-31": "192.00000", "2005-12-31": "199.00000", "2005-09-30": "177.00000", "2005-06-30": "173.00000", "2005-03-31": "72.00000"}, "Income After Taxes": {"2020-09-30": "834.00000", "2020-06-30": "625.00000", "2020-03-31": "706.00000", "2019-12-31": "1020.00000", "2019-09-30": "913.00000", "2019-06-30": "806.00000", "2019-03-31": "745.00000", "2018-12-31": "909.00000", "2018-09-30": "864.00000", "2018-06-30": "786.00000", "2018-03-31": "799.00000", "2017-12-31": "636.00000", "2017-09-30": "764.00000", "2017-06-30": "749.00000", "2017-03-31": "763.00000", "2016-12-31": "580.00000", "2016-09-30": "731.00000", "2016-06-30": "714.00000", "2016-03-31": "654.00000", "2015-12-31": "835.00000", "2015-09-30": "733.00000", "2015-06-30": "752.00000", "2015-03-31": "716.00000", "2014-12-31": "737.00000", "2014-09-30": "694.00000", "2014-06-30": "646.00000", "2014-03-31": "596.00000", "2013-12-31": "623.00000", "2013-09-30": "652.00000", "2013-06-30": "640.00000", "2013-03-31": "571.00000", "2012-12-31": "-2179.00000", "2012-09-30": "600.00000", "2012-06-30": "634.00000", "2012-03-31": "564.00000", "2011-12-31": "603.00000", "2011-09-30": "665.00000", "2011-06-30": "666.00000", "2011-03-31": "618.00000", "2010-12-31": "729.00000", "2010-09-30": "649.00000", "2010-06-30": "651.00000", "2010-03-31": "599.00000", "2009-12-31": "618.00000", "2009-09-30": "575.00000", "2009-06-30": "621.00000", "2009-03-31": "593.00000", "2008-12-31": "630.00000", "2008-09-30": "634.00000", "2008-06-30": "641.00000", "2008-03-31": "573.00000", "2007-12-31": "578.00000", "2007-09-30": "544.00000", "2007-06-30": "518.00000", "2007-03-31": "440.00000", "2006-12-31": "463.00000", "2006-09-30": "440.00000", "2006-06-30": "420.00000", "2006-03-31": "387.00000", "2005-12-31": "393.00000", "2005-09-30": "364.00000", "2005-06-30": "338.00000", "2005-03-31": "353.00000"}, "Other Income": {"2020-09-30": "", "2020-06-30": "", "2020-03-31": "", "2019-12-31": "", "2019-09-30": "", "2019-06-30": "", "2019-03-31": "", "2018-12-31": "", "2018-09-30": "", "2018-06-30": "", "2018-03-31": "", "2017-12-31": "", "2017-09-30": "", "2017-06-30": "", "2017-03-31": "", "2016-12-31": "", "2016-09-30": "", "2016-06-30": "", "2016-03-31": "", "2015-12-31": "", "2015-09-30": "", "2015-06-30": "", "2015-03-31": "", "2014-12-31": "", "2014-09-30": "", "2014-06-30": "", "2014-03-31": "", "2013-12-31": "", "2013-09-30": "", "2013-06-30": "", "2013-03-31": "", "2012-12-31": "", "2012-09-30": "", "2012-06-30": "", "2012-03-31": "", "2011-12-31": "", "2011-09-30": "", "2011-06-30": "", "2011-03-31": "", "2010-12-31": "", "2010-09-30": "", "2010-06-30": "", "2010-03-31": "", "2009-12-31": "", "2009-09-30": "", "2009-06-30": "", "2009-03-31": "", "2008-12-31": "", "2008-09-30": "", "2008-06-30": "", "2008-03-31": "", "2007-12-31": "", "2007-09-30": "", "2007-06-30": "", "2007-03-31": "", "2006-12-31": "", "2006-09-30": "", "2006-06-30": "", "2006-03-31": "", "2005-12-31": "", "2005-09-30": "", "2005-06-30": "", "2005-03-31": ""}, "Income From Continuous Operations": {"2020-09-30": "834.00000", "2020-06-30": "625.00000", "2020-03-31": "706.00000", "2019-12-31": "1020.00000", "2019-09-30": "913.00000", "2019-06-30": "806.00000", "2019-03-31": "745.00000", "2018-12-31": "909.00000", "2018-09-30": "864.00000", "2018-06-30": "786.00000", "2018-03-31": "799.00000", "2017-12-31": "636.00000", "2017-09-30": "764.00000", "2017-06-30": "749.00000", "2017-03-31": "763.00000", "2016-12-31": "580.00000", "2016-09-30": "731.00000", "2016-06-30": "714.00000", "2016-03-31": "654.00000", "2015-12-31": "835.00000", "2015-09-30": "733.00000", "2015-06-30": "752.00000", "2015-03-31": "716.00000", "2014-12-31": "737.00000", "2014-09-30": "694.00000", "2014-06-30": "646.00000", "2014-03-31": "596.00000", "2013-12-31": "623.00000", "2013-09-30": "652.00000", "2013-06-30": "640.00000", "2013-03-31": "571.00000", "2012-12-31": "-2179.00000", "2012-09-30": "600.00000", "2012-06-30": "634.00000", "2012-03-31": "564.00000", "2011-12-31": "603.00000", "2011-09-30": "665.00000", "2011-06-30": "666.00000", "2011-03-31": "618.00000", "2010-12-31": "729.00000", "2010-09-30": "649.00000", "2010-06-30": "651.00000", "2010-03-31": "599.00000", "2009-12-31": "618.00000", "2009-09-30": "575.00000", "2009-06-30": "621.00000", "2009-03-31": "593.00000", "2008-12-31": "630.00000", "2008-09-30": "634.00000", "2008-06-30": "641.00000", "2008-03-31": "573.00000", "2007-12-31": "578.00000", "2007-09-30": "544.00000", "2007-06-30": "518.00000", "2007-03-31": "440.00000", "2006-12-31": "463.00000", "2006-09-30": "440.00000", "2006-06-30": "420.00000", "2006-03-31": "387.00000", "2005-12-31": "393.00000", "2005-09-30": "364.00000", "2005-06-30": "338.00000", "2005-03-31": "353.00000"}, "Income From Discontinued Operations": {"2020-09-30": "", "2020-06-30": "", "2020-03-31": "", "2019-12-31": "", "2019-09-30": "", "2019-06-30": "", "2019-03-31": "", "2018-12-31": "", "2018-09-30": "-13.00000", "2018-06-30": "", "2018-03-31": "", "2017-12-31": "", "2017-09-30": "", "2017-06-30": "", "2017-03-31": "", "2016-12-31": "-10.00000", "2016-09-30": "-84.00000", "2016-06-30": "", "2016-03-31": "-13.00000", "2015-12-31": "", "2015-09-30": "", "2015-06-30": "", "2015-03-31": "", "2014-12-31": "-36.00000", "2014-09-30": "2.00000", "2014-06-30": "-105.00000", "2014-03-31": "-1.00000", "2013-12-31": "-128.00000", "2013-09-30": "-1.00000", "2013-06-30": "0.00000", "2013-03-31": "", "2012-12-31": "", "2012-09-30": "", "2012-06-30": "", "2012-03-31": "", "2011-12-31": "", "2011-09-30": "-13.00000", "2011-06-30": "-13.00000", "2011-03-31": "", "2010-12-31": "", "2010-09-30": "1.00000", "2010-06-30": "-3.00000", "2010-03-31": "-2.00000", "2009-12-31": "-4.00000", "2009-09-30": "-3.00000", "2009-06-30": "-3.00000", "2009-03-31": "-3.00000", "2008-12-31": "-18.00000", "2008-09-30": "", "2008-06-30": "", "2008-03-31": "-1.00000", "2007-12-31": "1.00000", "2007-09-30": "2.00000", "2007-06-30": "-5.00000", "2007-03-31": "-6.00000", "2006-12-31": "-55.00000", "2006-09-30": "-2.00000", "2006-06-30": "216.00000", "2006-03-31": "-13.00000", "2005-12-31": "13.00000", "2005-09-30": "10.00000", "2005-06-30": "7.00000", "2005-03-31": "-17.00000"}, "Net Income": {"2020-09-30": "834.00000", "2020-06-30": "625.00000", "2020-03-31": "706.00000", "2019-12-31": "1020.00000", "2019-09-30": "913.00000", "2019-06-30": "806.00000", "2019-03-31": "745.00000", "2018-12-31": "909.00000", "2018-09-30": "851.00000", "2018-06-30": "786.00000", "2018-03-31": "799.00000", "2017-12-31": "636.00000", "2017-09-30": "764.00000", "2017-06-30": "749.00000", "2017-03-31": "763.00000", "2016-12-31": "570.00000", "2016-09-30": "647.00000", "2016-06-30": "714.00000", "2016-03-31": "641.00000", "2015-12-31": "835.00000", "2015-09-30": "733.00000", "2015-06-30": "752.00000", "2015-03-31": "716.00000", "2014-12-31": "701.00000", "2014-09-30": "696.00000", "2014-06-30": "541.00000", "2014-03-31": "595.00000", "2013-12-31": "495.00000", "2013-09-30": "651.00000", "2013-06-30": "640.00000", "2013-03-31": "571.00000", "2012-12-31": "-2130.00000", "2012-09-30": "600.00000", "2012-06-30": "634.00000", "2012-03-31": "564.00000", "2011-12-31": "603.00000", "2011-09-30": "652.00000", "2011-06-30": "653.00000", "2011-03-31": "618.00000", "2010-12-31": "729.00000", "2010-09-30": "650.00000", "2010-06-30": "648.00000", "2010-03-31": "597.00000", "2009-12-31": "614.00000", "2009-09-30": "572.00000", "2009-06-30": "618.00000", "2009-03-31": "590.00000", "2008-12-31": "612.00000", "2008-09-30": "634.00000", "2008-06-30": "641.00000", "2008-03-31": "572.00000", "2007-12-31": "579.00000", "2007-09-30": "546.00000", "2007-06-30": "513.00000", "2007-03-31": "434.00000", "2006-12-31": "408.00000", "2006-09-30": "438.00000", "2006-06-30": "636.00000", "2006-03-31": "374.00000", "2005-12-31": "406.00000", "2005-09-30": "374.00000", "2005-06-30": "345.00000", "2005-03-31": "336.00000"}, "EBITDA": {"2020-09-30": "1296.00000", "2020-06-30": "1060.00000", "2020-03-31": "1153.00000", "2019-12-31": "1532.00000", "2019-09-30": "1426.00000", "2019-06-30": "1300.00000", "2019-03-31": "1219.00000", "2018-12-31": "1447.00000", "2018-09-30": "1350.00000", "2018-06-30": "1306.00000", "2018-03-31": "1117.00000", "2017-12-31": "1175.00000", "2017-09-30": "1169.00000", "2017-06-30": "1176.00000", "2017-03-31": "1157.00000", "2016-12-31": "891.00000", "2016-09-30": "1124.00000", "2016-06-30": "1142.00000", "2016-03-31": "1040.00000", "2015-12-31": "1274.00000", "2015-09-30": "1151.00000", "2015-06-30": "1200.00000", "2015-03-31": "1151.00000", "2014-12-31": "1187.00000", "2014-09-30": "1123.00000", "2014-06-30": "1076.00000", "2014-03-31": "999.00000", "2013-12-31": "1053.00000", "2013-09-30": "1088.00000", "2013-06-30": "1084.00000", "2013-03-31": "989.00000", "2012-12-31": "457.00000", "2012-09-30": "1059.00000", "2012-06-30": "1120.00000", "2012-03-31": "1014.00000", "2011-12-31": "1218.00000", "2011-09-30": "1145.00000", "2011-06-30": "1094.00000", "2011-03-31": "1072.00000", "2010-12-31": "1221.00000", "2010-09-30": "1107.00000", "2010-06-30": "1125.00000", "2010-03-31": "1061.00000", "2009-12-31": "1095.00000", "2009-09-30": "1013.00000", "2009-06-30": "1085.00000", "2009-03-31": "1044.00000", "2008-12-31": "1059.00000", "2008-09-30": "1046.00000", "2008-06-30": "1032.00000", "2008-03-31": "963.00000", "2007-12-31": "982.00000", "2007-09-30": "906.00000", "2007-06-30": "866.00000", "2007-03-31": "782.00000", "2006-12-31": "813.00000", "2006-09-30": "774.00000", "2006-06-30": "744.00000", "2006-03-31": "678.00000", "2005-12-31": "688.00000", "2005-09-30": "656.00000", "2005-06-30": "618.00000", "2005-03-31": "544.00000"}, "EBIT": {"2020-09-30": "1084.00000", "2020-06-30": "841.00000", "2020-03-31": "941.00000", "2019-12-31": "1328.00000", "2019-09-30": "1216.00000", "2019-06-30": "1090.00000", "2019-03-31": "1014.00000", "2018-12-31": "1226.00000", "2018-09-30": "1135.00000", "2018-06-30": "1088.00000", "2018-03-31": "1008.00000", "2017-12-31": "1060.00000", "2017-09-30": "1063.00000", "2017-06-30": "1067.00000", "2017-03-31": "1046.00000", "2016-12-31": "778.00000", "2016-09-30": "1015.00000", "2016-06-30": "1027.00000", "2016-03-31": "924.00000", "2015-12-31": "1153.00000", "2015-09-30": "1034.00000", "2015-06-30": "1081.00000", "2015-03-31": "1027.00000", "2014-12-31": "1067.00000", "2014-09-30": "999.00000", "2014-06-30": "949.00000", "2014-03-31": "874.00000", "2013-12-31": "920.00000", "2013-09-30": "961.00000", "2013-06-30": "961.00000", "2013-03-31": "847.00000", "2012-12-31": "-1970.00000", "2012-09-30": "905.00000", "2012-06-30": "970.00000", "2012-03-31": "860.00000", "2011-12-31": "950.00000", "2011-09-30": "998.00000", "2011-06-30": "949.00000", "2011-03-31": "929.00000", "2010-12-31": "1076.00000", "2010-09-30": "966.00000", "2010-06-30": "985.00000", "2010-03-31": "918.00000", "2009-12-31": "951.00000", "2009-09-30": "874.00000", "2009-06-30": "945.00000", "2009-03-31": "905.00000", "2008-12-31": "938.00000", "2008-09-30": "933.00000", "2008-06-30": "921.00000", "2008-03-31": "861.00000", "2007-12-31": "871.00000", "2007-09-30": "801.00000", "2007-06-30": "760.00000", "2007-03-31": "681.00000", "2006-12-31": "703.00000", "2006-09-30": "677.00000", "2006-06-30": "649.00000", "2006-03-31": "596.00000", "2005-12-31": "605.00000", "2005-09-30": "575.00000", "2005-06-30": "539.00000", "2005-03-31": "460.00000"}, "Basic Shares Outstanding": {"2020-09-30": "286.45200", "2020-06-30": "286.38800", "2020-03-31": "288.56900", "2019-12-31": "288.28600", "2019-09-30": "288.37400", "2019-06-30": "288.09900", "2019-03-31": "287.91700", "2018-12-31": "295.26200", "2018-09-30": "295.33900", "2018-06-30": "296.15300", "2018-03-31": "296.40000", "2017-12-31": "299.17200", "2017-09-30": "298.14500", "2017-06-30": "299.79000", "2017-03-31": "301.77100", "2016-12-31": "304.70700", "2016-09-30": "303.93800", "2016-06-30": "304.47000", "2016-03-31": "307.92800", "2015-12-31": "321.31300", "2015-09-30": "316.68000", "2015-06-30": "326.15300", "2015-03-31": "329.15400", "2014-12-31": "335.19200", "2014-09-30": "331.81100", "2014-06-30": "336.69200", "2014-03-31": "342.23200", "2013-12-31": "350.71400", "2013-09-30": "349.33700", "2013-06-30": "351.11000", "2013-03-31": "351.87300", "2012-12-31": "353.34600", "2012-09-30": "350.47000", "2012-06-30": "355.04800", "2012-03-31": "356.98700", "2011-12-31": "364.14700", "2011-09-30": "359.71000", "2011-06-30": "367.96100", "2011-03-31": "372.68000", "2010-12-31": "381.24000", "2010-09-30": "379.08800", "2010-06-30": "384.30400", "2010-03-31": "384.82300", "2009-12-31": "385.47500", "2009-09-30": "385.24300", "2009-06-30": "385.03500", "2009-03-31": "385.84500", "2008-12-31": "396.23800", "2008-09-30": "396.74800", "2008-06-30": "398.49100", "2008-03-31": "400.75900", "2007-12-31": "404.41700", "2007-09-30": "403.66900", "2007-06-30": "405.15000", "2007-03-31": "405.59600", "2006-12-31": "403.42400", "2006-09-30": "403.72300", "2006-06-30": "403.51800", "2006-03-31": "401.46900", "2005-12-31": "401.63700", "2005-09-30": "402.12100", "2005-06-30": "401.41600", "2005-03-31": "401.11500"}, "Shares Outstanding": {"2020-09-30": "287.22700", "2020-06-30": "286.93300", "2020-03-31": "289.94300", "2019-12-31": "290.83600", "2019-09-30": "290.89200", "2019-06-30": "290.81500", "2019-03-31": "290.89100", "2018-12-31": "299.16000", "2018-09-30": "299.08700", "2018-06-30": "300.13900", "2018-03-31": "301.10000", "2017-12-31": "304.63700", "2017-09-30": "303.75100", "2017-06-30": "305.35000", "2017-03-31": "307.28200", "2016-12-31": "310.38700", "2016-09-30": "309.72800", "2016-06-30": "310.20800", "2016-03-31": "313.49900", "2015-12-31": "326.65200", "2015-09-30": "321.93800", "2015-06-30": "331.42600", "2015-03-31": "334.68200", "2014-12-31": "341.33100", "2014-09-30": "338.18100", "2014-06-30": "342.78500", "2014-03-31": "347.24800", "2013-12-31": "353.49900", "2013-09-30": "352.91800", "2013-06-30": "352.93200", "2013-03-31": "353.51700", "2012-12-31": "353.34600", "2012-09-30": "352.82600", "2012-06-30": "357.37300", "2012-03-31": "359.36000", "2011-12-31": "367.52400", "2011-09-30": "362.88500", "2011-06-30": "371.41700", "2011-03-31": "376.36300", "2010-12-31": "385.23600", "2010-09-30": "382.54000", "2010-06-30": "388.53200", "2010-03-31": "388.98400", "2009-12-31": "387.92300", "2009-09-30": "388.08800", "2009-06-30": "387.01300", "2009-03-31": "386.54100", "2008-12-31": "398.74600", "2008-09-30": "399.77700", "2008-06-30": "401.77100", "2008-03-31": "403.85800", "2007-12-31": "408.14500", "2007-09-30": "407.32100", "2007-06-30": "408.90000", "2007-03-31": "409.43500", "2006-12-31": "406.82700", "2006-09-30": "407.17700", "2006-06-30": "406.95800", "2006-03-31": "404.50300", "2005-12-31": "404.84800", "2005-09-30": "405.60700", "2005-06-30": "404.39800", "2005-03-31": "404.04800"}, "Basic EPS": {"2020-09-30": "2.91000", "2020-06-30": "2.18000", "2020-03-31": "2.45000", "2019-12-31": "3.53000", "2019-09-30": "3.17000", "2019-06-30": "2.80000", "2019-03-31": "2.59000", "2018-12-31": "3.10000", "2018-09-30": "2.88000", "2018-06-30": "2.65000", "2018-03-31": "2.70000", "2017-12-31": "2.14000", "2017-09-30": "2.56000", "2017-06-30": "2.50000", "2017-03-31": "2.53000", "2016-12-31": "1.88000", "2016-09-30": "2.13000", "2016-06-30": "2.35000", "2016-03-31": "2.08000", "2015-12-31": "2.65000", "2015-09-30": "2.31000", "2015-06-30": "2.31000", "2015-03-31": "2.18000", "2014-12-31": "2.11000", "2014-09-30": "2.10000", "2014-06-30": "1.61000", "2014-03-31": "1.74000", "2013-12-31": "1.42000", "2013-09-30": "1.86000", "2013-06-30": "1.82000", "2013-03-31": "1.62000", "2012-12-31": "-6.02000", "2012-09-30": "1.71000", "2012-06-30": "1.79000", "2012-03-31": "1.58000", "2011-12-31": "1.70000", "2011-09-30": "1.81000", "2011-06-30": "1.77000", "2011-03-31": "1.66000", "2010-12-31": "1.93000", "2010-09-30": "1.71000", "2010-06-30": "1.69000", "2010-03-31": "1.55000", "2009-12-31": "1.60000", "2009-09-30": "1.48000", "2009-06-30": "1.60000", "2009-03-31": "1.53000", "2008-12-31": "1.57000", "2008-09-30": "1.60000", "2008-06-30": "1.61000", "2008-03-31": "1.43000", "2007-12-31": "1.43000", "2007-09-30": "1.35000", "2007-06-30": "1.27000", "2007-03-31": "1.07000", "2006-12-31": "1.00000", "2006-09-30": "1.09000", "2006-06-30": "1.58000", "2006-03-31": "0.93000", "2005-12-31": "1.01000", "2005-09-30": "0.93000", "2005-06-30": "0.86000", "2005-03-31": "0.84000"}, "EPS - Earnings Per Share": {"2020-09-30": "2.90000", "2020-06-30": "2.18000", "2020-03-31": "2.43000", "2019-12-31": "3.51000", "2019-09-30": "3.14000", "2019-06-30": "2.77000", "2019-03-31": "2.56000", "2018-12-31": "3.06000", "2018-09-30": "2.85000", "2018-06-30": "2.62000", "2018-03-31": "2.65000", "2017-12-31": "2.11000", "2017-09-30": "2.52000", "2017-06-30": "2.45000", "2017-03-31": "2.48000", "2016-12-31": "1.86000", "2016-09-30": "2.09000", "2016-06-30": "2.30000", "2016-03-31": "2.04000", "2015-12-31": "2.60000", "2015-09-30": "2.28000", "2015-06-30": "2.27000", "2015-03-31": "2.14000", "2014-12-31": "2.07000", "2014-09-30": "2.06000", "2014-06-30": "1.58000", "2014-03-31": "1.71000", "2013-12-31": "1.40000", "2013-09-30": "1.84000", "2013-06-30": "1.81000", "2013-03-31": "1.62000", "2012-12-31": "-5.98000", "2012-09-30": "1.70000", "2012-06-30": "1.77000", "2012-03-31": "1.57000", "2011-12-31": "1.67000", "2011-09-30": "1.80000", "2011-06-30": "1.76000", "2011-03-31": "1.64000", "2010-12-31": "1.91000", "2010-09-30": "1.70000", "2010-06-30": "1.67000", "2010-03-31": "1.53000", "2009-12-31": "1.57000", "2009-09-30": "1.47000", "2009-06-30": "1.60000", "2009-03-31": "1.53000", "2008-12-31": "1.56000", "2008-09-30": "1.59000", "2008-06-30": "1.60000", "2008-03-31": "1.42000", "2007-12-31": "1.42000", "2007-09-30": "1.34000", "2007-06-30": "1.26000", "2007-03-31": "1.06000", "2006-12-31": "1.00000", "2006-09-30": "1.08000", "2006-06-30": "1.56000", "2006-03-31": "0.92000", "2005-12-31": "1.01000", "2005-09-30": "0.92000", "2005-06-30": "0.85000", "2005-03-31": "0.83000"}}, "balance sheet": {"Cash On Hand": {"2020-12-31": "2824.00000", "2019-12-31": "902.00000", "2018-12-31": "963.00000", "2017-12-31": "2983.00000", "2016-12-31": "2334.00000", "2015-12-31": "2785.00000", "2014-12-31": "4388.00000", "2013-12-31": "5301.00000", "2012-12-31": "3296.00000", "2011-12-31": "2649.00000", "2010-12-31": "2613.00000", "2009-12-31": "2263.00000", "2008-12-31": "1621.00000", "2007-12-31": "2891.00000", "2006-12-31": "1604.00000", "2005-12-31": "2331.00000"}, "Receivables": {"2020-12-31": "11185.00000", "2019-12-31": "11401.00000", "2018-12-31": "10335.00000", "2017-12-31": "8857.00000", "2016-12-31": "7611.00000", "2015-12-31": "7803.00000", "2014-12-31": "8641.00000", "2013-12-31": "9150.00000", "2012-12-31": "9168.00000", "2011-12-31": "9597.00000", "2010-12-31": "8721.00000", "2009-12-31": "8127.00000", "2008-12-31": "7810.00000", "2007-12-31": "7211.00000", "2006-12-31": "6329.00000", "2005-12-31": "5156.00000"}, "Inventory": {"2020-12-31": "5745.00000", "2019-12-31": "6306.00000", "2018-12-31": "5977.00000", "2017-12-31": "5303.00000", "2016-12-31": "5118.00000", "2015-12-31": "3366.00000", "2014-12-31": "3221.00000", "2013-12-31": "2890.00000", "2012-12-31": "2776.00000", "2011-12-31": "2310.00000", "2010-12-31": "2158.00000", "2009-12-31": "2126.00000", "2008-12-31": "2029.00000", "2007-12-31": "1621.00000", "2006-12-31": "1484.00000", "2005-12-31": "1293.00000"}, "Pre-Paid Expenses": {"2020-12-31": "", "2019-12-31": "", "2018-12-31": "", "2017-12-31": "", "2016-12-31": "", "2015-12-31": "", "2014-12-31": "", "2013-12-31": "", "2012-12-31": "", "2011-12-31": "", "2010-12-31": "", "2009-12-31": "", "2008-12-31": "", "2007-12-31": "", "2006-12-31": "", "2005-12-31": ""}, "Other Current Assets": {"2020-12-31": "1789.00000", "2019-12-31": "1171.00000", "2018-12-31": "914.00000", "2017-12-31": "1185.00000", "2016-12-31": "1471.00000", "2015-12-31": "617.00000", "2014-12-31": "1157.00000", "2013-12-31": "821.00000", "2012-12-31": "504.00000", "2011-12-31": "812.00000", "2010-12-31": "694.00000", "2009-12-31": "733.00000", "2008-12-31": "490.00000", "2007-12-31": "575.00000", "2006-12-31": "463.00000", "2005-12-31": "386.00000"}, "Total Current Assets": {"2020-12-31": "21543.00000", "2019-12-31": "19780.00000", "2018-12-31": "18189.00000", "2017-12-31": "18328.00000", "2016-12-31": "16534.00000", "2015-12-31": "14571.00000", "2014-12-31": "17407.00000", "2013-12-31": "18162.00000", "2012-12-31": "15744.00000", "2011-12-31": "15368.00000", "2010-12-31": "14186.00000", "2009-12-31": "13249.00000", "2008-12-31": "11950.00000", "2007-12-31": "12298.00000", "2006-12-31": "9880.00000", "2005-12-31": "9449.00000"}, "Property, Plant, And Equipment": {"2020-12-31": "5100.00000", "2019-12-31": "4475.00000", "2018-12-31": "3978.00000", "2017-12-31": "3517.00000", "2016-12-31": "3477.00000", "2015-12-31": "3466.00000", "2014-12-31": "3329.00000", "2013-12-31": "3359.00000", "2012-12-31": "3403.00000", "2011-12-31": "3284.00000", "2010-12-31": "2971.00000", "2009-12-31": "2912.00000", "2008-12-31": "2872.00000", "2007-12-31": "2472.00000", "2006-12-31": "2168.00000", "2005-12-31": "2028.00000"}, "Long-Term Investments": {"2020-12-31": "", "2019-12-31": "", "2018-12-31": "", "2017-12-31": "", "2016-12-31": "", "2015-12-31": "", "2014-12-31": "", "2013-12-31": "", "2012-12-31": "", "2011-12-31": "", "2010-12-31": "", "2009-12-31": "", "2008-12-31": "", "2007-12-31": "", "2006-12-31": "", "2005-12-31": ""}, "Goodwill And Intangible Assets": {"2020-12-31": "22170.00000", "2019-12-31": "21992.00000", "2018-12-31": "22179.00000", "2017-12-31": "12616.00000", "2016-12-31": "12123.00000", "2015-12-31": "12206.00000", "2014-12-31": "12643.00000", "2013-12-31": "12976.00000", "2012-12-31": "13431.00000", "2011-12-31": "15389.00000", "2010-12-31": "14641.00000", "2009-12-31": "14367.00000", "2008-12-31": "13030.00000", "2007-12-31": "9914.00000", "2006-12-31": "9725.00000", "2005-12-31": "7584.00000"}, "Other Long-Term Assets": {"2020-12-31": "2495.00000", "2019-12-31": "2594.00000", "2018-12-31": "1062.00000", "2017-12-31": "585.00000", "2016-12-31": "1038.00000", "2015-12-31": "1754.00000", "2014-12-31": "1958.00000", "2013-12-31": "997.00000", "2012-12-31": "1731.00000", "2011-12-31": "842.00000", "2010-12-31": "747.00000", "2009-12-31": "549.00000", "2008-12-31": "521.00000", "2007-12-31": "1049.00000", "2006-12-31": "603.00000", "2005-12-31": "639.00000"}, "Total Long-Term Assets": {"2020-12-31": "29765.00000", "2019-12-31": "29061.00000", "2018-12-31": "27219.00000", "2017-12-31": "16718.00000", "2016-12-31": "16638.00000", "2015-12-31": "17426.00000", "2014-12-31": "17930.00000", "2013-12-31": "17332.00000", "2012-12-31": "18565.00000", "2011-12-31": "19515.00000", "2010-12-31": "18359.00000", "2009-12-31": "17828.00000", "2008-12-31": "16423.00000", "2007-12-31": "13435.00000", "2006-12-31": "12496.00000", "2005-12-31": "10251.00000"}, "Total Assets": {"2020-12-31": "51308.00000", "2019-12-31": "48841.00000", "2018-12-31": "45408.00000", "2017-12-31": "35046.00000", "2016-12-31": "33172.00000", "2015-12-31": "31997.00000", "2014-12-31": "35337.00000", "2013-12-31": "35494.00000", "2012-12-31": "34309.00000", "2011-12-31": "34883.00000", "2010-12-31": "32545.00000", "2009-12-31": "31077.00000", "2008-12-31": "28373.00000", "2007-12-31": "25733.00000", "2006-12-31": "22376.00000", "2005-12-31": "19700.00000"}, "Total Current Liabilities": {"2020-12-31": "15964.00000", "2019-12-31": "16801.00000", "2018-12-31": "14739.00000", "2017-12-31": "13099.00000", "2016-12-31": "13450.00000", "2015-12-31": "12445.00000", "2014-12-31": "13751.00000", "2013-12-31": "12259.00000", "2012-12-31": "11620.00000", "2011-12-31": "11145.00000", "2010-12-31": "11177.00000", "2009-12-31": "10371.00000", "2008-12-31": "10360.00000", "2007-12-31": "9164.00000", "2006-12-31": "7824.00000", "2005-12-31": "7110.00000"}, "Long Term Debt": {"2020-12-31": "9995.00000", "2019-12-31": "9010.00000", "2018-12-31": "11444.00000", "2017-12-31": "3980.00000", "2016-12-31": "2988.00000", "2015-12-31": "2898.00000", "2014-12-31": "3392.00000", "2013-12-31": "3908.00000", "2012-12-31": "3908.00000", "2011-12-31": "3907.00000", "2010-12-31": "2430.00000", "2009-12-31": "3159.00000", "2008-12-31": "3113.00000", "2007-12-31": "2118.00000", "2006-12-31": "2774.00000", "2005-12-31": "2778.00000"}, "Other Non-Current Liabilities": {"2020-12-31": "9688.00000", "2019-12-31": "9453.00000", "2018-12-31": "7493.00000", "2017-12-31": "6532.00000", "2016-12-31": "6433.00000", "2015-12-31": "5916.00000", "2014-12-31": "6365.00000", "2013-12-31": "4826.00000", "2012-12-31": "7391.00000", "2011-12-31": "6599.00000", "2010-12-31": "5622.00000", "2009-12-31": "5124.00000", "2008-12-31": "4847.00000", "2007-12-31": "2683.00000", "2006-12-31": "1951.00000", "2005-12-31": "1667.00000"}, "Total Long Term Liabilities": {"2020-12-31": "19683.00000", "2019-12-31": "18463.00000", "2018-12-31": "18937.00000", "2017-12-31": "10512.00000", "2016-12-31": "9421.00000", "2015-12-31": "8814.00000", "2014-12-31": "9757.00000", "2013-12-31": "8734.00000", "2012-12-31": "11299.00000", "2011-12-31": "10506.00000", "2010-12-31": "8052.00000", "2009-12-31": "8283.00000", "2008-12-31": "7960.00000", "2007-12-31": "4801.00000", "2006-12-31": "4725.00000", "2005-12-31": "4445.00000"}, "Total Liabilities": {"2020-12-31": "35647.00000", "2019-12-31": "35264.00000", "2018-12-31": "33676.00000", "2017-12-31": "23611.00000", "2016-12-31": "22871.00000", "2015-12-31": "21259.00000", "2014-12-31": "23508.00000", "2013-12-31": "20993.00000", "2012-12-31": "22919.00000", "2011-12-31": "21651.00000", "2010-12-31": "19229.00000", "2009-12-31": "18654.00000", "2008-12-31": "18320.00000", "2007-12-31": "13965.00000", "2006-12-31": "12549.00000", "2005-12-31": "11555.00000"}, "Common Stock Net": {"2020-12-31": "482.00000", "2019-12-31": "482.00000", "2018-12-31": "482.00000", "2017-12-31": "482.00000", "2016-12-31": "482.00000", "2015-12-31": "482.00000", "2014-12-31": "482.00000", "2013-12-31": "482.00000", "2012-12-31": "482.00000", "2011-12-31": "482.00000", "2010-12-31": "482.00000", "2009-12-31": "482.00000", "2008-12-31": "482.00000", "2007-12-31": "482.00000", "2006-12-31": "482.00000", "2005-12-31": "482.00000"}, "Retained Earnings (Accumulated Deficit)": {"2020-12-31": "33498.00000", "2019-12-31": "31633.00000", "2018-12-31": "29326.00000", "2017-12-31": "26444.00000", "2016-12-31": "24543.00000", "2015-12-31": "23204.00000", "2014-12-31": "21127.00000", "2013-12-31": "19428.00000", "2012-12-31": "17860.00000", "2011-12-31": "18917.00000", "2010-12-31": "17076.00000", "2009-12-31": "15093.00000", "2008-12-31": "13287.00000", "2007-12-31": "11379.00000", "2006-12-31": "9769.00000", "2005-12-31": "8285.00000"}, "Comprehensive Income": {"2020-12-31": "-3550.00000", "2019-12-31": "-4219.00000", "2018-12-31": "-3778.00000", "2017-12-31": "-2820.00000", "2016-12-31": "-3387.00000", "2015-12-31": "-3286.00000", "2014-12-31": "-2932.00000", "2013-12-31": "-1185.00000", "2012-12-31": "-2775.00000", "2011-12-31": "-2312.00000", "2010-12-31": "-1436.00000", "2009-12-31": "-1207.00000", "2008-12-31": "-1713.00000", "2007-12-31": "647.00000", "2006-12-31": "151.00000", "2005-12-31": "226.00000"}, "Other Share Holders Equity": {"2020-12-31": "", "2019-12-31": "", "2018-12-31": "", "2017-12-31": "", "2016-12-31": "", "2015-12-31": "", "2014-12-31": "", "2013-12-31": "", "2012-12-31": "", "2011-12-31": "", "2010-12-31": "", "2009-12-31": "", "2008-12-31": "", "2007-12-31": "", "2006-12-31": "", "2005-12-31": ""}, "Share Holder Equity": {"2020-12-31": "15661.00000", "2019-12-31": "13577.00000", "2018-12-31": "11732.00000", "2017-12-31": "11435.00000", "2016-12-31": "10301.00000", "2015-12-31": "10738.00000", "2014-12-31": "11829.00000", "2013-12-31": "14501.00000", "2012-12-31": "11390.00000", "2011-12-31": "13232.00000", "2010-12-31": "13316.00000", "2009-12-31": "12423.00000", "2008-12-31": "10053.00000", "2007-12-31": "11768.00000", "2006-12-31": "9827.00000", "2005-12-31": "8145.00000"}, "Total Liabilities And Share Holders Equity": {"2020-12-31": "51308.00000", "2019-12-31": "48841.00000", "2018-12-31": "45408.00000", "2017-12-31": "35046.00000", "2016-12-31": "33172.00000", "2015-12-31": "31997.00000", "2014-12-31": "35337.00000", "2013-12-31": "35494.00000", "2012-12-31": "34309.00000", "2011-12-31": "34883.00000", "2010-12-31": "32545.00000", "2009-12-31": "31077.00000", "2008-12-31": "28373.00000", "2007-12-31": "25733.00000", "2006-12-31": "22376.00000", "2005-12-31": "19700.00000"}}, "balance sheet, quarterly": {"Cash On Hand": {"2020-09-30": "1469.00000", "2020-06-30": "2300.00000", "2020-03-31": "5330.00000", "2019-12-31": "902.00000", "2019-09-30": "974.00000", "2019-06-30": "702.00000", "2019-03-31": "673.00000", "2018-12-31": "963.00000", "2018-09-30": "1010.00000", "2018-06-30": "1862.00000", "2018-03-31": "4332.00000", "2017-12-31": "2983.00000", "2017-09-30": "2722.00000", "2017-06-30": "1856.00000", "2017-03-31": "2168.00000", "2016-12-31": "2334.00000", "2016-09-30": "2303.00000", "2016-06-30": "1899.00000", "2016-03-31": "1907.00000", "2015-12-31": "2785.00000", "2015-09-30": "3372.00000", "2015-06-30": "4032.00000", "2015-03-31": "4412.00000", "2014-12-31": "4388.00000", "2014-09-30": "5105.00000", "2014-06-30": "3841.00000", "2014-03-31": "4296.00000", "2013-12-31": "5301.00000", "2013-09-30": "4065.00000", "2013-06-30": "3757.00000", "2013-03-31": "3745.00000", "2012-12-31": "3296.00000", "2012-09-30": "2874.00000", "2012-06-30": "2540.00000", "2012-03-31": "2632.00000", "2011-12-31": "2649.00000", "2011-09-30": "1540.00000", "2011-06-30": "2157.00000", "2011-03-31": "2484.00000", "2010-12-31": "2613.00000", "2010-09-30": "1843.00000", "2010-06-30": "1853.00000", "2010-03-31": "2025.00000", "2009-12-31": "2263.00000", "2009-09-30": "1409.00000", "2009-06-30": "1614.00000", "2009-03-31": "1126.00000", "2008-12-31": "1621.00000", "2008-09-30": "2617.00000", "2008-06-30": "2740.00000", "2008-03-31": "2605.00000", "2007-12-31": "2891.00000", "2007-09-30": "2033.00000", "2007-06-30": "1794.00000", "2007-03-31": "1492.00000", "2006-12-31": "1604.00000", "2006-09-30": "963.00000", "2006-06-30": "1399.00000", "2006-03-31": "2599.00000", "2005-12-31": "2331.00000", "2005-09-30": "1754.00000", "2005-06-30": "1438.00000", "2005-03-31": "1511.00000"}, "Receivables": {"2020-09-30": "12006.00000", "2020-06-30": "11230.00000", "2020-03-31": "11485.00000", "2019-12-31": "11401.00000", "2019-09-30": "11566.00000", "2019-06-30": "11227.00000", "2019-03-31": "11085.00000", "2018-12-31": "10335.00000", "2018-09-30": "11300.00000", "2018-06-30": "10999.00000", "2018-03-31": "9634.00000", "2017-12-31": "8857.00000", "2017-09-30": "9000.00000", "2017-06-30": "8735.00000", "2017-03-31": "8040.00000", "2016-12-31": "7611.00000", "2016-09-30": "8715.00000", "2016-06-30": "8535.00000", "2016-03-31": "8359.00000", "2015-12-31": "7803.00000", "2015-09-30": "8011.00000", "2015-06-30": "7868.00000", "2015-03-31": "8105.00000", "2014-12-31": "8641.00000", "2014-09-30": "8617.00000", "2014-06-30": "9408.00000", "2014-03-31": "9175.00000", "2013-12-31": "9150.00000", "2013-09-30": "9478.00000", "2013-06-30": "9399.00000", "2013-03-31": "9334.00000", "2012-12-31": "9168.00000", "2012-09-30": "9370.00000", "2012-06-30": "9487.00000", "2012-03-31": "9615.00000", "2011-12-31": "9597.00000", "2011-09-30": "9256.00000", "2011-06-30": "9235.00000", "2011-03-31": "9133.00000", "2010-12-31": "8721.00000", "2010-09-30": "8860.00000", "2010-06-30": "8438.00000", "2010-03-31": "8430.00000", "2009-12-31": "8127.00000", "2009-09-30": "8323.00000", "2009-06-30": "8057.00000", "2009-03-31": "8033.00000", "2008-12-31": "7810.00000", "2008-09-30": "7467.00000", "2008-06-30": "7467.00000", "2008-03-31": "7357.00000", "2007-12-31": "7211.00000", "2007-09-30": "6624.00000", "2007-06-30": "6772.00000", "2007-03-31": "6464.00000", "2006-12-31": "6329.00000", "2006-09-30": "5965.00000", "2006-06-30": "5817.00000", "2006-03-31": "5254.00000", "2005-12-31": "5156.00000", "2005-09-30": "4853.00000", "2005-06-30": "4759.00000", "2005-03-31": "4563.00000"}, "Inventory": {"2020-09-30": "6402.00000", "2020-06-30": "6666.00000", "2020-03-31": "6852.00000", "2019-12-31": "6306.00000", "2019-09-30": "6573.00000", "2019-06-30": "6480.00000", "2019-03-31": "6185.00000", "2018-12-31": "5977.00000", "2018-09-30": "6247.00000", "2018-06-30": "5890.00000", "2018-03-31": "5543.00000", "2017-12-31": "5303.00000", "2017-09-30": "5781.00000", "2017-06-30": "5839.00000", "2017-03-31": "5822.00000", "2016-12-31": "5118.00000", "2016-09-30": "3657.00000", "2016-06-30": "3520.00000", "2016-03-31": "3504.00000", "2015-12-31": "3366.00000", "2015-09-30": "3239.00000", "2015-06-30": "3359.00000", "2015-03-31": "3397.00000", "2014-12-31": "3221.00000", "2014-09-30": "3139.00000", "2014-06-30": "3158.00000", "2014-03-31": "2977.00000", "2013-12-31": "2890.00000", "2013-09-30": "2986.00000", "2013-06-30": "2935.00000", "2013-03-31": "2863.00000", "2012-12-31": "2776.00000", "2012-09-30": "2661.00000", "2012-06-30": "2648.00000", "2012-03-31": "2444.00000", "2011-12-31": "2310.00000", "2011-09-30": "2506.00000", "2011-06-30": "2382.00000", "2011-03-31": "2273.00000", "2010-12-31": "2158.00000", "2010-09-30": "1986.00000", "2010-06-30": "1967.00000", "2010-03-31": "1985.00000", "2009-12-31": "2126.00000", "2009-09-30": "2112.00000", "2009-06-30": "2138.00000", "2009-03-31": "2083.00000", "2008-12-31": "2029.00000", "2008-09-30": "1725.00000", "2008-06-30": "1672.00000", "2008-03-31": "1663.00000", "2007-12-31": "1621.00000", "2007-09-30": "1556.00000", "2007-06-30": "1595.00000", "2007-03-31": "1604.00000", "2006-12-31": "1484.00000", "2006-09-30": "1409.00000", "2006-06-30": "1487.00000", "2006-03-31": "1437.00000", "2005-12-31": "1293.00000", "2005-09-30": "1350.00000", "2005-06-30": "1189.00000", "2005-03-31": "1210.00000"}, "Pre-Paid Expenses": {"2020-09-30": "", "2020-06-30": "", "2020-03-31": "", "2019-12-31": "", "2019-09-30": "", "2019-06-30": "", "2019-03-31": "", "2018-12-31": "", "2018-09-30": "", "2018-06-30": "", "2018-03-31": "", "2017-12-31": "", "2017-09-30": "", "2017-06-30": "", "2017-03-31": "", "2016-12-31": "", "2016-09-30": "", "2016-06-30": "", "2016-03-31": "", "2015-12-31": "", "2015-09-30": "", "2015-06-30": "", "2015-03-31": "", "2014-12-31": "", "2014-09-30": "", "2014-06-30": "", "2014-03-31": "", "2013-12-31": "", "2013-09-30": "", "2013-06-30": "", "2013-03-31": "", "2012-12-31": "", "2012-09-30": "", "2012-06-30": "", "2012-03-31": "", "2011-12-31": "", "2011-09-30": "", "2011-06-30": "", "2011-03-31": "", "2010-12-31": "", "2010-09-30": "", "2010-06-30": "", "2010-03-31": "", "2009-12-31": "", "2009-09-30": "", "2009-06-30": "", "2009-03-31": "", "2008-12-31": "", "2008-09-30": "", "2008-06-30": "", "2008-03-31": "", "2007-12-31": "", "2007-09-30": "", "2007-06-30": "", "2007-03-31": "", "2006-12-31": "", "2006-09-30": "", "2006-06-30": "", "2006-03-31": "", "2005-12-31": "", "2005-09-30": "", "2005-06-30": "", "2005-03-31": ""}, "Other Current Assets": {"2020-09-30": "988.00000", "2020-06-30": "939.00000", "2020-03-31": "1074.00000", "2019-12-31": "1171.00000", "2019-09-30": "1038.00000", "2019-06-30": "1148.00000", "2019-03-31": "924.00000", "2018-12-31": "914.00000", "2018-09-30": "1401.00000", "2018-06-30": "1076.00000", "2018-03-31": "955.00000", "2017-12-31": "1185.00000", "2017-09-30": "577.00000", "2017-06-30": "696.00000", "2017-03-31": "584.00000", "2016-12-31": "1471.00000", "2016-09-30": "622.00000", "2016-06-30": "432.00000", "2016-03-31": "418.00000", "2015-12-31": "617.00000", "2015-09-30": "666.00000", "2015-06-30": "514.00000", "2015-03-31": "438.00000", "2014-12-31": "1157.00000", "2014-09-30": "1308.00000", "2014-06-30": "776.00000", "2014-03-31": "516.00000", "2013-12-31": "821.00000", "2013-09-30": "589.00000", "2013-06-30": "447.00000", "2013-03-31": "408.00000", "2012-12-31": "504.00000", "2012-09-30": "688.00000", "2012-06-30": "852.00000", "2012-03-31": "819.00000", "2011-12-31": "812.00000", "2011-09-30": "738.00000", "2011-06-30": "899.00000", "2011-03-31": "905.00000", "2010-12-31": "694.00000", "2010-09-30": "701.00000", "2010-06-30": "908.00000", "2010-03-31": "913.00000", "2009-12-31": "733.00000", "2009-09-30": "384.00000", "2009-06-30": "489.00000", "2009-03-31": "588.00000", "2008-12-31": "490.00000", "2008-09-30": "450.00000", "2008-06-30": "569.00000", "2008-03-31": "565.00000", "2007-12-31": "575.00000", "2007-09-30": "674.00000", "2007-06-30": "390.00000", "2007-03-31": "398.00000", "2006-12-31": "463.00000", "2006-09-30": "532.00000", "2006-06-30": "390.00000", "2006-03-31": "421.00000", "2005-12-31": "386.00000", "2005-09-30": "421.00000", "2005-06-30": "473.00000", "2005-03-31": "422.00000"}, "Total Current Assets": {"2020-09-30": "20865.00000", "2020-06-30": "21135.00000", "2020-03-31": "24741.00000", "2019-12-31": "19780.00000", "2019-09-30": "20151.00000", "2019-06-30": "19557.00000", "2019-03-31": "18867.00000", "2018-12-31": "18189.00000", "2018-09-30": "19958.00000", "2018-06-30": "19827.00000", "2018-03-31": "20464.00000", "2017-12-31": "18328.00000", "2017-09-30": "18080.00000", "2017-06-30": "17126.00000", "2017-03-31": "16614.00000", "2016-12-31": "16534.00000", "2016-09-30": "15297.00000", "2016-06-30": "14386.00000", "2016-03-31": "14188.00000", "2015-12-31": "14571.00000", "2015-09-30": "15288.00000", "2015-06-30": "15773.00000", "2015-03-31": "16352.00000", "2014-12-31": "17407.00000", "2014-09-30": "18169.00000", "2014-06-30": "17183.00000", "2014-03-31": "16964.00000", "2013-12-31": "18162.00000", "2013-09-30": "17118.00000", "2013-06-30": "16538.00000", "2013-03-31": "16350.00000", "2012-12-31": "15744.00000", "2012-09-30": "15593.00000", "2012-06-30": "15527.00000", "2012-03-31": "15510.00000", "2011-12-31": "15368.00000", "2011-09-30": "14040.00000", "2011-06-30": "14673.00000", "2011-03-31": "14795.00000", "2010-12-31": "14186.00000", "2010-09-30": "13390.00000", "2010-06-30": "13166.00000", "2010-03-31": "13353.00000", "2009-12-31": "13249.00000", "2009-09-30": "12228.00000", "2009-06-30": "12298.00000", "2009-03-31": "11830.00000", "2008-12-31": "11950.00000", "2008-09-30": "12259.00000", "2008-06-30": "12448.00000", "2008-03-31": "12190.00000", "2007-12-31": "12298.00000", "2007-09-30": "10887.00000", "2007-06-30": "10551.00000", "2007-03-31": "9958.00000", "2006-12-31": "9880.00000", "2006-09-30": "9014.00000", "2006-06-30": "9253.00000", "2006-03-31": "9834.00000", "2005-12-31": "9449.00000", "2005-09-30": "8386.00000", "2005-06-30": "7869.00000", "2005-03-31": "7720.00000"}, "Property, Plant, And Equipment": {"2020-09-30": "4863.00000", "2020-06-30": "4721.00000", "2020-03-31": "4537.00000", "2019-12-31": "4475.00000", "2019-09-30": "4217.00000", "2019-06-30": "4091.00000", "2019-03-31": "4054.00000", "2018-12-31": "3978.00000", "2018-09-30": "4244.00000", "2018-06-30": "4179.00000", "2018-03-31": "3533.00000", "2017-12-31": "3517.00000", "2017-09-30": "3461.00000", "2017-06-30": "3424.00000", "2017-03-31": "3412.00000", "2016-12-31": "3477.00000", "2016-09-30": "3445.00000", "2016-06-30": "3440.00000", "2016-03-31": "3477.00000", "2015-12-31": "3466.00000", "2015-09-30": "3370.00000", "2015-06-30": "3329.00000", "2015-03-31": "3323.00000", "2014-12-31": "3329.00000", "2014-09-30": "3322.00000", "2014-06-30": "3327.00000", "2014-03-31": "3408.00000", "2013-12-31": "3359.00000", "2013-09-30": "3365.00000", "2013-06-30": "3351.00000", "2013-03-31": "3374.00000", "2012-12-31": "3403.00000", "2012-09-30": "3345.00000", "2012-06-30": "3248.00000", "2012-03-31": "3290.00000", "2011-12-31": "3284.00000", "2011-09-30": "3063.00000", "2011-06-30": "3048.00000", "2011-03-31": "2993.00000", "2010-12-31": "2971.00000", "2010-09-30": "2918.00000", "2010-06-30": "2850.00000", "2010-03-31": "2850.00000", "2009-12-31": "2912.00000", "2009-09-30": "2874.00000", "2009-06-30": "2857.00000", "2009-03-31": "2840.00000", "2008-12-31": "2872.00000", "2008-09-30": "2566.00000", "2008-06-30": "2546.00000", "2008-03-31": "2487.00000", "2007-12-31": "2472.00000", "2007-09-30": "2364.00000", "2007-06-30": "2233.00000", "2007-03-31": "2223.00000", "2006-12-31": "2168.00000", "2006-09-30": "2128.00000", "2006-06-30": "2101.00000", "2006-03-31": "2073.00000", "2005-12-31": "2028.00000", "2005-09-30": "2057.00000", "2005-06-30": "2039.00000", "2005-03-31": "2120.00000"}, "Long-Term Investments": {"2020-09-30": "", "2020-06-30": "", "2020-03-31": "", "2019-12-31": "", "2019-09-30": "", "2019-06-30": "", "2019-03-31": "", "2018-12-31": "", "2018-09-30": "", "2018-06-30": "", "2018-03-31": "", "2017-12-31": "", "2017-09-30": "", "2017-06-30": "", "2017-03-31": "", "2016-12-31": "", "2016-09-30": "", "2016-06-30": "", "2016-03-31": "", "2015-12-31": "", "2015-09-30": "", "2015-06-30": "", "2015-03-31": "", "2014-12-31": "", "2014-09-30": "", "2014-06-30": "", "2014-03-31": "", "2013-12-31": "", "2013-09-30": "", "2013-06-30": "", "2013-03-31": "", "2012-12-31": "", "2012-09-30": "", "2012-06-30": "", "2012-03-31": "", "2011-12-31": "", "2011-09-30": "", "2011-06-30": "", "2011-03-31": "", "2010-12-31": "", "2010-09-30": "", "2010-06-30": "", "2010-03-31": "", "2009-12-31": "", "2009-09-30": "", "2009-06-30": "", "2009-03-31": "", "2008-12-31": "", "2008-09-30": "", "2008-06-30": "", "2008-03-31": "", "2007-12-31": "", "2007-09-30": "", "2007-06-30": "", "2007-03-31": "", "2006-12-31": "", "2006-09-30": "", "2006-06-30": "", "2006-03-31": "", "2005-12-31": "", "2005-09-30": "", "2005-06-30": "", "2005-03-31": ""}, "Goodwill And Intangible Assets": {"2020-09-30": "22051.00000", "2020-06-30": "21915.00000", "2020-03-31": "21912.00000", "2019-12-31": "21992.00000", "2019-09-30": "21993.00000", "2019-06-30": "22119.00000", "2019-03-31": "22186.00000", "2018-12-31": "22179.00000", "2018-09-30": "22153.00000", "2018-06-30": "22476.00000", "2018-03-31": "12657.00000", "2017-12-31": "12616.00000", "2017-09-30": "12633.00000", "2017-06-30": "12364.00000", "2017-03-31": "12211.00000", "2016-12-31": "12123.00000", "2016-09-30": "12296.00000", "2016-06-30": "12305.00000", "2016-03-31": "12354.00000", "2015-12-31": "12206.00000", "2015-09-30": "12333.00000", "2015-06-30": "12485.00000", "2015-03-31": "12592.00000", "2014-12-31": "12643.00000", "2014-09-30": "12685.00000", "2014-06-30": "12910.00000", "2014-03-31": "13130.00000", "2013-12-31": "12976.00000", "2013-09-30": "13256.00000", "2013-06-30": "13179.00000", "2013-03-31": "13244.00000", "2012-12-31": "13431.00000", "2012-09-30": "15720.00000", "2012-06-30": "15500.00000", "2012-03-31": "15542.00000", "2011-12-31": "15389.00000", "2011-09-30": "15498.00000", "2011-06-30": "14833.00000", "2011-03-31": "14666.00000", "2010-12-31": "14641.00000", "2010-09-30": "14555.00000", "2010-06-30": "14334.00000", "2010-03-31": "14320.00000", "2009-12-31": "14367.00000", "2009-09-30": "14256.00000", "2009-06-30": "13305.00000", "2009-03-31": "13135.00000", "2008-12-31": "13030.00000", "2008-09-30": "10058.00000", "2008-06-30": "9906.00000", "2008-03-31": "9933.00000", "2007-12-31": "9914.00000", "2007-09-30": "9948.00000", "2007-06-30": "9931.00000", "2007-03-31": "9868.00000", "2006-12-31": "9725.00000", "2006-09-30": "9809.00000", "2006-06-30": "9754.00000", "2006-03-31": "7698.00000", "2005-12-31": "7584.00000", "2005-09-30": "7600.00000", "2005-06-30": "7338.00000", "2005-03-31": "7390.00000"}, "Other Long-Term Assets": {"2020-09-30": "2479.00000", "2020-06-30": "2451.00000", "2020-03-31": "2520.00000", "2019-12-31": "2594.00000", "2019-09-30": "2427.00000", "2019-06-30": "2307.00000", "2019-03-31": "2359.00000", "2018-12-31": "1062.00000", "2018-09-30": "608.00000", "2018-06-30": "670.00000", "2018-03-31": "565.00000", "2017-12-31": "585.00000", "2017-09-30": "740.00000", "2017-06-30": "879.00000", "2017-03-31": "974.00000", "2016-12-31": "1038.00000", "2016-09-30": "1630.00000", "2016-06-30": "1638.00000", "2016-03-31": "1683.00000", "2015-12-31": "1754.00000", "2015-09-30": "1989.00000", "2015-06-30": "2067.00000", "2015-03-31": "2118.00000", "2014-12-31": "1958.00000", "2014-09-30": "1135.00000", "2014-06-30": "912.00000", "2014-03-31": "880.00000", "2013-12-31": "997.00000", "2013-09-30": "1732.00000", "2013-06-30": "1663.00000", "2013-03-31": "1641.00000", "2012-12-31": "1731.00000", "2012-09-30": "845.00000", "2012-06-30": "928.00000", "2012-03-31": "967.00000", "2011-12-31": "842.00000", "2011-09-30": "807.00000", "2011-06-30": "807.00000", "2011-03-31": "650.00000", "2010-12-31": "747.00000", "2010-09-30": "620.00000", "2010-06-30": "522.00000", "2010-03-31": "536.00000", "2009-12-31": "549.00000", "2009-09-30": "417.00000", "2009-06-30": "398.00000", "2009-03-31": "474.00000", "2008-12-31": "521.00000", "2008-09-30": "1163.00000", "2008-06-30": "1189.00000", "2008-03-31": "1097.00000", "2007-12-31": "1049.00000", "2007-09-30": "684.00000", "2007-06-30": "692.00000", "2007-03-31": "683.00000", "2006-12-31": "603.00000", "2006-09-30": "626.00000", "2006-06-30": "624.00000", "2006-03-31": "684.00000", "2005-12-31": "639.00000", "2005-09-30": "707.00000", "2005-06-30": "691.00000", "2005-03-31": "675.00000"}, "Total Long-Term Assets": {"2020-09-30": "29393.00000", "2020-06-30": "29087.00000", "2020-03-31": "28969.00000", "2019-12-31": "29061.00000", "2019-09-30": "28637.00000", "2019-06-30": "28517.00000", "2019-03-31": "28599.00000", "2018-12-31": "27219.00000", "2018-09-30": "27005.00000", "2018-06-30": "27325.00000", "2018-03-31": "16755.00000", "2017-12-31": "16718.00000", "2017-09-30": "16834.00000", "2017-06-30": "16667.00000", "2017-03-31": "16597.00000", "2016-12-31": "16638.00000", "2016-09-30": "17371.00000", "2016-06-30": "17383.00000", "2016-03-31": "17514.00000", "2015-12-31": "17426.00000", "2015-09-30": "17692.00000", "2015-06-30": "17881.00000", "2015-03-31": "18033.00000", "2014-12-31": "17930.00000", "2014-09-30": "17142.00000", "2014-06-30": "17149.00000", "2014-03-31": "17418.00000", "2013-12-31": "17332.00000", "2013-09-30": "18353.00000", "2013-06-30": "18193.00000", "2013-03-31": "18259.00000", "2012-12-31": "18565.00000", "2012-09-30": "19910.00000", "2012-06-30": "19676.00000", "2012-03-31": "19799.00000", "2011-12-31": "19515.00000", "2011-09-30": "19368.00000", "2011-06-30": "18688.00000", "2011-03-31": "18309.00000", "2010-12-31": "18359.00000", "2010-09-30": "18093.00000", "2010-06-30": "17706.00000", "2010-03-31": "17706.00000", "2009-12-31": "17828.00000", "2009-09-30": "17547.00000", "2009-06-30": "16560.00000", "2009-03-31": "16449.00000", "2008-12-31": "16423.00000", "2008-09-30": "13787.00000", "2008-06-30": "13641.00000", "2008-03-31": "13517.00000", "2007-12-31": "13435.00000", "2007-09-30": "12996.00000", "2007-06-30": "12856.00000", "2007-03-31": "12774.00000", "2006-12-31": "12496.00000", "2006-09-30": "12563.00000", "2006-06-30": "12479.00000", "2006-03-31": "10455.00000", "2005-12-31": "10251.00000", "2005-09-30": "10364.00000", "2005-06-30": "10068.00000", "2005-03-31": "10185.00000"}, "Total Assets": {"2020-09-30": "50258.00000", "2020-06-30": "50222.00000", "2020-03-31": "53710.00000", "2019-12-31": "48841.00000", "2019-09-30": "48788.00000", "2019-06-30": "48074.00000", "2019-03-31": "47466.00000", "2018-12-31": "45408.00000", "2018-09-30": "46963.00000", "2018-06-30": "47152.00000", "2018-03-31": "37219.00000", "2017-12-31": "35046.00000", "2017-09-30": "34914.00000", "2017-06-30": "33793.00000", "2017-03-31": "33211.00000", "2016-12-31": "33172.00000", "2016-09-30": "32668.00000", "2016-06-30": "31769.00000", "2016-03-31": "31702.00000", "2015-12-31": "31997.00000", "2015-09-30": "32980.00000", "2015-06-30": "33654.00000", "2015-03-31": "34385.00000", "2014-12-31": "35337.00000", "2014-09-30": "35311.00000", "2014-06-30": "34332.00000", "2014-03-31": "34382.00000", "2013-12-31": "35494.00000", "2013-09-30": "35471.00000", "2013-06-30": "34731.00000", "2013-03-31": "34609.00000", "2012-12-31": "34309.00000", "2012-09-30": "35503.00000", "2012-06-30": "35203.00000", "2012-03-31": "35309.00000", "2011-12-31": "34883.00000", "2011-09-30": "33408.00000", "2011-06-30": "33361.00000", "2011-03-31": "33104.00000", "2010-12-31": "32545.00000", "2010-09-30": "31483.00000", "2010-06-30": "30872.00000", "2010-03-31": "31059.00000", "2009-12-31": "31077.00000", "2009-09-30": "29775.00000", "2009-06-30": "28858.00000", "2009-03-31": "28279.00000", "2008-12-31": "28373.00000", "2008-09-30": "26046.00000", "2008-06-30": "26089.00000", "2008-03-31": "25707.00000", "2007-12-31": "25733.00000", "2007-09-30": "23883.00000", "2007-06-30": "23407.00000", "2007-03-31": "22732.00000", "2006-12-31": "22376.00000", "2006-09-30": "21577.00000", "2006-06-30": "21732.00000", "2006-03-31": "20289.00000", "2005-12-31": "19700.00000", "2005-09-30": "18750.00000", "2005-06-30": "17937.00000", "2005-03-31": "17905.00000"}, "Total Current Liabilities": {"2020-09-30": "16120.00000", "2020-06-30": "16606.00000", "2020-03-31": "18440.00000", "2019-12-31": "16801.00000", "2019-09-30": "18227.00000", "2019-06-30": "18014.00000", "2019-03-31": "15382.00000", "2018-12-31": "14739.00000", "2018-09-30": "15689.00000", "2018-06-30": "16573.00000", "2018-03-31": "15242.00000", "2017-12-31": "13099.00000", "2017-09-30": "13209.00000", "2017-06-30": "13503.00000", "2017-03-31": "13165.00000", "2016-12-31": "13450.00000", "2016-09-30": "11893.00000", "2016-06-30": "12135.00000", "2016-03-31": "12423.00000", "2015-12-31": "12445.00000", "2015-09-30": "13178.00000", "2015-06-30": "12708.00000", "2015-03-31": "13112.00000", "2014-12-31": "13751.00000", "2014-09-30": "14670.00000", "2014-06-30": "13222.00000", "2014-03-31": "12623.00000", "2013-12-31": "12259.00000", "2013-09-30": "12065.00000", "2013-06-30": "11841.00000", "2013-03-31": "11769.00000", "2012-12-31": "11620.00000", "2012-09-30": "12193.00000", "2012-06-30": "12179.00000", "2012-03-31": "10953.00000", "2011-12-31": "11145.00000", "2011-09-30": "10482.00000", "2011-06-30": "11493.00000", "2011-03-31": "11252.00000", "2010-12-31": "11177.00000", "2010-09-30": "10311.00000", "2010-06-30": "9795.00000", "2010-03-31": "9937.00000", "2009-12-31": "10371.00000", "2009-09-30": "9827.00000", "2009-06-30": "9260.00000", "2009-03-31": "10080.00000", "2008-12-31": "10360.00000", "2008-09-30": "8553.00000", "2008-06-30": "8706.00000", "2008-03-31": "9056.00000", "2007-12-31": "9164.00000", "2007-09-30": "8337.00000", "2007-06-30": "8138.00000", "2007-03-31": "7669.00000", "2006-12-31": "7824.00000", "2006-09-30": "7526.00000", "2006-06-30": "8126.00000", "2006-03-31": "7388.00000", "2005-12-31": "7110.00000", "2005-09-30": "6331.00000", "2005-06-30": "5941.00000", "2005-03-31": "5583.00000"}, "Long Term Debt": {"2020-09-30": "9978.00000", "2020-06-30": "10470.00000", "2020-03-31": "12951.00000", "2019-12-31": "9010.00000", "2019-09-30": "8989.00000", "2019-06-30": "8975.00000", "2019-03-31": "11451.00000", "2018-12-31": "11444.00000", "2018-09-30": "11403.00000", "2018-06-30": "11397.00000", "2018-03-31": "3981.00000", "2017-12-31": "3980.00000", "2017-09-30": "3979.00000", "2017-06-30": "2989.00000", "2017-03-31": "2988.00000", "2016-12-31": "2988.00000", "2016-09-30": "3885.00000", "2016-06-30": "2899.00000", "2016-03-31": "2899.00000", "2015-12-31": "2898.00000", "2015-09-30": "2912.00000", "2015-06-30": "3411.00000", "2015-03-31": "3410.00000", "2014-12-31": "3392.00000", "2014-09-30": "3410.00000", "2014-06-30": "3409.00000", "2014-03-31": "3409.00000", "2013-12-31": "3908.00000", "2013-09-30": "3908.00000", "2013-06-30": "3907.00000", "2013-03-31": "3909.00000", "2012-12-31": "3908.00000", "2012-09-30": "2924.00000", "2012-06-30": "2905.00000", "2012-03-31": "3905.00000", "2011-12-31": "3907.00000", "2011-09-30": "3907.00000", "2011-06-30": "2409.00000", "2011-03-31": "2411.00000", "2010-12-31": "2430.00000", "2010-09-30": "2430.00000", "2010-06-30": "3159.00000", "2010-03-31": "3159.00000", "2009-12-31": "3159.00000", "2009-09-30": "3159.00000", "2009-06-30": "3860.00000", "2009-03-31": "3112.00000", "2008-12-31": "3113.00000", "2008-09-30": "2117.00000", "2008-06-30": "2117.00000", "2008-03-31": "2117.00000", "2007-12-31": "2118.00000", "2007-09-30": "2140.00000", "2007-06-30": "2283.00000", "2007-03-31": "2782.00000", "2006-12-31": "2774.00000", "2006-09-30": "2778.00000", "2006-06-30": "2778.00000", "2006-03-31": "2778.00000", "2005-12-31": "2778.00000", "2005-09-30": "2790.00000", "2005-06-30": "2791.00000", "2005-03-31": "3290.00000"}, "Other Non-Current Liabilities": {"2020-09-30": "9444.00000", "2020-06-30": "9256.00000", "2020-03-31": "9119.00000", "2019-12-31": "9453.00000", "2019-09-30": "8059.00000", "2019-06-30": "8208.00000", "2019-03-31": "8399.00000", "2018-12-31": "7493.00000", "2018-09-30": "7116.00000", "2018-06-30": "7188.00000", "2018-03-31": "6222.00000", "2017-12-31": "6532.00000", "2017-09-30": "6162.00000", "2017-06-30": "6349.00000", "2017-03-31": "6475.00000", "2016-12-31": "6433.00000", "2016-09-30": "5573.00000", "2016-06-30": "5740.00000", "2016-03-31": "5798.00000", "2015-12-31": "5916.00000", "2015-09-30": "6156.00000", "2015-06-30": "6259.00000", "2015-03-31": "6343.00000", "2014-12-31": "6365.00000", "2014-09-30": "4221.00000", "2014-06-30": "4582.00000", "2014-03-31": "4660.00000", "2013-12-31": "4826.00000", "2013-09-30": "6893.00000", "2013-06-30": "7227.00000", "2013-03-31": "7349.00000", "2012-12-31": "7391.00000", "2012-09-30": "6114.00000", "2012-06-30": "6457.00000", "2012-03-31": "6597.00000", "2011-12-31": "6599.00000", "2011-09-30": "5400.00000", "2011-06-30": "5534.00000", "2011-03-31": "5564.00000", "2010-12-31": "5622.00000", "2010-09-30": "5160.00000", "2010-06-30": "5079.00000", "2010-03-31": "5184.00000", "2009-12-31": "5124.00000", "2009-09-30": "5071.00000", "2009-06-30": "4737.00000", "2009-03-31": "4816.00000", "2008-12-31": "4847.00000", "2008-09-30": "3242.00000", "2008-06-30": "3082.00000", "2008-03-31": "2757.00000", "2007-12-31": "2683.00000", "2007-09-30": "2496.00000", "2007-06-30": "2364.00000", "2007-03-31": "2206.00000", "2006-12-31": "1951.00000", "2006-09-30": "1801.00000", "2006-06-30": "1747.00000", "2006-03-31": "1656.00000", "2005-12-31": "1667.00000", "2005-09-30": "1656.00000", "2005-06-30": "1629.00000", "2005-03-31": "1636.00000"}, "Total Long Term Liabilities": {"2020-09-30": "19422.00000", "2020-06-30": "19726.00000", "2020-03-31": "22070.00000", "2019-12-31": "18463.00000", "2019-09-30": "17048.00000", "2019-06-30": "17183.00000", "2019-03-31": "19850.00000", "2018-12-31": "18937.00000", "2018-09-30": "18519.00000", "2018-06-30": "18585.00000", "2018-03-31": "10203.00000", "2017-12-31": "10512.00000", "2017-09-30": "10141.00000", "2017-06-30": "9338.00000", "2017-03-31": "9463.00000", "2016-12-31": "9421.00000", "2016-09-30": "9458.00000", "2016-06-30": "8639.00000", "2016-03-31": "8697.00000", "2015-12-31": "8814.00000", "2015-09-30": "9068.00000", "2015-06-30": "9670.00000", "2015-03-31": "9753.00000", "2014-12-31": "9757.00000", "2014-09-30": "7631.00000", "2014-06-30": "7991.00000", "2014-03-31": "8069.00000", "2013-12-31": "8734.00000", "2013-09-30": "10801.00000", "2013-06-30": "11134.00000", "2013-03-31": "11258.00000", "2012-12-31": "11299.00000", "2012-09-30": "9038.00000", "2012-06-30": "9362.00000", "2012-03-31": "10502.00000", "2011-12-31": "10506.00000", "2011-09-30": "9307.00000", "2011-06-30": "7943.00000", "2011-03-31": "7975.00000", "2010-12-31": "8052.00000", "2010-09-30": "7590.00000", "2010-06-30": "8238.00000", "2010-03-31": "8343.00000", "2009-12-31": "8283.00000", "2009-09-30": "8230.00000", "2009-06-30": "8597.00000", "2009-03-31": "7928.00000", "2008-12-31": "7960.00000", "2008-09-30": "5359.00000", "2008-06-30": "5199.00000", "2008-03-31": "4874.00000", "2007-12-31": "4801.00000", "2007-09-30": "4636.00000", "2007-06-30": "4647.00000", "2007-03-31": "4988.00000", "2006-12-31": "4725.00000", "2006-09-30": "4579.00000", "2006-06-30": "4525.00000", "2006-03-31": "4434.00000", "2005-12-31": "4445.00000", "2005-09-30": "4446.00000", "2005-06-30": "4420.00000", "2005-03-31": "4926.00000"}, "Total Liabilities": {"2020-09-30": "35542.00000", "2020-06-30": "36332.00000", "2020-03-31": "40510.00000", "2019-12-31": "35264.00000", "2019-09-30": "35275.00000", "2019-06-30": "35197.00000", "2019-03-31": "35232.00000", "2018-12-31": "33676.00000", "2018-09-30": "34208.00000", "2018-06-30": "35158.00000", "2018-03-31": "25445.00000", "2017-12-31": "23611.00000", "2017-09-30": "23350.00000", "2017-06-30": "22841.00000", "2017-03-31": "22628.00000", "2016-12-31": "22871.00000", "2016-09-30": "21351.00000", "2016-06-30": "20774.00000", "2016-03-31": "21120.00000", "2015-12-31": "21259.00000", "2015-09-30": "22246.00000", "2015-06-30": "22378.00000", "2015-03-31": "22865.00000", "2014-12-31": "23508.00000", "2014-09-30": "22301.00000", "2014-06-30": "21213.00000", "2014-03-31": "20692.00000", "2013-12-31": "20993.00000", "2013-09-30": "22866.00000", "2013-06-30": "22975.00000", "2013-03-31": "23027.00000", "2012-12-31": "22919.00000", "2012-09-30": "21231.00000", "2012-06-30": "21541.00000", "2012-03-31": "21455.00000", "2011-12-31": "21651.00000", "2011-09-30": "19789.00000", "2011-06-30": "19436.00000", "2011-03-31": "19227.00000", "2010-12-31": "19229.00000", "2010-09-30": "17901.00000", "2010-06-30": "18033.00000", "2010-03-31": "18280.00000", "2009-12-31": "18654.00000", "2009-09-30": "18057.00000", "2009-06-30": "17857.00000", "2009-03-31": "18008.00000", "2008-12-31": "18320.00000", "2008-09-30": "13912.00000", "2008-06-30": "13905.00000", "2008-03-31": "13930.00000", "2007-12-31": "13965.00000", "2007-09-30": "12973.00000", "2007-06-30": "12785.00000", "2007-03-31": "12657.00000", "2006-12-31": "12549.00000", "2006-09-30": "12105.00000", "2006-06-30": "12651.00000", "2006-03-31": "11822.00000", "2005-12-31": "11555.00000", "2005-09-30": "10777.00000", "2005-06-30": "10361.00000", "2005-03-31": "10509.00000"}, "Common Stock Net": {"2020-09-30": "482.00000", "2020-06-30": "482.00000", "2020-03-31": "482.00000", "2019-12-31": "482.00000", "2019-09-30": "482.00000", "2019-06-30": "482.00000", "2019-03-31": "482.00000", "2018-12-31": "482.00000", "2018-09-30": "482.00000", "2018-06-30": "482.00000", "2018-03-31": "482.00000", "2017-12-31": "482.00000", "2017-09-30": "482.00000", "2017-06-30": "482.00000", "2017-03-31": "482.00000", "2016-12-31": "482.00000", "2016-09-30": "482.00000", "2016-06-30": "482.00000", "2016-03-31": "482.00000", "2015-12-31": "482.00000", "2015-09-30": "482.00000", "2015-06-30": "482.00000", "2015-03-31": "482.00000", "2014-12-31": "482.00000", "2014-09-30": "482.00000", "2014-06-30": "482.00000", "2014-03-31": "482.00000", "2013-12-31": "482.00000", "2013-09-30": "482.00000", "2013-06-30": "482.00000", "2013-03-31": "482.00000", "2012-12-31": "482.00000", "2012-09-30": "482.00000", "2012-06-30": "482.00000", "2012-03-31": "482.00000", "2011-12-31": "482.00000", "2011-09-30": "482.00000", "2011-06-30": "482.00000", "2011-03-31": "482.00000", "2010-12-31": "482.00000", "2010-09-30": "482.00000", "2010-06-30": "482.00000", "2010-03-31": "482.00000", "2009-12-31": "482.00000", "2009-09-30": "482.00000", "2009-06-30": "482.00000", "2009-03-31": "482.00000", "2008-12-31": "482.00000", "2008-09-30": "482.00000", "2008-06-30": "482.00000", "2008-03-31": "482.00000", "2007-12-31": "482.00000", "2007-09-30": "482.00000", "2007-06-30": "482.00000", "2007-03-31": "482.00000", "2006-12-31": "482.00000", "2006-09-30": "1300.00000", "2006-06-30": "1271.00000", "2006-03-31": "1231.00000", "2005-12-31": "482.00000", "2005-09-30": "1113.00000", "2005-06-30": "1086.00000", "2005-03-31": "1056.00000"}, "Retained Earnings (Accumulated Deficit)": {"2020-09-30": "32812.00000", "2020-06-30": "32294.00000", "2020-03-31": "31983.00000", "2019-12-31": "31633.00000", "2019-09-30": "30909.00000", "2019-06-30": "30291.00000", "2019-03-31": "29781.00000", "2018-12-31": "29326.00000", "2018-09-30": "28691.00000", "2018-06-30": "28115.00000", "2018-03-31": "27605.00000", "2017-12-31": "26444.00000", "2017-09-30": "26058.00000", "2017-06-30": "25546.00000", "2017-03-31": "25049.00000", "2016-12-31": "24543.00000", "2016-09-30": "24661.00000", "2016-06-30": "24213.00000", "2016-03-31": "23687.00000", "2015-12-31": "23204.00000", "2015-09-30": "22655.00000", "2015-06-30": "22143.00000", "2015-03-31": "21615.00000", "2014-12-31": "21127.00000", "2014-09-30": "20631.00000", "2014-06-30": "20142.00000", "2014-03-31": "19809.00000", "2013-12-31": "19428.00000", "2013-09-30": "19131.00000", "2013-06-30": "18677.00000", "2013-03-31": "18234.00000", "2012-12-31": "17860.00000", "2012-09-30": "20170.00000", "2012-06-30": "19751.00000", "2012-03-31": "19297.00000", "2011-12-31": "18917.00000", "2011-09-30": "18483.00000", "2011-06-30": "18000.00000", "2011-03-31": "17518.00000", "2010-12-31": "17076.00000", "2010-09-30": "16504.00000", "2010-06-30": "16014.00000", "2010-03-31": "15527.00000", "2009-12-31": "15093.00000", "2009-09-30": "14626.00000", "2009-06-30": "14201.00000", "2009-03-31": "13730.00000", "2008-12-31": "13287.00000", "2008-09-30": "12810.00000", "2008-06-30": "12313.00000", "2008-03-31": "11812.00000", "2007-12-31": "11379.00000", "2007-09-30": "10917.00000", "2007-06-30": "10488.00000", "2007-03-31": "10093.00000", "2006-12-31": "9769.00000", "2006-09-30": "9455.00000", "2006-06-30": "9109.00000", "2006-03-31": "8566.00000", "2005-12-31": "8285.00000", "2005-09-30": "7960.00000", "2005-06-30": "7666.00000", "2005-03-31": "7402.00000"}, "Comprehensive Income": {"2020-09-30": "-3855.00000", "2020-06-30": "-4127.00000", "2020-03-31": "-4471.00000", "2019-12-31": "-4219.00000", "2019-09-30": "-3531.00000", "2019-06-30": "-3476.00000", "2019-03-31": "-3683.00000", "2018-12-31": "-3778.00000", "2018-09-30": "-3361.00000", "2018-06-30": "-3558.00000", "2018-03-31": "-3391.00000", "2017-12-31": "-2820.00000", "2017-09-30": "-2651.00000", "2017-06-30": "-2922.00000", "2017-03-31": "-3262.00000", "2016-12-31": "-3387.00000", "2016-09-30": "-2891.00000", "2016-06-30": "-2965.00000", "2016-03-31": "-2941.00000", "2015-12-31": "-3286.00000", "2015-09-30": "-3185.00000", "2015-06-30": "-3092.00000", "2015-03-31": "-3216.00000", "2014-12-31": "-2932.00000", "2014-09-30": "-1337.00000", "2014-06-30": "-1104.00000", "2014-03-31": "-1203.00000", "2013-12-31": "-1185.00000", "2013-09-30": "-2669.00000", "2013-06-30": "-2889.00000", "2013-03-31": "-2894.00000", "2012-12-31": "-2775.00000", "2012-09-30": "-2157.00000", "2012-06-30": "-2302.00000", "2012-03-31": "-2112.00000", "2011-12-31": "-2312.00000", "2011-09-30": "-1441.00000", "2011-06-30": "-960.00000", "2011-03-31": "-1257.00000", "2010-12-31": "-1436.00000", "2010-09-30": "-989.00000", "2010-06-30": "-1371.00000", "2010-03-31": "-1269.00000", "2009-12-31": "-1207.00000", "2009-09-30": "-1435.00000", "2009-06-30": "-1659.00000", "2009-03-31": "-1885.00000", "2008-12-31": "-1713.00000", "2008-09-30": "546.00000", "2008-06-30": "679.00000", "2008-03-31": "692.00000", "2007-12-31": "647.00000", "2007-09-30": "351.00000", "2007-06-30": "237.00000", "2007-03-31": "160.00000", "2006-12-31": "151.00000", "2006-09-30": "198.00000", "2006-06-30": "204.00000", "2006-03-31": "121.00000", "2005-12-31": "226.00000", "2005-09-30": "245.00000", "2005-06-30": "182.00000", "2005-03-31": "215.00000"}, "Other Share Holders Equity": {"2020-09-30": "", "2020-06-30": "", "2020-03-31": "", "2019-12-31": "", "2019-09-30": "", "2019-06-30": "", "2019-03-31": "", "2018-12-31": "", "2018-09-30": "", "2018-06-30": "", "2018-03-31": "", "2017-12-31": "", "2017-09-30": "", "2017-06-30": "", "2017-03-31": "", "2016-12-31": "", "2016-09-30": "", "2016-06-30": "", "2016-03-31": "", "2015-12-31": "", "2015-09-30": "", "2015-06-30": "", "2015-03-31": "", "2014-12-31": "", "2014-09-30": "", "2014-06-30": "", "2014-03-31": "", "2013-12-31": "", "2013-09-30": "", "2013-06-30": "", "2013-03-31": "", "2012-12-31": "", "2012-09-30": "", "2012-06-30": "", "2012-03-31": "", "2011-12-31": "", "2011-09-30": "", "2011-06-30": "", "2011-03-31": "", "2010-12-31": "", "2010-09-30": "", "2010-06-30": "", "2010-03-31": "", "2009-12-31": "", "2009-09-30": "", "2009-06-30": "", "2009-03-31": "", "2008-12-31": "", "2008-09-30": "", "2008-06-30": "", "2008-03-31": "", "2007-12-31": "", "2007-09-30": "", "2007-06-30": "", "2007-03-31": "", "2006-12-31": "", "2006-09-30": "", "2006-06-30": "", "2006-03-31": "", "2005-12-31": "", "2005-09-30": "", "2005-06-30": "", "2005-03-31": ""}, "Share Holder Equity": {"2020-09-30": "14716.00000", "2020-06-30": "13890.00000", "2020-03-31": "13200.00000", "2019-12-31": "13577.00000", "2019-09-30": "13513.00000", "2019-06-30": "12877.00000", "2019-03-31": "12234.00000", "2018-12-31": "11732.00000", "2018-09-30": "12755.00000", "2018-06-30": "11994.00000", "2018-03-31": "11774.00000", "2017-12-31": "11435.00000", "2017-09-30": "11564.00000", "2017-06-30": "10952.00000", "2017-03-31": "10583.00000", "2016-12-31": "10301.00000", "2016-09-30": "11317.00000", "2016-06-30": "10995.00000", "2016-03-31": "10582.00000", "2015-12-31": "10738.00000", "2015-09-30": "10734.00000", "2015-06-30": "11276.00000", "2015-03-31": "11520.00000", "2014-12-31": "11829.00000", "2014-09-30": "13010.00000", "2014-06-30": "13119.00000", "2014-03-31": "13690.00000", "2013-12-31": "14501.00000", "2013-09-30": "12605.00000", "2013-06-30": "11756.00000", "2013-03-31": "11582.00000", "2012-12-31": "11390.00000", "2012-09-30": "14272.00000", "2012-06-30": "13662.00000", "2012-03-31": "13854.00000", "2011-12-31": "13232.00000", "2011-09-30": "13619.00000", "2011-06-30": "13925.00000", "2011-03-31": "13877.00000", "2010-12-31": "13316.00000", "2010-09-30": "13582.00000", "2010-06-30": "12839.00000", "2010-03-31": "12779.00000", "2009-12-31": "12423.00000", "2009-09-30": "11718.00000", "2009-06-30": "11001.00000", "2009-03-31": "10271.00000", "2008-12-31": "10053.00000", "2008-09-30": "12134.00000", "2008-06-30": "12184.00000", "2008-03-31": "11777.00000", "2007-12-31": "11768.00000", "2007-09-30": "10910.00000", "2007-06-30": "10622.00000", "2007-03-31": "10075.00000", "2006-12-31": "9827.00000", "2006-09-30": "9472.00000", "2006-06-30": "9081.00000", "2006-03-31": "8467.00000", "2005-12-31": "8145.00000", "2005-09-30": "7973.00000", "2005-06-30": "7576.00000", "2005-03-31": "7396.00000"}, "Total Liabilities And Share Holders Equity": {"2020-09-30": "50258.00000", "2020-06-30": "50222.00000", "2020-03-31": "53710.00000", "2019-12-31": "48841.00000", "2019-09-30": "48788.00000", "2019-06-30": "48074.00000", "2019-03-31": "47466.00000", "2018-12-31": "45408.00000", "2018-09-30": "46963.00000", "2018-06-30": "47152.00000", "2018-03-31": "37219.00000", "2017-12-31": "35046.00000", "2017-09-30": "34914.00000", "2017-06-30": "33793.00000", "2017-03-31": "33211.00000", "2016-12-31": "33172.00000", "2016-09-30": "32668.00000", "2016-06-30": "31769.00000", "2016-03-31": "31702.00000", "2015-12-31": "31997.00000", "2015-09-30": "32980.00000", "2015-06-30": "33654.00000", "2015-03-31": "34385.00000", "2014-12-31": "35337.00000", "2014-09-30": "35311.00000", "2014-06-30": "34332.00000", "2014-03-31": "34382.00000", "2013-12-31": "35494.00000", "2013-09-30": "35471.00000", "2013-06-30": "34731.00000", "2013-03-31": "34609.00000", "2012-12-31": "34309.00000", "2012-09-30": "35503.00000", "2012-06-30": "35203.00000", "2012-03-31": "35309.00000", "2011-12-31": "34883.00000", "2011-09-30": "33408.00000", "2011-06-30": "33361.00000", "2011-03-31": "33104.00000", "2010-12-31": "32545.00000", "2010-09-30": "31483.00000", "2010-06-30": "30872.00000", "2010-03-31": "31059.00000", "2009-12-31": "31077.00000", "2009-09-30": "29775.00000", "2009-06-30": "28858.00000", "2009-03-31": "28279.00000", "2008-12-31": "28373.00000", "2008-09-30": "26046.00000", "2008-06-30": "26089.00000", "2008-03-31": "25707.00000", "2007-12-31": "25733.00000", "2007-09-30": "23883.00000", "2007-06-30": "23407.00000", "2007-03-31": "22732.00000", "2006-12-31": "22376.00000", "2006-09-30": "21577.00000", "2006-06-30": "21732.00000", "2006-03-31": "20289.00000", "2005-12-31": "19700.00000", "2005-09-30": "18750.00000", "2005-06-30": "17937.00000", "2005-03-31": "17905.00000"}}, "cash flow statement": {"Net Income/Loss": {"2020-12-31": "3167.00000", "2019-12-31": "3484.00000", "2018-12-31": "3345.00000", "2017-12-31": "2912.00000", "2016-12-31": "2572.00000", "2015-12-31": "3036.00000", "2014-12-31": "2533.00000", "2013-12-31": "2357.00000", "2012-12-31": "-332.00000", "2011-12-31": "2526.00000", "2010-12-31": "2624.00000", "2009-12-31": "2394.00000", "2008-12-31": "2459.00000", "2007-12-31": "2072.00000", "2006-12-31": "1856.00000", "2005-12-31": "1461.00000"}, "Total Depreciation And Amortization - Cash Flow": {"2020-12-31": "878.00000", "2019-12-31": "829.00000", "2018-12-31": "763.00000", "2017-12-31": "441.00000", "2016-12-31": "453.00000", "2015-12-31": "481.00000", "2014-12-31": "496.00000", "2013-12-31": "525.00000", "2012-12-31": "2885.00000", "2011-12-31": "703.00000", "2010-12-31": "569.00000", "2009-12-31": "562.00000", "2008-12-31": "447.00000", "2007-12-31": "423.00000", "2006-12-31": "384.00000", "2005-12-31": "327.00000"}, "Other Non-Cash Items": {"2020-12-31": "1.00000", "2019-12-31": "225.00000", "2018-12-31": "150.00000", "2017-12-31": "524.00000", "2016-12-31": "386.00000", "2015-12-31": "311.00000", "2014-12-31": "404.00000", "2013-12-31": "341.00000", "2012-12-31": "-108.00000", "2011-12-31": "144.00000", "2010-12-31": "160.00000", "2009-12-31": "352.00000", "2008-12-31": "289.00000", "2007-12-31": "149.00000", "2006-12-31": "-115.00000", "2005-12-31": "188.00000"}, "Total Non-Cash Items": {"2020-12-31": "879.00000", "2019-12-31": "1054.00000", "2018-12-31": "913.00000", "2017-12-31": "965.00000", "2016-12-31": "839.00000", "2015-12-31": "792.00000", "2014-12-31": "900.00000", "2013-12-31": "866.00000", "2012-12-31": "2777.00000", "2011-12-31": "847.00000", "2010-12-31": "729.00000", "2009-12-31": "914.00000", "2008-12-31": "736.00000", "2007-12-31": "572.00000", "2006-12-31": "269.00000", "2005-12-31": "515.00000"}, "Change In Accounts Receivable": {"2020-12-31": "371.00000", "2019-12-31": "176.00000", "2018-12-31": "417.00000", "2017-12-31": "-195.00000", "2016-12-31": "-122.00000", "2015-12-31": "632.00000", "2014-12-31": "330.00000", "2013-12-31": "-223.00000", "2012-12-31": "225.00000", "2011-12-31": "-397.00000", "2010-12-31": "-152.00000", "2009-12-31": "-151.00000", "2008-12-31": "-386.00000", "2007-12-31": "-519.00000", "2006-12-31": "-160.00000", "2005-12-31": "-555.00000"}, "Change In Inventories": {"2020-12-31": "502.00000", "2019-12-31": "-376.00000", "2018-12-31": "-591.00000", "2017-12-31": "-182.00000", "2016-12-31": "-377.00000", "2015-12-31": "141.00000", "2014-12-31": "-303.00000", "2013-12-31": "-200.00000", "2012-12-31": "-490.00000", "2011-12-31": "-186.00000", "2010-12-31": "-23.00000", "2009-12-31": "-72.00000", "2008-12-31": "-183.00000", "2007-12-31": "-135.00000", "2006-12-31": "-237.00000", "2005-12-31": "-122.00000"}, "Change In Accounts Payable": {"2020-12-31": "-215.00000", "2019-12-31": "6.00000", "2018-12-31": "-197.00000", "2017-12-31": "657.00000", "2016-12-31": "567.00000", "2015-12-31": "-89.00000", "2014-12-31": "-161.00000", "2013-12-31": "-204.00000", "2012-12-31": "-413.00000", "2011-12-31": "17.00000", "2010-12-31": "366.00000", "2009-12-31": "-92.00000", "2008-12-31": "-38.00000", "2007-12-31": "340.00000", "2006-12-31": "180.00000", "2005-12-31": "187.00000"}, "Change In Assets/Liabilities": {"2020-12-31": "-823.00000", "2019-12-31": "-1400.00000", "2018-12-31": "-454.00000", "2017-12-31": "-516.00000", "2016-12-31": "-1038.00000", "2015-12-31": "-2012.00000", "2014-12-31": "743.00000", "2013-12-31": "389.00000", "2012-12-31": "902.00000", "2011-12-31": "653.00000", "2010-12-31": "-589.00000", "2009-12-31": "-273.00000", "2008-12-31": "719.00000", "2007-12-31": "630.00000", "2006-12-31": "111.00000", "2005-12-31": "758.00000"}, "Total Change In Assets/Liabilities": {"2020-12-31": "-165.00000", "2019-12-31": "-1594.00000", "2018-12-31": "-825.00000", "2017-12-31": "-236.00000", "2016-12-31": "-970.00000", "2015-12-31": "-1328.00000", "2014-12-31": "609.00000", "2013-12-31": "-238.00000", "2012-12-31": "224.00000", "2011-12-31": "87.00000", "2010-12-31": "-398.00000", "2009-12-31": "-588.00000", "2008-12-31": "112.00000", "2007-12-31": "316.00000", "2006-12-31": "-106.00000", "2005-12-31": "268.00000"}, "Cash Flow From Operating Activities": {"2020-12-31": "3858.00000", "2019-12-31": "2981.00000", "2018-12-31": "3148.00000", "2017-12-31": "3876.00000", "2016-12-31": "2163.00000", "2015-12-31": "2607.00000", "2014-12-31": "3828.00000", "2013-12-31": "3111.00000", "2012-12-31": "2606.00000", "2011-12-31": "3238.00000", "2010-12-31": "2986.00000", "2009-12-31": "2855.00000", "2008-12-31": "3124.00000", "2007-12-31": "2952.00000", "2006-12-31": "2128.00000", "2005-12-31": "2056.00000"}, "Net Change In Property, Plant, And Equipment": {"2020-12-31": "-967.00000", "2019-12-31": "-987.00000", "2018-12-31": "-690.00000", "2017-12-31": "-428.00000", "2016-12-31": "-392.00000", "2015-12-31": "-569.00000", "2014-12-31": "-521.00000", "2013-12-31": "-436.00000", "2012-12-31": "-436.00000", "2011-12-31": "-458.00000", "2010-12-31": "-370.00000", "2009-12-31": "-385.00000", "2008-12-31": "-490.00000", "2007-12-31": "-474.00000", "2006-12-31": "-334.00000", "2005-12-31": "-262.00000"}, "Net Change In Intangible Assets": {"2020-12-31": "", "2019-12-31": "", "2018-12-31": "", "2017-12-31": "", "2016-12-31": "", "2015-12-31": "", "2014-12-31": "", "2013-12-31": "", "2012-12-31": "", "2011-12-31": "", "2010-12-31": "", "2009-12-31": "", "2008-12-31": "", "2007-12-31": "", "2006-12-31": "", "2005-12-31": ""}, "Net Acquisitions/Divestitures": {"2020-12-31": "", "2019-12-31": "-19.00000", "2018-12-31": "-10099.00000", "2017-12-31": "-399.00000", "2016-12-31": "-58.00000", "2015-12-31": "-5.00000", "2014-12-31": "", "2013-12-31": "", "2012-12-31": "", "2011-12-31": "-1560.00000", "2010-12-31": "-233.00000", "2009-12-31": "-811.00000", "2008-12-31": "-3224.00000", "2007-12-31": "-330.00000", "2006-12-31": "-2042.00000", "2005-12-31": "22.00000"}, "Net Change In Short-term Investments": {"2020-12-31": "", "2019-12-31": "", "2018-12-31": "", "2017-12-31": "", "2016-12-31": "", "2015-12-31": "", "2014-12-31": "", "2013-12-31": "14.00000", "2012-12-31": "110.00000", "2011-12-31": "235.00000", "2010-12-31": "126.00000", "2009-12-31": "", "2008-12-31": "", "2007-12-31": "", "2006-12-31": "", "2005-12-31": ""}, "Net Change In Long-Term Investments": {"2020-12-31": "", "2019-12-31": "", "2018-12-31": "", "2017-12-31": "", "2016-12-31": "", "2015-12-31": "500.00000", "2014-12-31": "-500.00000", "2013-12-31": "-36.00000", "2012-12-31": "-326.00000", "2011-12-31": "-284.00000", "2010-12-31": "-11.00000", "2009-12-31": "-310.00000", "2008-12-31": "-114.00000", "2007-12-31": "-179.00000", "2006-12-31": "-12.00000", "2005-12-31": "8.00000"}, "Net Change In Investments - Total": {"2020-12-31": "", "2019-12-31": "", "2018-12-31": "", "2017-12-31": "", "2016-12-31": "", "2015-12-31": "500.00000", "2014-12-31": "-500.00000", "2013-12-31": "-22.00000", "2012-12-31": "-216.00000", "2011-12-31": "-49.00000", "2010-12-31": "115.00000", "2009-12-31": "-310.00000", "2008-12-31": "-114.00000", "2007-12-31": "-179.00000", "2006-12-31": "-12.00000", "2005-12-31": "8.00000"}, "Investing Activities - Other": {"2020-12-31": "-7.00000", "2019-12-31": "12.00000", "2018-12-31": "555.00000", "2017-12-31": "39.00000", "2016-12-31": "59.00000", "2015-12-31": "274.00000", "2014-12-31": "-81.00000", "2013-12-31": "95.00000", "2012-12-31": "10.00000", "2011-12-31": "93.00000", "2010-12-31": "80.00000", "2009-12-31": "114.00000", "2008-12-31": "165.00000", "2007-12-31": "108.00000", "2006-12-31": "72.00000", "2005-12-31": "51.00000"}, "Cash Flow From Investing Activities": {"2020-12-31": "-974.00000", "2019-12-31": "-994.00000", "2018-12-31": "-10234.00000", "2017-12-31": "-788.00000", "2016-12-31": "-391.00000", "2015-12-31": "200.00000", "2014-12-31": "-1102.00000", "2013-12-31": "-363.00000", "2012-12-31": "-642.00000", "2011-12-31": "-1974.00000", "2010-12-31": "-408.00000", "2009-12-31": "-1392.00000", "2008-12-31": "-3663.00000", "2007-12-31": "-875.00000", "2006-12-31": "-2316.00000", "2005-12-31": "-181.00000"}, "Net Long-Term Debt": {"2020-12-31": "1019.00000", "2019-12-31": "-850.00000", "2018-12-31": "7861.00000", "2017-12-31": "85.00000", "2016-12-31": "492.00000", "2015-12-31": "-500.00000", "2014-12-31": "", "2013-12-31": "", "2012-12-31": "-18.00000", "2011-12-31": "747.00000", "2010-12-31": "-700.00000", "2009-12-31": "-157.00000", "2008-12-31": "1399.00000", "2007-12-31": "", "2006-12-31": "-500.00000", "2005-12-31": ""}, "Net Current Debt": {"2020-12-31": "", "2019-12-31": "", "2018-12-31": "", "2017-12-31": "", "2016-12-31": "", "2015-12-31": "", "2014-12-31": "", "2013-12-31": "", "2012-12-31": "", "2011-12-31": "", "2010-12-31": "", "2009-12-31": "", "2008-12-31": "", "2007-12-31": "", "2006-12-31": "", "2005-12-31": ""}, "Debt Issuance/Retirement Net - Total": {"2020-12-31": "1019.00000", "2019-12-31": "-850.00000", "2018-12-31": "7861.00000", "2017-12-31": "85.00000", "2016-12-31": "492.00000", "2015-12-31": "-500.00000", "2014-12-31": "", "2013-12-31": "", "2012-12-31": "-18.00000", "2011-12-31": "747.00000", "2010-12-31": "-700.00000", "2009-12-31": "-157.00000", "2008-12-31": "1399.00000", "2007-12-31": "", "2006-12-31": "-500.00000", "2005-12-31": ""}, "Net Common Equity Issued/Repurchased": {"2020-12-31": "-587.00000", "2019-12-31": "-231.00000", "2018-12-31": "-1769.00000", "2017-12-31": "-1558.00000", "2016-12-31": "-1704.00000", "2015-12-31": "-2965.00000", "2014-12-31": "-2835.00000", "2013-12-31": "-157.00000", "2012-12-31": "-456.00000", "2011-12-31": "-1270.00000", "2010-12-31": "-908.00000", "2009-12-31": "-67.00000", "2008-12-31": "-1378.00000", "2007-12-31": "-298.00000", "2006-12-31": "168.00000", "2005-12-31": "-200.00000"}, "Net Total Equity Issued/Repurchased": {"2020-12-31": "-587.00000", "2019-12-31": "-231.00000", "2018-12-31": "-1769.00000", "2017-12-31": "-1558.00000", "2016-12-31": "-1704.00000", "2015-12-31": "-2965.00000", "2014-12-31": "-2835.00000", "2013-12-31": "-157.00000", "2012-12-31": "-456.00000", "2011-12-31": "-1270.00000", "2010-12-31": "-908.00000", "2009-12-31": "-67.00000", "2008-12-31": "-1378.00000", "2007-12-31": "-298.00000", "2006-12-31": "168.00000", "2005-12-31": "-200.00000"}, "Total Common And Preferred Stock Dividends Paid": {"2020-12-31": "-1240.00000", "2019-12-31": "-1152.00000", "2018-12-31": "-1075.00000", "2017-12-31": "-986.00000", "2016-12-31": "-911.00000", "2015-12-31": "-873.00000", "2014-12-31": "-822.00000", "2013-12-31": "-591.00000", "2012-12-31": "-893.00000", "2011-12-31": "-673.00000", "2010-12-31": "-631.00000", "2009-12-31": "-577.00000", "2008-12-31": "-533.00000", "2007-12-31": "-445.00000", "2006-12-31": "-359.00000", "2005-12-31": "-314.00000"}, "Financial Activities - Other": {"2020-12-31": "-95.00000", "2019-12-31": "236.00000", "2018-12-31": "69.00000", "2017-12-31": "60.00000", "2016-12-31": "-46.00000", "2015-12-31": "-29.00000", "2014-12-31": "-18.00000", "2013-12-31": "23.00000", "2012-12-31": "-15.00000", "2011-12-31": "-5.00000", "2010-12-31": "13.00000", "2009-12-31": "-5.00000", "2008-12-31": "-206.00000", "2007-12-31": "-43.00000", "2006-12-31": "152.00000", "2005-12-31": "-6.00000"}, "Cash Flow From Financial Activities": {"2020-12-31": "-903.00000", "2019-12-31": "-1997.00000", "2018-12-31": "5086.00000", "2017-12-31": "-2399.00000", "2016-12-31": "-2169.00000", "2015-12-31": "-4367.00000", "2014-12-31": "-3675.00000", "2013-12-31": "-725.00000", "2012-12-31": "-1382.00000", "2011-12-31": "-1201.00000", "2010-12-31": "-2226.00000", "2009-12-31": "-806.00000", "2008-12-31": "-718.00000", "2007-12-31": "-786.00000", "2006-12-31": "-539.00000", "2005-12-31": "-520.00000"}, "Net Cash Flow": {"2020-12-31": "1922.00000", "2019-12-31": "-61.00000", "2018-12-31": "-2020.00000", "2017-12-31": "649.00000", "2016-12-31": "-451.00000", "2015-12-31": "-1603.00000", "2014-12-31": "-913.00000", "2013-12-31": "2005.00000", "2012-12-31": "647.00000", "2011-12-31": "36.00000", "2010-12-31": "350.00000", "2009-12-31": "642.00000", "2008-12-31": "-1270.00000", "2007-12-31": "1287.00000", "2006-12-31": "-727.00000", "2005-12-31": "1355.00000"}, "Stock-Based Compensation": {"2020-12-31": "128.00000", "2019-12-31": "133.00000", "2018-12-31": "140.00000", "2017-12-31": "123.00000", "2016-12-31": "95.00000", "2015-12-31": "98.00000", "2014-12-31": "128.00000", "2013-12-31": "120.00000", "2012-12-31": "114.00000", "2011-12-31": "128.00000", "2010-12-31": "118.00000", "2009-12-31": "117.00000", "2008-12-31": "105.00000", "2007-12-31": "86.00000", "2006-12-31": "61.00000", "2005-12-31": "39.00000"}, "Common Stock Dividends Paid": {"2020-12-31": "-1240.00000", "2019-12-31": "-1152.00000", "2018-12-31": "-1075.00000", "2017-12-31": "-986.00000", "2016-12-31": "-911.00000", "2015-12-31": "-873.00000", "2014-12-31": "-822.00000", "2013-12-31": "-591.00000", "2012-12-31": "-893.00000", "2011-12-31": "-673.00000", "2010-12-31": "-631.00000", "2009-12-31": "-577.00000", "2008-12-31": "-533.00000", "2007-12-31": "-445.00000", "2006-12-31": "-359.00000", "2005-12-31": "-314.00000"}}, "cash flow statement, quarterly": {"Net Income/Loss": {"2020-09-30": 834, "2020-06-30": 625, "2020-03-31": "706.00000", "2019-12-31": 1020, "2019-09-30": 913, "2019-06-30": 806, "2019-03-31": "745.00000", "2018-12-31": 909, "2018-09-30": 851, "2018-06-30": 786, "2018-03-31": "799.00000", "2017-12-31": 636, "2017-09-30": 764, "2017-06-30": 749, "2017-03-31": "763.00000", "2016-12-31": 570, "2016-09-30": 647, "2016-06-30": 714, "2016-03-31": "641.00000", "2015-12-31": 835, "2015-09-30": 733, "2015-06-30": 752, "2015-03-31": "716.00000", "2014-12-31": 701, "2014-09-30": 696, "2014-06-30": 541, "2014-03-31": "595.00000", "2013-12-31": 495, "2013-09-30": 651, "2013-06-30": 640, "2013-03-31": "571.00000", "2012-12-31": -2130, "2012-09-30": 600, "2012-06-30": 634, "2012-03-31": "564.00000", "2011-12-31": 603, "2011-09-30": 652, "2011-06-30": 653, "2011-03-31": "618.00000", "2010-12-31": 729, "2010-09-30": 650, "2010-06-30": 648, "2010-03-31": "597.00000", "2009-12-31": 614, "2009-09-30": 572, "2009-06-30": 618, "2009-03-31": "590.00000", "2008-12-31": 612, "2008-09-30": 634, "2008-06-30": 641, "2008-03-31": "572.00000", "2007-12-31": 579, "2007-09-30": 546, "2007-06-30": 513, "2007-03-31": "434.00000", "2006-12-31": 408, "2006-09-30": 438, "2006-06-30": 636, "2006-03-31": "374.00000", "2005-12-31": 406, "2005-09-30": 374, "2005-06-30": 345, "2005-03-31": "336.00000"}, "Total Depreciation And Amortization - Cash Flow": {"2020-09-30": 212, "2020-06-30": 219, "2020-03-31": "212.00000", "2019-12-31": 204, "2019-09-30": 210, "2019-06-30": 210, "2019-03-31": "205.00000", "2018-12-31": 221, "2018-09-30": 215, "2018-06-30": 218, "2018-03-31": "109.00000", "2017-12-31": 115, "2017-09-30": 106, "2017-06-30": 109, "2017-03-31": "111.00000", "2016-12-31": 113, "2016-09-30": 109, "2016-06-30": 115, "2016-03-31": "116.00000", "2015-12-31": 121, "2015-09-30": 117, "2015-06-30": 119, "2015-03-31": "124.00000", "2014-12-31": 120, "2014-09-30": 124, "2014-06-30": 127, "2014-03-31": "125.00000", "2013-12-31": 133, "2013-09-30": 127, "2013-06-30": 123, "2013-03-31": "142.00000", "2012-12-31": 2427, "2012-09-30": 154, "2012-06-30": 150, "2012-03-31": "154.00000", "2011-12-31": 268, "2011-09-30": 147, "2011-06-30": 145, "2011-03-31": "143.00000", "2010-12-31": 145, "2010-09-30": 141, "2010-06-30": 140, "2010-03-31": "143.00000", "2009-12-31": 144, "2009-09-30": 139, "2009-06-30": 140, "2009-03-31": "139.00000", "2008-12-31": 121, "2008-09-30": 113, "2008-06-30": 111, "2008-03-31": "102.00000", "2007-12-31": 111, "2007-09-30": 105, "2007-06-30": 106, "2007-03-31": "101.00000", "2006-12-31": 110, "2006-09-30": 97, "2006-06-30": 95, "2006-03-31": "82.00000", "2005-12-31": 83, "2005-09-30": 81, "2005-06-30": 79, "2005-03-31": "84.00000"}, "Other Non-Cash Items": {"2020-09-30": 1, "2020-06-30": -24, "2020-03-31": "2.00000", "2019-12-31": 194, "2019-09-30": -24, "2019-06-30": 25, "2019-03-31": "30.00000", "2018-12-31": 93, "2018-09-30": -8, "2018-06-30": 32, "2018-03-31": "33.00000", "2017-12-31": 276, "2017-09-30": 103, "2017-06-30": 77, "2017-03-31": "68.00000", "2016-12-31": 65, "2016-09-30": 247, "2016-06-30": 52, "2016-03-31": "22.00000", "2015-12-31": 139, "2015-09-30": 80, "2015-06-30": 90, "2015-03-31": "2.00000", "2014-12-31": 178, "2014-09-30": 46, "2014-06-30": 148, "2014-03-31": "32.00000", "2013-12-31": 219, "2013-09-30": 31, "2013-06-30": 61, "2013-03-31": "30.00000", "2012-12-31": -241, "2012-09-30": 83, "2012-06-30": 33, "2012-03-31": "17.00000", "2011-12-31": -19, "2011-09-30": 73, "2011-06-30": 54, "2011-03-31": "36.00000", "2010-12-31": 22, "2010-09-30": 64, "2010-06-30": 50, "2010-03-31": "24.00000", "2009-12-31": 67, "2009-09-30": 136, "2009-06-30": 79, "2009-03-31": "70.00000", "2008-12-31": 132, "2008-09-30": 109, "2008-06-30": 41, "2008-03-31": "7.00000", "2007-12-31": 82, "2007-09-30": -4, "2007-06-30": 49, "2007-03-31": "22.00000", "2006-12-31": 50, "2006-09-30": 40, "2006-06-30": -193, "2006-03-31": "-12.00000", "2005-12-31": 47, "2005-09-30": 96, "2005-06-30": 37, "2005-03-31": "8.00000"}, "Total Non-Cash Items": {"2020-09-30": 213, "2020-06-30": 195, "2020-03-31": "214.00000", "2019-12-31": 398, "2019-09-30": 186, "2019-06-30": 235, "2019-03-31": "235.00000", "2018-12-31": 314, "2018-09-30": 207, "2018-06-30": 250, "2018-03-31": "142.00000", "2017-12-31": 391, "2017-09-30": 209, "2017-06-30": 186, "2017-03-31": "179.00000", "2016-12-31": 178, "2016-09-30": 356, "2016-06-30": 167, "2016-03-31": "138.00000", "2015-12-31": 260, "2015-09-30": 197, "2015-06-30": 209, "2015-03-31": "126.00000", "2014-12-31": 298, "2014-09-30": 170, "2014-06-30": 275, "2014-03-31": "157.00000", "2013-12-31": 352, "2013-09-30": 158, "2013-06-30": 184, "2013-03-31": "172.00000", "2012-12-31": 2186, "2012-09-30": 237, "2012-06-30": 183, "2012-03-31": "171.00000", "2011-12-31": 249, "2011-09-30": 220, "2011-06-30": 199, "2011-03-31": "179.00000", "2010-12-31": 167, "2010-09-30": 205, "2010-06-30": 190, "2010-03-31": "167.00000", "2009-12-31": 211, "2009-09-30": 275, "2009-06-30": 219, "2009-03-31": "209.00000", "2008-12-31": 253, "2008-09-30": 222, "2008-06-30": 152, "2008-03-31": "109.00000", "2007-12-31": 193, "2007-09-30": 101, "2007-06-30": 155, "2007-03-31": "123.00000", "2006-12-31": 160, "2006-09-30": 137, "2006-06-30": -98, "2006-03-31": "70.00000", "2005-12-31": 130, "2005-09-30": 177, "2005-06-30": 116, "2005-03-31": "92.00000"}, "Change In Accounts Receivable": {"2020-09-30": -335, "2020-06-30": 32, "2020-03-31": "-33.00000", "2019-12-31": -77, "2019-09-30": 189, "2019-06-30": 15, "2019-03-31": "49.00000", "2018-12-31": -55, "2018-09-30": 128, "2018-06-30": 494, "2018-03-31": "-150.00000", "2017-12-31": -221, "2017-09-30": 317, "2017-06-30": -207, "2017-03-31": "-84.00000", "2016-12-31": -143, "2016-09-30": 59, "2016-06-30": 172, "2016-03-31": "-210.00000", "2015-12-31": 378, "2015-09-30": -201, "2015-06-30": 67, "2015-03-31": "388.00000", "2014-12-31": 141, "2014-09-30": 293, "2014-06-30": -223, "2014-03-31": "119.00000", "2013-12-31": -42, "2013-09-30": -79, "2013-06-30": -45, "2013-03-31": "-57.00000", "2012-12-31": 86, "2012-09-30": 249, "2012-06-30": 123, "2012-03-31": "-233.00000", "2011-12-31": -254, "2011-09-30": 242, "2011-06-30": 4, "2011-03-31": "-389.00000", "2010-12-31": 26, "2010-09-30": -329, "2010-06-30": 202, "2010-03-31": "-51.00000", "2009-12-31": 173, "2009-09-30": -175, "2009-06-30": 143, "2009-03-31": "-292.00000", "2008-12-31": -179, "2008-09-30": -124, "2008-06-30": 14, "2008-03-31": "-97.00000", "2007-12-31": -440, "2007-09-30": 107, "2007-06-30": -260, "2007-03-31": "74.00000", "2006-12-31": -191, "2006-09-30": -166, "2006-06-30": -112, "2006-03-31": "309.00000", "2005-12-31": -323, "2005-09-30": -13, "2005-06-30": -150, "2005-03-31": "-69.00000"}, "Change In Inventories": {"2020-09-30": 299, "2020-06-30": 113, "2020-03-31": "-546.00000", "2019-12-31": 270, "2019-09-30": -90, "2019-06-30": -346, "2019-03-31": "-210.00000", "2018-12-31": 263, "2018-09-30": -312, "2018-06-30": -306, "2018-03-31": "-236.00000", "2017-12-31": -239, "2017-09-30": 71, "2017-06-30": -16, "2017-03-31": "2.00000", "2016-12-31": -171, "2016-09-30": -122, "2016-06-30": 137, "2016-03-31": "-221.00000", "2015-12-31": 170, "2015-09-30": 120, "2015-06-30": 34, "2015-03-31": "-183.00000", "2014-12-31": -44, "2014-09-30": 19, "2014-06-30": -257, "2014-03-31": "-21.00000", "2013-12-31": 12, "2013-09-30": -51, "2013-06-30": -66, "2013-03-31": "-95.00000", "2012-12-31": -150, "2012-09-30": -24, "2012-06-30": -202, "2012-03-31": "-114.00000", "2011-12-31": 160, "2011-09-30": -122, "2011-06-30": -70, "2011-03-31": "-154.00000", "2010-12-31": -172, "2010-09-30": -12, "2010-06-30": 18, "2010-03-31": "143.00000", "2009-12-31": -16, "2009-09-30": 59, "2009-06-30": -51, "2009-03-31": "-64.00000", "2008-12-31": -58, "2008-09-30": -52, "2008-06-30": -31, "2008-03-31": "-42.00000", "2007-12-31": -65, "2007-09-30": 30, "2007-06-30": -8, "2007-03-31": "-92.00000", "2006-12-31": -84, "2006-09-30": 61, "2006-06-30": -71, "2006-03-31": "-143.00000", "2005-12-31": 15, "2005-09-30": -142, "2005-06-30": 21, "2005-03-31": "-16.00000"}, "Change In Accounts Payable": {"2020-09-30": 224, "2020-06-30": -407, "2020-03-31": "-375.00000", "2019-12-31": 170, "2019-09-30": 137, "2019-06-30": -134, "2019-03-31": "-167.00000", "2018-12-31": 127, "2018-09-30": 0, "2018-06-30": 34, "2018-03-31": "-358.00000", "2017-12-31": 490, "2017-09-30": 85, "2017-06-30": 154, "2017-03-31": "-72.00000", "2016-12-31": 262, "2016-09-30": 148, "2016-06-30": -22, "2016-03-31": "179.00000", "2015-12-31": -423, "2015-09-30": 112, "2015-06-30": 12, "2015-03-31": "210.00000", "2014-12-31": -335, "2014-09-30": -96, "2014-06-30": 299, "2014-03-31": "-29.00000", "2013-12-31": -203, "2013-09-30": 9, "2013-06-30": -44, "2013-03-31": "34.00000", "2012-12-31": -45, "2012-09-30": -26, "2012-06-30": 45, "2012-03-31": "-387.00000", "2011-12-31": 188, "2011-09-30": -68, "2011-06-30": 123, "2011-03-31": "-226.00000", "2010-12-31": 165, "2010-09-30": 175, "2010-06-30": 140, "2010-03-31": "-114.00000", "2009-12-31": 54, "2009-09-30": -128, "2009-06-30": -169, "2009-03-31": "151.00000", "2008-12-31": 221, "2008-09-30": -52, "2008-06-30": 24, "2008-03-31": "-231.00000", "2007-12-31": 392, "2007-09-30": 107, "2007-06-30": -105, "2007-03-31": "-54.00000", "2006-12-31": 325, "2006-09-30": -119, "2006-06-30": -40, "2006-03-31": "14.00000", "2005-12-31": 112, "2005-09-30": 75, "2005-06-30": 52, "2005-03-31": "-52.00000"}, "Change In Assets/Liabilities": {"2020-09-30": 240, "2020-06-30": -252, "2020-03-31": "-451.00000", "2019-12-31": 576, "2019-09-30": -295, "2019-06-30": -185, "2019-03-31": "-1496.00000", "2018-12-31": 1059, "2018-09-30": -324, "2018-06-30": -432, "2018-03-31": "-757.00000", "2017-12-31": 1141, "2017-09-30": -813, "2017-06-30": -335, "2017-03-31": "-509.00000", "2016-12-31": 423, "2016-09-30": -483, "2016-06-30": -632, "2016-03-31": "-346.00000", "2015-12-31": -895, "2015-09-30": -195, "2015-06-30": -165, "2015-03-31": "-757.00000", "2014-12-31": -630, "2014-09-30": 1478, "2014-06-30": 327, "2014-03-31": "-432.00000", "2013-12-31": 675, "2013-09-30": 42, "2013-06-30": 40, "2013-03-31": "-368.00000", "2012-12-31": 659, "2012-09-30": -63, "2012-06-30": 208, "2012-03-31": "98.00000", "2011-12-31": 1169, "2011-09-30": -667, "2011-06-30": 87, "2011-03-31": "64.00000", "2010-12-31": 464, "2010-09-30": -6, "2010-06-30": -202, "2010-03-31": "-845.00000", "2009-12-31": 263, "2009-09-30": 134, "2009-06-30": -91, "2009-03-31": "-579.00000", "2008-12-31": 117, "2008-09-30": 244, "2008-06-30": 487, "2008-03-31": "-129.00000", "2007-12-31": 360, "2007-09-30": 95, "2007-06-30": 289, "2007-03-31": "-114.00000", "2006-12-31": 145, "2006-09-30": 193, "2006-06-30": 76, "2006-03-31": "-303.00000", "2005-12-31": 698, "2005-09-30": 217, "2005-06-30": -192, "2005-03-31": "35.00000"}, "Total Change In Assets/Liabilities": {"2020-09-30": 428, "2020-06-30": -514, "2020-03-31": "-1405.00000", "2019-12-31": 939, "2019-09-30": -59, "2019-06-30": -650, "2019-03-31": "-1824.00000", "2018-12-31": 1394, "2018-09-30": -508, "2018-06-30": -210, "2018-03-31": "-1501.00000", "2017-12-31": 948, "2017-09-30": -117, "2017-06-30": -606, "2017-03-31": "-461.00000", "2016-12-31": 385, "2016-09-30": -412, "2016-06-30": -598, "2016-03-31": "-345.00000", "2015-12-31": -770, "2015-09-30": -164, "2015-06-30": -303, "2015-03-31": "-91.00000", "2014-12-31": -1016, "2014-09-30": 1842, "2014-06-30": -4, "2014-03-31": "-213.00000", "2013-12-31": 362, "2013-09-30": -49, "2013-06-30": -282, "2013-03-31": "-269.00000", "2012-12-31": 550, "2012-09-30": 69, "2012-06-30": 53, "2012-03-31": "-448.00000", "2011-12-31": 1263, "2011-09-30": -615, "2011-06-30": -71, "2011-03-31": "-490.00000", "2010-12-31": 483, "2010-09-30": -172, "2010-06-30": -76, "2010-03-31": "-633.00000", "2009-12-31": 474, "2009-09-30": -110, "2009-06-30": -360, "2009-03-31": "-592.00000", "2008-12-31": 101, "2008-09-30": 16, "2008-06-30": 264, "2008-03-31": "-269.00000", "2007-12-31": 247, "2007-09-30": 339, "2007-06-30": -245, "2007-03-31": "-25.00000", "2006-12-31": 195, "2006-09-30": -31, "2006-06-30": -313, "2006-03-31": "43.00000", "2005-12-31": 502, "2005-09-30": 137, "2005-06-30": -376, "2005-03-31": "5.00000"}, "Cash Flow From Operating Activities": {"2020-09-30": 1119, "2020-06-30": 843, "2020-03-31": "-666.00000", "2019-12-31": 2394, "2019-09-30": 1091, "2019-06-30": 291, "2019-03-31": "-795.00000", "2018-12-31": 2067, "2018-09-30": 790, "2018-06-30": 787, "2018-03-31": "-496.00000", "2017-12-31": 1994, "2017-09-30": 872, "2017-06-30": 477, "2017-03-31": "533.00000", "2016-12-31": 791, "2016-09-30": 499, "2016-06-30": 393, "2016-03-31": "480.00000", "2015-12-31": 337, "2015-09-30": 837, "2015-06-30": 688, "2015-03-31": "745.00000", "2014-12-31": 30, "2014-09-30": 2504, "2014-06-30": 872, "2014-03-31": "422.00000", "2013-12-31": 1558, "2013-09-30": 466, "2013-06-30": 583, "2013-03-31": "504.00000", "2012-12-31": 699, "2012-09-30": 704, "2012-06-30": 789, "2012-03-31": "414.00000", "2011-12-31": 2022, "2011-09-30": 137, "2011-06-30": 751, "2011-03-31": "328.00000", "2010-12-31": 1419, "2010-09-30": 880, "2010-06-30": 477, "2010-03-31": "210.00000", "2009-12-31": 1498, "2009-09-30": 594, "2009-06-30": 609, "2009-03-31": "154.00000", "2008-12-31": 810, "2008-09-30": 863, "2008-06-30": 1021, "2008-03-31": "430.00000", "2007-12-31": 1094, "2007-09-30": 939, "2007-06-30": 406, "2007-03-31": "513.00000", "2006-12-31": 801, "2006-09-30": 534, "2006-06-30": 328, "2006-03-31": "465.00000", "2005-12-31": 900, "2005-09-30": 599, "2005-06-30": 199, "2005-03-31": "358.00000"}, "Net Change In Property, Plant, And Equipment": {"2020-09-30": -216, "2020-06-30": -221, "2020-03-31": "-185.00000", "2019-12-31": -381, "2019-09-30": -244, "2019-06-30": -181, "2019-03-31": "-181.00000", "2018-12-31": -243, "2018-09-30": -168, "2018-06-30": -175, "2018-03-31": "-104.00000", "2017-12-31": -155, "2017-09-30": -120, "2017-06-30": -91, "2017-03-31": "-62.00000", "2016-12-31": -148, "2016-09-30": -110, "2016-06-30": -69, "2016-03-31": "-65.00000", "2015-12-31": -209, "2015-09-30": -170, "2015-06-30": -92, "2015-03-31": "-98.00000", "2014-12-31": -184, "2014-09-30": -175, "2014-06-30": -75, "2014-03-31": "-87.00000", "2013-12-31": -169, "2013-09-30": -102, "2013-06-30": -90, "2013-03-31": "-75.00000", "2012-12-31": -150, "2012-09-30": -121, "2012-06-30": -75, "2012-03-31": "-90.00000", "2011-12-31": -185, "2011-09-30": -121, "2011-06-30": -91, "2011-03-31": "-61.00000", "2010-12-31": -151, "2010-09-30": -96, "2010-06-30": -63, "2010-03-31": "-60.00000", "2009-12-31": -134, "2009-09-30": -81, "2009-06-30": -89, "2009-03-31": "-81.00000", "2008-12-31": -176, "2008-09-30": -114, "2008-06-30": -115, "2008-03-31": "-85.00000", "2007-12-31": -180, "2007-09-30": -128, "2007-06-30": -113, "2007-03-31": "-53.00000", "2006-12-31": -137, "2006-09-30": -80, "2006-06-30": -64, "2006-03-31": "-53.00000", "2005-12-31": -95, "2005-09-30": -78, "2005-06-30": -51, "2005-03-31": "-38.00000"}, "Net Change In Intangible Assets": {"2020-09-30": 0, "2020-06-30": 0, "2020-03-31": "", "2019-12-31": 0, "2019-09-30": 0, "2019-06-30": 0, "2019-03-31": "", "2018-12-31": 0, "2018-09-30": 0, "2018-06-30": 0, "2018-03-31": "", "2017-12-31": 0, "2017-09-30": 0, "2017-06-30": 0, "2017-03-31": "", "2016-12-31": 0, "2016-09-30": 0, "2016-06-30": 0, "2016-03-31": "", "2015-12-31": 0, "2015-09-30": 0, "2015-06-30": 0, "2015-03-31": "", "2014-12-31": 0, "2014-09-30": 0, "2014-06-30": 0, "2014-03-31": "", "2013-12-31": 0, "2013-09-30": 0, "2013-06-30": 0, "2013-03-31": "", "2012-12-31": 0, "2012-09-30": 0, "2012-06-30": 0, "2012-03-31": "", "2011-12-31": 0, "2011-09-30": 0, "2011-06-30": 0, "2011-03-31": "", "2010-12-31": 0, "2010-09-30": 0, "2010-06-30": 0, "2010-03-31": "", "2009-12-31": 0, "2009-09-30": 0, "2009-06-30": 0, "2009-03-31": "", "2008-12-31": 0, "2008-09-30": 0, "2008-06-30": 0, "2008-03-31": "", "2007-12-31": 0, "2007-09-30": 0, "2007-06-30": 0, "2007-03-31": "", "2006-12-31": 0, "2006-09-30": 0, "2006-06-30": 0, "2006-03-31": "", "2005-12-31": 0, "2005-09-30": 0, "2005-06-30": 0, "2005-03-31": ""}, "Net Acquisitions/Divestitures": {"2020-09-30": 0, "2020-06-30": 0, "2020-03-31": "", "2019-12-31": -19, "2019-09-30": 0, "2019-06-30": 0, "2019-03-31": "", "2018-12-31": -60, "2018-09-30": 0, "2018-06-30": -10039, "2018-03-31": "", "2017-12-31": -35, "2017-09-30": -275, "2017-06-30": -89, "2017-03-31": "", "2016-12-31": -2, "2016-09-30": -56, "2016-06-30": 0, "2016-03-31": "", "2015-12-31": -5, "2015-09-30": 0, "2015-06-30": 0, "2015-03-31": "", "2014-12-31": 0, "2014-09-30": 0, "2014-06-30": 0, "2014-03-31": "", "2013-12-31": 0, "2013-09-30": 0, "2013-06-30": 0, "2013-03-31": "", "2012-12-31": 426, "2012-09-30": -250, "2012-06-30": -176, "2012-03-31": "", "2011-12-31": -417, "2011-09-30": -1143, "2011-06-30": 0, "2011-03-31": "", "2010-12-31": 0, "2010-09-30": 4, "2010-06-30": -237, "2010-03-31": "", "2009-12-31": -6, "2009-09-30": -640, "2009-06-30": 3, "2009-03-31": "-168.00000", "2008-12-31": -2921, "2008-09-30": -237, "2008-06-30": -1, "2008-03-31": "-65.00000", "2007-12-31": -31, "2007-09-30": 0, "2007-06-30": -1, "2007-03-31": "-298.00000", "2006-12-31": 276, "2006-09-30": -164, "2006-06-30": -2001, "2006-03-31": "-153.00000", "2005-12-31": -24, "2005-09-30": 83, "2005-06-30": 0, "2005-03-31": "-37.00000"}, "Net Change In Short-term Investments": {"2020-09-30": 0, "2020-06-30": 0, "2020-03-31": "", "2019-12-31": 0, "2019-09-30": 0, "2019-06-30": 0, "2019-03-31": "", "2018-12-31": 0, "2018-09-30": 0, "2018-06-30": 0, "2018-03-31": "", "2017-12-31": 0, "2017-09-30": 0, "2017-06-30": 0, "2017-03-31": "", "2016-12-31": 0, "2016-09-30": 0, "2016-06-30": 0, "2016-03-31": "", "2015-12-31": 0, "2015-09-30": 0, "2015-06-30": 0, "2015-03-31": "", "2014-12-31": 0, "2014-09-30": 0, "2014-06-30": 0, "2014-03-31": "", "2013-12-31": 14, "2013-09-30": 0, "2013-06-30": 0, "2013-03-31": "", "2012-12-31": 110, "2012-09-30": 0, "2012-06-30": 0, "2012-03-31": "", "2011-12-31": 235, "2011-09-30": 0, "2011-06-30": 0, "2011-03-31": "", "2010-12-31": 126, "2010-09-30": 0, "2010-06-30": 0, "2010-03-31": "", "2009-12-31": 0, "2009-09-30": 0, "2009-06-30": 0, "2009-03-31": "", "2008-12-31": 0, "2008-09-30": 0, "2008-06-30": 0, "2008-03-31": "", "2007-12-31": 0, "2007-09-30": 0, "2007-06-30": 0, "2007-03-31": "", "2006-12-31": 0, "2006-09-30": 0, "2006-06-30": 0, "2006-03-31": "", "2005-12-31": 0, "2005-09-30": 0, "2005-06-30": 0, "2005-03-31": ""}, "Net Change In Long-Term Investments": {"2020-09-30": 0, "2020-06-30": 0, "2020-03-31": "", "2019-12-31": 0, "2019-09-30": 0, "2019-06-30": 0, "2019-03-31": "", "2018-12-31": 0, "2018-09-30": 0, "2018-06-30": 0, "2018-03-31": "", "2017-12-31": 0, "2017-09-30": 0, "2017-06-30": 0, "2017-03-31": "", "2016-12-31": 0, "2016-09-30": 0, "2016-06-30": 0, "2016-03-31": "", "2015-12-31": 0, "2015-09-30": 0, "2015-06-30": 0, "2015-03-31": "500.00000", "2014-12-31": 0, "2014-09-30": -500, "2014-06-30": 0, "2014-03-31": "", "2013-12-31": -36, "2013-09-30": 0, "2013-06-30": 3, "2013-03-31": "-3.00000", "2012-12-31": -326, "2012-09-30": 100, "2012-06-30": 91, "2012-03-31": "-191.00000", "2011-12-31": -55, "2011-09-30": 85, "2011-06-30": -178, "2011-03-31": "-136.00000", "2010-12-31": -79, "2010-09-30": 278, "2010-06-30": 66, "2010-03-31": "-276.00000", "2009-12-31": -355, "2009-09-30": 152, "2009-06-30": -107, "2009-03-31": "", "2008-12-31": -90, "2008-09-30": 37, "2008-06-30": -56, "2008-03-31": "-5.00000", "2007-12-31": 34, "2007-09-30": -207, "2007-06-30": -2, "2007-03-31": "-4.00000", "2006-12-31": 4, "2006-09-30": -16, "2006-06-30": 0, "2006-03-31": "", "2005-12-31": 8, "2005-09-30": 0, "2005-06-30": 0, "2005-03-31": ""}, "Net Change In Investments - Total": {"2020-09-30": 0, "2020-06-30": 0, "2020-03-31": "", "2019-12-31": 0, "2019-09-30": 0, "2019-06-30": 0, "2019-03-31": "", "2018-12-31": 0, "2018-09-30": 0, "2018-06-30": 0, "2018-03-31": "", "2017-12-31": 0, "2017-09-30": 0, "2017-06-30": 0, "2017-03-31": "", "2016-12-31": 0, "2016-09-30": 0, "2016-06-30": 0, "2016-03-31": "", "2015-12-31": 0, "2015-09-30": 0, "2015-06-30": 0, "2015-03-31": "500.00000", "2014-12-31": 0, "2014-09-30": -500, "2014-06-30": 0, "2014-03-31": "", "2013-12-31": -22, "2013-09-30": 0, "2013-06-30": 3, "2013-03-31": "-3.00000", "2012-12-31": -216, "2012-09-30": 100, "2012-06-30": 91, "2012-03-31": "-191.00000", "2011-12-31": 180, "2011-09-30": 85, "2011-06-30": -178, "2011-03-31": "-136.00000", "2010-12-31": 47, "2010-09-30": 278, "2010-06-30": 66, "2010-03-31": "-276.00000", "2009-12-31": -355, "2009-09-30": 152, "2009-06-30": -107, "2009-03-31": "", "2008-12-31": -90, "2008-09-30": 37, "2008-06-30": -56, "2008-03-31": "-5.00000", "2007-12-31": 34, "2007-09-30": -207, "2007-06-30": -2, "2007-03-31": "-4.00000", "2006-12-31": 4, "2006-09-30": -16, "2006-06-30": 0, "2006-03-31": "", "2005-12-31": 8, "2005-09-30": 0, "2005-06-30": 0, "2005-03-31": ""}, "Investing Activities - Other": {"2020-09-30": -151, "2020-06-30": 176, "2020-03-31": "8.00000", "2019-12-31": 10, "2019-09-30": 3, "2019-06-30": 5, "2019-03-31": "-6.00000", "2018-12-31": 386, "2018-09-30": 95, "2018-06-30": 75, "2018-03-31": "-1.00000", "2017-12-31": -13, "2017-09-30": 5, "2017-06-30": 70, "2017-03-31": "-23.00000", "2016-12-31": 41, "2016-09-30": 69, "2016-06-30": 2, "2016-03-31": "-53.00000", "2015-12-31": -4, "2015-09-30": 37, "2015-06-30": 147, "2015-03-31": "94.00000", "2014-12-31": -92, "2014-09-30": -6, "2014-06-30": 7, "2014-03-31": "10.00000", "2013-12-31": 40, "2013-09-30": 51, "2013-06-30": 2, "2013-03-31": "2.00000", "2012-12-31": -34, "2012-09-30": 109, "2012-06-30": -82, "2012-03-31": "17.00000", "2011-12-31": -95, "2011-09-30": -27, "2011-06-30": 156, "2011-03-31": "59.00000", "2010-12-31": -43, "2010-09-30": -1, "2010-06-30": 70, "2010-03-31": "54.00000", "2009-12-31": 24, "2009-09-30": -65, "2009-06-30": 191, "2009-03-31": "-36.00000", "2008-12-31": 134, "2008-09-30": 0, "2008-06-30": 0, "2008-03-31": "31.00000", "2007-12-31": -8, "2007-09-30": 24, "2007-06-30": 78, "2007-03-31": "14.00000", "2006-12-31": -71, "2006-09-30": -136, "2006-06-30": 286, "2006-03-31": "-7.00000", "2005-12-31": 2, "2005-09-30": -238, "2005-06-30": -85, "2005-03-31": "372.00000"}, "Cash Flow From Investing Activities": {"2020-09-30": -367, "2020-06-30": -45, "2020-03-31": "-177.00000", "2019-12-31": -390, "2019-09-30": -241, "2019-06-30": -176, "2019-03-31": "-187.00000", "2018-12-31": 83, "2018-09-30": -73, "2018-06-30": -10139, "2018-03-31": "-105.00000", "2017-12-31": -203, "2017-09-30": -390, "2017-06-30": -110, "2017-03-31": "-85.00000", "2016-12-31": -109, "2016-09-30": -97, "2016-06-30": -67, "2016-03-31": "-118.00000", "2015-12-31": -218, "2015-09-30": -133, "2015-06-30": 55, "2015-03-31": "496.00000", "2014-12-31": -276, "2014-09-30": -681, "2014-06-30": -68, "2014-03-31": "-77.00000", "2013-12-31": -151, "2013-09-30": -51, "2013-06-30": -85, "2013-03-31": "-76.00000", "2012-12-31": 26, "2012-09-30": -162, "2012-06-30": -242, "2012-03-31": "-264.00000", "2011-12-31": -517, "2011-09-30": -1206, "2011-06-30": -113, "2011-03-31": "-138.00000", "2010-12-31": -147, "2010-09-30": 185, "2010-06-30": -164, "2010-03-31": "-282.00000", "2009-12-31": -471, "2009-09-30": -634, "2009-06-30": -2, "2009-03-31": "-285.00000", "2008-12-31": -3053, "2008-09-30": -314, "2008-06-30": -172, "2008-03-31": "-124.00000", "2007-12-31": -185, "2007-09-30": -311, "2007-06-30": -38, "2007-03-31": "-341.00000", "2006-12-31": 72, "2006-09-30": -396, "2006-06-30": -1779, "2006-03-31": "-213.00000", "2005-12-31": -109, "2005-09-30": -233, "2005-06-30": -136, "2005-03-31": "297.00000"}, "Net Long-Term Debt": {"2020-09-30": -1236, "2020-06-30": -3535, "2020-03-31": "6231.00000", "2019-12-31": -1797, "2019-09-30": -447, "2019-06-30": 384, "2019-03-31": "1010.00000", "2018-12-31": -818, "2018-09-30": -1118, "2018-06-30": 7303, "2018-03-31": "2494.00000", "2017-12-31": -898, "2017-09-30": 984, "2017-06-30": -1, "2017-03-31": "", "2016-12-31": 0, "2016-09-30": 492, "2016-06-30": 0, "2016-03-31": "", "2015-12-31": 0, "2015-09-30": 0, "2015-06-30": 0, "2015-03-31": "-500.00000", "2014-12-31": 0, "2014-09-30": 0, "2014-06-30": 0, "2014-03-31": "", "2013-12-31": 0, "2013-09-30": 0, "2013-06-30": 0, "2013-03-31": "", "2012-12-31": -18, "2012-09-30": 0, "2012-06-30": 0, "2012-03-31": "", "2011-12-31": -200, "2011-09-30": 947, "2011-06-30": 0, "2011-03-31": "", "2010-12-31": 0, "2010-09-30": -700, "2010-06-30": 0, "2010-03-31": "", "2009-12-31": 0, "2009-09-30": -51, "2009-06-30": 33, "2009-03-31": "-139.00000", "2008-12-31": 2049, "2008-09-30": -150, "2008-06-30": -500, "2008-03-31": "", "2007-12-31": 0, "2007-09-30": 0, "2007-06-30": 0, "2007-03-31": "", "2006-12-31": -319, "2006-09-30": -543, "2006-06-30": 362, "2006-03-31": "", "2005-12-31": 0, "2005-09-30": 0, "2005-06-30": 0, "2005-03-31": ""}, "Net Current Debt": {"2020-09-30": 0, "2020-06-30": 0, "2020-03-31": "", "2019-12-31": 0, "2019-09-30": 0, "2019-06-30": 0, "2019-03-31": "", "2018-12-31": 0, "2018-09-30": 0, "2018-06-30": 0, "2018-03-31": "", "2017-12-31": 0, "2017-09-30": 0, "2017-06-30": 0, "2017-03-31": "", "2016-12-31": 0, "2016-09-30": 0, "2016-06-30": 0, "2016-03-31": "", "2015-12-31": 0, "2015-09-30": 0, "2015-06-30": 0, "2015-03-31": "", "2014-12-31": 0, "2014-09-30": 0, "2014-06-30": 0, "2014-03-31": "", "2013-12-31": 0, "2013-09-30": 0, "2013-06-30": 0, "2013-03-31": "", "2012-12-31": 0, "2012-09-30": 0, "2012-06-30": 0, "2012-03-31": "", "2011-12-31": 0, "2011-09-30": 0, "2011-06-30": 0, "2011-03-31": "", "2010-12-31": 0, "2010-09-30": 0, "2010-06-30": 0, "2010-03-31": "", "2009-12-31": 0, "2009-09-30": 0, "2009-06-30": 0, "2009-03-31": "", "2008-12-31": 0, "2008-09-30": 0, "2008-06-30": 0, "2008-03-31": "", "2007-12-31": 0, "2007-09-30": 0, "2007-06-30": 0, "2007-03-31": "", "2006-12-31": 0, "2006-09-30": 0, "2006-06-30": 0, "2006-03-31": "", "2005-12-31": 0, "2005-09-30": 0, "2005-06-30": 0, "2005-03-31": ""}, "Debt Issuance/Retirement Net - Total": {"2020-09-30": -1236, "2020-06-30": -3535, "2020-03-31": "6231.00000", "2019-12-31": -1797, "2019-09-30": -447, "2019-06-30": 384, "2019-03-31": "1010.00000", "2018-12-31": -818, "2018-09-30": -1118, "2018-06-30": 7303, "2018-03-31": "2494.00000", "2017-12-31": -898, "2017-09-30": 984, "2017-06-30": -1, "2017-03-31": "", "2016-12-31": 0, "2016-09-30": 492, "2016-06-30": 0, "2016-03-31": "", "2015-12-31": 0, "2015-09-30": 0, "2015-06-30": 0, "2015-03-31": "-500.00000", "2014-12-31": 0, "2014-09-30": 0, "2014-06-30": 0, "2014-03-31": "", "2013-12-31": 0, "2013-09-30": 0, "2013-06-30": 0, "2013-03-31": "", "2012-12-31": -18, "2012-09-30": 0, "2012-06-30": 0, "2012-03-31": "", "2011-12-31": -200, "2011-09-30": 947, "2011-06-30": 0, "2011-03-31": "", "2010-12-31": 0, "2010-09-30": -700, "2010-06-30": 0, "2010-03-31": "", "2009-12-31": 0, "2009-09-30": -51, "2009-06-30": 33, "2009-03-31": "-139.00000", "2008-12-31": 2049, "2008-09-30": -150, "2008-06-30": -500, "2008-03-31": "", "2007-12-31": 0, "2007-09-30": 0, "2007-06-30": 0, "2007-03-31": "", "2006-12-31": -319, "2006-09-30": -543, "2006-06-30": 362, "2006-03-31": "", "2005-12-31": 0, "2005-09-30": 0, "2005-06-30": 0, "2005-03-31": ""}, "Net Common Equity Issued/Repurchased": {"2020-09-30": 0, "2020-06-30": -52, "2020-03-31": "-449.00000", "2019-12-31": 0, "2019-09-30": 0, "2019-06-30": -98, "2019-03-31": "-133.00000", "2018-12-31": -1236, "2018-09-30": -97, "2018-06-30": -169, "2018-03-31": "-267.00000", "2017-12-31": -386, "2017-09-30": -271, "2017-06-30": -547, "2017-03-31": "-354.00000", "2016-12-31": -190, "2016-09-30": -325, "2016-06-30": -163, "2016-03-31": "-1026.00000", "2015-12-31": -476, "2015-09-30": -1122, "2015-06-30": -834, "2015-03-31": "-533.00000", "2014-12-31": -193, "2014-09-30": -366, "2014-06-30": -1095, "2014-03-31": "-1181.00000", "2013-12-31": 55, "2013-09-30": 61, "2013-06-30": -285, "2013-03-31": "12.00000", "2012-12-31": 25, "2012-09-30": 0, "2012-06-30": -483, "2012-03-31": "2.00000", "2011-12-31": -7, "2011-09-30": -317, "2011-06-30": -770, "2011-03-31": "-176.00000", "2010-12-31": -341, "2010-09-30": -213, "2010-06-30": -322, "2010-03-31": "-32.00000", "2009-12-31": -26, "2009-09-30": 38, "2009-06-30": 3, "2009-03-31": "-82.00000", "2008-12-31": -479, "2008-09-30": -328, "2008-06-30": -82, "2008-03-31": "-489.00000", "2007-12-31": 40, "2007-09-30": -287, "2007-06-30": 44, "2007-03-31": "-95.00000", "2006-12-31": 61, "2006-09-30": 55, "2006-06-30": -31, "2006-03-31": "83.00000", "2005-12-31": -127, "2005-09-30": 31, "2005-06-30": -56, "2005-03-31": "-48.00000"}, "Net Total Equity Issued/Repurchased": {"2020-09-30": 0, "2020-06-30": -52, "2020-03-31": "-449.00000", "2019-12-31": 0, "2019-09-30": 0, "2019-06-30": -98, "2019-03-31": "-133.00000", "2018-12-31": -1236, "2018-09-30": -97, "2018-06-30": -169, "2018-03-31": "-267.00000", "2017-12-31": -386, "2017-09-30": -271, "2017-06-30": -547, "2017-03-31": "-354.00000", "2016-12-31": -190, "2016-09-30": -325, "2016-06-30": -163, "2016-03-31": "-1026.00000", "2015-12-31": -476, "2015-09-30": -1122, "2015-06-30": -834, "2015-03-31": "-533.00000", "2014-12-31": -193, "2014-09-30": -366, "2014-06-30": -1095, "2014-03-31": "-1181.00000", "2013-12-31": 55, "2013-09-30": 61, "2013-06-30": -285, "2013-03-31": "12.00000", "2012-12-31": 25, "2012-09-30": 0, "2012-06-30": -483, "2012-03-31": "2.00000", "2011-12-31": -7, "2011-09-30": -317, "2011-06-30": -770, "2011-03-31": "-176.00000", "2010-12-31": -341, "2010-09-30": -213, "2010-06-30": -322, "2010-03-31": "-32.00000", "2009-12-31": -26, "2009-09-30": 38, "2009-06-30": 3, "2009-03-31": "-82.00000", "2008-12-31": -479, "2008-09-30": -328, "2008-06-30": -82, "2008-03-31": "-489.00000", "2007-12-31": 40, "2007-09-30": -287, "2007-06-30": 44, "2007-03-31": "-95.00000", "2006-12-31": 61, "2006-09-30": 55, "2006-06-30": -31, "2006-03-31": "83.00000", "2005-12-31": -127, "2005-09-30": 31, "2005-06-30": -56, "2005-03-31": "-48.00000"}, "Total Common And Preferred Stock Dividends Paid": {"2020-09-30": -315, "2020-06-30": -315, "2020-03-31": "-295.00000", "2019-12-31": -294, "2019-09-30": -295, "2019-06-30": -295, "2019-03-31": "-268.00000", "2018-12-31": -274, "2018-09-30": -275, "2018-06-30": -276, "2018-03-31": "-250.00000", "2017-12-31": -251, "2017-09-30": -252, "2017-06-30": -253, "2017-03-31": "-230.00000", "2016-12-31": -233, "2016-09-30": -231, "2016-06-30": -232, "2016-03-31": "-215.00000", "2015-12-31": -218, "2015-09-30": -223, "2015-06-30": -226, "2015-03-31": "-206.00000", "2014-12-31": -204, "2014-09-30": -207, "2014-06-30": -213, "2014-03-31": "-198.00000", "2013-12-31": -197, "2013-09-30": -196, "2013-06-30": -198, "2013-03-31": "", "2012-12-31": -360, "2012-09-30": -180, "2012-06-30": -184, "2012-03-31": "-169.00000", "2011-12-31": -169, "2011-09-30": -171, "2011-06-30": -176, "2011-03-31": "-157.00000", "2010-12-31": -160, "2010-09-30": -161, "2010-06-30": -163, "2010-03-31": "-147.00000", "2009-12-31": -147, "2009-09-30": -147, "2009-06-30": -147, "2009-03-31": "-136.00000", "2008-12-31": -136, "2008-09-30": -140, "2008-06-30": -140, "2008-03-31": "-117.00000", "2007-12-31": -117, "2007-09-30": -118, "2007-06-30": -117, "2007-03-31": "-93.00000", "2006-12-31": -93, "2006-09-30": -93, "2006-06-30": -93, "2006-03-31": "-80.00000", "2005-12-31": -82, "2005-09-30": -80, "2005-06-30": -80, "2005-03-31": "-72.00000"}, "Financial Activities - Other": {"2020-09-30": -16, "2020-06-30": 84, "2020-03-31": "-202.00000", "2019-12-31": 29, "2019-09-30": 177, "2019-06-30": -58, "2019-03-31": "88.00000", "2018-12-31": 137, "2018-09-30": -71, "2018-06-30": 28, "2018-03-31": "-25.00000", "2017-12-31": 17, "2017-09-30": -66, "2017-06-30": 131, "2017-03-31": "-22.00000", "2016-12-31": -218, "2016-09-30": 76, "2016-06-30": 89, "2016-03-31": "7.00000", "2015-12-31": 0, "2015-09-30": -4, "2015-06-30": -55, "2015-03-31": "30.00000", "2014-12-31": -84, "2014-09-30": 12, "2014-06-30": 22, "2014-03-31": "32.00000", "2013-12-31": -23, "2013-09-30": 30, "2013-06-30": 4, "2013-03-31": "12.00000", "2012-12-31": -17, "2012-09-30": -26, "2012-06-30": 27, "2012-03-31": "1.00000", "2011-12-31": 1, "2011-09-30": -4, "2011-06-30": -17, "2011-03-31": "15.00000", "2010-12-31": -3, "2010-09-30": 0, "2010-06-30": 0, "2010-03-31": "16.00000", "2009-12-31": 3, "2009-09-30": -2, "2009-06-30": -5, "2009-03-31": "-1.00000", "2008-12-31": -174, "2008-09-30": -54, "2008-06-30": 8, "2008-03-31": "14.00000", "2007-12-31": 30, "2007-09-30": 16, "2007-06-30": 7, "2007-03-31": "-96.00000", "2006-12-31": 119, "2006-09-30": 7, "2006-06-30": 13, "2006-03-31": "13.00000", "2005-12-31": -5, "2005-09-30": -1, "2005-06-30": 0, "2005-03-31": ""}, "Cash Flow From Financial Activities": {"2020-09-30": -1567, "2020-06-30": -3818, "2020-03-31": "5285.00000", "2019-12-31": -2062, "2019-09-30": -565, "2019-06-30": -67, "2019-03-31": "697.00000", "2018-12-31": -2191, "2018-09-30": -1561, "2018-06-30": 6886, "2018-03-31": "1952.00000", "2017-12-31": -1518, "2017-09-30": 395, "2017-06-30": -670, "2017-03-31": "-606.00000", "2016-12-31": -641, "2016-09-30": 12, "2016-06-30": -306, "2016-03-31": "-1234.00000", "2015-12-31": -694, "2015-09-30": -1349, "2015-06-30": -1115, "2015-03-31": "-1209.00000", "2014-12-31": -481, "2014-09-30": -561, "2014-06-30": -1286, "2014-03-31": "-1347.00000", "2013-12-31": -165, "2013-09-30": -105, "2013-06-30": -479, "2013-03-31": "24.00000", "2012-12-31": -370, "2012-09-30": -206, "2012-06-30": -640, "2012-03-31": "-166.00000", "2011-12-31": -375, "2011-09-30": 455, "2011-06-30": -963, "2011-03-31": "-318.00000", "2010-12-31": -504, "2010-09-30": -1074, "2010-06-30": -485, "2010-03-31": "-163.00000", "2009-12-31": -170, "2009-09-30": -162, "2009-06-30": -116, "2009-03-31": "-358.00000", "2008-12-31": 1260, "2008-09-30": -672, "2008-06-30": -714, "2008-03-31": "-592.00000", "2007-12-31": -47, "2007-09-30": -389, "2007-06-30": -66, "2007-03-31": "-284.00000", "2006-12-31": -232, "2006-09-30": -574, "2006-06-30": 251, "2006-03-31": "16.00000", "2005-12-31": -214, "2005-09-30": -50, "2005-06-30": -136, "2005-03-31": "-120.00000"}, "Net Cash Flow": {"2020-09-30": -831, "2020-06-30": -3030, "2020-03-31": "4428.00000", "2019-12-31": -72, "2019-09-30": 272, "2019-06-30": 29, "2019-03-31": "-290.00000", "2018-12-31": -47, "2018-09-30": -852, "2018-06-30": -2470, "2018-03-31": "1349.00000", "2017-12-31": 261, "2017-09-30": 866, "2017-06-30": -312, "2017-03-31": "-166.00000", "2016-12-31": 31, "2016-09-30": 404, "2016-06-30": -8, "2016-03-31": "-878.00000", "2015-12-31": -587, "2015-09-30": -660, "2015-06-30": -380, "2015-03-31": "24.00000", "2014-12-31": -717, "2014-09-30": 1264, "2014-06-30": -455, "2014-03-31": "-1005.00000", "2013-12-31": 1236, "2013-09-30": 308, "2013-06-30": 12, "2013-03-31": "449.00000", "2012-12-31": 422, "2012-09-30": 334, "2012-06-30": -92, "2012-03-31": "-17.00000", "2011-12-31": 1109, "2011-09-30": -617, "2011-06-30": -327, "2011-03-31": "-129.00000", "2010-12-31": 770, "2010-09-30": -10, "2010-06-30": -172, "2010-03-31": "-238.00000", "2009-12-31": 854, "2009-09-30": -205, "2009-06-30": 488, "2009-03-31": "-495.00000", "2008-12-31": -996, "2008-09-30": -123, "2008-06-30": 135, "2008-03-31": "-286.00000", "2007-12-31": 858, "2007-09-30": 239, "2007-06-30": 302, "2007-03-31": "-112.00000", "2006-12-31": 641, "2006-09-30": -436, "2006-06-30": -1200, "2006-03-31": "268.00000", "2005-12-31": 577, "2005-09-30": 316, "2005-06-30": -73, "2005-03-31": "535.00000"}, "Stock-Based Compensation": {"2020-09-30": 30, "2020-06-30": 31, "2020-03-31": "30.00000", "2019-12-31": 30, "2019-09-30": 31, "2019-06-30": 32, "2019-03-31": "40.00000", "2018-12-31": 30, "2018-09-30": 39, "2018-06-30": 42, "2018-03-31": "29.00000", "2017-12-31": 30, "2017-09-30": 41, "2017-06-30": 29, "2017-03-31": "23.00000", "2016-12-31": 19, "2016-09-30": 25, "2016-06-30": 24, "2016-03-31": "27.00000", "2015-12-31": 14, "2015-09-30": 13, "2015-06-30": 31, "2015-03-31": "40.00000", "2014-12-31": 34, "2014-09-30": 30, "2014-06-30": 37, "2014-03-31": "27.00000", "2013-12-31": 30, "2013-09-30": 29, "2013-06-30": 30, "2013-03-31": "31.00000", "2012-12-31": 10, "2012-09-30": 35, "2012-06-30": 34, "2012-03-31": "35.00000", "2011-12-31": 32, "2011-09-30": 32, "2011-06-30": 32, "2011-03-31": "32.00000", "2010-12-31": 30, "2010-09-30": 30, "2010-06-30": 29, "2010-03-31": "29.00000", "2009-12-31": 30, "2009-09-30": 29, "2009-06-30": 30, "2009-03-31": "28.00000", "2008-12-31": 27, "2008-09-30": 28, "2008-06-30": 27, "2008-03-31": "23.00000", "2007-12-31": 22, "2007-09-30": 23, "2007-06-30": 22, "2007-03-31": "19.00000", "2006-12-31": 15, "2006-09-30": 14, "2006-06-30": 16, "2006-03-31": "16.00000", "2005-12-31": 9, "2005-09-30": 30, "2005-06-30": 0, "2005-03-31": ""}, "Common Stock Dividends Paid": {"2020-09-30": -315, "2020-06-30": -315, "2020-03-31": "-295.00000", "2019-12-31": -294, "2019-09-30": -295, "2019-06-30": -295, "2019-03-31": "-268.00000", "2018-12-31": -274, "2018-09-30": -275, "2018-06-30": -276, "2018-03-31": "-250.00000", "2017-12-31": -251, "2017-09-30": -252, "2017-06-30": -253, "2017-03-31": "-230.00000", "2016-12-31": -233, "2016-09-30": -231, "2016-06-30": -232, "2016-03-31": "-215.00000", "2015-12-31": -218, "2015-09-30": -223, "2015-06-30": -226, "2015-03-31": "-206.00000", "2014-12-31": -204, "2014-09-30": -207, "2014-06-30": -213, "2014-03-31": "-198.00000", "2013-12-31": -197, "2013-09-30": -196, "2013-06-30": -198, "2013-03-31": "", "2012-12-31": -360, "2012-09-30": -180, "2012-06-30": -184, "2012-03-31": "-169.00000", "2011-12-31": -169, "2011-09-30": -171, "2011-06-30": -176, "2011-03-31": "-157.00000", "2010-12-31": -160, "2010-09-30": -161, "2010-06-30": -163, "2010-03-31": "-147.00000", "2009-12-31": -147, "2009-09-30": -147, "2009-06-30": -147, "2009-03-31": "-136.00000", "2008-12-31": -136, "2008-09-30": -140, "2008-06-30": -140, "2008-03-31": "-117.00000", "2007-12-31": -117, "2007-09-30": -118, "2007-06-30": -117, "2007-03-31": "-93.00000", "2006-12-31": -93, "2006-09-30": -93, "2006-06-30": -93, "2006-03-31": "-80.00000", "2005-12-31": -82, "2005-09-30": -80, "2005-06-30": -80, "2005-03-31": "-72.00000"}}, "financial ratios": {"Current Ratio": {"2019-12-31": "1.17730", "2018-12-31": "1.23410", "2017-12-31": "1.39920", "2016-12-31": "1.22930", "2015-12-31": "1.17080", "2014-12-31": "1.26590", "2013-12-31": "1.48150", "2012-12-31": "1.35490", "2011-12-31": "1.37890", "2010-12-31": "1.26920", "2009-12-31": "1.27750", "2008-12-31": "1.15350", "2007-12-31": "1.34200", "2006-12-31": "1.26280", "2005-12-31": "1.32900"}, "Long-term Debt / Capital": {"2019-12-31": "0.39890", "2018-12-31": "0.49380", "2017-12-31": "0.25820", "2016-12-31": "0.22480", "2015-12-31": "0.21250", "2014-12-31": "0.22290", "2013-12-31": "0.21230", "2012-12-31": "0.25550", "2011-12-31": "0.22800", "2010-12-31": "0.15430", "2009-12-31": "0.20270", "2008-12-31": "0.23640", "2007-12-31": "0.15250", "2006-12-31": "0.22010", "2005-12-31": "0.25430"}, "Debt/Equity Ratio": {"2019-12-31": "0.87870", "2018-12-31": "1.05840", "2017-12-31": "0.34820", "2016-12-31": "0.37740", "2015-12-31": "0.31650", "2014-12-31": "0.32910", "2013-12-31": "0.26960", "2012-12-31": "0.34310", "2011-12-31": "0.29530", "2010-12-31": "0.24050", "2009-12-31": "0.31100", "2008-12-31": "0.40030", "2007-12-31": "0.23720", "2006-12-31": "0.28300", "2005-12-31": "0.40360"}, "Gross Margin": {"2019-12-31": "17.93900", "2018-12-31": "18.55330", "2017-12-31": "20.15300", "2016-12-31": "18.53670", "2015-12-31": "19.60920", "2014-12-31": "19.03600", "2013-12-31": "18.51920", "2012-12-31": "16.06870", "2011-12-31": "17.92090", "2010-12-31": "18.20060", "2009-12-31": "17.60110", "2008-12-31": "18.33450", "2007-12-31": "17.45960", "2006-12-31": "10.90890", "2005-12-31": "10.38860"}, "Operating Margin": {"2019-12-31": "11.81190", "2018-12-31": "12.31450", "2017-12-31": "13.67640", "2016-12-31": "12.25090", "2015-12-31": "13.51440", "2014-12-31": "12.60530", "2013-12-31": "11.92690", "2012-12-31": "2.46840", "2011-12-31": "11.70850", "2010-12-31": "12.15120", "2009-12-31": "11.49120", "2008-12-31": "12.46760", "2007-12-31": "11.42810", "2006-12-31": "10.90890", "2005-12-31": "10.38860"}, "EBIT Margin": {"2019-12-31": "11.81190", "2018-12-31": "12.31450", "2017-12-31": "13.67640", "2016-12-31": "12.25090", "2015-12-31": "13.51440", "2014-12-31": "12.60530", "2013-12-31": "11.92690", "2012-12-31": "2.46840", "2011-12-31": "11.70850", "2010-12-31": "12.15120", "2009-12-31": "11.49120", "2008-12-31": "12.46760", "2007-12-31": "11.42810", "2006-12-31": "10.90890", "2005-12-31": "10.38860"}, "EBITDA Margin": {"2019-12-31": "13.91870", "2018-12-31": "14.42270", "2017-12-31": "15.10030", "2016-12-31": "13.73320", "2015-12-31": "15.02790", "2014-12-31": "14.21300", "2013-12-31": "13.62430", "2012-12-31": "11.77720", "2011-12-31": "13.85990", "2010-12-31": "13.90380", "2009-12-31": "13.24850", "2008-12-31": "13.99320", "2007-12-31": "12.98090", "2006-12-31": "12.50470", "2005-12-31": "11.94760"}, "Pre-Tax Profit Margin": {"2019-12-31": "10.67850", "2018-12-31": "11.28670", "2017-12-31": "13.16310", "2016-12-31": "11.96300", "2015-12-31": "13.27520", "2014-12-31": "12.32340", "2013-12-31": "11.67480", "2012-12-31": "1.52620", "2011-12-31": "11.37800", "2010-12-31": "11.67380", "2009-12-31": "10.98470", "2008-12-31": "12.30030", "2007-12-31": "11.18580", "2006-12-31": "10.50160", "2005-12-31": "9.86410"}, "Net Profit Margin": {"2019-12-31": "8.85390", "2018-12-31": "9.24210", "2017-12-31": "9.40170", "2016-12-31": "8.41600", "2015-12-31": "9.55290", "2014-12-31": "8.21020", "2013-12-31": "7.62040", "2012-12-31": "-1.07120", "2011-12-31": "7.73020", "2010-12-31": "8.08230", "2009-12-31": "7.48570", "2008-12-31": "8.39250", "2007-12-31": "7.60650", "2006-12-31": "7.71310", "2005-12-31": "6.96540"}, "Asset Turnover": {"2019-12-31": "0.80570", "2018-12-31": "0.79710", "2017-12-31": "0.88380", "2016-12-31": "0.92130", "2015-12-31": "0.99320", "2014-12-31": "0.87310", "2013-12-31": "0.87140", "2012-12-31": "0.90330", "2011-12-31": "0.93680", "2010-12-31": "0.99760", "2009-12-31": "1.02910", "2008-12-31": "1.03270", "2007-12-31": "1.05860", "2006-12-31": "1.07540", "2005-12-31": "1.06470"}, "Inventory Turnover Ratio": {"2019-12-31": "5.12070", "2018-12-31": "4.93190", "2017-12-31": "4.66360", "2016-12-31": "4.86440", "2015-12-31": "7.59030", "2014-12-31": "7.75500", "2013-12-31": "8.72040", "2012-12-31": "9.37030", "2011-12-31": "11.61080", "2010-12-31": "12.30630", "2009-12-31": "12.39510", "2008-12-31": "11.79300", "2007-12-31": "13.87050", "2006-12-31": "14.44610", "2005-12-31": "14.53670"}, "Receiveable Turnover": {"2019-12-31": "3.45150", "2018-12-31": "3.50200", "2017-12-31": "3.49700", "2016-12-31": "4.01540", "2015-12-31": "4.07290", "2014-12-31": "3.57040", "2013-12-31": "3.38030", "2012-12-31": "3.38050", "2011-12-31": "3.40490", "2010-12-31": "3.72270", "2009-12-31": "3.93520", "2008-12-31": "3.75160", "2007-12-31": "3.77760", "2006-12-31": "3.80200", "2005-12-31": "4.06810"}, "Days Sales In Receivables": {"2019-12-31": "105.75260", "2018-12-31": "104.22660", "2017-12-31": "104.37490", "2016-12-31": "90.90070", "2015-12-31": "89.61630", "2014-12-31": "102.22890", "2013-12-31": "107.97770", "2012-12-31": "107.97370", "2011-12-31": "107.19790", "2010-12-31": "98.04610", "2009-12-31": "92.75370", "2008-12-31": "97.29180", "2007-12-31": "96.62320", "2006-12-31": "96.00150", "2005-12-31": "89.72300"}, "ROE - Return On Equity": {"2019-12-31": "25.66110", "2018-12-31": "28.62260", "2017-12-31": "25.46570", "2016-12-31": "26.00720", "2015-12-31": "28.27340", "2014-12-31": "22.59700", "2013-12-31": "17.14370", "2012-12-31": "-3.34500", "2011-12-31": "19.28660", "2010-12-31": "19.73570", "2009-12-31": "19.37540", "2008-12-31": "24.64940", "2007-12-31": "17.67510", "2006-12-31": "17.40100", "2005-12-31": "17.77780"}, "Return On Tangible Equity": {"2019-12-31": "-41.40230", "2018-12-31": "-32.14320", "2017-12-31": "-246.57070", "2016-12-31": "-147.03620", "2015-12-31": "-206.81200", "2014-12-31": "-328.37840", "2013-12-31": "163.01640", "2012-12-31": "18.66730", "2011-12-31": "-118.31250", "2010-12-31": "-198.33960", "2009-12-31": "-123.81690", "2008-12-31": "-83.23820", "2007-12-31": "112.18990", "2006-12-31": "1676.47100", "2005-12-31": "258.11050"}, "ROA - Return On Assets": {"2019-12-31": "7.13340", "2018-12-31": "7.39520", "2017-12-31": "8.30910", "2016-12-31": "8.07610", "2015-12-31": "9.48840", "2014-12-31": "7.56430", "2013-12-31": "7.00400", "2012-12-31": "-1.11050", "2011-12-31": "7.31590", "2010-12-31": "8.07500", "2009-12-31": "7.74530", "2008-12-31": "8.73370", "2007-12-31": "8.08300", "2006-12-31": "7.64210", "2005-12-31": "7.35030"}, "ROI - Return On Investment": {"2019-12-31": "15.42480", "2018-12-31": "14.48910", "2017-12-31": "18.89070", "2016-12-31": "20.15950", "2015-12-31": "22.26460", "2014-12-31": "17.56130", "2013-12-31": "13.50430", "2012-12-31": "-2.49050", "2011-12-31": "14.89000", "2010-12-31": "16.69000", "2009-12-31": "15.44730", "2008-12-31": "18.82120", "2007-12-31": "14.97910", "2006-12-31": "13.57040", "2005-12-31": "13.25640"}, "Book Value Per Share": {"2019-12-31": "46.88030", "2018-12-31": "40.63760", "2017-12-31": "38.51520", "2016-12-31": "34.06200", "2015-12-31": "34.30810", "2014-12-31": "35.61190", "2013-12-31": "41.03250", "2012-12-31": "32.20480", "2011-12-31": "37.12290", "2010-12-31": "35.79070", "2009-12-31": "32.20860", "2008-12-31": "25.99620", "2007-12-31": "29.13020", "2006-12-31": "24.21680", "2005-12-31": "20.34400"}, "Operating Cash Flow Per Share": {"2019-12-31": -0.273, "2018-12-31": -2.2005, "2017-12-31": 5.7546, "2016-12-31": -1.0123, "2015-12-31": -3.2339, "2014-12-31": 2.4143, "2013-12-31": 1.4254, "2012-12-31": -1.4351, "2011-12-31": 1.0592, "2010-12-31": 0.3914, "2009-12-31": -0.4749, "2008-12-31": 0.6019, "2007-12-31": 2.002, "2006-12-31": 0.1523, "2005-12-31": 5.0784}, "Free Cash Flow Per Share": {"2019-12-31": -1.3602, "2018-12-31": -3.1021, "2017-12-31": 5.6126, "2016-12-31": -0.5333, "2015-12-31": -3.4494, "2014-12-31": 2.1213, "2013-12-31": 1.4259, "2012-12-31": -1.4228, "2011-12-31": 0.7735, "2010-12-31": 0.4234, "2009-12-31": -0.2385, "2008-12-31": 0.5343, "2007-12-31": 1.6617, "2006-12-31": -0.0216, "2005-12-31": 4.4313}}, "financial ratios, quarterly": {"Current Ratio": {"2020-09-30": "1.29440", "2020-06-30": "1.27270", "2020-03-31": "1.34170", "2019-12-31": "1.17730", "2019-09-30": "1.10560", "2019-06-30": "1.08570", "2019-03-31": "1.22660", "2018-12-31": "1.23410", "2018-09-30": "1.27210", "2018-06-30": "1.19630", "2018-03-31": "1.34260", "2017-12-31": "1.39920", "2017-09-30": "1.36880", "2017-06-30": "1.26830", "2017-03-31": "1.26200", "2016-12-31": "1.22930", "2016-09-30": "1.28620", "2016-06-30": "1.18550", "2016-03-31": "1.14210", "2015-12-31": "1.17080", "2015-09-30": "1.16010", "2015-06-30": "1.24120", "2015-03-31": "1.24710", "2014-12-31": "1.26590", "2014-09-30": "1.23850", "2014-06-30": "1.29960", "2014-03-31": "1.34390", "2013-12-31": "1.48150", "2013-09-30": "1.41880", "2013-06-30": "1.39670", "2013-03-31": "1.38920", "2012-12-31": "1.35490", "2012-09-30": "1.27880", "2012-06-30": "1.27490", "2012-03-31": "1.41610", "2011-12-31": "1.37890", "2011-09-30": "1.33940", "2011-06-30": "1.27670", "2011-03-31": "1.31490", "2010-12-31": "1.26920", "2010-09-30": "1.29860", "2010-06-30": "1.34420", "2010-03-31": "1.34380", "2009-12-31": "1.27750", "2009-09-30": "1.24430", "2009-06-30": "1.32810", "2009-03-31": "1.17360", "2008-12-31": "1.15350", "2008-09-30": "1.43330", "2008-06-30": "1.42980", "2008-03-31": "1.34610", "2007-12-31": "1.34200", "2007-09-30": "1.30590", "2007-06-30": "1.29650", "2007-03-31": "1.29850", "2006-12-31": "1.26280", "2006-09-30": "1.19770", "2006-06-30": "1.13870", "2006-03-31": "1.33110", "2005-12-31": "1.32900", "2005-09-30": "1.32460", "2005-06-30": "1.32450", "2005-03-31": "1.38280"}, "Long-term Debt / Capital": {"2020-09-30": "0.40410", "2020-06-30": "0.42980", "2020-03-31": "0.49520", "2019-12-31": "0.39890", "2019-09-30": "0.39950", "2019-06-30": "0.41070", "2019-03-31": "0.48350", "2018-12-31": "0.49380", "2018-09-30": "0.47200", "2018-06-30": "0.48720", "2018-03-31": "0.25270", "2017-12-31": "0.25820", "2017-09-30": "0.25600", "2017-06-30": "0.21440", "2017-03-31": "0.22020", "2016-12-31": "0.22480", "2016-09-30": "0.25560", "2016-06-30": "0.20870", "2016-03-31": "0.21500", "2015-12-31": "0.21250", "2015-09-30": "0.21340", "2015-06-30": "0.23220", "2015-03-31": "0.22840", "2014-12-31": "0.22290", "2014-09-30": "0.20770", "2014-06-30": "0.20630", "2014-03-31": "0.19940", "2013-12-31": "0.21230", "2013-09-30": "0.23670", "2013-06-30": "0.24940", "2013-03-31": "0.25230", "2012-12-31": "0.25550", "2012-09-30": "0.17000", "2012-06-30": "0.17530", "2012-03-31": "0.21990", "2011-12-31": "0.22800", "2011-09-30": "0.22290", "2011-06-30": "0.14750", "2011-03-31": "0.14800", "2010-12-31": "0.15430", "2010-09-30": "0.15180", "2010-06-30": "0.19750", "2010-03-31": "0.19820", "2009-12-31": "0.20270", "2009-09-30": "0.21230", "2009-06-30": "0.25970", "2009-03-31": "0.23250", "2008-12-31": "0.23640", "2008-09-30": "0.14860", "2008-06-30": "0.14800", "2008-03-31": "0.15240", "2007-12-31": "0.15250", "2007-09-30": "0.16400", "2007-06-30": "0.17690", "2007-03-31": "0.21640", "2006-12-31": "0.22010", "2006-09-30": "0.22680", "2006-06-30": "0.23430", "2006-03-31": "0.24700", "2005-12-31": "0.25430", "2005-09-30": "0.25920", "2005-06-30": "0.26920", "2005-03-31": "0.30790"}, "Debt/Equity Ratio": {"2020-09-30": "0.90870", "2020-06-30": "1.05050", "2020-03-31": "1.36350", "2019-12-31": "0.87870", "2019-09-30": "1.01010", "2019-06-30": "1.08220", "2019-03-31": "1.10740", "2018-12-31": "1.05840", "2018-09-30": "1.02560", "2018-06-30": "1.19040", "2018-03-31": "0.55030", "2017-12-31": "0.34820", "2017-09-30": "0.42220", "2017-06-30": "0.36320", "2017-03-31": "0.36750", "2016-12-31": "0.37740", "2016-09-30": "0.34340", "2016-06-30": "0.31250", "2016-03-31": "0.32130", "2015-12-31": "0.31650", "2015-09-30": "0.31800", "2015-06-30": "0.30270", "2015-03-31": "0.29610", "2014-12-31": "0.32910", "2014-09-30": "0.30060", "2014-06-30": "0.29800", "2014-03-31": "0.28570", "2013-12-31": "0.26960", "2013-09-30": "0.31000", "2013-06-30": "0.33230", "2013-03-31": "0.33750", "2012-12-31": "0.34310", "2012-09-30": "0.27500", "2012-06-30": "0.28790", "2012-03-31": "0.28210", "2011-12-31": "0.29530", "2011-09-30": "0.30320", "2011-06-30": "0.22840", "2011-03-31": "0.23080", "2010-12-31": "0.24050", "2010-09-30": "0.23590", "2010-06-30": "0.30080", "2010-03-31": "0.30230", "2009-12-31": "0.31100", "2009-09-30": "0.32970", "2009-06-30": "0.35590", "2009-03-31": "0.37800", "2008-12-31": "0.40030", "2008-09-30": "0.17630", "2008-06-30": "0.18790", "2008-03-31": "0.23690", "2007-12-31": "0.23720", "2007-09-30": "0.25630", "2007-06-30": "0.26260", "2007-03-31": "0.27690", "2006-12-31": "0.28300", "2006-09-30": "0.32800", "2006-06-30": "0.40180", "2006-03-31": "0.38800", "2005-12-31": "0.40360", "2005-09-30": "0.41350", "2005-06-30": "0.43530", "2005-03-31": "0.44580"}, "Gross Margin": {"2020-09-30": "16.91230", "2020-06-30": "15.27420", "2020-03-31": "17.00770", "2019-12-31": "18.16580", "2019-09-30": "18.31780", "2019-06-30": "17.64520", "2019-03-31": "17.57910", "2018-12-31": "17.18060", "2018-09-30": "18.55070", "2018-06-30": "18.50640", "2018-03-31": "20.50430", "2017-12-31": "19.29440", "2017-09-30": "20.65960", "2017-06-30": "20.33880", "2017-03-31": "20.40050", "2016-12-31": "16.74940", "2016-09-30": "19.40710", "2016-06-30": "19.44950", "2016-03-31": "18.52600", "2015-12-31": "20.24380", "2015-09-30": "18.88920", "2015-06-30": "19.63970", "2015-03-31": "19.65570", "2014-12-31": "19.08630", "2014-09-30": "19.05560", "2014-06-30": "19.19990", "2014-03-31": "18.78870", "2013-12-31": "18.10980", "2013-09-30": "18.84940", "2013-06-30": "18.82820", "2013-03-31": "18.28740", "2012-12-31": "8.93210", "2012-09-30": "17.83460", "2012-06-30": "18.87150", "2012-03-31": "18.40610", "2011-12-31": "16.11460", "2011-09-30": "18.97360", "2011-06-30": "18.45410", "2011-03-31": "18.44060", "2010-12-31": "18.54440", "2010-09-30": "18.06270", "2010-06-30": "18.05280", "2010-03-31": "18.11610", "2009-12-31": "18.15650", "2009-09-30": "17.17840", "2009-06-30": "17.95060", "2009-03-31": "17.12250", "2008-12-31": "33.83850", "2008-09-30": "13.06720", "2008-06-30": "12.61130", "2008-03-31": "12.29120", "2007-12-31": "33.45310", "2007-09-30": "11.72080", "2007-06-30": "11.53090", "2007-03-31": "10.80950", "2006-12-31": "10.79210", "2006-09-30": "11.15510", "2006-06-30": "10.93700", "2006-03-31": "10.74650", "2005-12-31": "10.54740", "2005-09-30": "10.84500", "2005-06-30": "10.49250", "2005-03-31": "9.58330"}, "Operating Margin": {"2020-09-30": "11.49400", "2020-06-30": "9.07820", "2020-03-31": "10.75550", "2019-12-31": "12.32710", "2019-09-30": "12.45770", "2019-06-30": "11.40760", "2019-03-31": "10.94910", "2018-12-31": "11.81350", "2018-09-30": "12.48080", "2018-06-30": "11.84410", "2018-03-31": "13.37760", "2017-12-31": "12.80660", "2017-09-30": "14.02380", "2017-06-30": "13.90230", "2017-03-31": "14.05730", "2016-12-31": "10.16460", "2016-09-30": "13.25590", "2016-06-30": "13.21070", "2016-03-31": "12.35960", "2015-12-31": "14.19780", "2015-09-30": "12.93470", "2015-06-30": "13.71480", "2015-03-31": "13.19370", "2014-12-31": "12.76010", "2014-09-30": "12.88870", "2014-06-30": "12.69740", "2014-03-31": "12.03030", "2013-12-31": "11.56220", "2013-09-30": "12.42410", "2013-06-30": "12.26700", "2013-03-31": "11.43980", "2012-12-31": "-26.06850", "2012-09-30": "11.40660", "2012-06-30": "12.24440", "2012-03-31": "11.34710", "2011-12-31": "10.38590", "2011-09-30": "12.70850", "2011-06-30": "12.04470", "2011-03-31": "11.91330", "2010-12-31": "12.51020", "2010-09-30": "12.05840", "2010-06-30": "12.15450", "2010-03-31": "11.84520", "2009-12-31": "12.04100", "2009-09-30": "11.32270", "2009-06-30": "11.66670", "2009-03-31": "10.95110", "2008-12-31": "11.94600", "2008-09-30": "13.06720", "2008-06-30": "12.61130", "2008-03-31": "12.29120", "2007-12-31": "11.59020", "2007-09-30": "11.72080", "2007-06-30": "11.53090", "2007-03-31": "10.80950", "2006-12-31": "10.79210", "2006-09-30": "11.15510", "2006-06-30": "10.93700", "2006-03-31": "10.74650", "2005-12-31": "10.54740", "2005-09-30": "10.84500", "2005-06-30": "10.49250", "2005-03-31": "9.58330"}, "EBIT Margin": {"2020-09-30": "11.49400", "2020-06-30": "9.07820", "2020-03-31": "10.75550", "2019-12-31": "12.32710", "2019-09-30": "12.45770", "2019-06-30": "11.40760", "2019-03-31": "10.94910", "2018-12-31": "11.81350", "2018-09-30": "12.48080", "2018-06-30": "11.84410", "2018-03-31": "13.37760", "2017-12-31": "12.80660", "2017-09-30": "14.02380", "2017-06-30": "13.90230", "2017-03-31": "14.05730", "2016-12-31": "10.16460", "2016-09-30": "13.25590", "2016-06-30": "13.21070", "2016-03-31": "12.35960", "2015-12-31": "14.19780", "2015-09-30": "12.93470", "2015-06-30": "13.71480", "2015-03-31": "13.19370", "2014-12-31": "12.76010", "2014-09-30": "12.88870", "2014-06-30": "12.69740", "2014-03-31": "12.03030", "2013-12-31": "11.56220", "2013-09-30": "12.42410", "2013-06-30": "12.26700", "2013-03-31": "11.43980", "2012-12-31": "-26.06850", "2012-09-30": "11.40660", "2012-06-30": "12.24440", "2012-03-31": "11.34710", "2011-12-31": "10.38590", "2011-09-30": "12.70850", "2011-06-30": "12.04470", "2011-03-31": "11.91330", "2010-12-31": "12.51020", "2010-09-30": "12.05840", "2010-06-30": "12.15450", "2010-03-31": "11.84520", "2009-12-31": "12.04100", "2009-09-30": "11.32270", "2009-06-30": "11.66670", "2009-03-31": "10.95110", "2008-12-31": "11.94600", "2008-09-30": "13.06720", "2008-06-30": "12.61130", "2008-03-31": "12.29120", "2007-12-31": "11.59020", "2007-09-30": "11.72080", "2007-06-30": "11.53090", "2007-03-31": "10.80950", "2006-12-31": "10.79210", "2006-09-30": "11.15510", "2006-06-30": "10.93700", "2006-03-31": "10.74650", "2005-12-31": "10.54740", "2005-09-30": "10.84500", "2005-06-30": "10.49250", "2005-03-31": "9.58330"}, "EBITDA Margin": {"2020-09-30": "", "2020-06-30": "", "2020-03-31": "", "2019-12-31": "", "2019-09-30": "", "2019-06-30": "", "2019-03-31": "", "2018-12-31": "", "2018-09-30": "", "2018-06-30": "", "2018-03-31": "", "2017-12-31": "", "2017-09-30": "", "2017-06-30": "", "2017-03-31": "", "2016-12-31": "", "2016-09-30": "", "2016-06-30": "", "2016-03-31": "", "2015-12-31": "", "2015-09-30": "", "2015-06-30": "", "2015-03-31": "", "2014-12-31": "", "2014-09-30": "", "2014-06-30": "", "2014-03-31": "", "2013-12-31": "", "2013-09-30": "", "2013-06-30": "", "2013-03-31": "", "2012-12-31": "", "2012-09-30": "", "2012-06-30": "", "2012-03-31": "", "2011-12-31": "", "2011-09-30": "", "2011-06-30": "", "2011-03-31": "", "2010-12-31": "", "2010-09-30": "", "2010-06-30": "", "2010-03-31": "", "2009-12-31": "", "2009-09-30": "", "2009-06-30": "", "2009-03-31": "", "2008-12-31": "", "2008-09-30": "", "2008-06-30": "", "2008-03-31": "", "2007-12-31": "", "2007-09-30": "", "2007-06-30": "", "2007-03-31": "", "2006-12-31": "", "2006-09-30": "", "2006-06-30": "", "2006-03-31": "", "2005-12-31": "", "2005-09-30": "", "2005-06-30": "", "2005-03-31": ""}, "Pre-Tax Profit Margin": {"2020-09-30": "10.37010", "2020-06-30": "7.84760", "2020-03-31": "9.69250", "2019-12-31": "11.26890", "2019-09-30": "11.16690", "2019-06-30": "10.28780", "2019-03-31": "9.88010", "2018-12-31": "10.90770", "2018-09-30": "11.24920", "2018-06-30": "10.55960", "2018-03-31": "12.74050", "2017-12-31": "12.17830", "2017-09-30": "13.54880", "2017-06-30": "13.44630", "2017-03-31": "13.57340", "2016-12-31": "9.73350", "2016-09-30": "12.98160", "2016-06-30": "12.92770", "2016-03-31": "12.19900", "2015-12-31": "13.98840", "2015-09-30": "12.67200", "2015-06-30": "13.46110", "2015-03-31": "12.96250", "2014-12-31": "12.49700", "2014-09-30": "12.63060", "2014-06-30": "12.37620", "2014-03-31": "11.74120", "2013-12-31": "11.32340", "2013-09-30": "12.19130", "2013-06-30": "12.03730", "2013-03-31": "11.12910", "2012-12-31": "-28.30490", "2012-09-30": "10.87720", "2012-06-30": "11.71420", "2012-03-31": "10.83260", "2011-12-31": "9.95960", "2011-09-30": "12.12280", "2011-06-30": "12.17160", "2011-03-31": "11.49010", "2010-12-31": "12.12650", "2010-09-30": "11.58410", "2010-06-30": "11.66090", "2010-03-31": "11.27740", "2009-12-31": "11.50920", "2009-09-30": "10.72680", "2009-06-30": "11.19750", "2009-03-31": "10.51550", "2008-12-31": "11.81870", "2008-09-30": "12.91320", "2008-06-30": "12.44690", "2008-03-31": "12.06280", "2007-12-31": "11.44380", "2007-09-30": "11.57450", "2007-06-30": "11.22740", "2007-03-31": "10.41270", "2006-12-31": "10.37770", "2006-09-30": "10.61130", "2006-06-30": "10.58310", "2006-03-31": "10.44000", "2005-12-31": "10.32080", "2005-09-30": "10.20370", "2005-06-30": "9.94740", "2005-03-31": "8.85420"}, "Net Profit Margin": {"2020-09-30": "8.84320", "2020-06-30": "6.74650", "2020-03-31": "8.06950", "2019-12-31": "9.46810", "2019-09-30": "9.35360", "2019-06-30": "8.43540", "2019-03-31": "8.04450", "2018-12-31": "8.75890", "2018-09-30": "9.35780", "2018-06-30": "8.55650", "2018-03-31": "10.60390", "2017-12-31": "7.68390", "2017-09-30": "10.07920", "2017-06-30": "9.75900", "2017-03-31": "10.25400", "2016-12-31": "7.44710", "2016-09-30": "8.44980", "2016-06-30": "9.18450", "2016-03-31": "8.57410", "2015-12-31": "10.28200", "2015-09-30": "9.16940", "2015-06-30": "9.54070", "2015-03-31": "9.19840", "2014-12-31": "8.38320", "2014-09-30": "8.97950", "2014-06-30": "7.23840", "2014-03-31": "8.19000", "2013-12-31": "6.22090", "2013-09-30": "8.41630", "2013-06-30": "8.16950", "2013-03-31": "7.71200", "2012-12-31": "-28.18580", "2012-09-30": "7.56240", "2012-06-30": "8.00300", "2012-03-31": "7.44160", "2011-12-31": "6.59230", "2011-09-30": "8.30260", "2011-06-30": "8.28790", "2011-03-31": "7.92510", "2010-12-31": "8.47580", "2010-09-30": "8.11380", "2010-06-30": "7.99610", "2010-03-31": "7.70320", "2009-12-31": "7.77410", "2009-09-30": "7.41030", "2009-06-30": "7.62960", "2009-03-31": "7.13940", "2008-12-31": "7.79420", "2008-09-30": "8.87960", "2008-06-30": "8.77720", "2008-03-31": "8.16560", "2007-12-31": "7.70460", "2007-09-30": "7.98950", "2007-06-30": "7.78330", "2007-03-31": "6.88890", "2006-12-31": "6.26340", "2006-09-30": "7.21700", "2006-06-30": "10.71790", "2006-03-31": "6.74360", "2005-12-31": "7.07810", "2005-09-30": "7.05390", "2005-06-30": "6.71600", "2005-03-31": "7.00000"}, "Asset Turnover": {"2020-09-30": "0.18770", "2020-06-30": "0.18450", "2020-03-31": "0.16290", "2019-12-31": "0.22060", "2019-09-30": "0.20010", "2019-06-30": "0.19880", "2019-03-31": "0.19510", "2018-12-31": "0.22860", "2018-09-30": "0.19360", "2018-06-30": "0.19480", "2018-03-31": "0.20250", "2017-12-31": "0.23620", "2017-09-30": "0.21710", "2017-06-30": "0.22710", "2017-03-31": "0.22410", "2016-12-31": "0.23070", "2016-09-30": "0.23440", "2016-06-30": "0.24470", "2016-03-31": "0.23580", "2015-12-31": "0.25380", "2015-09-30": "0.24240", "2015-06-30": "0.23420", "2015-03-31": "0.22640", "2014-12-31": "0.23660", "2014-09-30": "0.21950", "2014-06-30": "0.21770", "2014-03-31": "0.21130", "2013-12-31": "0.22420", "2013-09-30": "0.21810", "2013-06-30": "0.22560", "2013-03-31": "0.21390", "2012-12-31": "0.22030", "2012-09-30": "0.22350", "2012-06-30": "0.22500", "2012-03-31": "0.21460", "2011-12-31": "0.26220", "2011-09-30": "0.23510", "2011-06-30": "0.23620", "2011-03-31": "0.23560", "2010-12-31": "0.26430", "2010-09-30": "0.25450", "2010-06-30": "0.26250", "2010-03-31": "0.24950", "2009-12-31": "0.25410", "2009-09-30": "0.25920", "2009-06-30": "0.28070", "2009-03-31": "0.29220", "2008-12-31": "0.27670", "2008-09-30": "0.27410", "2008-06-30": "0.27990", "2008-03-31": "0.27250", "2007-12-31": "0.29200", "2007-09-30": "0.28610", "2007-06-30": "0.28160", "2007-03-31": "0.27710", "2006-12-31": "0.29110", "2006-09-30": "0.28130", "2006-06-30": "0.27310", "2006-03-31": "0.27340", "2005-12-31": "0.29120", "2005-09-30": "0.28280", "2005-06-30": "0.28640", "2005-03-31": "0.26810"}, "Inventory Turnover Ratio": {"2020-09-30": "1.22400", "2020-06-30": "1.17750", "2020-03-31": "1.05970", "2019-12-31": "1.39800", "2019-09-30": "1.21300", "2019-06-30": "1.21440", "2019-03-31": "1.23410", "2018-12-31": "1.43800", "2018-09-30": "1.18570", "2018-06-30": "1.27100", "2018-03-31": "1.08060", "2017-12-31": "1.25970", "2017-09-30": "1.04030", "2017-06-30": "1.04710", "2017-03-31": "1.01730", "2016-12-31": "1.24500", "2016-09-30": "1.68740", "2016-06-30": "1.77900", "2016-03-31": "1.73830", "2015-12-31": "1.92420", "2015-09-30": "2.00190", "2015-06-30": "1.88570", "2015-03-31": "1.84100", "2014-12-31": "2.10060", "2014-09-30": "1.99870", "2014-06-30": "1.91230", "2014-03-31": "1.98190", "2013-12-31": "2.25470", "2013-09-30": "2.10210", "2013-06-30": "2.16660", "2013-03-31": "2.11320", "2012-12-31": "2.47910", "2012-09-30": "2.44980", "2012-06-30": "2.42710", "2012-03-31": "2.53030", "2011-12-31": "3.32160", "2011-09-30": "2.53910", "2011-06-30": "2.69730", "2011-03-31": "2.79810", "2010-12-31": "3.24650", "2010-09-30": "3.30510", "2010-06-30": "3.37620", "2010-03-31": "3.19700", "2009-12-31": "3.04050", "2009-09-30": "3.02700", "2009-06-30": "3.10850", "2009-03-31": "3.28800", "2008-12-31": "2.56040", "2008-09-30": "3.59830", "2008-06-30": "3.81700", "2008-03-31": "3.69450", "2007-12-31": "3.08510", "2007-09-30": "3.87720", "2007-06-30": "3.65580", "2007-03-31": "3.50310", "2006-12-31": "3.91580", "2006-09-30": "3.82680", "2006-06-30": "3.55410", "2006-03-31": "3.44470", "2005-12-31": "3.96830", "2005-09-30": "3.50150", "2005-06-30": "3.86710", "2005-03-31": "3.58680"}, "Receiveable Turnover": {"2020-09-30": "0.78550", "2020-06-30": "0.82490", "2020-03-31": "0.76180", "2019-12-31": "0.94490", "2019-09-30": "0.84390", "2019-06-30": "0.85110", "2019-03-31": "0.83550", "2018-12-31": "1.00420", "2018-09-30": "0.80480", "2018-06-30": "0.83520", "2018-03-31": "0.78210", "2017-12-31": "0.93450", "2017-09-30": "0.84220", "2017-06-30": "0.87860", "2017-03-31": "0.92550", "2016-12-31": "1.00570", "2016-09-30": "0.87860", "2016-06-30": "0.91080", "2016-03-31": "0.89440", "2015-12-31": "1.04080", "2015-09-30": "0.99790", "2015-06-30": "1.00180", "2015-03-31": "0.96040", "2014-12-31": "0.96770", "2014-09-30": "0.89950", "2014-06-30": "0.79440", "2014-03-31": "0.79180", "2013-12-31": "0.86960", "2013-09-30": "0.81610", "2013-06-30": "0.83350", "2013-03-31": "0.79320", "2012-12-31": "0.82430", "2012-09-30": "0.84670", "2012-06-30": "0.83500", "2012-03-31": "0.78820", "2011-12-31": "0.95310", "2011-09-30": "0.84840", "2011-06-30": "0.85320", "2011-03-31": "0.85380", "2010-12-31": "0.98620", "2010-09-30": "0.90420", "2010-06-30": "0.96040", "2010-03-31": "0.91930", "2009-12-31": "0.97180", "2009-09-30": "0.92740", "2009-06-30": "1.00530", "2009-03-31": "1.02880", "2008-12-31": "1.00540", "2008-09-30": "0.95620", "2008-06-30": "0.97800", "2008-03-31": "0.95220", "2007-12-31": "1.04220", "2007-09-30": "1.03170", "2007-06-30": "0.97330", "2007-03-31": "0.97460", "2006-12-31": "1.02920", "2006-09-30": "1.01740", "2006-06-30": "1.02010", "2006-03-31": "1.05560", "2005-12-31": "1.11250", "2005-09-30": "1.09250", "2005-06-30": "1.07940", "2005-03-31": "1.05190"}, "Days Sales In Receivables": {"2020-09-30": "114.57320", "2020-06-30": "109.09970", "2020-03-31": "118.14490", "2019-12-31": "95.24650", "2019-09-30": "106.64280", "2019-06-30": "105.74880", "2019-03-31": "107.72590", "2018-12-31": "89.62710", "2018-09-30": "111.83200", "2018-06-30": "107.76290", "2018-03-31": "115.07100", "2017-12-31": "96.30660", "2017-09-30": "106.86020", "2017-06-30": "102.43000", "2017-03-31": "97.24500", "2016-12-31": "89.49440", "2016-09-30": "102.43570", "2016-06-30": "98.81010", "2016-03-31": "100.63000", "2015-12-31": "86.47580", "2015-09-30": "90.19140", "2015-06-30": "89.84020", "2015-03-31": "93.71150", "2014-12-31": "93.00290", "2014-09-30": "100.05550", "2014-06-30": "113.28870", "2014-03-31": "113.66140", "2013-12-31": "103.49380", "2013-09-30": "110.28050", "2013-06-30": "107.97930", "2013-03-31": "113.46030", "2012-12-31": "109.18620", "2012-09-30": "106.28940", "2012-06-30": "107.77960", "2012-03-31": "114.17730", "2011-12-31": "94.42770", "2011-09-30": "106.07920", "2011-06-30": "105.48930", "2011-03-31": "105.40780", "2010-12-31": "91.25570", "2010-09-30": "99.53810", "2010-06-30": "93.70930", "2010-03-31": "97.89680", "2009-12-31": "92.60950", "2009-09-30": "97.04240", "2009-06-30": "89.52220", "2009-03-31": "87.48430", "2008-12-31": "89.51860", "2008-09-30": "94.12190", "2008-06-30": "92.02110", "2008-03-31": "94.52250", "2007-12-31": "86.35930", "2007-09-30": "87.23440", "2007-06-30": "92.47160", "2007-03-31": "92.34290", "2006-12-31": "87.44400", "2006-09-30": "88.45770", "2006-06-30": "88.22550", "2006-03-31": "85.26150", "2005-12-31": "80.89960", "2005-09-30": "82.37840", "2005-06-30": "83.37750", "2005-03-31": "85.55630"}, "ROE - Return On Equity": {"2020-09-30": "5.66730", "2020-06-30": "4.49960", "2020-03-31": "5.34850", "2019-12-31": "7.51270", "2019-09-30": "6.75650", "2019-06-30": "6.25920", "2019-03-31": "6.08960", "2018-12-31": "7.74800", "2018-09-30": "6.77380", "2018-06-30": "6.55330", "2018-03-31": "6.78610", "2017-12-31": "5.56190", "2017-09-30": "6.60670", "2017-06-30": "6.83890", "2017-03-31": "7.20970", "2016-12-31": "5.63050", "2016-09-30": "6.45930", "2016-06-30": "6.49390", "2016-03-31": "6.18030", "2015-12-31": "7.77610", "2015-09-30": "6.82880", "2015-06-30": "6.66900", "2015-03-31": "6.21530", "2014-12-31": "6.23050", "2014-09-30": "5.33440", "2014-06-30": "4.92420", "2014-03-31": "4.35350", "2013-12-31": "4.29630", "2013-09-30": "5.17260", "2013-06-30": "5.44400", "2013-03-31": "4.93010", "2012-12-31": "-19.13080", "2012-09-30": "4.20400", "2012-06-30": "4.64060", "2012-03-31": "4.07100", "2011-12-31": "4.55710", "2011-09-30": "4.88290", "2011-06-30": "4.78280", "2011-03-31": "4.45340", "2010-12-31": "5.47460", "2010-09-30": "4.77840", "2010-06-30": "5.07050", "2010-03-31": "4.68740", "2009-12-31": "4.97460", "2009-09-30": "4.90700", "2009-06-30": "5.64490", "2009-03-31": "5.77350", "2008-12-31": "6.26680", "2008-09-30": "5.22500", "2008-06-30": "5.26100", "2008-03-31": "4.86540", "2007-12-31": "4.91160", "2007-09-30": "4.98630", "2007-06-30": "4.87670", "2007-03-31": "4.36720", "2006-12-31": "4.71150", "2006-09-30": "4.64530", "2006-06-30": "4.62500", "2006-03-31": "4.57070", "2005-12-31": "4.82500", "2005-09-30": "4.56540", "2005-06-30": "4.46150", "2005-03-31": "4.77290"}, "Return On Tangible Equity": {"2020-09-30": "-11.37010", "2020-06-30": "-7.78820", "2020-03-31": "-8.10380", "2019-12-31": "-12.12120", "2019-09-30": "-10.76650", "2019-06-30": "-8.72110", "2019-03-31": "-7.48590", "2018-12-31": "-8.70110", "2018-09-30": "-9.19340", "2018-06-30": "-7.49860", "2018-03-31": "-90.48700", "2017-12-31": "-53.85270", "2017-09-30": "-71.46870", "2017-06-30": "-53.04530", "2017-03-31": "-46.86730", "2016-12-31": "-31.83320", "2016-09-30": "-74.66800", "2016-06-30": "-54.50380", "2016-03-31": "-36.90750", "2015-12-31": "-56.88010", "2015-09-30": "-45.84120", "2015-06-30": "-62.20020", "2015-03-31": "-66.79110", "2014-12-31": "-90.54050", "2014-09-30": "213.53850", "2014-06-30": "309.09090", "2014-03-31": "106.42860", "2013-12-31": "40.85250", "2013-09-30": "-100.15360", "2013-06-30": "-44.97540", "2013-03-31": "-34.35620", "2012-12-31": "106.76140", "2012-09-30": "-41.43650", "2012-06-30": "-34.49400", "2012-03-31": "-33.41230", "2011-12-31": "-27.95550", "2011-09-30": "-35.39120", "2011-06-30": "-73.34800", "2011-03-31": "-78.32700", "2010-12-31": "-55.01890", "2010-09-30": "-66.70090", "2010-06-30": "-43.54520", "2010-03-31": "-38.87090", "2009-12-31": "-31.79010", "2009-09-30": "-22.65560", "2009-06-30": "-26.95310", "2009-03-31": "-20.70530", "2008-12-31": "-21.16220", "2008-09-30": "30.53950", "2008-06-30": "28.13870", "2008-03-31": "31.07380", "2007-12-31": "31.17580", "2007-09-30": "56.54890", "2007-06-30": "74.96380", "2007-03-31": "212.56040", "2006-12-31": "453.92160", "2006-09-30": "-130.56380", "2006-06-30": "-62.40710", "2006-03-31": "50.32510", "2005-12-31": "70.05350", "2005-09-30": "97.58710", "2005-06-30": "142.01680", "2005-03-31": "5883.33300"}, "ROA - Return On Assets": {"2020-09-30": "1.65940", "2020-06-30": "1.24450", "2020-03-31": "1.31450", "2019-12-31": "2.08840", "2019-09-30": "1.87140", "2019-06-30": "1.67660", "2019-03-31": "1.56950", "2018-12-31": "2.00190", "2018-09-30": "1.83970", "2018-06-30": "1.66700", "2018-03-31": "2.14680", "2017-12-31": "1.81480", "2017-09-30": "2.18820", "2017-06-30": "2.21640", "2017-03-31": "2.29740", "2016-12-31": "1.74850", "2016-09-30": "2.23770", "2016-06-30": "2.24750", "2016-03-31": "2.06300", "2015-12-31": "2.60960", "2015-09-30": "2.22260", "2015-06-30": "2.23450", "2015-03-31": "2.08230", "2014-12-31": "2.08560", "2014-09-30": "1.96540", "2014-06-30": "1.88160", "2014-03-31": "1.73350", "2013-12-31": "1.75520", "2013-09-30": "1.83810", "2013-06-30": "1.84270", "2013-03-31": "1.64990", "2012-12-31": "-6.35110", "2012-09-30": "1.69000", "2012-06-30": "1.80100", "2012-03-31": "1.59730", "2011-12-31": "1.72860", "2011-09-30": "1.99050", "2011-06-30": "1.99630", "2011-03-31": "1.86680", "2010-12-31": "2.24000", "2010-09-30": "2.06140", "2010-06-30": "2.10870", "2010-03-31": "1.92860", "2009-12-31": "1.98860", "2009-09-30": "1.93120", "2009-06-30": "2.15190", "2009-03-31": "2.09700", "2008-12-31": "2.22040", "2008-09-30": "2.43420", "2008-06-30": "2.45700", "2008-03-31": "2.22900", "2007-12-31": "2.24610", "2007-09-30": "2.27780", "2007-06-30": "2.21300", "2007-03-31": "1.93560", "2006-12-31": "2.06920", "2006-09-30": "2.03920", "2006-06-30": "1.93260", "2006-03-31": "1.90740", "2005-12-31": "1.99490", "2005-09-30": "1.94130", "2005-06-30": "1.88440", "2005-03-31": "1.97150"}, "ROI - Return On Investment": {"2020-09-30": "3.37730", "2020-06-30": "2.56570", "2020-03-31": "2.69970", "2019-12-31": "4.51590", "2019-09-30": "4.05740", "2019-06-30": "3.68840", "2019-03-31": "3.14550", "2018-12-31": "3.92220", "2018-09-30": "3.57650", "2018-06-30": "3.36030", "2018-03-31": "5.07140", "2017-12-31": "4.12590", "2017-09-30": "4.91540", "2017-06-30": "5.37260", "2017-03-31": "5.62230", "2016-12-31": "4.36450", "2016-09-30": "4.80860", "2016-06-30": "5.13890", "2016-03-31": "4.85130", "2015-12-31": "6.12350", "2015-09-30": "5.37150", "2015-06-30": "5.12020", "2015-03-31": "4.79570", "2014-12-31": "4.84200", "2014-09-30": "4.22660", "2014-06-30": "3.90850", "2014-03-31": "3.48560", "2013-12-31": "3.38420", "2013-09-30": "3.94840", "2013-06-30": "4.08610", "2013-03-31": "3.68600", "2012-12-31": "-14.24370", "2012-09-30": "3.48920", "2012-06-30": "3.82690", "2012-03-31": "3.17590", "2011-12-31": "3.51830", "2011-09-30": "3.79440", "2011-06-30": "4.07740", "2011-03-31": "3.79420", "2010-12-31": "4.62970", "2010-09-30": "4.05320", "2010-06-30": "4.06930", "2010-03-31": "3.75830", "2009-12-31": "3.96610", "2009-09-30": "3.86500", "2009-06-30": "4.17870", "2009-03-31": "4.43100", "2008-12-31": "4.78510", "2008-09-30": "4.44880", "2008-06-30": "4.48220", "2008-03-31": "4.12410", "2007-12-31": "4.16250", "2007-09-30": "4.16860", "2007-06-30": "4.01390", "2007-03-31": "3.42230", "2006-12-31": "3.67430", "2006-09-30": "3.59180", "2006-06-30": "3.54160", "2006-03-31": "3.44150", "2005-12-31": "3.59790", "2005-09-30": "3.38200", "2005-06-30": "3.26030", "2005-03-31": "3.30340"}, "Book Value Per Share": {"2020-09-30": "51.28030", "2020-06-30": "48.40900", "2020-03-31": "46.01470", "2019-12-31": "46.88030", "2019-09-30": "46.70830", "2019-06-30": "44.58120", "2019-03-31": "42.35090", "2018-12-31": "40.63760", "2018-09-30": "43.06940", "2018-06-30": "40.48180", "2018-03-31": "39.63870", "2017-12-31": "38.51520", "2017-09-30": "38.72960", "2017-06-30": "36.57230", "2017-03-31": "35.07960", "2016-12-31": "34.06200", "2016-09-30": "37.16340", "2016-06-30": "36.01620", "2016-03-31": "34.62160", "2015-12-31": "34.30810", "2015-09-30": "33.95460", "2015-06-30": "34.93980", "2015-03-31": "35.04360", "2014-12-31": "35.61190", "2014-09-30": "39.25890", "2014-06-30": "39.24130", "2014-03-31": "39.92870", "2013-12-31": "41.03250", "2013-09-30": "35.78950", "2013-06-30": "33.60120", "2013-03-31": "32.79280", "2012-12-31": "32.20480", "2012-09-30": "40.42260", "2012-06-30": "38.72690", "2012-03-31": "38.41860", "2011-12-31": "37.12290", "2011-09-30": "38.24350", "2011-06-30": "38.49180", "2011-03-31": "37.30380", "2010-12-31": "35.79070", "2010-09-30": "35.95560", "2010-06-30": "33.75360", "2010-03-31": "33.12950", "2009-12-31": "32.20860", "2009-09-30": "30.37320", "2009-06-30": "28.56730", "2009-03-31": "26.67670", "2008-12-31": "25.99620", "2008-09-30": "31.12500", "2008-06-30": "30.67000", "2008-03-31": "29.55400", "2007-12-31": "29.13020", "2007-09-30": "27.11450", "2007-06-30": "26.18140", "2007-03-31": "24.88710", "2006-12-31": "24.21680", "2006-09-30": "23.40820", "2006-06-30": "22.51080", "2006-03-31": "20.97450", "2005-12-31": "20.34400", "2005-09-30": "19.80350", "2005-06-30": "18.84390", "2005-03-31": "18.45540"}, "Operating Cash Flow Per Share": {"2020-09-30": 3.8952, "2020-06-30": 2.9139, "2020-03-31": "-2.29700", "2019-12-31": 8.2319, "2019-09-30": 3.751, "2019-06-30": 0.9999, "2019-03-31": "-2.73300", "2018-12-31": 6.9085, "2018-09-30": 2.6447, "2018-06-30": 2.6169, "2018-03-31": "-1.64730", "2017-12-31": 6.5274, "2017-09-30": 2.8882, "2017-06-30": 1.5731, "2017-03-31": "1.73460", "2016-12-31": 2.539, "2016-09-30": 1.6155, "2016-06-30": 1.2831, "2016-03-31": "1.53110", "2015-12-31": 0.93, "2015-09-30": 2.7273, "2015-06-30": 2.0977, "2015-03-31": "2.22600", "2014-12-31": -0.0158, "2014-09-30": 7.4557, "2014-06-30": 2.5597, "2014-03-31": "1.21530", "2013-12-31": 4.4001, "2013-09-30": 1.3206, "2013-06-30": 1.6542, "2013-03-31": "1.42570", "2012-12-31": 1.9703, "2012-09-30": 2.0387, "2012-06-30": 2.2142, "2012-03-31": "1.15200", "2011-12-31": 5.4594, "2011-09-30": 0.4458, "2011-06-30": 2.0336, "2011-03-31": "0.87150", "2010-12-31": 3.6548, "2010-09-30": 2.3281, "2010-06-30": 1.2283, "2010-03-31": "0.53990", "2009-12-31": 3.8631, "2009-09-30": 1.5251, "2009-06-30": 1.5731, "2009-03-31": "0.39840", "2008-12-31": 2.0464, "2008-09-30": 2.1767, "2008-06-30": 2.5468, "2008-03-31": "1.06470", "2007-12-31": 2.6712, "2007-09-30": 2.314, "2007-06-30": 0.9946, "2007-03-31": "1.25290", "2006-12-31": 1.9717, "2006-09-30": 1.3104, "2006-06-30": 0.799, "2006-03-31": "1.14960", "2005-12-31": 2.2284, "2005-09-30": 1.4726, "2005-06-30": 0.4914, "2005-03-31": "0.88600"}, "Free Cash Flow Per Share": {"2020-09-30": 3.1447, "2020-06-30": 2.137, "2020-03-31": "-2.93510", "2019-12-31": 6.9214, "2019-09-30": 2.9125, "2019-06-30": 0.3774, "2019-03-31": "-3.35520", "2018-12-31": 6.0965, "2018-09-30": 2.0798, "2018-06-30": 2.0327, "2018-03-31": "-1.99270", "2017-12-31": 6.0213, "2017-09-30": 2.4905, "2017-06-30": 1.2738, "2017-03-31": "1.53280", "2016-12-31": 2.0639, "2016-09-30": 1.2596, "2016-06-30": 1.0585, "2016-03-31": "1.32380", "2015-12-31": 0.3063, "2015-09-30": 2.1823, "2015-06-30": 1.8173, "2015-03-31": "1.93320", "2014-12-31": -0.5457, "2014-09-30": 6.9318, "2014-06-30": 2.3377, "2014-03-31": "0.96470", "2013-12-31": 3.9233, "2013-09-30": 1.0315, "2013-06-30": 1.3989, "2013-03-31": "1.21350", "2012-12-31": 1.547, "2012-09-30": 1.6898, "2012-06-30": 2.0029, "2012-03-31": "0.90160", "2011-12-31": 4.9655, "2011-09-30": 0.1028, "2011-06-30": 1.7864, "2011-03-31": "0.70940", "2010-12-31": 3.2668, "2010-09-30": 2.0722, "2010-06-30": 1.066, "2010-03-31": "0.38560", "2009-12-31": 3.5173, "2009-09-30": 1.3177, "2009-06-30": 1.3433, "2009-03-31": "0.18890", "2008-12-31": 1.6029, "2008-09-30": 1.8891, "2008-06-30": 2.2594, "2008-03-31": "0.85430", "2007-12-31": 2.2317, "2007-09-30": 1.9982, "2007-06-30": 0.718, "2007-03-31": "1.12350", "2006-12-31": 1.6345, "2006-09-30": 1.1141, "2006-06-30": 0.6426, "2006-03-31": "1.01850", "2005-12-31": 1.993, "2005-09-30": 1.281, "2005-06-30": 0.3653, "2005-03-31": "0.79200"}}, "revenue": {"General Dynamics Annual Revenue (Millions of US $)": {"2020": "$37,925", "2019": "$39,350", "2018": "$36,193", "2017": "$30,973", "2016": "$30,561", "2015": "$31,781", "2014": "$30,852", "2013": "$30,930", "2012": "$30,992", "2011": "$32,677", "2010": "$32,466", "2009": "$31,981", "2008": "$29,300", "2007": "$27,240", "2006": "$24,063", "2005": "$20,975"}, "General Dynamics Quarterly Revenue (Millions of US $)": {"2020-09-30": "$9,431", "2020-06-30": "$9,264", "2020-03-31": "$8,749", "2019-12-31": "$10,773", "2019-09-30": "$9,761", "2019-06-30": "$9,555", "2019-03-31": "$9,261", "2018-12-31": "$10,378", "2018-09-30": "$9,094", "2018-06-30": "$9,186", "2018-03-31": "$7,535", "2017-12-31": "$8,277", "2017-09-30": "$7,580", "2017-06-30": "$7,675", "2017-03-31": "$7,441", "2016-12-31": "$7,654", "2016-09-30": "$7,657", "2016-06-30": "$7,774", "2016-03-31": "$7,476", "2015-12-31": "$8,121", "2015-09-30": "$7,994", "2015-06-30": "$7,882", "2015-03-31": "$7,784", "2014-12-31": "$8,362", "2014-09-30": "$7,751", "2014-06-30": "$7,474", "2014-03-31": "$7,265", "2013-12-31": "$7,957", "2013-09-30": "$7,735", "2013-06-30": "$7,834", "2013-03-31": "$7,404", "2012-12-31": "$7,557", "2012-09-30": "$7,934", "2012-06-30": "$7,922", "2012-03-31": "$7,579", "2011-12-31": "$9,147", "2011-09-30": "$7,853", "2011-06-30": "$7,879", "2011-03-31": "$7,798", "2010-12-31": "$8,601", "2010-09-30": "$8,011", "2010-06-30": "$8,104", "2010-03-31": "$7,750", "2009-12-31": "$7,898", "2009-09-30": "$7,719", "2009-06-30": "$8,100", "2009-03-31": "$8,264", "2008-12-31": "$7,852", "2008-09-30": "$7,140", "2008-06-30": "$7,303", "2008-03-31": "$7,005", "2007-12-31": "$7,515", "2007-09-30": "$6,834", "2007-06-30": "$6,591", "2007-03-31": "$6,300", "2006-12-31": "$6,514", "2006-09-30": "$6,069", "2006-06-30": "$5,934", "2006-03-31": "$5,546", "2005-12-31": "$5,736", "2005-09-30": "$5,302", "2005-06-30": "$5,137", "2005-03-31": "$4,800"}}, "gross-profit": {"General Dynamics Annual Gross Profit (Millions of US $)": {"2020": "$4,133", "2019": "$7,059", "2018": "$6,715", "2017": "$6,242", "2016": "$5,665", "2015": "$6,232", "2014": "$5,873", "2013": "$5,728", "2012": "$4,980", "2011": "$5,856", "2010": "$5,909", "2009": "$5,629", "2008": "$5,372", "2007": "$4,756", "2006": "$2,625", "2005": "$2,179"}, "General Dynamics Quarterly Gross Profit (Millions of US $)": {"2020-09-30": "$1,595", "2020-06-30": "$1,415", "2020-03-31": "$1,488", "2019-12-31": "$1,957", "2019-09-30": "$1,788", "2019-06-30": "$1,686", "2019-03-31": "$1,628", "2018-12-31": "$1,783", "2018-09-30": "$1,687", "2018-06-30": "$1,700", "2018-03-31": "$1,545", "2017-12-31": "$1,597", "2017-09-30": "$1,566", "2017-06-30": "$1,561", "2017-03-31": "$1,518", "2016-12-31": "$1,282", "2016-09-30": "$1,486", "2016-06-30": "$1,512", "2016-03-31": "$1,385", "2015-12-31": "$1,644", "2015-09-30": "$1,510", "2015-06-30": "$1,548", "2015-03-31": "$1,530", "2014-12-31": "$1,596", "2014-09-30": "$1,477", "2014-06-30": "$1,435", "2014-03-31": "$1,365", "2013-12-31": "$1,441", "2013-09-30": "$1,458", "2013-06-30": "$1,475", "2013-03-31": "$1,354", "2012-12-31": "$675", "2012-09-30": "$1,415", "2012-06-30": "$1,495", "2012-03-31": "$1,395", "2011-12-31": "$1,474", "2011-09-30": "$1,490", "2011-06-30": "$1,454", "2011-03-31": "$1,438", "2010-12-31": "$1,595", "2010-09-30": "$1,447", "2010-06-30": "$1,463", "2010-03-31": "$1,404", "2009-12-31": "$1,434", "2009-09-30": "$1,326", "2009-06-30": "$1,454", "2009-03-31": "$1,415", "2008-12-31": "$2,657", "2008-09-30": "$933", "2008-06-30": "$921", "2008-03-31": "$861", "2007-12-31": "$2,514", "2007-09-30": "$801", "2007-06-30": "$760", "2007-03-31": "$681", "2006-12-31": "$703", "2006-09-30": "$677", "2006-06-30": "$649", "2006-03-31": "$596", "2005-12-31": "$605", "2005-09-30": "$575", "2005-06-30": "$539", "2005-03-31": "$460"}}, "operating-income": {"General Dynamics Annual Operating Income (Millions of US $)": {"2020": "$4,133", "2019": "$4,648", "2018": "$4,457", "2017": "$4,236", "2016": "$3,744", "2015": "$4,295", "2014": "$3,889", "2013": "$3,689", "2012": "$765", "2011": "$3,826", "2010": "$3,945", "2009": "$3,675", "2008": "$3,653", "2007": "$3,113", "2006": "$2,625", "2005": "$2,179"}, "General Dynamics Quarterly Operating Income (Millions of US $)": {"2020-09-30": "$1,084", "2020-06-30": "$841", "2020-03-31": "$941", "2019-12-31": "$1,328", "2019-09-30": "$1,216", "2019-06-30": "$1,090", "2019-03-31": "$1,014", "2018-12-31": "$1,226", "2018-09-30": "$1,135", "2018-06-30": "$1,088", "2018-03-31": "$1,008", "2017-12-31": "$1,060", "2017-09-30": "$1,063", "2017-06-30": "$1,067", "2017-03-31": "$1,046", "2016-12-31": "$778", "2016-09-30": "$1,015", "2016-06-30": "$1,027", "2016-03-31": "$924", "2015-12-31": "$1,153", "2015-09-30": "$1,034", "2015-06-30": "$1,081", "2015-03-31": "$1,027", "2014-12-31": "$1,067", "2014-09-30": "$999", "2014-06-30": "$949", "2014-03-31": "$874", "2013-12-31": "$920", "2013-09-30": "$961", "2013-06-30": "$961", "2013-03-31": "$847", "2012-12-31": "$-1,970", "2012-09-30": "$905", "2012-06-30": "$970", "2012-03-31": "$860", "2011-12-31": "$950", "2011-09-30": "$998", "2011-06-30": "$949", "2011-03-31": "$929", "2010-12-31": "$1,076", "2010-09-30": "$966", "2010-06-30": "$985", "2010-03-31": "$918", "2009-12-31": "$951", "2009-09-30": "$874", "2009-06-30": "$945", "2009-03-31": "$905", "2008-12-31": "$938", "2008-09-30": "$933", "2008-06-30": "$921", "2008-03-31": "$861", "2007-12-31": "$871", "2007-09-30": "$801", "2007-06-30": "$760", "2007-03-31": "$681", "2006-12-31": "$703", "2006-09-30": "$677", "2006-06-30": "$649", "2006-03-31": "$596", "2005-12-31": "$605", "2005-09-30": "$575", "2005-06-30": "$539", "2005-03-31": "$460"}}, "ebitda": {"General Dynamics Annual EBITDA (Millions of US $)": {"2019": "$5,477", "2018": "$5,220", "2017": "$4,677", "2016": "$4,197", "2015": "$4,776", "2014": "$4,385", "2013": "$4,214", "2012": "$3,650", "2011": "$4,529", "2010": "$4,514", "2009": "$4,237", "2008": "$4,100", "2007": "$3,536", "2006": "$3,009", "2005": "$2,506"}, "General Dynamics Quarterly EBITDA (Millions of US $)": {"2020-09-30": "$1,296", "2020-06-30": "$1,060", "2020-03-31": "$1,153", "2019-12-31": "$1,532", "2019-09-30": "$1,426", "2019-06-30": "$1,300", "2019-03-31": "$1,219", "2018-12-31": "$1,447", "2018-09-30": "$1,350", "2018-06-30": "$1,306", "2018-03-31": "$1,117", "2017-12-31": "$1,175", "2017-09-30": "$1,169", "2017-06-30": "$1,176", "2017-03-31": "$1,157", "2016-12-31": "$891", "2016-09-30": "$1,124", "2016-06-30": "$1,142", "2016-03-31": "$1,040", "2015-12-31": "$1,274", "2015-09-30": "$1,151", "2015-06-30": "$1,200", "2015-03-31": "$1,151", "2014-12-31": "$1,187", "2014-09-30": "$1,123", "2014-06-30": "$1,076", "2014-03-31": "$999", "2013-12-31": "$1,053", "2013-09-30": "$1,088", "2013-06-30": "$1,084", "2013-03-31": "$989", "2012-12-31": "$457", "2012-09-30": "$1,059", "2012-06-30": "$1,120", "2012-03-31": "$1,014", "2011-12-31": "$1,218", "2011-09-30": "$1,145", "2011-06-30": "$1,094", "2011-03-31": "$1,072", "2010-12-31": "$1,221", "2010-09-30": "$1,107", "2010-06-30": "$1,125", "2010-03-31": "$1,061", "2009-12-31": "$1,095", "2009-09-30": "$1,013", "2009-06-30": "$1,085", "2009-03-31": "$1,044", "2008-12-31": "$1,059", "2008-09-30": "$1,046", "2008-06-30": "$1,032", "2008-03-31": "$963", "2007-12-31": "$982", "2007-09-30": "$906", "2007-06-30": "$866", "2007-03-31": "$782", "2006-12-31": "$813", "2006-09-30": "$774", "2006-06-30": "$744", "2006-03-31": "$678", "2005-12-31": "$688", "2005-09-30": "$656", "2005-06-30": "$618", "2005-03-31": "$544"}}, "net-income": {"General Dynamics Annual Net Income (Millions of US $)": {"2020": "$3,167", "2019": "$3,484", "2018": "$3,345", "2017": "$2,912", "2016": "$2,572", "2015": "$3,036", "2014": "$2,533", "2013": "$2,357", "2012": "$-332", "2011": "$2,526", "2010": "$2,624", "2009": "$2,394", "2008": "$2,459", "2007": "$2,072", "2006": "$1,856", "2005": "$1,461"}, "General Dynamics Quarterly Net Income (Millions of US $)": {"2020-09-30": "$834", "2020-06-30": "$625", "2020-03-31": "$706", "2019-12-31": "$1,020", "2019-09-30": "$913", "2019-06-30": "$806", "2019-03-31": "$745", "2018-12-31": "$909", "2018-09-30": "$851", "2018-06-30": "$786", "2018-03-31": "$799", "2017-12-31": "$636", "2017-09-30": "$764", "2017-06-30": "$749", "2017-03-31": "$763", "2016-12-31": "$570", "2016-09-30": "$647", "2016-06-30": "$714", "2016-03-31": "$641", "2015-12-31": "$835", "2015-09-30": "$733", "2015-06-30": "$752", "2015-03-31": "$716", "2014-12-31": "$701", "2014-09-30": "$696", "2014-06-30": "$541", "2014-03-31": "$595", "2013-12-31": "$495", "2013-09-30": "$651", "2013-06-30": "$640", "2013-03-31": "$571", "2012-12-31": "$-2,130", "2012-09-30": "$600", "2012-06-30": "$634", "2012-03-31": "$564", "2011-12-31": "$603", "2011-09-30": "$652", "2011-06-30": "$653", "2011-03-31": "$618", "2010-12-31": "$729", "2010-09-30": "$650", "2010-06-30": "$648", "2010-03-31": "$597", "2009-12-31": "$614", "2009-09-30": "$572", "2009-06-30": "$618", "2009-03-31": "$590", "2008-12-31": "$612", "2008-09-30": "$634", "2008-06-30": "$641", "2008-03-31": "$572", "2007-12-31": "$579", "2007-09-30": "$546", "2007-06-30": "$513", "2007-03-31": "$434", "2006-12-31": "$408", "2006-09-30": "$438", "2006-06-30": "$636", "2006-03-31": "$374", "2005-12-31": "$406", "2005-09-30": "$374", "2005-06-30": "$345", "2005-03-31": "$336"}}, "eps-earnings-per-share-diluted": {"General Dynamics Annual EPS": {"2020": "$11.00", "2019": "$11.98", "2018": "$11.18", "2017": "$9.56", "2016": "$8.29", "2015": "$9.29", "2014": "$7.42", "2013": "$6.67", "2012": "$-0.94", "2011": "$6.87", "2010": "$6.81", "2009": "$6.17", "2008": "$6.17", "2007": "$5.08", "2006": "$4.56", "2005": "$3.61"}, "General Dynamics Quarterly EPS": {"2020-09-30": "$2.90", "2020-06-30": "$2.18", "2020-03-31": "$2.43", "2019-12-31": "$3.51", "2019-09-30": "$3.14", "2019-06-30": "$2.77", "2019-03-31": "$2.56", "2018-12-31": "$3.06", "2018-09-30": "$2.85", "2018-06-30": "$2.62", "2018-03-31": "$2.65", "2017-12-31": "$2.11", "2017-09-30": "$2.52", "2017-06-30": "$2.45", "2017-03-31": "$2.48", "2016-12-31": "$1.86", "2016-09-30": "$2.09", "2016-06-30": "$2.30", "2016-03-31": "$2.04", "2015-12-31": "$2.60", "2015-09-30": "$2.28", "2015-06-30": "$2.27", "2015-03-31": "$2.14", "2014-12-31": "$2.07", "2014-09-30": "$2.06", "2014-06-30": "$1.58", "2014-03-31": "$1.71", "2013-12-31": "$1.40", "2013-09-30": "$1.84", "2013-06-30": "$1.81", "2013-03-31": "$1.62", "2012-12-31": "$-5.98", "2012-09-30": "$1.70", "2012-06-30": "$1.77", "2012-03-31": "$1.57", "2011-12-31": "$1.67", "2011-09-30": "$1.80", "2011-06-30": "$1.76", "2011-03-31": "$1.64", "2010-12-31": "$1.91", "2010-09-30": "$1.70", "2010-06-30": "$1.67", "2010-03-31": "$1.53", "2009-12-31": "$1.57", "2009-09-30": "$1.47", "2009-06-30": "$1.60", "2009-03-31": "$1.53", "2008-12-31": "$1.56", "2008-09-30": "$1.59", "2008-06-30": "$1.60", "2008-03-31": "$1.42", "2007-12-31": "$1.42", "2007-09-30": "$1.34", "2007-06-30": "$1.26", "2007-03-31": "$1.06", "2006-12-31": "$1.00", "2006-09-30": "$1.08", "2006-06-30": "$1.56", "2006-03-31": "$0.92", "2005-12-31": "$1.01", "2005-09-30": "$0.92", "2005-06-30": "$0.85", "2005-03-31": "$0.83"}}, "shares-outstanding": {"General Dynamics Annual Shares Outstanding (Millions of Shares)": {"2020": "288", "2019": "291", "2018": "299", "2017": "305", "2016": "310", "2015": "327", "2014": "341", "2013": "353", "2012": "353", "2011": "368", "2010": "385", "2009": "388", "2008": "399", "2007": "408", "2006": "407", "2005": "405"}, "General Dynamics Quarterly Shares Outstanding (Millions of Shares)": {"2020-09-30": "287", "2020-06-30": "287", "2020-03-31": "290", "2019-12-31": "291", "2019-09-30": "291", "2019-06-30": "291", "2019-03-31": "291", "2018-12-31": "299", "2018-09-30": "299", "2018-06-30": "300", "2018-03-31": "301", "2017-12-31": "305", "2017-09-30": "304", "2017-06-30": "305", "2017-03-31": "307", "2016-12-31": "310", "2016-09-30": "310", "2016-06-30": "310", "2016-03-31": "313", "2015-12-31": "327", "2015-09-30": "322", "2015-06-30": "331", "2015-03-31": "335", "2014-12-31": "341", "2014-09-30": "338", "2014-06-30": "343", "2014-03-31": "347", "2013-12-31": "353", "2013-09-30": "353", "2013-06-30": "353", "2013-03-31": "354", "2012-12-31": "353", "2012-09-30": "353", "2012-06-30": "357", "2012-03-31": "359", "2011-12-31": "368", "2011-09-30": "363", "2011-06-30": "371", "2011-03-31": "376", "2010-12-31": "385", "2010-09-30": "383", "2010-06-30": "389", "2010-03-31": "389", "2009-12-31": "388", "2009-09-30": "388", "2009-06-30": "387", "2009-03-31": "387", "2008-12-31": "399", "2008-09-30": "400", "2008-06-30": "402", "2008-03-31": "404", "2007-12-31": "408", "2007-09-30": "407", "2007-06-30": "409", "2007-03-31": "409", "2006-12-31": "407", "2006-09-30": "407", "2006-06-30": "407", "2006-03-31": "405", "2005-12-31": "405", "2005-09-30": "406", "2005-06-30": "404", "2005-03-31": "404"}}, "total-assets": {"General Dynamics Annual Total Assets (Millions of US $)": {"2019": "$48,841", "2018": "$45,408", "2017": "$35,046", "2016": "$33,172", "2015": "$31,997", "2014": "$35,337", "2013": "$35,494", "2012": "$34,309", "2011": "$34,883", "2010": "$32,545", "2009": "$31,077", "2008": "$28,373", "2007": "$25,733", "2006": "$22,376", "2005": "$19,700"}, "General Dynamics Quarterly Total Assets (Millions of US $)": {"2020-09-30": "$50,258", "2020-06-30": "$50,222", "2020-03-31": "$53,710", "2019-12-31": "$48,841", "2019-09-30": "$48,788", "2019-06-30": "$48,074", "2019-03-31": "$47,466", "2018-12-31": "$45,408", "2018-09-30": "$46,963", "2018-06-30": "$47,152", "2018-03-31": "$37,219", "2017-12-31": "$35,046", "2017-09-30": "$34,914", "2017-06-30": "$33,793", "2017-03-31": "$33,211", "2016-12-31": "$33,172", "2016-09-30": "$32,668", "2016-06-30": "$31,769", "2016-03-31": "$31,702", "2015-12-31": "$31,997", "2015-09-30": "$32,980", "2015-06-30": "$33,654", "2015-03-31": "$34,385", "2014-12-31": "$35,337", "2014-09-30": "$35,311", "2014-06-30": "$34,332", "2014-03-31": "$34,382", "2013-12-31": "$35,494", "2013-09-30": "$35,471", "2013-06-30": "$34,731", "2013-03-31": "$34,609", "2012-12-31": "$34,309", "2012-09-30": "$35,503", "2012-06-30": "$35,203", "2012-03-31": "$35,309", "2011-12-31": "$34,883", "2011-09-30": "$33,408", "2011-06-30": "$33,361", "2011-03-31": "$33,104", "2010-12-31": "$32,545", "2010-09-30": "$31,483", "2010-06-30": "$30,872", "2010-03-31": "$31,059", "2009-12-31": "$31,077", "2009-09-30": "$29,775", "2009-06-30": "$28,858", "2009-03-31": "$28,279", "2008-12-31": "$28,373", "2008-09-30": "$26,046", "2008-06-30": "$26,089", "2008-03-31": "$25,707", "2007-12-31": "$25,733", "2007-09-30": "$23,883", "2007-06-30": "$23,407", "2007-03-31": "$22,732", "2006-12-31": "$22,376", "2006-09-30": "$21,577", "2006-06-30": "$21,732", "2006-03-31": "$20,289", "2005-12-31": "$19,700", "2005-09-30": "$18,750", "2005-06-30": "$17,937", "2005-03-31": "$17,905"}}, "cash-on-hand": {"General Dynamics Annual Cash on Hand (Millions of US $)": {"2019": "$902", "2018": "$963", "2017": "$2,983", "2016": "$2,334", "2015": "$2,785", "2014": "$4,388", "2013": "$5,301", "2012": "$3,296", "2011": "$2,649", "2010": "$2,613", "2009": "$2,263", "2008": "$1,621", "2007": "$2,891", "2006": "$1,604", "2005": "$2,331"}, "General Dynamics Quarterly Cash on Hand (Millions of US $)": {"2020-09-30": "$1,469", "2020-06-30": "$2,300", "2020-03-31": "$5,330", "2019-12-31": "$902", "2019-09-30": "$974", "2019-06-30": "$702", "2019-03-31": "$673", "2018-12-31": "$963", "2018-09-30": "$1,010", "2018-06-30": "$1,862", "2018-03-31": "$4,332", "2017-12-31": "$2,983", "2017-09-30": "$2,722", "2017-06-30": "$1,856", "2017-03-31": "$2,168", "2016-12-31": "$2,334", "2016-09-30": "$2,303", "2016-06-30": "$1,899", "2016-03-31": "$1,907", "2015-12-31": "$2,785", "2015-09-30": "$3,372", "2015-06-30": "$4,032", "2015-03-31": "$4,412", "2014-12-31": "$4,388", "2014-09-30": "$5,105", "2014-06-30": "$3,841", "2014-03-31": "$4,296", "2013-12-31": "$5,301", "2013-09-30": "$4,065", "2013-06-30": "$3,757", "2013-03-31": "$3,745", "2012-12-31": "$3,296", "2012-09-30": "$2,874", "2012-06-30": "$2,540", "2012-03-31": "$2,632", "2011-12-31": "$2,649", "2011-09-30": "$1,540", "2011-06-30": "$2,157", "2011-03-31": "$2,484", "2010-12-31": "$2,613", "2010-09-30": "$1,843", "2010-06-30": "$1,853", "2010-03-31": "$2,025", "2009-12-31": "$2,263", "2009-09-30": "$1,409", "2009-06-30": "$1,614", "2009-03-31": "$1,126", "2008-12-31": "$1,621", "2008-09-30": "$2,617", "2008-06-30": "$2,740", "2008-03-31": "$2,605", "2007-12-31": "$2,891", "2007-09-30": "$2,033", "2007-06-30": "$1,794", "2007-03-31": "$1,492", "2006-12-31": "$1,604", "2006-09-30": "$963", "2006-06-30": "$1,399", "2006-03-31": "$2,599", "2005-12-31": "$2,331", "2005-09-30": "$1,754", "2005-06-30": "$1,438", "2005-03-31": "$1,511"}}, "long-term-debt": {"General Dynamics Annual Long Term Debt (Millions of US $)": {"2019": "$9,010", "2018": "$11,444", "2017": "$3,980", "2016": "$2,988", "2015": "$2,898", "2014": "$3,392", "2013": "$3,908", "2012": "$3,908", "2011": "$3,907", "2010": "$2,430", "2009": "$3,159", "2008": "$3,113", "2007": "$2,118", "2006": "$2,774", "2005": "$2,778"}, "General Dynamics Quarterly Long Term Debt (Millions of US $)": {"2020-09-30": "$9,978", "2020-06-30": "$10,470", "2020-03-31": "$12,951", "2019-12-31": "$9,010", "2019-09-30": "$8,989", "2019-06-30": "$8,975", "2019-03-31": "$11,451", "2018-12-31": "$11,444", "2018-09-30": "$11,403", "2018-06-30": "$11,397", "2018-03-31": "$3,981", "2017-12-31": "$3,980", "2017-09-30": "$3,979", "2017-06-30": "$2,989", "2017-03-31": "$2,988", "2016-12-31": "$2,988", "2016-09-30": "$3,885", "2016-06-30": "$2,899", "2016-03-31": "$2,899", "2015-12-31": "$2,898", "2015-09-30": "$2,912", "2015-06-30": "$3,411", "2015-03-31": "$3,410", "2014-12-31": "$3,392", "2014-09-30": "$3,410", "2014-06-30": "$3,409", "2014-03-31": "$3,409", "2013-12-31": "$3,908", "2013-09-30": "$3,908", "2013-06-30": "$3,907", "2013-03-31": "$3,909", "2012-12-31": "$3,908", "2012-09-30": "$2,924", "2012-06-30": "$2,905", "2012-03-31": "$3,905", "2011-12-31": "$3,907", "2011-09-30": "$3,907", "2011-06-30": "$2,409", "2011-03-31": "$2,411", "2010-12-31": "$2,430", "2010-09-30": "$2,430", "2010-06-30": "$3,159", "2010-03-31": "$3,159", "2009-12-31": "$3,159", "2009-09-30": "$3,159", "2009-06-30": "$3,860", "2009-03-31": "$3,112", "2008-12-31": "$3,113", "2008-09-30": "$2,117", "2008-06-30": "$2,117", "2008-03-31": "$2,117", "2007-12-31": "$2,118", "2007-09-30": "$2,140", "2007-06-30": "$2,283", "2007-03-31": "$2,782", "2006-12-31": "$2,774", "2006-09-30": "$2,778", "2006-06-30": "$2,778", "2006-03-31": "$2,778", "2005-12-31": "$2,778", "2005-09-30": "$2,790", "2005-06-30": "$2,791", "2005-03-31": "$3,290"}}, "total-liabilities": {"General Dynamics Annual Total Liabilities (Millions of US $)": {"2019": "$35,264", "2018": "$33,676", "2017": "$23,611", "2016": "$22,871", "2015": "$21,259", "2014": "$23,508", "2013": "$20,993", "2012": "$22,919", "2011": "$21,651", "2010": "$19,229", "2009": "$18,654", "2008": "$18,320", "2007": "$13,965", "2006": "$12,549", "2005": "$11,555"}, "General Dynamics Quarterly Total Liabilities (Millions of US $)": {"2020-09-30": "$35,542", "2020-06-30": "$36,332", "2020-03-31": "$40,510", "2019-12-31": "$35,264", "2019-09-30": "$35,275", "2019-06-30": "$35,197", "2019-03-31": "$35,232", "2018-12-31": "$33,676", "2018-09-30": "$34,208", "2018-06-30": "$35,158", "2018-03-31": "$25,445", "2017-12-31": "$23,611", "2017-09-30": "$23,350", "2017-06-30": "$22,841", "2017-03-31": "$22,628", "2016-12-31": "$22,871", "2016-09-30": "$21,351", "2016-06-30": "$20,774", "2016-03-31": "$21,120", "2015-12-31": "$21,259", "2015-09-30": "$22,246", "2015-06-30": "$22,378", "2015-03-31": "$22,865", "2014-12-31": "$23,508", "2014-09-30": "$22,301", "2014-06-30": "$21,213", "2014-03-31": "$20,692", "2013-12-31": "$20,993", "2013-09-30": "$22,866", "2013-06-30": "$22,975", "2013-03-31": "$23,027", "2012-12-31": "$22,919", "2012-09-30": "$21,231", "2012-06-30": "$21,541", "2012-03-31": "$21,455", "2011-12-31": "$21,651", "2011-09-30": "$19,789", "2011-06-30": "$19,436", "2011-03-31": "$19,227", "2010-12-31": "$19,229", "2010-09-30": "$17,901", "2010-06-30": "$18,033", "2010-03-31": "$18,280", "2009-12-31": "$18,654", "2009-09-30": "$18,057", "2009-06-30": "$17,857", "2009-03-31": "$18,008", "2008-12-31": "$18,320", "2008-09-30": "$13,912", "2008-06-30": "$13,905", "2008-03-31": "$13,930", "2007-12-31": "$13,965", "2007-09-30": "$12,973", "2007-06-30": "$12,785", "2007-03-31": "$12,657", "2006-12-31": "$12,549", "2006-09-30": "$12,105", "2006-06-30": "$12,651", "2006-03-31": "$11,822", "2005-12-31": "$11,555", "2005-09-30": "$10,777", "2005-06-30": "$10,361", "2005-03-31": "$10,509"}}, "total-share-holder-equity": {"General Dynamics Annual Share Holder Equity (Millions of US $)": {"2019": "$13,577", "2018": "$11,732", "2017": "$11,435", "2016": "$10,301", "2015": "$10,738", "2014": "$11,829", "2013": "$14,501", "2012": "$11,390", "2011": "$13,232", "2010": "$13,316", "2009": "$12,423", "2008": "$10,053", "2007": "$11,768", "2006": "$9,827", "2005": "$8,145"}, "General Dynamics Quarterly Share Holder Equity (Millions of US $)": {"2020-09-30": "$14,716", "2020-06-30": "$13,890", "2020-03-31": "$13,200", "2019-12-31": "$13,577", "2019-09-30": "$13,513", "2019-06-30": "$12,877", "2019-03-31": "$12,234", "2018-12-31": "$11,732", "2018-09-30": "$12,755", "2018-06-30": "$11,994", "2018-03-31": "$11,774", "2017-12-31": "$11,435", "2017-09-30": "$11,564", "2017-06-30": "$10,952", "2017-03-31": "$10,583", "2016-12-31": "$10,301", "2016-09-30": "$11,317", "2016-06-30": "$10,995", "2016-03-31": "$10,582", "2015-12-31": "$10,738", "2015-09-30": "$10,734", "2015-06-30": "$11,276", "2015-03-31": "$11,520", "2014-12-31": "$11,829", "2014-09-30": "$13,010", "2014-06-30": "$13,119", "2014-03-31": "$13,690", "2013-12-31": "$14,501", "2013-09-30": "$12,605", "2013-06-30": "$11,756", "2013-03-31": "$11,582", "2012-12-31": "$11,390", "2012-09-30": "$14,272", "2012-06-30": "$13,662", "2012-03-31": "$13,854", "2011-12-31": "$13,232", "2011-09-30": "$13,619", "2011-06-30": "$13,925", "2011-03-31": "$13,877", "2010-12-31": "$13,316", "2010-09-30": "$13,582", "2010-06-30": "$12,839", "2010-03-31": "$12,779", "2009-12-31": "$12,423", "2009-09-30": "$11,718", "2009-06-30": "$11,001", "2009-03-31": "$10,271", "2008-12-31": "$10,053", "2008-09-30": "$12,134", "2008-06-30": "$12,184", "2008-03-31": "$11,777", "2007-12-31": "$11,768", "2007-09-30": "$10,910", "2007-06-30": "$10,622", "2007-03-31": "$10,075", "2006-12-31": "$9,827", "2006-09-30": "$9,472", "2006-06-30": "$9,081", "2006-03-31": "$8,467", "2005-12-31": "$8,145", "2005-09-30": "$7,973", "2005-06-30": "$7,576", "2005-03-31": "$7,396"}}, "profit-margins": {"current": "8.35%"}, "gross margin": {"2020-09-30": "16.89%", "2020-06-30": "17.25%", "2020-03-31": "17.82%", "2019-12-31": "17.94%", "2019-09-30": "17.67%", "2019-06-30": "17.72%", "2019-03-31": "17.93%", "2018-12-31": "18.55%", "2018-09-30": "19.15%", "2018-06-30": "19.67%", "2018-03-31": "20.18%", "2017-12-31": "20.15%", "2017-09-30": "19.53%", "2017-06-30": "19.22%", "2017-03-31": "18.99%", "2016-12-31": "18.54%", "2016-09-30": "19.42%", "2016-06-30": "19.29%", "2016-03-31": "19.34%", "2015-12-31": "19.61%", "2015-09-30": "19.31%", "2015-06-30": "19.36%", "2015-03-31": "19.25%", "2014-12-31": "19.04%", "2014-09-30": "18.78%", "2014-06-30": "18.73%", "2014-03-31": "18.64%", "2013-12-31": "18.52%", "2013-09-30": "16.25%", "2013-06-30": "16.01%", "2013-03-31": "16.03%", "2012-12-31": "16.07%", "2012-09-30": "17.74%", "2012-06-30": "18.01%", "2012-03-31": "17.91%", "2011-12-31": "17.92%", "2011-09-30": "18.60%", "2011-06-30": "18.38%", "2011-03-31": "18.28%", "2010-12-31": "18.20%", "2010-09-30": "18.10%", "2010-06-30": "17.88%", "2010-03-31": "17.85%", "2009-12-31": "17.60%", "2009-09-30": "21.46%", "2009-06-30": "20.60%", "2009-03-31": "19.39%", "2008-12-31": "18.33%", "2008-09-30": "18.05%", "2008-06-30": "17.79%", "2008-03-31": "17.66%", "2007-12-31": "17.46%", "2007-09-30": "11.22%", "2007-06-30": "11.07%", "2007-03-31": "10.92%", "2006-12-31": "10.91%", "2006-09-30": "10.85%", "2006-06-30": "10.77%", "2006-03-31": "10.66%", "2005-12-31": "10.39%"}, "operating margin": {"2020-09-30": "10.97%", "2020-06-30": "11.22%", "2020-03-31": "11.78%", "2019-12-31": "11.81%", "2019-09-30": "11.67%", "2019-06-30": "11.66%", "2019-03-31": "11.77%", "2018-12-31": "12.31%", "2018-09-30": "12.59%", "2018-06-30": "12.95%", "2018-03-31": "13.51%", "2017-12-31": "13.68%", "2017-09-30": "13.03%", "2017-06-30": "12.84%", "2017-03-31": "12.66%", "2016-12-31": "12.25%", "2016-09-30": "13.28%", "2016-06-30": "13.19%", "2016-03-31": "13.32%", "2015-12-31": "13.51%", "2015-09-30": "13.14%", "2015-06-30": "13.13%", "2015-03-31": "12.88%", "2014-12-31": "12.61%", "2014-09-30": "12.29%", "2014-06-30": "12.17%", "2014-03-31": "12.07%", "2013-12-31": "11.93%", "2013-09-30": "2.62%", "2013-06-30": "2.42%", "2013-03-31": "2.44%", "2012-12-31": "2.47%", "2012-09-30": "11.31%", "2012-06-30": "11.62%", "2012-03-31": "11.57%", "2011-12-31": "11.71%", "2011-09-30": "12.30%", "2011-06-30": "12.14%", "2011-03-31": "12.17%", "2010-12-31": "12.15%", "2010-09-30": "12.03%", "2010-06-30": "11.85%", "2010-03-31": "11.72%", "2009-12-31": "11.49%", "2009-09-30": "11.47%", "2009-06-30": "11.87%", "2009-03-31": "12.10%", "2008-12-31": "12.47%", "2008-09-30": "12.38%", "2008-06-30": "12.05%", "2008-03-31": "11.78%", "2007-12-31": "11.43%", "2007-09-30": "11.22%", "2007-06-30": "11.07%", "2007-03-31": "10.92%", "2006-12-31": "10.91%", "2006-09-30": "10.85%", "2006-06-30": "10.77%", "2006-03-31": "10.66%", "2005-12-31": "10.39%"}, "ebitda margin": {"2020-09-30": "13.19%", "2020-06-30": "13.41%", "2020-03-31": "13.93%", "2019-12-31": "13.92%", "2019-09-30": "13.84%", "2019-06-30": "13.88%", "2019-03-31": "14.04%", "2018-12-31": "14.42%", "2018-09-30": "14.51%", "2018-06-30": "14.63%", "2018-03-31": "14.93%", "2017-12-31": "15.10%", "2017-09-30": "14.47%", "2017-06-30": "14.29%", "2017-03-31": "14.13%", "2016-12-31": "13.73%", "2016-09-30": "14.76%", "2016-06-30": "14.69%", "2016-03-31": "14.82%", "2015-12-31": "15.03%", "2015-09-30": "14.64%", "2015-06-30": "14.67%", "2015-03-31": "14.46%", "2014-12-31": "14.21%", "2014-09-30": "13.96%", "2014-06-30": "13.85%", "2014-03-31": "13.72%", "2013-12-31": "13.62%", "2013-09-30": "11.85%", "2013-06-30": "11.68%", "2013-03-31": "11.76%", "2012-12-31": "11.78%", "2012-09-30": "13.54%", "2012-06-30": "13.84%", "2012-03-31": "13.77%", "2011-12-31": "13.86%", "2011-09-30": "14.10%", "2011-06-30": "13.92%", "2011-03-31": "13.92%", "2010-12-31": "13.90%", "2010-09-30": "13.81%", "2010-06-30": "13.64%", "2010-03-31": "13.52%", "2009-12-31": "13.25%", "2009-09-30": "13.15%", "2009-06-30": "13.50%", "2009-03-31": "13.68%", "2008-12-31": "13.99%", "2008-09-30": "13.89%", "2008-06-30": "13.55%", "2008-03-31": "13.30%", "2007-12-31": "12.98%", "2007-09-30": "12.83%", "2007-06-30": "12.70%", "2007-03-31": "12.54%", "2006-12-31": "12.50%", "2006-09-30": "12.39%", "2006-06-30": "12.28%", "2006-03-31": "12.15%", "2005-12-31": "11.95%"}, "pre tax profit margin": {"2020-09-30": "9.86%", "2020-06-30": "10.06%", "2020-03-31": "10.65%", "2019-12-31": "10.68%", "2019-09-30": "10.58%", "2019-06-30": "10.59%", "2019-03-31": "10.65%", "2018-12-31": "11.29%", "2018-09-30": "11.62%", "2018-06-30": "12.17%", "2018-03-31": "12.96%", "2017-12-31": "13.16%", "2017-09-30": "12.57%", "2017-06-30": "12.43%", "2017-03-31": "12.30%", "2016-12-31": "11.96%", "2016-09-30": "13.04%", "2016-06-30": "12.96%", "2016-03-31": "13.10%", "2015-12-31": "13.28%", "2015-09-30": "12.89%", "2015-06-30": "12.88%", "2015-03-31": "12.62%", "2014-12-31": "12.32%", "2014-09-30": "12.01%", "2014-06-30": "11.90%", "2014-03-31": "11.82%", "2013-12-31": "11.67%", "2013-09-30": "1.87%", "2013-06-30": "1.60%", "2013-03-31": "1.54%", "2012-12-31": "1.53%", "2012-09-30": "10.81%", "2012-06-30": "11.11%", "2012-03-31": "11.22%", "2011-12-31": "11.38%", "2011-09-30": "11.98%", "2011-06-30": "11.85%", "2011-03-31": "11.72%", "2010-12-31": "11.67%", "2010-09-30": "11.51%", "2010-06-30": "11.30%", "2010-03-31": "11.18%", "2009-12-31": "10.98%", "2009-09-30": "11.06%", "2009-06-30": "11.56%", "2009-03-31": "11.87%", "2008-12-31": "12.30%", "2008-09-30": "12.21%", "2008-06-30": "11.88%", "2008-03-31": "11.58%", "2007-12-31": "11.19%", "2007-09-30": "10.91%", "2007-06-30": "10.66%", "2007-03-31": "10.49%", "2006-12-31": "10.50%", "2006-09-30": "10.49%", "2006-06-30": "10.39%", "2006-03-31": "10.23%", "2005-12-31": "9.86%"}, "net profit margin": {"2020-09-30": "8.33%", "2020-06-30": "8.47%", "2020-03-31": "8.87%", "2019-12-31": "8.85%", "2019-09-30": "8.66%", "2019-06-30": "8.65%", "2019-03-31": "8.68%", "2018-12-31": "9.24%", "2018-09-30": "9.01%", "2018-06-30": "9.16%", "2018-03-31": "9.49%", "2017-12-31": "9.40%", "2017-09-30": "9.38%", "2017-06-30": "8.97%", "2017-03-31": "8.83%", "2016-12-31": "8.42%", "2016-09-30": "9.14%", "2016-06-30": "9.32%", "2016-03-31": "9.41%", "2015-12-31": "9.55%", "2015-09-30": "9.06%", "2015-06-30": "9.02%", "2015-03-31": "8.46%", "2014-12-31": "8.21%", "2014-09-30": "7.64%", "2014-06-30": "7.50%", "2014-03-31": "7.73%", "2013-12-31": "7.62%", "2013-09-30": "-0.88%", "2013-06-30": "-1.04%", "2013-03-31": "-1.05%", "2012-12-31": "-1.07%", "2012-09-30": "7.37%", "2012-06-30": "7.55%", "2012-03-31": "7.62%", "2011-12-31": "7.73%", "2011-09-30": "8.25%", "2011-06-30": "8.21%", "2011-03-31": "8.13%", "2010-12-31": "8.08%", "2010-09-30": "7.90%", "2010-06-30": "7.72%", "2010-03-31": "7.63%", "2009-12-31": "7.49%", "2009-09-30": "7.49%", "2009-06-30": "7.83%", "2009-03-31": "8.11%", "2008-12-31": "8.39%", "2008-09-30": "8.38%", "2008-06-30": "8.16%", "2008-03-31": "7.91%", "2007-12-31": "7.61%", "2007-09-30": "7.24%", "2007-06-30": "7.04%", "2007-03-31": "7.72%", "2006-12-31": "7.71%", "2006-09-30": "7.96%", "2006-06-30": "7.95%", "2006-03-31": "6.90%", "2005-12-31": "6.97%"}, "pe ratio": {"current": "14.74", "2021-02-11": "14.83", "2020-09-30": "12.38", "2020-06-30": "12.98", "2020-03-31": "10.83", "2019-12-31": "14.20", "2019-09-30": "15.19", "2019-06-30": "15.42", "2019-03-31": "14.46", "2018-12-31": "13.25", "2018-09-30": "18.81", "2018-06-30": "17.61", "2018-03-31": "21.14", "2017-12-31": "19.74", "2017-09-30": "18.92", "2017-06-30": "18.73", "2017-03-31": "17.64", "2016-12-31": "16.51", "2016-09-30": "15.04", "2016-06-30": "13.40", "2016-03-31": "12.73", "2015-12-31": "13.47", "2015-09-30": "13.94", "2015-06-30": "14.69", "2015-03-31": "15.15", "2014-12-31": "16.18", "2014-09-30": "16.38", "2014-06-30": "15.45", "2014-03-31": "13.87", "2013-12-31": "12.26", "2013-09-30": "0.00", "2013-06-30": "0.00", "2013-03-31": "0.00", "2012-12-31": "0.00", "2012-09-30": "8.11", "2012-06-30": "7.91", "2012-03-31": "8.75", "2011-12-31": "7.79", "2011-09-30": "6.40", "2011-06-30": "8.51", "2011-03-31": "8.74", "2010-12-31": "8.19", "2010-09-30": "7.58", "2010-06-30": "7.33", "2010-03-31": "9.64", "2009-12-31": "8.47", "2009-09-30": "7.98", "2009-06-30": "6.71", "2009-03-31": "4.96", "2008-12-31": "6.95", "2008-09-30": "9.06", "2008-06-30": "10.76", "2008-03-31": "11.27", "2007-12-31": "12.84", "2007-09-30": "13.24", "2007-06-30": "12.94", "2007-03-31": "11.79", "2006-12-31": "11.79"}, "price sales": {"2021-02-11": "1.24", "2020-09-30": "1.03", "2020-06-30": "1.10", "2020-03-31": "0.96", "2019-12-31": "1.26", "2019-09-30": "1.32", "2019-06-30": "1.34", "2019-03-31": "1.26", "2018-12-31": "1.23", "2018-09-30": "1.70", "2018-06-30": "1.62", "2018-03-31": "2.01", "2017-12-31": "1.86", "2017-09-30": "1.92", "2017-06-30": "1.84", "2017-03-31": "1.74", "2016-12-31": "1.60", "2016-09-30": "1.43", "2016-06-30": "1.28", "2016-03-31": "1.21", "2015-12-31": "1.27", "2015-09-30": "1.27", "2015-06-30": "1.33", "2015-03-31": "1.29", "2014-12-31": "1.34", "2014-09-30": "1.25", "2014-06-30": "1.16", "2014-03-31": "1.07", "2013-12-31": "0.93", "2013-09-30": "0.86", "2013-06-30": "0.76", "2013-03-31": "0.68", "2012-12-31": "0.67", "2012-09-30": "0.60", "2012-06-30": "0.60", "2012-03-31": "0.67", "2011-12-31": "0.61", "2011-09-30": "0.53", "2011-06-30": "0.70", "2011-03-31": "0.71", "2010-12-31": "0.66", "2010-09-30": "0.60", "2010-06-30": "0.56", "2010-03-31": "0.73", "2009-12-31": "0.63", "2009-09-30": "0.60", "2009-06-30": "0.53", "2009-03-31": "0.40", "2008-12-31": "0.59", "2008-09-30": "0.76", "2008-06-30": "0.88", "2008-03-31": "0.89", "2007-12-31": "0.98", "2007-09-30": "0.96", "2007-06-30": "0.91", "2007-03-31": "0.91", "2006-12-31": "0.91"}, "price book": {"current": "2.97", "2021-02-11": "3.19", "2020-09-30": "2.66", "2020-06-30": "3.02", "2020-03-31": "2.79", "2019-12-31": "3.63", "2019-09-30": "3.75", "2019-06-30": "3.89", "2019-03-31": "3.79", "2018-12-31": "3.65", "2018-09-30": "4.46", "2018-06-30": "4.30", "2018-03-31": "5.18", "2017-12-31": "4.89", "2017-09-30": "4.90", "2017-06-30": "4.98", "2017-03-31": "4.88", "2016-12-31": "4.62", "2016-09-30": "3.79", "2016-06-30": "3.50", "2016-03-31": "3.40", "2015-12-31": "3.57", "2015-09-30": "3.60", "2015-06-30": "3.60", "2015-03-31": "3.40", "2014-12-31": "3.38", "2014-09-30": "2.82", "2014-06-30": "2.57", "2014-03-31": "2.35", "2013-12-31": "1.99", "2013-09-30": "2.08", "2013-06-30": "1.97", "2013-03-31": "1.80", "2012-12-31": "1.80", "2012-09-30": "1.35", "2012-06-30": "1.39", "2012-03-31": "1.55", "2011-12-31": "1.44", "2011-09-30": "1.19", "2011-06-30": "1.55", "2011-03-31": "1.62", "2010-12-31": "1.56", "2010-09-30": "1.36", "2010-06-30": "1.35", "2010-03-31": "1.80", "2009-12-31": "1.62", "2009-09-30": "1.62", "2009-06-30": "1.48", "2009-03-31": "1.17", "2008-12-31": "1.65", "2008-09-30": "1.75", "2008-06-30": "2.03", "2008-03-31": "2.08", "2007-12-31": "2.24", "2007-09-30": "2.28", "2007-06-30": "2.17", "2007-03-31": "2.23", "2006-12-31": "2.22", "2006-09-30": "2.21", "2006-06-30": "2.09", "2006-03-31": "2.18"}, "price fcf": {"2021-02-11": "", "2020-09-30": "$9.27", "2020-06-30": "$9.04", "2020-03-31": "$7.28", "2019-12-31": "$6.86", "2019-09-30": "$6.03", "2019-06-30": "$5.20", "2019-03-31": "$6.85", "2018-12-31": "$8.22", "2018-09-30": "$8.14", "2018-06-30": "$8.55", "2018-03-31": "$7.79", "2017-12-31": "$11.32", "2017-09-30": "$7.36", "2017-06-30": "$6.13", "2017-03-31": "$5.91", "2016-12-31": "$5.71", "2016-09-30": "$3.95", "2016-06-30": "$4.87", "2016-03-31": "$5.63", "2015-12-31": "$6.24", "2015-09-30": "$5.39", "2015-06-30": "$10.14", "2015-03-31": "$10.66", "2014-12-31": "$9.69", "2014-09-30": "$14.16", "2014-06-30": "$8.26", "2014-03-31": "$7.32", "2013-12-31": "$7.57", "2013-09-30": "$5.19", "2013-06-30": "$5.85", "2013-03-31": "$6.45", "2012-12-31": "$6.14", "2012-09-30": "$9.56", "2012-06-30": "$7.97", "2012-03-31": "$7.76", "2011-12-31": "$7.56", "2011-09-30": "$5.87", "2011-06-30": "$7.83", "2011-03-31": "$7.11", "2010-12-31": "$6.79", "2010-09-30": "$7.04", "2010-06-30": "$6.29", "2010-03-31": "$6.56", "2009-12-31": "$6.37", "2009-09-30": "$4.45", "2009-06-30": "$5.02", "2009-03-31": "$5.94", "2008-12-31": "$6.61", "2008-09-30": "$7.23", "2008-06-30": "$7.34", "2008-03-31": "$5.80", "2007-12-31": "$6.07", "2007-09-30": "$5.47", "2007-06-30": "$4.59", "2007-03-31": "$4.51", "2006-12-31": "$4.41"}, "net worth": {"value": "$46.53B"}, "current ratio": {"current": "1.29", "2020-09-30": "1.29", "2020-06-30": "1.27", "2020-03-31": "1.34", "2019-12-31": "1.18", "2019-09-30": "1.11", "2019-06-30": "1.09", "2019-03-31": "1.23", "2018-12-31": "1.23", "2018-09-30": "1.27", "2018-06-30": "1.20", "2018-03-31": "1.34", "2017-12-31": "1.40", "2017-09-30": "1.37", "2017-06-30": "1.27", "2017-03-31": "1.26", "2016-12-31": "1.23", "2016-09-30": "1.29", "2016-06-30": "1.19", "2016-03-31": "1.14", "2015-12-31": "1.17", "2015-09-30": "1.16", "2015-06-30": "1.24", "2015-03-31": "1.25", "2014-12-31": "1.27", "2014-09-30": "1.24", "2014-06-30": "1.30", "2014-03-31": "1.34", "2013-12-31": "1.48", "2013-09-30": "1.42", "2013-06-30": "1.40", "2013-03-31": "1.39", "2012-12-31": "1.36", "2012-09-30": "1.28", "2012-06-30": "1.28", "2012-03-31": "1.42", "2011-12-31": "1.38", "2011-09-30": "1.34", "2011-06-30": "1.28", "2011-03-31": "1.32", "2010-12-31": "1.27", "2010-09-30": "1.30", "2010-06-30": "1.34", "2010-03-31": "1.34", "2009-12-31": "1.28", "2009-09-30": "1.24", "2009-06-30": "1.33", "2009-03-31": "1.17", "2008-12-31": "1.15", "2008-09-30": "1.43", "2008-06-30": "1.43", "2008-03-31": "1.35", "2007-12-31": "1.34", "2007-09-30": "1.31", "2007-06-30": "1.30", "2007-03-31": "1.30", "2006-12-31": "1.26", "2006-09-30": "1.20", "2006-06-30": "1.14", "2006-03-31": "1.33", "2005-12-31": "1.33", "2005-09-30": "1.33", "2005-06-30": "1.33", "2005-03-31": "1.38"}, "quick ratio": {"2020-09-30": "0.90", "2020-06-30": "0.87", "2020-03-31": "0.97", "2019-12-31": "0.80", "2019-09-30": "0.75", "2019-06-30": "0.73", "2019-03-31": "0.82", "2018-12-31": "0.83", "2018-09-30": "0.87", "2018-06-30": "0.84", "2018-03-31": "0.98", "2017-12-31": "0.99", "2017-09-30": "0.93", "2017-06-30": "0.84", "2017-03-31": "0.82", "2016-12-31": "0.85", "2016-09-30": "0.98", "2016-06-30": "0.90", "2016-03-31": "0.86", "2015-12-31": "0.90", "2015-09-30": "0.91", "2015-06-30": "0.98", "2015-03-31": "0.99", "2014-12-31": "1.03", "2014-09-30": "1.03", "2014-06-30": "1.06", "2014-03-31": "1.11", "2013-12-31": "1.25", "2013-09-30": "1.17", "2013-06-30": "1.15", "2013-03-31": "1.15", "2012-12-31": "1.12", "2012-09-30": "1.06", "2012-06-30": "1.06", "2012-03-31": "1.19", "2011-12-31": "1.17", "2011-09-30": "1.10", "2011-06-30": "1.07", "2011-03-31": "1.11", "2010-12-31": "1.08", "2010-09-30": "1.11", "2010-06-30": "1.14", "2010-03-31": "1.14", "2009-12-31": "1.07", "2009-09-30": "1.03", "2009-06-30": "1.10", "2009-03-31": "0.97", "2008-12-31": "0.96", "2008-09-30": "1.23", "2008-06-30": "1.24", "2008-03-31": "1.16", "2007-12-31": "1.17", "2007-09-30": "1.12", "2007-06-30": "1.10", "2007-03-31": "1.09", "2006-12-31": "1.07", "2006-09-30": "1.01", "2006-06-30": "0.96", "2006-03-31": "1.14", "2005-12-31": "1.15", "2005-09-30": "1.11", "2005-06-30": "1.12", "2005-03-31": "1.17"}, "debt equity ratio": {"current": "0.64", "2020-09-30": "2.42", "2020-06-30": "2.62", "2020-03-31": "3.07", "2019-12-31": "2.60", "2019-09-30": "2.61", "2019-06-30": "2.73", "2019-03-31": "2.88", "2018-12-31": "2.87", "2018-09-30": "2.68", "2018-06-30": "2.93", "2018-03-31": "2.16", "2017-12-31": "2.07", "2017-09-30": "2.02", "2017-06-30": "2.09", "2017-03-31": "2.14", "2016-12-31": "2.22", "2016-09-30": "1.89", "2016-06-30": "1.89", "2016-03-31": "2.00", "2015-12-31": "1.98", "2015-09-30": "2.07", "2015-06-30": "1.99", "2015-03-31": "1.99", "2014-12-31": "1.99", "2014-09-30": "1.71", "2014-06-30": "1.62", "2014-03-31": "1.51", "2013-12-31": "1.45", "2013-09-30": "1.81", "2013-06-30": "1.95", "2013-03-31": "1.99", "2012-12-31": "2.01", "2012-09-30": "1.49", "2012-06-30": "1.58", "2012-03-31": "1.55", "2011-12-31": "1.64", "2011-09-30": "1.45", "2011-06-30": "1.40", "2011-03-31": "1.39", "2010-12-31": "1.44", "2010-09-30": "1.32", "2010-06-30": "1.41", "2010-03-31": "1.43", "2009-12-31": "1.50", "2009-09-30": "1.54", "2009-06-30": "1.62", "2009-03-31": "1.75", "2008-12-31": "1.82", "2008-09-30": "1.15", "2008-06-30": "1.14", "2008-03-31": "1.18", "2007-12-31": "1.19", "2007-09-30": "1.19", "2007-06-30": "1.20", "2007-03-31": "1.26", "2006-12-31": "1.28", "2006-09-30": "1.28", "2006-06-30": "1.39", "2006-03-31": "1.40", "2005-12-31": "1.42", "2005-09-30": "1.35", "2005-06-30": "1.37", "2005-03-31": "1.42"}, "return on equity": {"2020-09-30": "23.00%", "2020-06-30": "24.10%", "2020-03-31": "25.92%", "2019-12-31": "26.70%", "2019-09-30": "26.79%", "2019-06-30": "26.70%", "2019-03-31": "27.02%", "2018-12-31": "27.73%", "2018-09-30": "25.62%", "2018-06-30": "25.53%", "2018-03-31": "25.79%", "2017-12-31": "26.16%", "2017-09-30": "26.23%", "2017-06-30": "25.30%", "2017-03-31": "24.95%", "2016-12-31": "23.82%", "2016-09-30": "26.01%", "2016-06-30": "27.16%", "2016-03-31": "27.33%", "2015-12-31": "27.43%", "2015-09-30": "25.59%", "2015-06-30": "24.06%", "2015-03-31": "21.46%", "2014-12-31": "19.62%", "2014-09-30": "17.14%", "2014-06-30": "16.93%", "2014-03-31": "18.12%", "2013-12-31": "18.69%", "2013-09-30": "-2.26%", "2013-06-30": "-2.60%", "2013-03-31": "-2.55%", "2012-12-31": "-2.50%", "2012-09-30": "17.46%", "2012-06-30": "18.05%", "2012-03-31": "18.10%", "2011-12-31": "18.49%", "2011-09-30": "19.38%", "2011-06-30": "19.38%", "2011-03-31": "19.73%", "2010-12-31": "19.99%", "2010-09-30": "19.44%", "2010-06-30": "19.54%", "2010-03-31": "20.04%", "2009-12-31": "21.09%", "2009-09-30": "22.23%", "2009-06-30": "22.59%", "2009-03-31": "22.19%", "2008-12-31": "21.31%", "2008-09-30": "20.27%", "2008-06-30": "20.05%", "2008-03-31": "19.61%", "2007-12-31": "19.11%", "2007-09-30": "18.35%", "2007-06-30": "17.93%", "2007-03-31": "19.93%", "2006-12-31": "20.15%", "2006-09-30": "21.09%", "2006-06-30": "21.27%", "2006-03-31": "18.64%", "2005-12-31": "18.80%"}, "return on assets": {"2020-09-30": "6.27%", "2020-06-30": "6.48%", "2020-03-31": "6.91%", "2019-12-31": "7.21%", "2019-09-30": "7.11%", "2019-06-30": "7.05%", "2019-03-31": "7.04%", "2018-12-31": "7.57%", "2018-09-30": "7.39%", "2018-06-30": "7.74%", "2018-03-31": "8.36%", "2017-12-31": "8.50%", "2017-09-30": "8.43%", "2017-06-30": "8.22%", "2017-03-31": "8.24%", "2016-12-31": "7.96%", "2016-09-30": "8.86%", "2016-06-30": "9.10%", "2016-03-31": "9.09%", "2015-12-31": "9.13%", "2015-09-30": "8.51%", "2015-06-30": "8.26%", "2015-03-31": "7.62%", "2014-12-31": "7.27%", "2014-09-30": "6.67%", "2014-06-30": "6.53%", "2014-03-31": "6.80%", "2013-12-31": "6.72%", "2013-09-30": "-0.77%", "2013-06-30": "-0.92%", "2013-03-31": "-0.93%", "2012-12-31": "-0.95%", "2012-09-30": "6.82%", "2012-06-30": "7.07%", "2012-03-31": "7.22%", "2011-12-31": "7.50%", "2011-09-30": "8.01%", "2011-06-30": "8.12%", "2011-03-31": "8.27%", "2010-12-31": "8.33%", "2010-09-30": "8.06%", "2010-06-30": "7.92%", "2010-03-31": "7.95%", "2009-12-31": "8.12%", "2009-09-30": "8.30%", "2009-06-30": "8.80%", "2009-03-31": "9.11%", "2008-12-31": "9.26%", "2008-09-30": "9.37%", "2008-06-30": "9.22%", "2008-03-31": "8.95%", "2007-12-31": "8.66%", "2007-09-30": "8.23%", "2007-06-30": "7.96%", "2007-03-31": "8.67%", "2006-12-31": "8.64%", "2006-09-30": "8.90%", "2006-06-30": "8.90%", "2006-03-31": "7.82%", "2005-12-31": "7.87%"}, "return on investments": {"2020-09-30": "17.15%", "2020-06-30": "18.10%", "2020-03-31": "19.66%", "2019-12-31": "20.52%", "2019-09-30": "19.94%", "2019-06-30": "19.23%", "2019-03-31": "18.91%", "2018-12-31": "20.62%", "2018-09-30": "21.80%", "2018-06-30": "24.07%", "2018-03-31": "27.68%", "2017-12-31": "28.98%", "2017-09-30": "28.07%", "2017-06-30": "27.90%", "2017-03-31": "27.64%", "2016-12-31": "26.81%", "2016-09-30": "29.31%", "2016-06-30": "30.28%", "2016-03-31": "30.24%", "2015-12-31": "30.19%", "2015-09-30": "28.79%", "2015-06-30": "27.26%", "2015-03-31": "25.62%", "2014-12-31": "23.83%", "2014-09-30": "21.87%", "2014-06-30": "21.61%", "2014-03-31": "21.96%", "2013-12-31": "22.33%", "2013-09-30": "5.08%", "2013-06-30": "4.67%", "2013-03-31": "4.66%", "2012-12-31": "4.58%", "2012-09-30": "21.47%", "2012-06-30": "21.90%", "2012-03-31": "21.86%", "2011-12-31": "22.74%", "2011-09-30": "23.99%", "2011-06-30": "24.36%", "2011-03-31": "24.71%", "2010-12-31": "24.77%", "2010-09-30": "24.05%", "2010-06-30": "23.90%", "2010-03-31": "24.08%", "2009-12-31": "25.04%", "2009-09-30": "26.02%", "2009-06-30": "26.74%", "2009-03-31": "26.84%", "2008-12-31": "26.27%", "2008-09-30": "25.46%", "2008-06-30": "25.06%", "2008-03-31": "24.51%", "2007-12-31": "23.63%", "2007-09-30": "22.91%", "2007-06-30": "22.29%", "2007-03-31": "21.87%", "2006-12-31": "21.90%", "2006-09-30": "21.84%", "2006-06-30": "21.66%", "2006-03-31": "21.39%", "2005-12-31": "20.39%"}, "return on tangible equity": {"2020-09-30": "-39.22%", "2020-06-30": "-38.82%", "2020-03-31": "-39.54%", "2019-12-31": "-38.62%", "2019-09-30": "-35.39%", "2019-06-30": "-33.93%", "2019-03-31": "-32.68%", "2018-12-31": "-42.87%", "2018-09-30": "-56.00%", "2018-06-30": "-87.70%", "2018-03-31": "-259.45%", "2017-12-31": "-220.19%", "2017-09-30": "-191.94%", "2017-06-30": "-186.89%", "2017-03-31": "-187.77%", "2016-12-31": "-174.88%", "2016-09-30": "-205.25%", "2016-06-30": "-190.14%", "2016-03-31": "-195.83%", "2015-12-31": "-227.08%", "2015-09-30": "-247.29%", "2015-06-30": "-413.72%", "2015-03-31": "-785.21%", "2014-12-31": "3618.57%", "2014-09-30": "355.40%", "2014-06-30": "555.57%", "2014-03-31": "86581.82%", "2013-12-31": "-426.41%", "2013-09-30": "18.56%", "2013-06-30": "19.41%", "2013-03-31": "18.60%", "2012-12-31": "18.93%", "2012-09-30": "-134.68%", "2012-06-30": "-129.75%", "2012-03-31": "-149.10%", "2011-12-31": "-176.24%", "2011-09-30": "-216.45%", "2011-06-30": "-265.33%", "2011-03-31": "-230.90%", "2010-12-31": "-196.78%", "2010-09-30": "-168.59%", "2010-06-30": "-129.34%", "2010-03-31": "-115.34%", "2009-12-31": "-99.23%", "2009-09-30": "-89.56%", "2009-06-30": "-161.74%", "2009-03-31": "-666.31%", "2008-12-31": "305.37%", "2008-09-30": "120.52%", "2008-06-30": "134.79%", "2008-03-31": "165.20%", "2007-12-31": "223.16%", "2007-09-30": "387.56%", "2007-06-30": "1081.75%", "2007-03-31": "-1093.30%", "2006-12-31": "-5341.01%", "2006-09-30": "2317.50%", "2006-06-30": "695.15%", "2006-03-31": "308.91%", "2005-12-31": "496.10%"}, "dividend yield history": {"last payout": "$4.40", "last yield": "2.71%"}}