{"ticker": "GE", "price": {"title": "General Electric Historical Annual Stock Price Data", "value": 11.4, "historical": {"2021": {"Average Stock Price": "11.2275", "Year Open": "10.4700", "Year High": "11.7800", "Year Low": "10.4700", "Year Close": "11.4000", "Annual % Change": "5.56%"}, "2020": {"Average Stock Price": "8.2301", "Year Open": "11.9300", "Year High": "13.1600", "Year Low": "5.4900", "Year Close": "10.8000", "Annual % Change": "-3.23%"}, "2019": {"Average Stock Price": "9.8359", "Year Open": "8.0500", "Year High": "11.5800", "Year Low": "7.9300", "Year Close": "11.1600", "Annual % Change": "47.42%"}, "2018": {"Average Stock Price": "12.8989", "Year Open": "17.9800", "Year High": "19.0200", "Year Low": "6.7100", "Year Close": "7.5700", "Annual % Change": "-56.62%"}, "2017": {"Average Stock Price": "25.9715", "Year Open": "31.6900", "Year High": "31.7000", "Year Low": "17.3600", "Year Close": "17.4500", "Annual % Change": "-44.78%"}, "2016": {"Average Stock Price": "30.3474", "Year Open": "30.7100", "Year High": "32.9300", "Year Low": "27.4500", "Year Close": "31.6000", "Annual % Change": "1.44%"}, "2015": {"Average Stock Price": "26.7985", "Year Open": "25.0600", "Year High": "31.2800", "Year Low": "23.2700", "Year Close": "31.1500", "Annual % Change": "23.27%"}, "2014": {"Average Stock Price": "25.9940", "Year Open": "27.5000", "Year High": "27.5000", "Year Low": "23.9500", "Year Close": "25.2700", "Annual % Change": "-9.85%"}, "2013": {"Average Stock Price": "24.0067", "Year Open": "21.3400", "Year High": "28.0300", "Year Low": "20.9000", "Year Close": "28.0300", "Annual % Change": "33.54%"}, "2012": {"Average Stock Price": "20.2311", "Year Open": "18.3600", "Year High": "23.1200", "Year Low": "18.1500", "Year Close": "20.9900", "Annual % Change": "17.20%"}, "2011": {"Average Stock Price": "18.1311", "Year Open": "18.2800", "Year High": "21.5200", "Year Low": "14.6900", "Year Close": "17.9100", "Annual % Change": "-2.08%"}, "2010": {"Average Stock Price": "16.5290", "Year Open": "15.4500", "Year High": "19.5000", "Year Low": "13.8800", "Year Close": "18.2900", "Annual % Change": "20.89%"}, "2009": {"Average Stock Price": "13.3546", "Year Open": "17.0700", "Year High": "17.0700", "Year Low": "6.6600", "Year Close": "15.1300", "Annual % Change": "-6.60%"}, "2008": {"Average Stock Price": "27.9773", "Year Open": "36.7600", "Year High": "38.4300", "Year Low": "12.8400", "Year Close": "16.2000", "Annual % Change": "-56.30%"}, "2007": {"Average Stock Price": "37.8111", "Year Open": "37.9700", "Year High": "42.1200", "Year Low": "34.0900", "Year Close": "37.0700", "Annual % Change": "-0.38%"}, "2006": {"Average Stock Price": "34.3534", "Year Open": "35.3700", "Year High": "38.1500", "Year Low": "32.1100", "Year Close": "37.2100", "Annual % Change": "6.16%"}, "2005": {"Average Stock Price": "35.2129", "Year Open": "36.5900", "Year High": "37.1800", "Year Low": "32.6800", "Year Close": "35.0500", "Annual % Change": "-3.97%"}, "2004": {"Average Stock Price": "32.8789", "Year Open": "31.1200", "Year High": "37.4800", "Year Low": "29.1800", "Year Close": "36.5000", "Annual % Change": "17.82%"}, "2003": {"Average Stock Price": "28.0469", "Year Open": "25.4800", "Year High": "32.1100", "Year Low": "22.1700", "Year Close": "30.9800", "Annual % Change": "27.23%"}, "2002": {"Average Stock Price": "31.1375", "Year Open": "40.9500", "Year High": "41.5500", "Year Low": "22.0000", "Year Close": "24.3500", "Annual % Change": "-39.25%"}, "2001": {"Average Stock Price": "43.4817", "Year Open": "43.7500", "Year High": "53.4000", "Year Low": "30.3700", "Year Close": "40.0800", "Annual % Change": "-16.40%"}, "2000": {"Average Stock Price": "51.8233", "Year Open": "50.0000", "Year High": "60.0000", "Year Low": "41.7067", "Year Close": "47.9400", "Annual % Change": "-7.06%"}, "1999": {"Average Stock Price": "38.4857", "Year Open": "33.5200", "Year High": "53.1667", "Year Low": "32.0000", "Year Close": "51.5833", "Annual % Change": "51.72%"}, "1998": {"Average Stock Price": "28.2118", "Year Open": "24.6667", "Year High": "34.4167", "Year Low": "23.8533", "Year Close": "34.0000", "Annual % Change": "39.02%"}, "1997": {"Average Stock Price": "20.7968", "Year Open": "16.2700", "Year High": "25.1233", "Year Low": "16.2700", "Year Close": "24.4567", "Annual % Change": "48.42%"}, "1996": {"Average Stock Price": "14.2226", "Year Open": "12.2500", "Year High": "17.5000", "Year Low": "11.7083", "Year Close": "16.4783", "Annual % Change": "37.32%"}, "1995": {"Average Stock Price": "9.8083", "Year Open": "8.5000", "Year High": "12.1033", "Year Low": "8.3750", "Year Close": "12.0000", "Annual % Change": "41.18%"}, "1994": {"Average Stock Price": "8.2617", "Year Open": "8.6667", "Year High": "9.1458", "Year Low": "7.6050", "Year Close": "8.5000", "Annual % Change": "-2.74%"}, "1993": {"Average Stock Price": "7.8294", "Year Open": "7.1250", "Year High": "8.8958", "Year Low": "6.8225", "Year Close": "8.7392", "Annual % Change": "22.66%"}, "1992": {"Average Stock Price": "6.4700", "Year Open": "6.3850", "Year High": "7.2917", "Year Low": "6.0725", "Year Close": "7.1250", "Annual % Change": "11.76%"}, "1991": {"Average Stock Price": "5.8016", "Year Open": "4.7083", "Year High": "6.4583", "Year Low": "4.4792", "Year Close": "6.3750", "Annual % Change": "33.32%"}, "1990": {"Average Stock Price": "5.2155", "Year Open": "5.5625", "Year High": "6.2500", "Year Low": "4.2083", "Year Close": "4.7817", "Annual % Change": "-11.04%"}, "1989": {"Average Stock Price": "4.4179", "Year Open": "3.6667", "Year High": "5.3750", "Year Low": "3.6667", "Year Close": "5.3750", "Annual % Change": "44.13%"}, "1988": {"Average Stock Price": "3.5714", "Year Open": "3.8750", "Year High": "3.9375", "Year Low": "3.2292", "Year Close": "3.7292", "Annual % Change": "1.41%"}, "1987": {"Average Stock Price": "4.3865", "Year Open": "3.6404", "Year High": "5.4892", "Year Low": "3.3233", "Year Close": "3.6775", "Annual % Change": "2.63%"}, "1986": {"Average Stock Price": "3.2063", "Year Open": "2.9946", "Year High": "3.6875", "Year Low": "2.7917", "Year Close": "3.5833", "Annual % Change": "18.21%"}, "1985": {"Average Stock Price": "2.5715", "Year Open": "2.3333", "Year High": "3.0571", "Year Low": "2.3333", "Year Close": "3.0313", "Annual % Change": "28.47%"}, "1984": {"Average Stock Price": "2.2782", "Year Open": "2.4013", "Year High": "2.4533", "Year Low": "2.0208", "Year Close": "2.3596", "Annual % Change": "-3.41%"}, "1983": {"Average Stock Price": "2.1982", "Year Open": "1.9115", "Year High": "2.4429", "Year Low": "1.9115", "Year Close": "2.4429", "Annual % Change": "23.60%"}, "1982": {"Average Stock Price": "1.4739", "Year Open": "1.2163", "Year High": "2.0677", "Year Low": "1.1563", "Year Close": "1.9765", "Annual % Change": "65.34%"}, "1981": {"Average Stock Price": "1.2718", "Year Open": "1.2892", "Year High": "1.4531", "Year Low": "1.0833", "Year Close": "1.1954", "Annual % Change": "-6.32%"}, "1980": {"Average Stock Price": "1.1009", "Year Open": "1.0156", "Year High": "1.2996", "Year Low": "0.9323", "Year Close": "1.2760", "Annual % Change": "20.97%"}, "1979": {"Average Stock Price": "1.0258", "Year Open": "0.9792", "Year High": "1.1433", "Year Low": "0.9504", "Year Close": "1.0548", "Annual % Change": "7.45%"}, "1978": {"Average Stock Price": "1.0446", "Year Open": "1.0156", "Year High": "1.1850", "Year Low": "0.9271", "Year Close": "0.9817", "Annual % Change": "-5.51%"}, "1977": {"Average Stock Price": "1.0943", "Year Open": "1.1538", "Year High": "1.1900", "Year Low": "0.9948", "Year Close": "1.0390", "Annual % Change": "-10.34%"}, "1976": {"Average Stock Price": "1.1109", "Year Open": "0.9713", "Year High": "1.2213", "Year Low": "0.9713", "Year Close": "1.1588", "Annual % Change": "20.58%"}, "1975": {"Average Stock Price": "0.9455", "Year Open": "0.7031", "Year High": "1.0963", "Year Low": "0.6798", "Year Close": "0.9610", "Annual % Change": "38.23%"}, "1974": {"Average Stock Price": "0.9624", "Year Open": "1.3048", "Year High": "1.3490", "Year Low": "0.6275", "Year Close": "0.6952", "Annual % Change": "-47.03%"}, "1973": {"Average Stock Price": "1.3149", "Year Open": "1.5390", "Year High": "1.5496", "Year Low": "1.1692", "Year Close": "1.3125", "Annual % Change": "-13.55%"}, "1972": {"Average Stock Price": "1.3654", "Year Open": "1.3125", "Year High": "1.5183", "Year Low": "1.2240", "Year Close": "1.5183", "Annual % Change": "16.36%"}, "1971": {"Average Stock Price": "1.2083", "Year Open": "0.9778", "Year High": "1.3854", "Year Low": "0.9740", "Year Close": "1.3048", "Annual % Change": "33.44%"}, "1970": {"Average Stock Price": "0.7953", "Year Open": "0.7982", "Year High": "0.9778", "Year Low": "0.6302", "Year Close": "0.9778", "Annual % Change": "21.12%"}, "1969": {"Average Stock Price": "0.9115", "Year Open": "0.9882", "Year High": "1.0182", "Year Low": "0.7800", "Year Close": "0.8073", "Annual % Change": "-17.44%"}, "1968": {"Average Stock Price": "0.9369", "Year Open": "0.9960", "Year High": "1.0391", "Year Low": "0.8411", "Year Close": "0.9778", "Annual % Change": "-2.22%"}, "1967": {"Average Stock Price": "1.0039", "Year Open": "0.9271", "Year High": "1.2018", "Year Low": "0.8632", "Year Close": "1.0000", "Annual % Change": "8.47%"}, "1966": {"Average Stock Price": "1.0653", "Year Open": "1.2175", "Year High": "1.2460", "Year Low": "0.8438", "Year Close": "0.9219", "Annual % Change": "-25.00%"}, "1965": {"Average Stock Price": "1.0939", "Year Open": "0.9493", "Year High": "1.2488", "Year Low": "0.9493", "Year Close": "1.2292", "Annual % Change": "26.54%"}, "1964": {"Average Stock Price": "0.8955", "Year Open": "0.9036", "Year High": "0.9727", "Year Low": "0.8229", "Year Close": "0.9714", "Annual % Change": "7.04%"}, "1963": {"Average Stock Price": "0.8288", "Year Open": "0.7955", "Year High": "0.9075", "Year Low": "0.7526", "Year Close": "0.9075", "Annual % Change": "13.51%"}}}, "market cap": {"value": "$99.86B"}, "income statement": {"Revenue": {"2020-12-31": "79619.00000", "2019-12-31": "95214.00000", "2018-12-31": "97012.00000", "2017-12-31": "99279.00000", "2016-12-31": "119469.00000", "2015-12-31": "117386.00000", "2014-12-31": "117184.00000", "2013-12-31": "113245.00000", "2012-12-31": "146684.00000", "2011-12-31": "146542.00000", "2010-12-31": "149567.00000", "2009-12-31": "154438.00000", "2008-12-31": "181581.00000", "2007-12-31": "172488.00000", "2006-12-31": "151568.00000", "2005-12-31": "136580.00000"}, "Cost Of Goods Sold": {"2020-12-31": "60421.00000", "2019-12-31": "70028.00000", "2018-12-31": "72818.00000", "2017-12-31": "75593.00000", "2016-12-31": "87652.00000", "2015-12-31": "82693.00000", "2014-12-31": "83704.00000", "2013-12-31": "79841.00000", "2012-12-31": "74310.00000", "2011-12-31": "68278.00000", "2010-12-31": "71713.00000", "2009-12-31": "75921.00000", "2008-12-31": "83772.00000", "2007-12-31": "73125.00000", "2006-12-31": "66773.00000", "2005-12-31": "59784.00000"}, "Gross Profit": {"2020-12-31": "19198.00000", "2019-12-31": "25186.00000", "2018-12-31": "24194.00000", "2017-12-31": "23686.00000", "2016-12-31": "31817.00000", "2015-12-31": "34693.00000", "2014-12-31": "33480.00000", "2013-12-31": "33404.00000", "2012-12-31": "72374.00000", "2011-12-31": "78264.00000", "2010-12-31": "77854.00000", "2009-12-31": "78517.00000", "2008-12-31": "97809.00000", "2007-12-31": "99363.00000", "2006-12-31": "84795.00000", "2005-12-31": "76796.00000"}, "Research And Development Expenses": {"2020-12-31": "2565.00000", "2019-12-31": "", "2018-12-31": "", "2017-12-31": "", "2016-12-31": "", "2015-12-31": "", "2014-12-31": "", "2013-12-31": "", "2012-12-31": "", "2011-12-31": "", "2010-12-31": "", "2009-12-31": "", "2008-12-31": "", "2007-12-31": "", "2006-12-31": "", "2005-12-31": ""}, "SG&A Expenses": {"2020-12-31": "13005.00000", "2019-12-31": "14407.00000", "2018-12-31": "15057.00000", "2017-12-31": "15317.00000", "2016-12-31": "18738.00000", "2015-12-31": "20439.00000", "2014-12-31": "17963.00000", "2013-12-31": "18773.00000", "2012-12-31": "35897.00000", "2011-12-31": "36841.00000", "2010-12-31": "38033.00000", "2009-12-31": "37354.00000", "2008-12-31": "41835.00000", "2007-12-31": "40173.00000", "2006-12-31": "35491.00000", "2005-12-31": "33278.00000"}, "Other Operating Income Or Expenses": {"2020-12-31": "", "2019-12-31": "", "2018-12-31": "", "2017-12-31": "", "2016-12-31": "", "2015-12-31": "", "2014-12-31": "", "2013-12-31": "", "2012-12-31": "", "2011-12-31": "", "2010-12-31": "", "2009-12-31": "", "2008-12-31": "", "2007-12-31": "", "2006-12-31": "", "2005-12-31": ""}, "Operating Expenses": {"2020-12-31": "77708.00000", "2019-12-31": "85921.00000", "2018-12-31": "110011.00000", "2017-12-31": "93460.00000", "2016-12-31": "106390.00000", "2015-12-31": "103132.00000", "2014-12-31": "101667.00000", "2013-12-31": "98614.00000", "2012-12-31": "110207.00000", "2011-12-31": "105119.00000", "2010-12-31": "109746.00000", "2009-12-31": "113275.00000", "2008-12-31": "125607.00000", "2007-12-31": "113298.00000", "2006-12-31": "102264.00000", "2005-12-31": "93062.00000"}, "Operating Income": {"2020-12-31": "1911.00000", "2019-12-31": "9293.00000", "2018-12-31": "-12999.00000", "2017-12-31": "5819.00000", "2016-12-31": "13079.00000", "2015-12-31": "14254.00000", "2014-12-31": "15517.00000", "2013-12-31": "14631.00000", "2012-12-31": "36477.00000", "2011-12-31": "41423.00000", "2010-12-31": "39821.00000", "2009-12-31": "41163.00000", "2008-12-31": "55974.00000", "2007-12-31": "59190.00000", "2006-12-31": "49304.00000", "2005-12-31": "43518.00000"}, "Total Non-Operating Income/Expense": {"2020-12-31": "3284.00000", "2019-12-31": "-8143.00000", "2018-12-31": "-7988.00000", "2017-12-31": "-17163.00000", "2016-12-31": "-6047.00000", "2015-12-31": "-6068.00000", "2014-12-31": "-5253.00000", "2013-12-31": "-5531.00000", "2012-12-31": "-19096.00000", "2011-12-31": "-21264.00000", "2010-12-31": "-25634.00000", "2009-12-31": "-31299.00000", "2008-12-31": "-36204.00000", "2007-12-31": "-31662.00000", "2006-12-31": "-26016.00000", "2005-12-31": "-22340.00000"}, "Pre-Tax Income": {"2020-12-31": "5197.00000", "2019-12-31": "1149.00000", "2018-12-31": "-20987.00000", "2017-12-31": "-11345.00000", "2016-12-31": "7031.00000", "2015-12-31": "8186.00000", "2014-12-31": "10263.00000", "2013-12-31": "9100.00000", "2012-12-31": "17381.00000", "2011-12-31": "20159.00000", "2010-12-31": "14187.00000", "2009-12-31": "9864.00000", "2008-12-31": "19770.00000", "2007-12-31": "27528.00000", "2006-12-31": "23288.00000", "2005-12-31": "21178.00000"}, "Income Taxes": {"2020-12-31": "-474.00000", "2019-12-31": "726.00000", "2018-12-31": "93.00000", "2017-12-31": "-2808.00000", "2016-12-31": "-1133.00000", "2015-12-31": "6485.00000", "2014-12-31": "773.00000", "2013-12-31": "1219.00000", "2012-12-31": "2534.00000", "2011-12-31": "5745.00000", "2010-12-31": "1039.00000", "2009-12-31": "-1142.00000", "2008-12-31": "1102.00000", "2007-12-31": "4155.00000", "2006-12-31": "3944.00000", "2005-12-31": "3824.00000"}, "Income After Taxes": {"2020-12-31": "5671.00000", "2019-12-31": "423.00000", "2018-12-31": "-21080.00000", "2017-12-31": "-8537.00000", "2016-12-31": "8164.00000", "2015-12-31": "1701.00000", "2014-12-31": "9490.00000", "2013-12-31": "7881.00000", "2012-12-31": "14847.00000", "2011-12-31": "14414.00000", "2010-12-31": "13148.00000", "2009-12-31": "11006.00000", "2008-12-31": "18668.00000", "2007-12-31": "23373.00000", "2006-12-31": "19344.00000", "2005-12-31": "17354.00000"}, "Other Income": {"2020-12-31": "", "2019-12-31": "", "2018-12-31": "", "2017-12-31": "", "2016-12-31": "", "2015-12-31": "", "2014-12-31": "", "2013-12-31": "", "2012-12-31": "", "2011-12-31": "", "2010-12-31": "", "2009-12-31": "", "2008-12-31": "", "2007-12-31": "", "2006-12-31": "", "2005-12-31": ""}, "Income From Continuous Operations": {"2020-12-31": "5672.00000", "2019-12-31": "423.00000", "2018-12-31": "-21080.00000", "2017-12-31": "-8536.00000", "2016-12-31": "8165.00000", "2015-12-31": "1700.00000", "2014-12-31": "9490.00000", "2013-12-31": "7881.00000", "2012-12-31": "14847.00000", "2011-12-31": "14414.00000", "2010-12-31": "13148.00000", "2009-12-31": "11006.00000", "2008-12-31": "18668.00000", "2007-12-31": "23373.00000", "2006-12-31": "19344.00000", "2005-12-31": "17354.00000"}, "Income From Discontinued Operations": {"2020-12-31": "-125.00000", "2019-12-31": "-5335.00000", "2018-12-31": "-1363.00000", "2017-12-31": "-312.00000", "2016-12-31": "-954.00000", "2015-12-31": "-7495.00000", "2014-12-31": "5855.00000", "2013-12-31": "5475.00000", "2012-12-31": "-983.00000", "2011-12-31": "29.00000", "2010-12-31": "-969.00000", "2009-12-31": "219.00000", "2008-12-31": "-617.00000", "2007-12-31": "-249.00000", "2006-12-31": "1398.00000", "2005-12-31": "-634.00000"}, "Net Income": {"2020-12-31": "5230.00000", "2019-12-31": "-5439.00000", "2018-12-31": "-22802.00000", "2017-12-31": "-8920.00000", "2016-12-31": "6845.00000", "2015-12-31": "-6145.00000", "2014-12-31": "15233.00000", "2013-12-31": "13057.00000", "2012-12-31": "13641.00000", "2011-12-31": "13120.00000", "2010-12-31": "11344.00000", "2009-12-31": "10725.00000", "2008-12-31": "17335.00000", "2007-12-31": "22208.00000", "2006-12-31": "20742.00000", "2005-12-31": "16720.00000"}, "EBITDA": {"2020-12-31": "1911.00000", "2019-12-31": "14888.00000", "2018-12-31": "-6417.00000", "2017-12-31": "12013.00000", "2016-12-31": "20149.00000", "2015-12-31": "19101.00000", "2014-12-31": "20470.00000", "2013-12-31": "19833.00000", "2012-12-31": "45669.00000", "2011-12-31": "50409.00000", "2010-12-31": "49607.00000", "2009-12-31": "51780.00000", "2008-12-31": "67455.00000", "2007-12-31": "69465.00000", "2006-12-31": "57761.00000", "2005-12-31": "51359.00000"}, "EBIT": {"2020-12-31": "1911.00000", "2019-12-31": "9293.00000", "2018-12-31": "-12999.00000", "2017-12-31": "5819.00000", "2016-12-31": "13079.00000", "2015-12-31": "14254.00000", "2014-12-31": "15517.00000", "2013-12-31": "14631.00000", "2012-12-31": "36477.00000", "2011-12-31": "41423.00000", "2010-12-31": "39821.00000", "2009-12-31": "41163.00000", "2008-12-31": "55974.00000", "2007-12-31": "59190.00000", "2006-12-31": "49304.00000", "2005-12-31": "43518.00000"}, "Basic Shares Outstanding": {"2020-12-31": "8753.00000", "2019-12-31": "8772.58100", "2018-12-31": "8703.05400", "2017-12-31": "8660.19400", "2016-12-31": "9025.00000", "2015-12-31": "9944.00000", "2014-12-31": "10045.00000", "2013-12-31": "10222.00000", "2012-12-31": "10523.00000", "2011-12-31": "10591.00000", "2010-12-31": "10661.00000", "2009-12-31": "10614.00000", "2008-12-31": "10080.00000", "2007-12-31": "10182.00000", "2006-12-31": "10359.00000", "2005-12-31": "10570.00000"}, "Shares Outstanding": {"2020-12-31": "8761.00000", "2019-12-31": "8772.58100", "2018-12-31": "8703.05400", "2017-12-31": "8660.19400", "2016-12-31": "9130.00000", "2015-12-31": "10016.00000", "2014-12-31": "10123.00000", "2013-12-31": "10289.00000", "2012-12-31": "10564.00000", "2011-12-31": "10620.00000", "2010-12-31": "10678.00000", "2009-12-31": "10615.00000", "2008-12-31": "10098.00000", "2007-12-31": "10218.00000", "2006-12-31": "10394.00000", "2005-12-31": "10611.00000"}, "Basic EPS": {"2020-12-31": "0.58000", "2019-12-31": "-0.62000", "2018-12-31": "-2.62000", "2017-12-31": "-1.03000", "2016-12-31": "0.76000", "2015-12-31": "-0.62000", "2014-12-31": "1.51000", "2013-12-31": "1.28000", "2012-12-31": "1.29000", "2011-12-31": "1.24000", "2010-12-31": "1.06000", "2009-12-31": "1.01000", "2008-12-31": "1.72000", "2007-12-31": "2.18000", "2006-12-31": "2.00000", "2005-12-31": "1.58000"}, "EPS - Earnings Per Share": {"2020-12-31": "0.58000", "2019-12-31": "-0.62000", "2018-12-31": "-2.62000", "2017-12-31": "-1.03000", "2016-12-31": "0.75000", "2015-12-31": "-0.61000", "2014-12-31": "1.50000", "2013-12-31": "1.27000", "2012-12-31": "1.29000", "2011-12-31": "1.23000", "2010-12-31": "1.06000", "2009-12-31": "1.01000", "2008-12-31": "1.72000", "2007-12-31": "2.17000", "2006-12-31": "2.00000", "2005-12-31": "1.57000"}}, "income statement, quarterly": {"Revenue": {"2020-12-31": "21928.00000", "2020-09-30": "19417.00000", "2020-06-30": "17750.00000", "2020-03-31": "20524.00000", "2019-12-31": "26238.00000", "2019-09-30": "23360.00000", "2019-06-30": "23414.00000", "2019-03-31": "22202.00000", "2018-12-31": "16670.00000", "2018-09-30": "23392.00000", "2018-06-30": "29162.00000", "2018-03-31": "27788.00000", "2017-12-31": "12639.00000", "2017-09-30": "30662.00000", "2017-06-30": "29097.00000", "2017-03-31": "26881.00000", "2016-12-31": "28864.00000", "2016-09-30": "29266.00000", "2016-06-30": "33494.00000", "2016-03-31": "27845.00000", "2015-12-31": "33892.00000", "2015-09-30": "28028.00000", "2015-06-30": "29226.00000", "2015-03-31": "26239.00000", "2014-12-31": "19269.00000", "2014-09-30": "32107.00000", "2014-06-30": "32260.00000", "2014-03-31": "33548.00000", "2013-12-31": "7582.00000", "2013-09-30": "35661.00000", "2013-06-30": "35059.00000", "2013-03-31": "34943.00000", "2012-12-31": "38953.00000", "2012-09-30": "36254.00000", "2012-06-30": "36397.00000", "2012-03-31": "35080.00000", "2011-12-31": "37226.00000", "2011-09-30": "35364.00000", "2011-06-30": "35623.00000", "2011-03-31": "38329.00000", "2010-12-31": "41062.00000", "2010-09-30": "35373.00000", "2010-06-30": "36928.00000", "2010-03-31": "36204.00000", "2009-12-31": "39093.00000", "2009-09-30": "37799.00000", "2009-06-30": "39108.00000", "2009-03-31": "38438.00000", "2008-12-31": "45279.00000", "2008-09-30": "47234.00000", "2008-06-30": "46840.00000", "2008-03-31": "42228.00000", "2007-12-31": "48392.00000", "2007-09-30": "42512.00000", "2007-06-30": "42384.00000", "2007-03-31": "39200.00000", "2006-12-31": "37920.00000", "2006-09-30": "37874.00000", "2006-06-30": "37745.00000", "2006-03-31": "38029.00000", "2005-12-31": "29323.00000", "2005-09-30": "36368.00000", "2005-06-30": "36539.00000", "2005-03-31": "34350.00000"}, "Cost Of Goods Sold": {"2020-12-31": "16296.00000", "2020-09-30": "15275.00000", "2020-06-30": "15083.00000", "2020-03-31": "15696.00000", "2019-12-31": "19080.00000", "2019-09-30": "17328.00000", "2019-06-30": "17412.00000", "2019-03-31": "16208.00000", "2018-12-31": "12311.00000", "2018-09-30": "17847.00000", "2018-06-30": "21749.00000", "2018-03-31": "20911.00000", "2017-12-31": "10069.00000", "2017-09-30": "23671.00000", "2017-06-30": "21623.00000", "2017-03-31": "20230.00000", "2016-12-31": "23942.00000", "2016-09-30": "20966.00000", "2016-06-30": "22383.00000", "2016-03-31": "20361.00000", "2015-12-31": "23584.00000", "2015-09-30": "19855.00000", "2015-06-30": "20572.00000", "2015-03-31": "18682.00000", "2014-12-31": "25436.00000", "2014-09-30": "19740.00000", "2014-06-30": "20006.00000", "2014-03-31": "18522.00000", "2013-12-31": "24580.00000", "2013-09-30": "19455.00000", "2013-06-30": "18491.00000", "2013-03-31": "17315.00000", "2012-12-31": "18733.00000", "2012-09-30": "18509.00000", "2012-06-30": "19199.00000", "2012-03-31": "17869.00000", "2011-12-31": "17386.00000", "2011-09-30": "16759.00000", "2011-06-30": "17417.00000", "2011-03-31": "16716.00000", "2010-12-31": "20379.00000", "2010-09-30": "16627.00000", "2010-06-30": "17195.00000", "2010-03-31": "17512.00000", "2009-12-31": "20503.00000", "2009-09-30": "18548.00000", "2009-06-30": "18804.00000", "2009-03-31": "18066.00000", "2008-12-31": "22913.00000", "2008-09-30": "22137.00000", "2008-06-30": "20729.00000", "2008-03-31": "17993.00000", "2007-12-31": "21513.00000", "2007-09-30": "18258.00000", "2007-06-30": "17508.00000", "2007-03-31": "15846.00000", "2006-12-31": "16174.00000", "2006-09-30": "16616.00000", "2006-06-30": "16322.00000", "2006-03-31": "17661.00000", "2005-12-31": "11645.00000", "2005-09-30": "16001.00000", "2005-06-30": "16596.00000", "2005-03-31": "15542.00000"}, "Gross Profit": {"2020-12-31": "5632.00000", "2020-09-30": "4142.00000", "2020-06-30": "2667.00000", "2020-03-31": "4828.00000", "2019-12-31": "7158.00000", "2019-09-30": "6032.00000", "2019-06-30": "6002.00000", "2019-03-31": "5994.00000", "2018-12-31": "4359.00000", "2018-09-30": "5545.00000", "2018-06-30": "7413.00000", "2018-03-31": "6877.00000", "2017-12-31": "2570.00000", "2017-09-30": "6991.00000", "2017-06-30": "7474.00000", "2017-03-31": "6651.00000", "2016-12-31": "4922.00000", "2016-09-30": "8300.00000", "2016-06-30": "11111.00000", "2016-03-31": "7484.00000", "2015-12-31": "10308.00000", "2015-09-30": "8173.00000", "2015-06-30": "8654.00000", "2015-03-31": "7557.00000", "2014-12-31": "-6167.00000", "2014-09-30": "12367.00000", "2014-06-30": "12254.00000", "2014-03-31": "15026.00000", "2013-12-31": "-16998.00000", "2013-09-30": "16206.00000", "2013-06-30": "16568.00000", "2013-03-31": "17628.00000", "2012-12-31": "20220.00000", "2012-09-30": "17745.00000", "2012-06-30": "17198.00000", "2012-03-31": "17211.00000", "2011-12-31": "19840.00000", "2011-09-30": "18605.00000", "2011-06-30": "18206.00000", "2011-03-31": "21613.00000", "2010-12-31": "20683.00000", "2010-09-30": "18746.00000", "2010-06-30": "19733.00000", "2010-03-31": "18692.00000", "2009-12-31": "18590.00000", "2009-09-30": "19251.00000", "2009-06-30": "20304.00000", "2009-03-31": "20372.00000", "2008-12-31": "22366.00000", "2008-09-30": "25097.00000", "2008-06-30": "26111.00000", "2008-03-31": "24235.00000", "2007-12-31": "26879.00000", "2007-09-30": "24254.00000", "2007-06-30": "24876.00000", "2007-03-31": "23354.00000", "2006-12-31": "21746.00000", "2006-09-30": "21258.00000", "2006-06-30": "21423.00000", "2006-03-31": "20368.00000", "2005-12-31": "17678.00000", "2005-09-30": "20367.00000", "2005-06-30": "19943.00000", "2005-03-31": "18808.00000"}, "Research And Development Expenses": {"2020-12-31": "635.00000", "2020-09-30": "", "2020-06-30": "", "2020-03-31": "", "2019-12-31": "", "2019-09-30": "", "2019-06-30": "", "2019-03-31": "", "2018-12-31": "", "2018-09-30": "", "2018-06-30": "", "2018-03-31": "", "2017-12-31": "", "2017-09-30": "", "2017-06-30": "", "2017-03-31": "", "2016-12-31": "", "2016-09-30": "", "2016-06-30": "", "2016-03-31": "", "2015-12-31": "", "2015-09-30": "", "2015-06-30": "", "2015-03-31": "", "2014-12-31": "", "2014-09-30": "", "2014-06-30": "", "2014-03-31": "", "2013-12-31": "", "2013-09-30": "", "2013-06-30": "", "2013-03-31": "", "2012-12-31": "", "2012-09-30": "", "2012-06-30": "", "2012-03-31": "", "2011-12-31": "", "2011-09-30": "", "2011-06-30": "", "2011-03-31": "", "2010-12-31": "", "2010-09-30": "", "2010-06-30": "", "2010-03-31": "", "2009-12-31": "", "2009-09-30": "", "2009-06-30": "", "2009-03-31": "", "2008-12-31": "", "2008-09-30": "", "2008-06-30": "", "2008-03-31": "", "2007-12-31": "", "2007-09-30": "", "2007-06-30": "", "2007-03-31": "", "2006-12-31": "", "2006-09-30": "", "2006-06-30": "", "2006-03-31": "", "2005-12-31": "", "2005-09-30": "", "2005-06-30": "", "2005-03-31": ""}, "SG&A Expenses": {"2020-12-31": "3312.00000", "2020-09-30": "3311.00000", "2020-06-30": "3208.00000", "2020-03-31": "3174.00000", "2019-12-31": "3950.00000", "2019-09-30": "3392.00000", "2019-06-30": "3591.00000", "2019-03-31": "3474.00000", "2018-12-31": "2251.00000", "2018-09-30": "4185.00000", "2018-06-30": "4412.00000", "2018-03-31": "4209.00000", "2017-12-31": "1553.00000", "2017-09-30": "5002.00000", "2017-06-30": "4285.00000", "2017-03-31": "4477.00000", "2016-12-31": "4104.00000", "2016-09-30": "4581.00000", "2016-06-30": "5186.00000", "2016-03-31": "4867.00000", "2015-12-31": "6507.00000", "2015-09-30": "4553.00000", "2015-06-30": "4672.00000", "2015-03-31": "4706.00000", "2014-12-31": "-2590.00000", "2014-09-30": "6318.00000", "2014-06-30": "6273.00000", "2014-03-31": "7962.00000", "2013-12-31": "-7211.00000", "2013-09-30": "8680.00000", "2013-06-30": "8538.00000", "2013-03-31": "8766.00000", "2012-12-31": "10292.00000", "2012-09-30": "8871.00000", "2012-06-30": "8404.00000", "2012-03-31": "8330.00000", "2011-12-31": "10545.00000", "2011-09-30": "9427.00000", "2011-06-30": "8362.00000", "2011-03-31": "8507.00000", "2010-12-31": "11256.00000", "2010-09-30": "8963.00000", "2010-06-30": "8886.00000", "2010-03-31": "8928.00000", "2009-12-31": "9730.00000", "2009-09-30": "9354.00000", "2009-06-30": "8933.00000", "2009-03-31": "9337.00000", "2008-12-31": "10518.00000", "2008-09-30": "10542.00000", "2008-06-30": "10568.00000", "2008-03-31": "10207.00000", "2007-12-31": "10377.00000", "2007-09-30": "10204.00000", "2007-06-30": "9995.00000", "2007-03-31": "9597.00000", "2006-12-31": "8489.00000", "2006-09-30": "8791.00000", "2006-06-30": "9174.00000", "2006-03-31": "9037.00000", "2005-12-31": "6940.00000", "2005-09-30": "8749.00000", "2005-06-30": "8741.00000", "2005-03-31": "8848.00000"}, "Other Operating Income Or Expenses": {"2020-12-31": "", "2020-09-30": "", "2020-06-30": "", "2020-03-31": "", "2019-12-31": "", "2019-09-30": "", "2019-06-30": "", "2019-03-31": "", "2018-12-31": "", "2018-09-30": "", "2018-06-30": "", "2018-03-31": "", "2017-12-31": "", "2017-09-30": "", "2017-06-30": "", "2017-03-31": "", "2016-12-31": "", "2016-09-30": "", "2016-06-30": "", "2016-03-31": "", "2015-12-31": "", "2015-09-30": "", "2015-06-30": "", "2015-03-31": "", "2014-12-31": "", "2014-09-30": "", "2014-06-30": "", "2014-03-31": "", "2013-12-31": "", "2013-09-30": "", "2013-06-30": "", "2013-03-31": "", "2012-12-31": "", "2012-09-30": "", "2012-06-30": "", "2012-03-31": "", "2011-12-31": "", "2011-09-30": "", "2011-06-30": "", "2011-03-31": "", "2010-12-31": "", "2010-09-30": "", "2010-06-30": "", "2010-03-31": "", "2009-12-31": "", "2009-09-30": "", "2009-06-30": "", "2009-03-31": "", "2008-12-31": "", "2008-09-30": "", "2008-06-30": "", "2008-03-31": "", "2007-12-31": "", "2007-09-30": "", "2007-06-30": "", "2007-03-31": "", "2006-12-31": "", "2006-09-30": "", "2006-06-30": "", "2006-03-31": "", "2005-12-31": "", "2005-09-30": "", "2005-06-30": "", "2005-03-31": ""}, "Operating Expenses": {"2020-12-31": "20243.00000", "2020-09-30": "18586.00000", "2020-06-30": "20008.00000", "2020-03-31": "18870.00000", "2019-12-31": "23032.00000", "2019-09-30": "21460.00000", "2019-06-30": "21747.00000", "2019-03-31": "19682.00000", "2018-12-31": "14725.00000", "2018-09-30": "44005.00000", "2018-06-30": "26161.00000", "2018-03-31": "25120.00000", "2017-12-31": "13225.00000", "2017-09-30": "29620.00000", "2017-06-30": "25908.00000", "2017-03-31": "24707.00000", "2016-12-31": "28046.00000", "2016-09-30": "25547.00000", "2016-06-30": "27569.00000", "2016-03-31": "25228.00000", "2015-12-31": "30091.00000", "2015-09-30": "24408.00000", "2015-06-30": "25244.00000", "2015-03-31": "23388.00000", "2014-12-31": "22846.00000", "2014-09-30": "26058.00000", "2014-06-30": "26279.00000", "2014-03-31": "26484.00000", "2013-12-31": "17369.00000", "2013-09-30": "28135.00000", "2013-06-30": "27029.00000", "2013-03-31": "26081.00000", "2012-12-31": "29025.00000", "2012-09-30": "27380.00000", "2012-06-30": "27603.00000", "2012-03-31": "26199.00000", "2011-12-31": "27931.00000", "2011-09-30": "26186.00000", "2011-06-30": "25779.00000", "2011-03-31": "25223.00000", "2010-12-31": "31635.00000", "2010-09-30": "25590.00000", "2010-06-30": "26081.00000", "2010-03-31": "26440.00000", "2009-12-31": "30233.00000", "2009-09-30": "27902.00000", "2009-06-30": "27737.00000", "2009-03-31": "27403.00000", "2008-12-31": "33431.00000", "2008-09-30": "32679.00000", "2008-06-30": "31297.00000", "2008-03-31": "28200.00000", "2007-12-31": "31890.00000", "2007-09-30": "28462.00000", "2007-06-30": "27503.00000", "2007-03-31": "25443.00000", "2006-12-31": "24663.00000", "2006-09-30": "25407.00000", "2006-06-30": "25496.00000", "2006-03-31": "26698.00000", "2005-12-31": "18585.00000", "2005-09-30": "24750.00000", "2005-06-30": "25337.00000", "2005-03-31": "24390.00000"}, "Operating Income": {"2020-12-31": "1685.00000", "2020-09-30": "831.00000", "2020-06-30": "-2258.00000", "2020-03-31": "1654.00000", "2019-12-31": "3206.00000", "2019-09-30": "1900.00000", "2019-06-30": "1667.00000", "2019-03-31": "2520.00000", "2018-12-31": "1945.00000", "2018-09-30": "-20613.00000", "2018-06-30": "3001.00000", "2018-03-31": "2668.00000", "2017-12-31": "-586.00000", "2017-09-30": "1042.00000", "2017-06-30": "3189.00000", "2017-03-31": "2174.00000", "2016-12-31": "818.00000", "2016-09-30": "3719.00000", "2016-06-30": "5925.00000", "2016-03-31": "2617.00000", "2015-12-31": "3801.00000", "2015-09-30": "3620.00000", "2015-06-30": "3982.00000", "2015-03-31": "2851.00000", "2014-12-31": "-3577.00000", "2014-09-30": "6049.00000", "2014-06-30": "5981.00000", "2014-03-31": "7064.00000", "2013-12-31": "-9787.00000", "2013-09-30": "7526.00000", "2013-06-30": "8030.00000", "2013-03-31": "8862.00000", "2012-12-31": "9928.00000", "2012-09-30": "8874.00000", "2012-06-30": "8794.00000", "2012-03-31": "8881.00000", "2011-12-31": "9295.00000", "2011-09-30": "9178.00000", "2011-06-30": "9844.00000", "2011-03-31": "13106.00000", "2010-12-31": "9427.00000", "2010-09-30": "9783.00000", "2010-06-30": "10847.00000", "2010-03-31": "9764.00000", "2009-12-31": "8860.00000", "2009-09-30": "9897.00000", "2009-06-30": "11371.00000", "2009-03-31": "11035.00000", "2008-12-31": "11848.00000", "2008-09-30": "14555.00000", "2008-06-30": "15543.00000", "2008-03-31": "14028.00000", "2007-12-31": "16502.00000", "2007-09-30": "14050.00000", "2007-06-30": "14881.00000", "2007-03-31": "13757.00000", "2006-12-31": "13257.00000", "2006-09-30": "12467.00000", "2006-06-30": "12249.00000", "2006-03-31": "11331.00000", "2005-12-31": "10738.00000", "2005-09-30": "11618.00000", "2005-06-30": "11202.00000", "2005-03-31": "9960.00000"}, "Total Non-Operating Income/Expense": {"2020-12-31": "1036.00000", "2020-09-30": "-2491.00000", "2020-06-30": "-81.00000", "2020-03-31": "4820.00000", "2019-12-31": "-1632.00000", "2019-09-30": "-3149.00000", "2019-06-30": "-1964.00000", "2019-03-31": "-1398.00000", "2018-12-31": "-1482.00000", "2018-09-30": "-2349.00000", "2018-06-30": "-1764.00000", "2018-03-31": "-2393.00000", "2017-12-31": "-12579.00000", "2017-09-30": "-295.00000", "2017-06-30": "-2062.00000", "2017-03-31": "-2227.00000", "2016-12-31": "78.00000", "2016-09-30": "-1645.00000", "2016-06-30": "-2102.00000", "2016-03-31": "-2378.00000", "2015-12-31": "-572.00000", "2015-09-30": "-1570.00000", "2015-06-30": "-1370.00000", "2015-03-31": "-1231.00000", "2014-12-31": "4242.00000", "2014-09-30": "-2845.00000", "2014-06-30": "-2905.00000", "2014-03-31": "-3745.00000", "2013-12-31": "7395.00000", "2013-09-30": "-3906.00000", "2013-06-30": "-4297.00000", "2013-03-31": "-4723.00000", "2012-12-31": "-4692.00000", "2012-09-30": "-4850.00000", "2012-06-30": "-4607.00000", "2012-03-31": "-4947.00000", "2011-12-31": "-4873.00000", "2011-09-30": "-5411.00000", "2011-06-30": "-5308.00000", "2011-03-31": "-5672.00000", "2010-12-31": "-5802.00000", "2010-09-30": "-6200.00000", "2010-06-30": "-6675.00000", "2010-03-31": "-6957.00000", "2009-12-31": "-6719.00000", "2009-09-30": "-7922.00000", "2009-06-30": "-8249.00000", "2009-03-31": "-8409.00000", "2008-12-31": "-9236.00000", "2008-09-30": "-9383.00000", "2008-06-30": "-8911.00000", "2008-03-31": "-8674.00000", "2007-12-31": "-7951.00000", "2007-09-30": "-8299.00000", "2007-06-30": "-7815.00000", "2007-03-31": "-7597.00000", "2006-12-31": "-6631.00000", "2006-09-30": "-6843.00000", "2006-06-30": "-6385.00000", "2006-03-31": "-6157.00000", "2005-12-31": "-4977.00000", "2005-09-30": "-5914.00000", "2005-06-30": "-5833.00000", "2005-03-31": "-5616.00000"}, "Pre-Tax Income": {"2020-12-31": "2721.00000", "2020-09-30": "-1660.00000", "2020-06-30": "-2339.00000", "2020-03-31": "6475.00000", "2019-12-31": "1572.00000", "2019-09-30": "-1249.00000", "2019-06-30": "-296.00000", "2019-03-31": "1122.00000", "2018-12-31": "462.00000", "2018-09-30": "-22962.00000", "2018-06-30": "1236.00000", "2018-03-31": "277.00000", "2017-12-31": "-13165.00000", "2017-09-30": "746.00000", "2017-06-30": "1127.00000", "2017-03-31": "-53.00000", "2016-12-31": "895.00000", "2016-09-30": "2074.00000", "2016-06-30": "3824.00000", "2016-03-31": "238.00000", "2015-12-31": "1903.00000", "2015-09-30": "2050.00000", "2015-06-30": "2612.00000", "2015-03-31": "1621.00000", "2014-12-31": "664.00000", "2014-09-30": "3204.00000", "2014-06-30": "3076.00000", "2014-03-31": "3319.00000", "2013-12-31": "-2392.00000", "2013-09-30": "3620.00000", "2013-06-30": "3733.00000", "2013-03-31": "4139.00000", "2012-12-31": "5236.00000", "2012-09-30": "4024.00000", "2012-06-30": "4187.00000", "2012-03-31": "3934.00000", "2011-12-31": "4422.00000", "2011-09-30": "3767.00000", "2011-06-30": "4536.00000", "2011-03-31": "7434.00000", "2010-12-31": "3625.00000", "2010-09-30": "3583.00000", "2010-06-30": "4172.00000", "2010-03-31": "2807.00000", "2009-12-31": "2141.00000", "2009-09-30": "1975.00000", "2009-06-30": "3122.00000", "2009-03-31": "2626.00000", "2008-12-31": "2612.00000", "2008-09-30": "5172.00000", "2008-06-30": "6632.00000", "2008-03-31": "5354.00000", "2007-12-31": "8551.00000", "2007-09-30": "5751.00000", "2007-06-30": "7066.00000", "2007-03-31": "6160.00000", "2006-12-31": "6626.00000", "2006-09-30": "5624.00000", "2006-06-30": "5864.00000", "2006-03-31": "5174.00000", "2005-12-31": "5761.00000", "2005-09-30": "5704.00000", "2005-06-30": "5369.00000", "2005-03-31": "4344.00000"}, "Income Taxes": {"2020-12-31": "162.00000", "2020-09-30": "-501.00000", "2020-06-30": "-199.00000", "2020-03-31": "63.00000", "2019-12-31": "726.00000", "2019-09-30": "41.00000", "2019-06-30": "-181.00000", "2019-03-31": "140.00000", "2018-12-31": "-413.00000", "2018-09-30": "52.00000", "2018-06-30": "504.00000", "2018-03-31": "-50.00000", "2017-12-31": "-2114.00000", "2017-09-30": "-551.00000", "2017-06-30": "-38.00000", "2017-03-31": "-105.00000", "2016-12-31": "-1435.00000", "2016-09-30": "18.00000", "2016-06-30": "461.00000", "2016-03-31": "-177.00000", "2015-12-31": "742.00000", "2015-09-30": "135.00000", "2015-06-30": "799.00000", "2015-03-31": "6294.00000", "2014-12-31": "-439.00000", "2014-09-30": "401.00000", "2014-06-30": "192.00000", "2014-03-31": "619.00000", "2013-12-31": "53.00000", "2013-09-30": "348.00000", "2013-06-30": "310.00000", "2013-03-31": "508.00000", "2012-12-31": "816.00000", "2012-09-30": "557.00000", "2012-06-30": "496.00000", "2012-03-31": "665.00000", "2011-12-31": "474.00000", "2011-09-30": "437.00000", "2011-06-30": "892.00000", "2011-03-31": "3942.00000", "2010-12-31": "-589.00000", "2010-09-30": "319.00000", "2010-06-30": "866.00000", "2010-03-31": "443.00000", "2009-12-31": "-576.00000", "2009-09-30": "-484.00000", "2009-06-30": "227.00000", "2009-03-31": "-309.00000", "2008-12-31": "-1332.00000", "2008-09-30": "539.00000", "2008-06-30": "1054.00000", "2008-03-31": "841.00000", "2007-12-31": "830.00000", "2007-09-30": "640.00000", "2007-06-30": "1453.00000", "2007-03-31": "1232.00000", "2006-12-31": "1009.00000", "2006-09-30": "875.00000", "2006-06-30": "1063.00000", "2006-03-31": "997.00000", "2005-12-31": "935.00000", "2005-09-30": "1112.00000", "2005-06-30": "993.00000", "2005-03-31": "784.00000"}, "Income After Taxes": {"2020-12-31": "2559.00000", "2020-09-30": "-1159.00000", "2020-06-30": "-2140.00000", "2020-03-31": "6412.00000", "2019-12-31": "846.00000", "2019-09-30": "-1290.00000", "2019-06-30": "-115.00000", "2019-03-31": "982.00000", "2018-12-31": "875.00000", "2018-09-30": "-23014.00000", "2018-06-30": "732.00000", "2018-03-31": "327.00000", "2017-12-31": "-11051.00000", "2017-09-30": "1297.00000", "2017-06-30": "1165.00000", "2017-03-31": "52.00000", "2016-12-31": "2330.00000", "2016-09-30": "2056.00000", "2016-06-30": "3363.00000", "2016-03-31": "415.00000", "2015-12-31": "1161.00000", "2015-09-30": "1915.00000", "2015-06-30": "1813.00000", "2015-03-31": "-4673.00000", "2014-12-31": "1103.00000", "2014-09-30": "2803.00000", "2014-06-30": "2884.00000", "2014-03-31": "2700.00000", "2013-12-31": "-2445.00000", "2013-09-30": "3272.00000", "2013-06-30": "3423.00000", "2013-03-31": "3631.00000", "2012-12-31": "4420.00000", "2012-09-30": "3467.00000", "2012-06-30": "3691.00000", "2012-03-31": "3269.00000", "2011-12-31": "3948.00000", "2011-09-30": "3330.00000", "2011-06-30": "3644.00000", "2011-03-31": "3492.00000", "2010-12-31": "4214.00000", "2010-09-30": "3264.00000", "2010-06-30": "3306.00000", "2010-03-31": "2364.00000", "2009-12-31": "2717.00000", "2009-09-30": "2459.00000", "2009-06-30": "2895.00000", "2009-03-31": "2935.00000", "2008-12-31": "3944.00000", "2008-09-30": "4633.00000", "2008-06-30": "5578.00000", "2008-03-31": "4513.00000", "2007-12-31": "7721.00000", "2007-09-30": "5111.00000", "2007-06-30": "5613.00000", "2007-03-31": "4928.00000", "2006-12-31": "5617.00000", "2006-09-30": "4749.00000", "2006-06-30": "4801.00000", "2006-03-31": "4177.00000", "2005-12-31": "4826.00000", "2005-09-30": "4592.00000", "2005-06-30": "4376.00000", "2005-03-31": "3560.00000"}, "Other Income": {"2020-12-31": "", "2020-09-30": "", "2020-06-30": "", "2020-03-31": "", "2019-12-31": "", "2019-09-30": "", "2019-06-30": "", "2019-03-31": "", "2018-12-31": "", "2018-09-30": "", "2018-06-30": "", "2018-03-31": "", "2017-12-31": "", "2017-09-30": "", "2017-06-30": "", "2017-03-31": "", "2016-12-31": "", "2016-09-30": "", "2016-06-30": "", "2016-03-31": "", "2015-12-31": "", "2015-09-30": "", "2015-06-30": "", "2015-03-31": "", "2014-12-31": "", "2014-09-30": "", "2014-06-30": "", "2014-03-31": "", "2013-12-31": "", "2013-09-30": "", "2013-06-30": "", "2013-03-31": "", "2012-12-31": "", "2012-09-30": "", "2012-06-30": "", "2012-03-31": "", "2011-12-31": "", "2011-09-30": "", "2011-06-30": "", "2011-03-31": "", "2010-12-31": "", "2010-09-30": "", "2010-06-30": "", "2010-03-31": "", "2009-12-31": "", "2009-09-30": "", "2009-06-30": "", "2009-03-31": "", "2008-12-31": "", "2008-09-30": "", "2008-06-30": "", "2008-03-31": "", "2007-12-31": "", "2007-09-30": "", "2007-06-30": "", "2007-03-31": "", "2006-12-31": "", "2006-09-30": "", "2006-06-30": "", "2006-03-31": "", "2005-12-31": "", "2005-09-30": "", "2005-06-30": "", "2005-03-31": ""}, "Income From Continuous Operations": {"2020-12-31": "2559.00000", "2020-09-30": "-1160.00000", "2020-06-30": "-2139.00000", "2020-03-31": "6412.00000", "2019-12-31": "845.00000", "2019-09-30": "-1290.00000", "2019-06-30": "-115.00000", "2019-03-31": "983.00000", "2018-12-31": "874.00000", "2018-09-30": "-23014.00000", "2018-06-30": "732.00000", "2018-03-31": "328.00000", "2017-12-31": "-11049.00000", "2017-09-30": "1297.00000", "2017-06-30": "1164.00000", "2017-03-31": "52.00000", "2016-12-31": "2331.00000", "2016-09-30": "2056.00000", "2016-06-30": "3363.00000", "2016-03-31": "415.00000", "2015-12-31": "2645.00000", "2015-09-30": "1915.00000", "2015-06-30": "1813.00000", "2015-03-31": "-4673.00000", "2014-12-31": "1103.00000", "2014-09-30": "2803.00000", "2014-06-30": "2884.00000", "2014-03-31": "2700.00000", "2013-12-31": "-2445.00000", "2013-09-30": "3272.00000", "2013-06-30": "3423.00000", "2013-03-31": "3631.00000", "2012-12-31": "4420.00000", "2012-09-30": "3467.00000", "2012-06-30": "3691.00000", "2012-03-31": "3269.00000", "2011-12-31": "3948.00000", "2011-09-30": "3330.00000", "2011-06-30": "3644.00000", "2011-03-31": "3492.00000", "2010-12-31": "4214.00000", "2010-09-30": "3264.00000", "2010-06-30": "3306.00000", "2010-03-31": "2364.00000", "2009-12-31": "2717.00000", "2009-09-30": "2459.00000", "2009-06-30": "2895.00000", "2009-03-31": "2935.00000", "2008-12-31": "3944.00000", "2008-09-30": "4633.00000", "2008-06-30": "5578.00000", "2008-03-31": "4513.00000", "2007-12-31": "7721.00000", "2007-09-30": "5111.00000", "2007-06-30": "5613.00000", "2007-03-31": "4928.00000", "2006-12-31": "5617.00000", "2006-09-30": "4749.00000", "2006-06-30": "4801.00000", "2006-03-31": "4177.00000", "2005-12-31": "4826.00000", "2005-09-30": "4592.00000", "2005-06-30": "4376.00000", "2005-03-31": "3560.00000"}, "Income From Discontinued Operations": {"2020-12-31": "81.00000", "2020-09-30": "-35.00000", "2020-06-30": "7.00000", "2020-03-31": "-178.00000", "2019-12-31": "-124.00000", "2019-09-30": "-8093.00000", "2019-06-30": "219.00000", "2019-03-31": "2663.00000", "2018-12-31": "-14.00000", "2018-09-30": "155.00000", "2018-06-30": "-63.00000", "2018-03-31": "-1441.00000", "2017-12-31": "179.00000", "2017-09-30": "-106.00000", "2017-06-30": "-146.00000", "2017-03-31": "-239.00000", "2016-12-31": "", "2016-09-30": "-105.00000", "2016-06-30": "-541.00000", "2016-03-31": "-308.00000", "2015-12-31": "3758.00000", "2015-09-30": "629.00000", "2015-06-30": "-2947.00000", "2015-03-31": "-8936.00000", "2014-12-31": "4236.00000", "2014-09-30": "706.00000", "2014-06-30": "661.00000", "2014-03-31": "252.00000", "2013-12-31": "5810.00000", "2013-09-30": "-91.00000", "2013-06-30": "-124.00000", "2013-03-31": "-120.00000", "2012-12-31": "-274.00000", "2012-09-30": "41.00000", "2012-06-30": "-553.00000", "2012-03-31": "-197.00000", "2011-12-31": "-135.00000", "2011-09-30": "-65.00000", "2011-06-30": "194.00000", "2011-03-31": "35.00000", "2010-12-31": "550.00000", "2010-09-30": "-1052.00000", "2010-06-30": "-101.00000", "2010-03-31": "-366.00000", "2009-12-31": "394.00000", "2009-09-30": "40.00000", "2009-06-30": "-194.00000", "2009-03-31": "-21.00000", "2008-12-31": "-83.00000", "2008-09-30": "-165.00000", "2008-06-30": "-322.00000", "2008-03-31": "-47.00000", "2007-12-31": "-109.00000", "2007-09-30": "448.00000", "2007-06-30": "-231.00000", "2007-03-31": "-357.00000", "2006-12-31": "873.00000", "2006-09-30": "117.00000", "2006-06-30": "145.00000", "2006-03-31": "263.00000", "2005-12-31": "-1395.00000", "2005-09-30": "85.00000", "2005-06-30": "271.00000", "2005-03-31": "405.00000"}, "Net Income": {"2020-12-31": "2442.00000", "2020-09-30": "-1190.00000", "2020-06-30": "-2179.00000", "2020-03-31": "6156.00000", "2019-12-31": "538.00000", "2019-09-30": "-9465.00000", "2019-06-30": "-61.00000", "2019-03-31": "3549.00000", "2018-12-31": "575.00000", "2018-09-30": "-22808.00000", "2018-06-30": "615.00000", "2018-03-31": "-1184.00000", "2017-12-31": "-11002.00000", "2017-09-30": "1324.00000", "2017-06-30": "875.00000", "2017-03-31": "-117.00000", "2016-12-31": "2156.00000", "2016-09-30": "1994.00000", "2016-06-30": "2756.00000", "2016-03-31": "-61.00000", "2015-12-31": "6283.00000", "2015-09-30": "2506.00000", "2015-06-30": "-1360.00000", "2015-03-31": "-13573.00000", "2014-12-31": "5152.00000", "2014-09-30": "3537.00000", "2014-06-30": "3545.00000", "2014-03-31": "2999.00000", "2013-12-31": "3206.00000", "2013-09-30": "3191.00000", "2013-06-30": "3133.00000", "2013-03-31": "3527.00000", "2012-12-31": "4011.00000", "2012-09-30": "3491.00000", "2012-06-30": "3105.00000", "2012-03-31": "3034.00000", "2011-12-31": "3730.00000", "2011-09-30": "2343.00000", "2011-06-30": "3689.00000", "2011-03-31": "3358.00000", "2010-12-31": "4460.00000", "2010-09-30": "1980.00000", "2010-06-30": "3034.00000", "2010-03-31": "1870.00000", "2009-12-31": "2938.00000", "2009-09-30": "2419.00000", "2009-06-30": "2614.00000", "2009-03-31": "2754.00000", "2008-12-31": "3647.00000", "2008-09-30": "4312.00000", "2008-06-30": "5072.00000", "2008-03-31": "4304.00000", "2007-12-31": "6696.00000", "2007-09-30": "5559.00000", "2007-06-30": "5382.00000", "2007-03-31": "4571.00000", "2006-12-31": "6490.00000", "2006-09-30": "4866.00000", "2006-06-30": "4946.00000", "2006-03-31": "4440.00000", "2005-12-31": "3431.00000", "2005-09-30": "4677.00000", "2005-06-30": "4647.00000", "2005-03-31": "3965.00000"}, "EBITDA": {"2020-12-31": "", "2020-09-30": "2633.00000", "2020-06-30": "-660.00000", "2020-03-31": "2985.00000", "2019-12-31": "4612.00000", "2019-09-30": "3400.00000", "2019-06-30": "2994.00000", "2019-03-31": "3882.00000", "2018-12-31": "3430.00000", "2018-09-30": "-19305.00000", "2018-06-30": "4916.00000", "2018-03-31": "4542.00000", "2017-12-31": "180.00000", "2017-09-30": "3069.00000", "2017-06-30": "4858.00000", "2017-03-31": "3906.00000", "2016-12-31": "4247.00000", "2016-09-30": "4855.00000", "2016-06-30": "7220.00000", "2016-03-31": "3827.00000", "2015-12-31": "5094.00000", "2015-09-30": "4885.00000", "2015-06-30": "5170.00000", "2015-03-31": "3952.00000", "2014-12-31": "-2444.00000", "2014-09-30": "7474.00000", "2014-06-30": "6187.00000", "2014-03-31": "9253.00000", "2013-12-31": "-11737.00000", "2013-09-30": "10103.00000", "2013-06-30": "10296.00000", "2013-03-31": "11171.00000", "2012-12-31": "12421.00000", "2012-09-30": "11161.00000", "2012-06-30": "10986.00000", "2012-03-31": "11101.00000", "2011-12-31": "11337.00000", "2011-09-30": "11528.00000", "2011-06-30": "12146.00000", "2011-03-31": "15398.00000", "2010-12-31": "11764.00000", "2010-09-30": "12394.00000", "2010-06-30": "13220.00000", "2010-03-31": "12229.00000", "2009-12-31": "11584.00000", "2009-09-30": "12555.00000", "2009-06-30": "13875.00000", "2009-03-31": "13766.00000", "2008-12-31": "15113.00000", "2008-09-30": "17416.00000", "2008-06-30": "18216.00000", "2008-03-31": "16710.00000", "2007-12-31": "19346.00000", "2007-09-30": "16630.00000", "2007-06-30": "17292.00000", "2007-03-31": "16197.00000", "2006-12-31": "15555.00000", "2006-09-30": "14575.00000", "2006-06-30": "14168.00000", "2006-03-31": "13463.00000", "2005-12-31": "12096.00000", "2005-09-30": "13835.00000", "2005-06-30": "13188.00000", "2005-03-31": "12240.00000"}, "EBIT": {"2020-12-31": "1685.00000", "2020-09-30": "831.00000", "2020-06-30": "-2258.00000", "2020-03-31": "1654.00000", "2019-12-31": "3206.00000", "2019-09-30": "1900.00000", "2019-06-30": "1667.00000", "2019-03-31": "2520.00000", "2018-12-31": "1945.00000", "2018-09-30": "-20613.00000", "2018-06-30": "3001.00000", "2018-03-31": "2668.00000", "2017-12-31": "-586.00000", "2017-09-30": "1042.00000", "2017-06-30": "3189.00000", "2017-03-31": "2174.00000", "2016-12-31": "818.00000", "2016-09-30": "3719.00000", "2016-06-30": "5925.00000", "2016-03-31": "2617.00000", "2015-12-31": "3801.00000", "2015-09-30": "3620.00000", "2015-06-30": "3982.00000", "2015-03-31": "2851.00000", "2014-12-31": "-3577.00000", "2014-09-30": "6049.00000", "2014-06-30": "5981.00000", "2014-03-31": "7064.00000", "2013-12-31": "-9787.00000", "2013-09-30": "7526.00000", "2013-06-30": "8030.00000", "2013-03-31": "8862.00000", "2012-12-31": "9928.00000", "2012-09-30": "8874.00000", "2012-06-30": "8794.00000", "2012-03-31": "8881.00000", "2011-12-31": "9295.00000", "2011-09-30": "9178.00000", "2011-06-30": "9844.00000", "2011-03-31": "13106.00000", "2010-12-31": "9427.00000", "2010-09-30": "9783.00000", "2010-06-30": "10847.00000", "2010-03-31": "9764.00000", "2009-12-31": "8860.00000", "2009-09-30": "9897.00000", "2009-06-30": "11371.00000", "2009-03-31": "11035.00000", "2008-12-31": "11848.00000", "2008-09-30": "14555.00000", "2008-06-30": "15543.00000", "2008-03-31": "14028.00000", "2007-12-31": "16502.00000", "2007-09-30": "14050.00000", "2007-06-30": "14881.00000", "2007-03-31": "13757.00000", "2006-12-31": "13257.00000", "2006-09-30": "12467.00000", "2006-06-30": "12249.00000", "2006-03-31": "11331.00000", "2005-12-31": "10738.00000", "2005-09-30": "11618.00000", "2005-06-30": "11202.00000", "2005-03-31": "9960.00000"}, "Basic Shares Outstanding": {"2020-12-31": "8762.00000", "2020-09-30": "8756.00000", "2020-06-30": "8750.00000", "2020-03-31": "8742.00000", "2019-12-31": "8772.58100", "2019-09-30": "8730.00000", "2019-06-30": "8724.00000", "2019-03-31": "8711.00000", "2018-12-31": "8703.05400", "2018-09-30": "8694.00000", "2018-06-30": "8688.00000", "2018-03-31": "8683.00000", "2017-12-31": "8660.19400", "2017-09-30": "8665.00000", "2017-06-30": "8671.00000", "2017-03-31": "8714.00000", "2016-12-31": "9025.00000", "2016-09-30": "8904.00000", "2016-06-30": "9079.00000", "2016-03-31": "9288.00000", "2015-12-31": "9745.00000", "2015-09-30": "10103.00000", "2015-06-30": "10087.00000", "2015-03-31": "10067.00000", "2014-12-31": "10045.00000", "2014-09-30": "10039.00000", "2014-06-30": "10031.00000", "2014-03-31": "10045.00000", "2013-12-31": "10222.00000", "2013-09-30": "10151.00000", "2013-06-30": "10263.00000", "2013-03-31": "10374.00000", "2012-12-31": "10523.00000", "2012-09-30": "10523.00000", "2012-06-30": "10574.00000", "2012-03-31": "10581.00000", "2011-12-31": "10591.00000", "2011-09-30": "10580.00000", "2011-06-30": "10604.00000", "2011-03-31": "10611.00000", "2010-12-31": "10661.00000", "2010-09-30": "10674.00000", "2010-06-30": "10685.00000", "2010-03-31": "10671.00000", "2009-12-31": "10614.00000", "2009-09-30": "10638.00000", "2009-06-30": "10609.00000", "2009-03-31": "10564.00000", "2008-12-31": "10080.00000", "2008-09-30": "9953.00000", "2008-06-30": "9958.00000", "2008-03-31": "9978.00000", "2007-12-31": "10182.00000", "2007-09-30": "10177.00000", "2007-06-30": "10268.00000", "2007-03-31": "10284.00000", "2006-12-31": "10359.00000", "2006-09-30": "10317.00000", "2006-06-30": "10362.00000", "2006-03-31": "10442.00000", "2005-12-31": "10570.00000", "2005-09-30": "10585.00000", "2005-06-30": "10604.00000", "2005-03-31": "10597.00000"}, "Shares Outstanding": {"2020-12-31": "8779.00000", "2020-09-30": "8756.00000", "2020-06-30": "8750.00000", "2020-03-31": "8742.00000", "2019-12-31": "8772.58100", "2019-09-30": "8730.00000", "2019-06-30": "8724.00000", "2019-03-31": "8711.00000", "2018-12-31": "8703.05400", "2018-09-30": "8694.00000", "2018-06-30": "8699.00000", "2018-03-31": "8696.00000", "2017-12-31": "8660.19400", "2017-09-30": "8732.00000", "2017-06-30": "8760.00000", "2017-03-31": "8811.00000", "2016-12-31": "9130.00000", "2016-09-30": "9016.00000", "2016-06-30": "9187.00000", "2016-03-31": "9383.00000", "2015-12-31": "9821.00000", "2015-09-30": "10173.00000", "2015-06-30": "10158.00000", "2015-03-31": "10067.00000", "2014-12-31": "10123.00000", "2014-09-30": "10119.00000", "2014-06-30": "10110.00000", "2014-03-31": "10123.00000", "2013-12-31": "10289.00000", "2013-09-30": "10223.00000", "2013-06-30": "10328.00000", "2013-03-31": "10433.00000", "2012-12-31": "10564.00000", "2012-09-30": "10568.00000", "2012-06-30": "10611.00000", "2012-03-31": "10611.00000", "2011-12-31": "10620.00000", "2011-09-30": "10607.00000", "2011-06-30": "10639.00000", "2011-03-31": "10641.00000", "2010-12-31": "10678.00000", "2010-09-30": "10691.00000", "2010-06-30": "10702.00000", "2010-03-31": "10687.00000", "2009-12-31": "10615.00000", "2009-09-30": "10638.00000", "2009-06-30": "10609.00000", "2009-03-31": "10564.00000", "2008-12-31": "10098.00000", "2008-09-30": "9970.00000", "2008-06-30": "9982.00000", "2008-03-31": "10006.00000", "2007-12-31": "10218.00000", "2007-09-30": "10215.00000", "2007-06-30": "10303.00000", "2007-03-31": "10317.00000", "2006-12-31": "10394.00000", "2006-09-30": "10348.00000", "2006-06-30": "10400.00000", "2006-03-31": "10480.00000", "2005-12-31": "10611.00000", "2005-09-30": "10623.00000", "2005-06-30": "10650.00000", "2005-03-31": "10641.00000"}, "Basic EPS": {"2020-12-31": "0.28000", "2020-09-30": "-0.14000", "2020-06-30": "-0.26000", "2020-03-31": "0.70000", "2019-12-31": "0.06000", "2019-09-30": "-1.08000", "2019-06-30": "-0.01000", "2019-03-31": "0.41000", "2018-12-31": "0.07000", "2018-09-30": "-2.62000", "2018-06-30": "0.07000", "2018-03-31": "-0.14000", "2017-12-31": "-1.27000", "2017-09-30": "0.15000", "2017-06-30": "0.10000", "2017-03-31": "-0.01000", "2016-12-31": "0.25000", "2016-09-30": "0.22000", "2016-06-30": "0.30000", "2016-03-31": "-0.01000", "2015-12-31": "0.64000", "2015-09-30": "0.25000", "2015-06-30": "-0.13000", "2015-03-31": "-1.35000", "2014-12-31": "0.51000", "2014-09-30": "0.35000", "2014-06-30": "0.35000", "2014-03-31": "0.30000", "2013-12-31": "0.33000", "2013-09-30": "0.31000", "2013-06-30": "0.30000", "2013-03-31": "0.34000", "2012-12-31": "0.38000", "2012-09-30": "0.33000", "2012-06-30": "0.29000", "2012-03-31": "0.29000", "2011-12-31": "0.35000", "2011-09-30": "0.22000", "2011-06-30": "0.35000", "2011-03-31": "0.32000", "2010-12-31": "0.43000", "2010-09-30": "0.18000", "2010-06-30": "0.28000", "2010-03-31": "0.17000", "2009-12-31": "0.27000", "2009-09-30": "0.23000", "2009-06-30": "0.25000", "2009-03-31": "0.26000", "2008-12-31": "0.35000", "2008-09-30": "0.43000", "2008-06-30": "0.51000", "2008-03-31": "0.43000", "2007-12-31": "0.67000", "2007-09-30": "0.55000", "2007-06-30": "0.52000", "2007-03-31": "0.44000", "2006-12-31": "0.62000", "2006-09-30": "0.47000", "2006-06-30": "0.48000", "2006-03-31": "0.43000", "2005-12-31": "0.33000", "2005-09-30": "0.44000", "2005-06-30": "0.44000", "2005-03-31": "0.37000"}, "EPS - Earnings Per Share": {"2020-12-31": "0.27000", "2020-09-30": "-0.13000", "2020-06-30": "-0.26000", "2020-03-31": "0.70000", "2019-12-31": "-0.86000", "2019-09-30": "-0.15000", "2019-06-30": "-0.01000", "2019-03-31": "0.40000", "2018-12-31": "0.07000", "2018-09-30": "-2.62000", "2018-06-30": "0.07000", "2018-03-31": "-0.14000", "2017-12-31": "-1.27000", "2017-09-30": "0.15000", "2017-06-30": "0.10000", "2017-03-31": "-0.01000", "2016-12-31": "0.24000", "2016-09-30": "0.22000", "2016-06-30": "0.30000", "2016-03-31": "-0.01000", "2015-12-31": "0.64000", "2015-09-30": "0.25000", "2015-06-30": "-0.13000", "2015-03-31": "-1.35000", "2014-12-31": "0.50000", "2014-09-30": "0.35000", "2014-06-30": "0.35000", "2014-03-31": "0.30000", "2013-12-31": "0.32000", "2013-09-30": "0.31000", "2013-06-30": "0.30000", "2013-03-31": "0.34000", "2012-12-31": "0.38000", "2012-09-30": "0.33000", "2012-06-30": "0.29000", "2012-03-31": "0.29000", "2011-12-31": "0.35000", "2011-09-30": "0.22000", "2011-06-30": "0.35000", "2011-03-31": "0.31000", "2010-12-31": "0.43000", "2010-09-30": "0.18000", "2010-06-30": "0.28000", "2010-03-31": "0.17000", "2009-12-31": "0.27000", "2009-09-30": "0.23000", "2009-06-30": "0.25000", "2009-03-31": "0.26000", "2008-12-31": "0.35000", "2008-09-30": "0.43000", "2008-06-30": "0.51000", "2008-03-31": "0.43000", "2007-12-31": "0.67000", "2007-09-30": "0.54000", "2007-06-30": "0.52000", "2007-03-31": "0.44000", "2006-12-31": "0.63000", "2006-09-30": "0.47000", "2006-06-30": "0.48000", "2006-03-31": "0.42000", "2005-12-31": "0.32000", "2005-09-30": "0.44000", "2005-06-30": "0.44000", "2005-03-31": "0.37000"}}, "balance sheet": {"Cash On Hand": {"2020-12-31": "43949.00000", "2019-12-31": "84915.00000", "2018-12-31": "64632.00000", "2017-12-31": "82663.00000", "2016-12-31": "92442.00000", "2015-12-31": "102456.00000", "2014-12-31": "105530.00000", "2013-12-31": "132536.00000", "2012-12-31": "125778.00000", "2011-12-31": "131875.00000", "2010-12-31": "122881.00000", "2009-12-31": "121831.00000", "2008-12-31": "89633.00000", "2007-12-31": "61007.00000", "2006-12-31": "61905.00000", "2005-12-31": "50973.00000"}, "Receivables": {"2020-12-31": "21287.00000", "2019-12-31": "27047.00000", "2018-12-31": "29487.00000", "2017-12-31": "40846.00000", "2016-12-31": "42262.00000", "2015-12-31": "45856.00000", "2014-12-31": "42943.00000", "2013-12-31": "272442.00000", "2012-12-31": "285004.00000", "2011-12-31": "307957.00000", "2010-12-31": "329204.00000", "2009-12-31": "349761.00000", "2008-12-31": "400018.00000", "2007-12-31": "414896.00000", "2006-12-31": "358256.00000", "2005-12-31": "316822.00000"}, "Inventory": {"2020-12-31": "15890.00000", "2019-12-31": "14104.00000", "2018-12-31": "13803.00000", "2017-12-31": "19419.00000", "2016-12-31": "22354.00000", "2015-12-31": "22515.00000", "2014-12-31": "17689.00000", "2013-12-31": "17325.00000", "2012-12-31": "15374.00000", "2011-12-31": "13792.00000", "2010-12-31": "11526.00000", "2009-12-31": "11987.00000", "2008-12-31": "13674.00000", "2007-12-31": "12897.00000", "2006-12-31": "10032.00000", "2005-12-31": "10474.00000"}, "Pre-Paid Expenses": {"2020-12-31": "", "2019-12-31": "", "2018-12-31": "", "2017-12-31": "", "2016-12-31": "", "2015-12-31": "", "2014-12-31": "", "2013-12-31": "", "2012-12-31": "", "2011-12-31": "", "2010-12-31": "", "2009-12-31": "", "2008-12-31": "", "2007-12-31": "", "2006-12-31": "", "2005-12-31": ""}, "Other Current Assets": {"2020-12-31": "7286.00000", "2019-12-31": "", "2018-12-31": "", "2017-12-31": "", "2016-12-31": "", "2015-12-31": "", "2014-12-31": "", "2013-12-31": "", "2012-12-31": "", "2011-12-31": "", "2010-12-31": "", "2009-12-31": "", "2008-12-31": "", "2007-12-31": "", "2006-12-31": "", "2005-12-31": ""}, "Total Current Assets": {"2020-12-31": "88412.00000", "2019-12-31": "126066.00000", "2018-12-31": "107922.00000", "2017-12-31": "142928.00000", "2016-12-31": "157058.00000", "2015-12-31": "170827.00000", "2014-12-31": "166162.00000", "2013-12-31": "422303.00000", "2012-12-31": "426156.00000", "2011-12-31": "453624.00000", "2010-12-31": "463611.00000", "2009-12-31": "483579.00000", "2008-12-31": "503325.00000", "2007-12-31": "488800.00000", "2006-12-31": "430193.00000", "2005-12-31": "378269.00000"}, "Property, Plant, And Equipment": {"2020-12-31": "44662.00000", "2019-12-31": "43290.00000", "2018-12-31": "43611.00000", "2017-12-31": "53874.00000", "2016-12-31": "50518.00000", "2015-12-31": "54095.00000", "2014-12-31": "48070.00000", "2013-12-31": "68827.00000", "2012-12-31": "68633.00000", "2011-12-31": "65739.00000", "2010-12-31": "66212.00000", "2009-12-31": "68970.00000", "2008-12-31": "78530.00000", "2007-12-31": "77888.00000", "2006-12-31": "70650.00000", "2005-12-31": "67528.00000"}, "Long-Term Investments": {"2020-12-31": "42549.00000", "2019-12-31": "", "2018-12-31": "", "2017-12-31": "", "2016-12-31": "", "2015-12-31": "", "2014-12-31": "", "2013-12-31": "", "2012-12-31": "", "2011-12-31": "", "2010-12-31": "", "2009-12-31": "", "2008-12-31": "", "2007-12-31": "", "2006-12-31": "", "2005-12-31": ""}, "Goodwill And Intangible Assets": {"2020-12-31": "35298.00000", "2019-12-31": "37387.00000", "2018-12-31": "46152.00000", "2017-12-31": "104241.00000", "2016-12-31": "86874.00000", "2015-12-31": "83323.00000", "2014-12-31": "66389.00000", "2013-12-31": "91958.00000", "2012-12-31": "85094.00000", "2011-12-31": "84693.00000", "2010-12-31": "74359.00000", "2009-12-31": "76827.00000", "2008-12-31": "96736.00000", "2007-12-31": "97258.00000", "2006-12-31": "84314.00000", "2005-12-31": "81630.00000"}, "Other Long-Term Assets": {"2020-12-31": "20485.00000", "2019-12-31": "42411.00000", "2018-12-31": "37417.00000", "2017-12-31": "53469.00000", "2016-12-31": "54083.00000", "2015-12-31": "60771.00000", "2014-12-31": "44622.00000", "2013-12-31": "70858.00000", "2012-12-31": "101855.00000", "2011-12-31": "112412.00000", "2010-12-31": "131186.00000", "2009-12-31": "137397.00000", "2008-12-31": "117455.00000", "2007-12-31": "122848.00000", "2006-12-31": "91651.00000", "2005-12-31": "84828.00000"}, "Total Long-Term Assets": {"2020-12-31": "165039.00000", "2019-12-31": "139982.00000", "2018-12-31": "203150.00000", "2017-12-31": "226315.00000", "2016-12-31": "208123.00000", "2015-12-31": "322245.00000", "2014-12-31": "488793.00000", "2013-12-31": "234257.00000", "2012-12-31": "258843.00000", "2011-12-31": "264565.00000", "2010-12-31": "284182.00000", "2009-12-31": "298322.00000", "2008-12-31": "294444.00000", "2007-12-31": "306883.00000", "2006-12-31": "266490.00000", "2005-12-31": "295052.00000"}, "Total Assets": {"2020-12-31": "253452.00000", "2019-12-31": "266048.00000", "2018-12-31": "311072.00000", "2017-12-31": "369245.00000", "2016-12-31": "365183.00000", "2015-12-31": "493071.00000", "2014-12-31": "654954.00000", "2013-12-31": "656560.00000", "2012-12-31": "684999.00000", "2011-12-31": "718189.00000", "2010-12-31": "747793.00000", "2009-12-31": "781901.00000", "2008-12-31": "797769.00000", "2007-12-31": "795683.00000", "2006-12-31": "696683.00000", "2005-12-31": "673321.00000"}, "Total Current Liabilities": {"2020-12-31": "56069.00000", "2019-12-31": "74259.00000", "2018-12-31": "60451.00000", "2017-12-31": "79296.00000", "2016-12-31": "81580.00000", "2015-12-31": "105080.00000", "2014-12-31": "111669.00000", "2013-12-31": "123087.00000", "2012-12-31": "144798.00000", "2011-12-31": "181953.00000", "2010-12-31": "156716.00000", "2009-12-31": "176115.00000", "2008-12-31": "218976.00000", "2007-12-31": "245239.00000", "2006-12-31": "218064.00000", "2005-12-31": "204970.00000"}, "Long Term Debt": {"2020-12-31": "70288.00000", "2019-12-31": "67155.00000", "2018-12-31": "88949.00000", "2017-12-31": "108575.00000", "2016-12-31": "105080.00000", "2015-12-31": "144659.00000", "2014-12-31": "186596.00000", "2013-12-31": "221665.00000", "2012-12-31": "236084.00000", "2011-12-31": "243459.00000", "2010-12-31": "293323.00000", "2009-12-31": "336172.00000", "2008-12-31": "322847.00000", "2007-12-31": "319013.00000", "2006-12-31": "260752.00000", "2005-12-31": "212281.00000"}, "Other Non-Current Liabilities": {"2020-12-31": "88020.00000", "2019-12-31": "91409.00000", "2018-12-31": "90912.00000", "2017-12-31": "103778.00000", "2016-12-31": "93851.00000", "2015-12-31": "93734.00000", "2014-12-31": "91525.00000", "2013-12-31": "171092.00000", "2012-12-31": "172914.00000", "2011-12-31": "173145.00000", "2010-12-31": "168216.00000", "2009-12-31": "133911.00000", "2008-12-31": "136318.00000", "2007-12-31": "93384.00000", "2006-12-31": "82011.00000", "2005-12-31": "72930.00000"}, "Total Long Term Liabilities": {"2020-12-31": "160309.00000", "2019-12-31": "161929.00000", "2018-12-31": "199142.00000", "2017-12-31": "216450.00000", "2016-12-31": "206114.00000", "2015-12-31": "287852.00000", "2014-12-31": "406452.00000", "2013-12-31": "396690.00000", "2012-12-31": "411731.00000", "2011-12-31": "418102.00000", "2010-12-31": "466879.00000", "2009-12-31": "480650.00000", "2008-12-31": "465181.00000", "2007-12-31": "434885.00000", "2006-12-31": "367110.00000", "2005-12-31": "359000.00000"}, "Total Liabilities": {"2020-12-31": "216378.00000", "2019-12-31": "236187.00000", "2018-12-31": "259591.00000", "2017-12-31": "295747.00000", "2016-12-31": "287692.00000", "2015-12-31": "392933.00000", "2014-12-31": "518121.00000", "2013-12-31": "519777.00000", "2012-12-31": "556529.00000", "2011-12-31": "600055.00000", "2010-12-31": "623595.00000", "2009-12-31": "656765.00000", "2008-12-31": "684157.00000", "2007-12-31": "680124.00000", "2006-12-31": "585174.00000", "2005-12-31": "563970.00000"}, "Common Stock Net": {"2020-12-31": "", "2019-12-31": "702.00000", "2018-12-31": "702.00000", "2017-12-31": "702.00000", "2016-12-31": "702.00000", "2015-12-31": "702.00000", "2014-12-31": "702.00000", "2013-12-31": "702.00000", "2012-12-31": "702.00000", "2011-12-31": "702.00000", "2010-12-31": "702.00000", "2009-12-31": "702.00000", "2008-12-31": "702.00000", "2007-12-31": "669.00000", "2006-12-31": "669.00000", "2005-12-31": "669.00000"}, "Retained Earnings (Accumulated Deficit)": {"2020-12-31": "", "2019-12-31": "87732.00000", "2018-12-31": "93109.00000", "2017-12-31": "117245.00000", "2016-12-31": "139532.00000", "2015-12-31": "140020.00000", "2014-12-31": "155333.00000", "2013-12-31": "149051.00000", "2012-12-31": "144055.00000", "2011-12-31": "137786.00000", "2010-12-31": "131137.00000", "2009-12-31": "126363.00000", "2008-12-31": "122123.00000", "2007-12-31": "117362.00000", "2006-12-31": "106993.00000", "2005-12-31": "97644.00000"}, "Comprehensive Income": {"2020-12-31": "", "2019-12-31": "-11732.00000", "2018-12-31": "-14414.00000", "2017-12-31": "-14403.00000", "2016-12-31": "-18599.00000", "2015-12-31": "-16529.00000", "2014-12-31": "-18173.00000", "2013-12-31": "-9120.00000", "2012-12-31": "-20230.00000", "2011-12-31": "-23974.00000", "2010-12-31": "-17855.00000", "2009-12-31": "-15265.00000", "2008-12-31": "-21853.00000", "2007-12-31": "8324.00000", "2006-12-31": "3254.00000", "2005-12-31": "3137.00000"}, "Other Share Holders Equity": {"2020-12-31": "", "2019-12-31": "34405.00000", "2018-12-31": "35504.00000", "2017-12-31": "37384.00000", "2016-12-31": "37224.00000", "2015-12-31": "37613.00000", "2014-12-31": "32889.00000", "2013-12-31": "32494.00000", "2012-12-31": "33070.00000", "2011-12-31": "33693.00000", "2010-12-31": "36890.00000", "2009-12-31": "37729.00000", "2008-12-31": "40390.00000", "2007-12-31": "26100.00000", "2006-12-31": "25486.00000", "2005-12-31": "25227.00000"}, "Share Holder Equity": {"2020-12-31": "37074.00000", "2019-12-31": "29861.00000", "2018-12-31": "51481.00000", "2017-12-31": "73498.00000", "2016-12-31": "77491.00000", "2015-12-31": "100138.00000", "2014-12-31": "136833.00000", "2013-12-31": "136783.00000", "2012-12-31": "128470.00000", "2011-12-31": "118134.00000", "2010-12-31": "124198.00000", "2009-12-31": "125136.00000", "2008-12-31": "113612.00000", "2007-12-31": "115559.00000", "2006-12-31": "111509.00000", "2005-12-31": "109351.00000"}, "Total Liabilities And Share Holders Equity": {"2020-12-31": "253452.00000", "2019-12-31": "266048.00000", "2018-12-31": "311072.00000", "2017-12-31": "369245.00000", "2016-12-31": "365183.00000", "2015-12-31": "493071.00000", "2014-12-31": "654954.00000", "2013-12-31": "656560.00000", "2012-12-31": "684999.00000", "2011-12-31": "718189.00000", "2010-12-31": "747793.00000", "2009-12-31": "781901.00000", "2008-12-31": "797769.00000", "2007-12-31": "795683.00000", "2006-12-31": "696683.00000", "2005-12-31": "673321.00000"}}, "balance sheet, quarterly": {"Cash On Hand": {"2020-12-31": "43949.00000", "2020-09-30": "86043.00000", "2020-06-30": "88548.00000", "2020-03-31": "89585.00000", "2019-12-31": "84915.00000", "2019-09-30": "76035.00000", "2019-06-30": "71351.00000", "2019-03-31": "73180.00000", "2018-12-31": "64632.00000", "2018-09-30": "61693.00000", "2018-06-30": "64285.00000", "2018-03-31": "69285.00000", "2017-12-31": "82663.00000", "2017-09-30": "78550.00000", "2017-06-30": "84017.00000", "2017-03-31": "83513.00000", "2016-12-31": "92442.00000", "2016-09-30": "98899.00000", "2016-06-30": "91843.00000", "2016-03-31": "108049.00000", "2015-12-31": "102456.00000", "2015-09-30": "136019.00000", "2015-06-30": "131104.00000", "2015-03-31": "129047.00000", "2014-12-31": "105530.00000", "2014-09-30": "137455.00000", "2014-06-30": "133324.00000", "2014-03-31": "132712.00000", "2013-12-31": "132536.00000", "2013-09-30": "130397.00000", "2013-06-30": "132459.00000", "2013-03-31": "138110.00000", "2012-12-31": "125778.00000", "2012-09-30": "134180.00000", "2012-06-30": "122226.00000", "2012-03-31": "131479.00000", "2011-12-31": "131875.00000", "2011-09-30": "137826.00000", "2011-06-30": "136393.00000", "2011-03-31": "127062.00000", "2010-12-31": "122881.00000", "2010-09-30": "124082.00000", "2010-06-30": "115950.00000", "2010-03-31": "111177.00000", "2009-12-31": "121831.00000", "2009-09-30": "114135.00000", "2009-06-30": "97530.00000", "2009-03-31": "88761.00000", "2008-12-31": "89633.00000", "2008-09-30": "59760.00000", "2008-06-30": "64850.00000", "2008-03-31": "60913.00000", "2007-12-31": "61007.00000", "2007-09-30": "65057.00000", "2007-06-30": "60981.00000", "2007-03-31": "64436.00000", "2006-12-31": "61905.00000", "2006-09-30": "59408.00000", "2006-06-30": "56120.00000", "2006-03-31": "53603.00000", "2005-12-31": "50973.00000", "2005-09-30": "89855.00000", "2005-06-30": "146846.00000", "2005-03-31": "148634.00000"}, "Receivables": {"2020-12-31": "21287.00000", "2020-09-30": "27712.00000", "2020-06-30": "26714.00000", "2020-03-31": "27428.00000", "2019-12-31": "27047.00000", "2019-09-30": "26726.00000", "2019-06-30": "30191.00000", "2019-03-31": "33423.00000", "2018-12-31": "29487.00000", "2018-09-30": "34447.00000", "2018-06-30": "35686.00000", "2018-03-31": "39498.00000", "2017-12-31": "40846.00000", "2017-09-30": "43361.00000", "2017-06-30": "39752.00000", "2017-03-31": "39722.00000", "2016-12-31": "42262.00000", "2016-09-30": "43351.00000", "2016-06-30": "43813.00000", "2016-03-31": "44230.00000", "2015-12-31": "45856.00000", "2015-09-30": "100965.00000", "2015-06-30": "98903.00000", "2015-03-31": "95401.00000", "2014-12-31": "42943.00000", "2014-09-30": "257111.00000", "2014-06-30": "261724.00000", "2014-03-31": "266989.00000", "2013-12-31": "272442.00000", "2013-09-30": "273447.00000", "2013-06-30": "276504.00000", "2013-03-31": "278120.00000", "2012-12-31": "285004.00000", "2012-09-30": "289558.00000", "2012-06-30": "291839.00000", "2012-03-31": "299604.00000", "2011-12-31": "307957.00000", "2011-09-30": "313025.00000", "2011-06-30": "320084.00000", "2011-03-31": "327757.00000", "2010-12-31": "329204.00000", "2010-09-30": "348704.00000", "2010-06-30": "350311.00000", "2010-03-31": "374661.00000", "2009-12-31": "349761.00000", "2009-09-30": "374640.00000", "2009-06-30": "385312.00000", "2009-03-31": "380027.00000", "2008-12-31": "400018.00000", "2008-09-30": "451229.00000", "2008-06-30": "453837.00000", "2008-03-31": "448134.00000", "2007-12-31": "414896.00000", "2007-09-30": "391092.00000", "2007-06-30": "379188.00000", "2007-03-31": "363614.00000", "2006-12-31": "358256.00000", "2006-09-30": "339125.00000", "2006-06-30": "331674.00000", "2006-03-31": "313752.00000", "2005-12-31": "316822.00000", "2005-09-30": "323342.00000", "2005-06-30": "326318.00000", "2005-03-31": "334506.00000"}, "Inventory": {"2020-12-31": "15890.00000", "2020-09-30": "14925.00000", "2020-06-30": "15251.00000", "2020-03-31": "15457.00000", "2019-12-31": "14104.00000", "2019-09-30": "15203.00000", "2019-06-30": "19971.00000", "2019-03-31": "19419.00000", "2018-12-31": "13803.00000", "2018-09-30": "20642.00000", "2018-06-30": "20473.00000", "2018-03-31": "20574.00000", "2017-12-31": "19419.00000", "2017-09-30": "25848.00000", "2017-06-30": "22843.00000", "2017-03-31": "22701.00000", "2016-12-31": "22354.00000", "2016-09-30": "24116.00000", "2016-06-30": "24723.00000", "2016-03-31": "23907.00000", "2015-12-31": "22515.00000", "2015-09-30": "19285.00000", "2015-06-30": "18704.00000", "2015-03-31": "17830.00000", "2014-12-31": "17689.00000", "2014-09-30": "19431.00000", "2014-06-30": "19706.00000", "2014-03-31": "18881.00000", "2013-12-31": "17325.00000", "2013-09-30": "17943.00000", "2013-06-30": "16762.00000", "2013-03-31": "16281.00000", "2012-12-31": "15374.00000", "2012-09-30": "16022.00000", "2012-06-30": "15440.00000", "2012-03-31": "15212.00000", "2011-12-31": "13792.00000", "2011-09-30": "15021.00000", "2011-06-30": "14616.00000", "2011-03-31": "13327.00000", "2010-12-31": "11526.00000", "2010-09-30": "11997.00000", "2010-06-30": "11366.00000", "2010-03-31": "11751.00000", "2009-12-31": "11987.00000", "2009-09-30": "13092.00000", "2009-06-30": "13307.00000", "2009-03-31": "13831.00000", "2008-12-31": "13674.00000", "2008-09-30": "14719.00000", "2008-06-30": "15012.00000", "2008-03-31": "14276.00000", "2007-12-31": "12897.00000", "2007-09-30": "13319.00000", "2007-06-30": "12547.00000", "2007-03-31": "13137.00000", "2006-12-31": "10032.00000", "2006-09-30": "11855.00000", "2006-06-30": "11744.00000", "2006-03-31": "11364.00000", "2005-12-31": "10474.00000", "2005-09-30": "10796.00000", "2005-06-30": "10501.00000", "2005-03-31": "10550.00000"}, "Pre-Paid Expenses": {"2020-12-31": "", "2020-09-30": "", "2020-06-30": "", "2020-03-31": "", "2019-12-31": "", "2019-09-30": "", "2019-06-30": "", "2019-03-31": "", "2018-12-31": "", "2018-09-30": "", "2018-06-30": "", "2018-03-31": "", "2017-12-31": "", "2017-09-30": "", "2017-06-30": "", "2017-03-31": "", "2016-12-31": "", "2016-09-30": "", "2016-06-30": "", "2016-03-31": "", "2015-12-31": "", "2015-09-30": "", "2015-06-30": "", "2015-03-31": "", "2014-12-31": "", "2014-09-30": "", "2014-06-30": "", "2014-03-31": "", "2013-12-31": "", "2013-09-30": "", "2013-06-30": "", "2013-03-31": "", "2012-12-31": "", "2012-09-30": "", "2012-06-30": "", "2012-03-31": "", "2011-12-31": "", "2011-09-30": "", "2011-06-30": "", "2011-03-31": "", "2010-12-31": "", "2010-09-30": "", "2010-06-30": "", "2010-03-31": "", "2009-12-31": "", "2009-09-30": "", "2009-06-30": "", "2009-03-31": "", "2008-12-31": "", "2008-09-30": "", "2008-06-30": "", "2008-03-31": "", "2007-12-31": "", "2007-09-30": "", "2007-06-30": "", "2007-03-31": "", "2006-12-31": "", "2006-09-30": "", "2006-06-30": "", "2006-03-31": "", "2005-12-31": "", "2005-09-30": "", "2005-06-30": "", "2005-03-31": ""}, "Other Current Assets": {"2020-12-31": "7286.00000", "2020-09-30": "", "2020-06-30": "", "2020-03-31": "", "2019-12-31": "", "2019-09-30": "", "2019-06-30": "", "2019-03-31": "", "2018-12-31": "", "2018-09-30": "", "2018-06-30": "", "2018-03-31": "", "2017-12-31": "", "2017-09-30": "", "2017-06-30": "", "2017-03-31": "", "2016-12-31": "", "2016-09-30": "", "2016-06-30": "", "2016-03-31": "", "2015-12-31": "", "2015-09-30": "22832.00000", "2015-06-30": "26574.00000", "2015-03-31": "92959.00000", "2014-12-31": "", "2014-09-30": "", "2014-06-30": "", "2014-03-31": "", "2013-12-31": "", "2013-09-30": "", "2013-06-30": "", "2013-03-31": "", "2012-12-31": "", "2012-09-30": "", "2012-06-30": "", "2012-03-31": "", "2011-12-31": "", "2011-09-30": "", "2011-06-30": "", "2011-03-31": "", "2010-12-31": "", "2010-09-30": "", "2010-06-30": "", "2010-03-31": "", "2009-12-31": "", "2009-09-30": "", "2009-06-30": "", "2009-03-31": "", "2008-12-31": "", "2008-09-30": "", "2008-06-30": "", "2008-03-31": "", "2007-12-31": "", "2007-09-30": "", "2007-06-30": "", "2007-03-31": "", "2006-12-31": "", "2006-09-30": "", "2006-06-30": "", "2006-03-31": "", "2005-12-31": "", "2005-09-30": "", "2005-06-30": "", "2005-03-31": ""}, "Total Current Assets": {"2020-12-31": "88412.00000", "2020-09-30": "128680.00000", "2020-06-30": "130513.00000", "2020-03-31": "132470.00000", "2019-12-31": "126066.00000", "2019-09-30": "117964.00000", "2019-06-30": "121513.00000", "2019-03-31": "126022.00000", "2018-12-31": "107922.00000", "2018-09-30": "116782.00000", "2018-06-30": "120444.00000", "2018-03-31": "129357.00000", "2017-12-31": "142928.00000", "2017-09-30": "147759.00000", "2017-06-30": "146612.00000", "2017-03-31": "145936.00000", "2016-12-31": "157058.00000", "2016-09-30": "166366.00000", "2016-06-30": "160379.00000", "2016-03-31": "176186.00000", "2015-12-31": "170827.00000", "2015-09-30": "279101.00000", "2015-06-30": "275285.00000", "2015-03-31": "335237.00000", "2014-12-31": "166162.00000", "2014-09-30": "413997.00000", "2014-06-30": "414754.00000", "2014-03-31": "418582.00000", "2013-12-31": "422303.00000", "2013-09-30": "421787.00000", "2013-06-30": "425725.00000", "2013-03-31": "432511.00000", "2012-12-31": "426156.00000", "2012-09-30": "439760.00000", "2012-06-30": "429505.00000", "2012-03-31": "446295.00000", "2011-12-31": "453624.00000", "2011-09-30": "465872.00000", "2011-06-30": "471093.00000", "2011-03-31": "468146.00000", "2010-12-31": "463611.00000", "2010-09-30": "484783.00000", "2010-06-30": "477627.00000", "2010-03-31": "497589.00000", "2009-12-31": "483579.00000", "2009-09-30": "501867.00000", "2009-06-30": "496149.00000", "2009-03-31": "482619.00000", "2008-12-31": "503325.00000", "2008-09-30": "525708.00000", "2008-06-30": "533699.00000", "2008-03-31": "523323.00000", "2007-12-31": "488800.00000", "2007-09-30": "469468.00000", "2007-06-30": "452716.00000", "2007-03-31": "441187.00000", "2006-12-31": "430193.00000", "2006-09-30": "410388.00000", "2006-06-30": "399538.00000", "2006-03-31": "378719.00000", "2005-12-31": "378269.00000", "2005-09-30": "423993.00000", "2005-06-30": "483665.00000", "2005-03-31": "493690.00000"}, "Property, Plant, And Equipment": {"2020-12-31": "44662.00000", "2020-09-30": "44830.00000", "2020-06-30": "45503.00000", "2020-03-31": "45979.00000", "2019-12-31": "46186.00000", "2019-09-30": "42886.00000", "2019-06-30": "49943.00000", "2019-03-31": "50265.00000", "2018-12-31": "43611.00000", "2018-09-30": "50638.00000", "2018-06-30": "50866.00000", "2018-03-31": "53650.00000", "2017-12-31": "53874.00000", "2017-09-30": "54101.00000", "2017-06-30": "50167.00000", "2017-03-31": "49016.00000", "2016-12-31": "50518.00000", "2016-09-30": "51453.00000", "2016-06-30": "50436.00000", "2016-03-31": "53786.00000", "2015-12-31": "54095.00000", "2015-09-30": "50704.00000", "2015-06-30": "51039.00000", "2015-03-31": "61219.00000", "2014-12-31": "48070.00000", "2014-09-30": "65460.00000", "2014-06-30": "67900.00000", "2014-03-31": "67743.00000", "2013-12-31": "68827.00000", "2013-09-30": "68741.00000", "2013-06-30": "68762.00000", "2013-03-31": "68411.00000", "2012-12-31": "68633.00000", "2012-09-30": "67388.00000", "2012-06-30": "66660.00000", "2012-03-31": "66000.00000", "2011-12-31": "65739.00000", "2011-09-30": "66094.00000", "2011-06-30": "68846.00000", "2011-03-31": "67504.00000", "2010-12-31": "66212.00000", "2010-09-30": "65538.00000", "2010-06-30": "65358.00000", "2010-03-31": "68016.00000", "2009-12-31": "68970.00000", "2009-09-30": "72993.00000", "2009-06-30": "72937.00000", "2009-03-31": "72222.00000", "2008-12-31": "78530.00000", "2008-09-30": "80095.00000", "2008-06-30": "79925.00000", "2008-03-31": "79210.00000", "2007-12-31": "77888.00000", "2007-09-30": "76292.00000", "2007-06-30": "76390.00000", "2007-03-31": "77746.00000", "2006-12-31": "70650.00000", "2006-09-30": "72246.00000", "2006-06-30": "71005.00000", "2006-03-31": "67684.00000", "2005-12-31": "67528.00000", "2005-09-30": "65486.00000", "2005-06-30": "64774.00000", "2005-03-31": "64292.00000"}, "Long-Term Investments": {"2020-12-31": "42549.00000", "2020-09-30": "", "2020-06-30": "", "2020-03-31": "", "2019-12-31": "", "2019-09-30": "", "2019-06-30": "", "2019-03-31": "", "2018-12-31": "", "2018-09-30": "", "2018-06-30": "", "2018-03-31": "", "2017-12-31": "", "2017-09-30": "", "2017-06-30": "", "2017-03-31": "", "2016-12-31": "", "2016-09-30": "", "2016-06-30": "", "2016-03-31": "", "2015-12-31": "", "2015-09-30": "", "2015-06-30": "", "2015-03-31": "", "2014-12-31": "", "2014-09-30": "", "2014-06-30": "", "2014-03-31": "", "2013-12-31": "", "2013-09-30": "", "2013-06-30": "", "2013-03-31": "", "2012-12-31": "", "2012-09-30": "", "2012-06-30": "", "2012-03-31": "", "2011-12-31": "", "2011-09-30": "", "2011-06-30": "", "2011-03-31": "", "2010-12-31": "", "2010-09-30": "", "2010-06-30": "", "2010-03-31": "", "2009-12-31": "", "2009-09-30": "", "2009-06-30": "", "2009-03-31": "", "2008-12-31": "", "2008-09-30": "", "2008-06-30": "", "2008-03-31": "", "2007-12-31": "", "2007-09-30": "", "2007-06-30": "", "2007-03-31": "", "2006-12-31": "", "2006-09-30": "", "2006-06-30": "", "2006-03-31": "", "2005-12-31": "", "2005-09-30": "", "2005-06-30": "", "2005-03-31": ""}, "Goodwill And Intangible Assets": {"2020-12-31": "35298.00000", "2020-09-30": "35187.00000", "2020-06-30": "35119.00000", "2020-03-31": "36979.00000", "2019-12-31": "37387.00000", "2019-09-30": "37432.00000", "2019-06-30": "68925.00000", "2019-03-31": "70247.00000", "2018-12-31": "46152.00000", "2018-09-30": "79215.00000", "2018-06-30": "102192.00000", "2018-03-31": "106129.00000", "2017-12-31": "104241.00000", "2017-09-30": "108503.00000", "2017-06-30": "89264.00000", "2017-03-31": "86828.00000", "2016-12-31": "86874.00000", "2016-09-30": "86767.00000", "2016-06-30": "83747.00000", "2016-03-31": "83102.00000", "2015-12-31": "83323.00000", "2015-09-30": "75278.00000", "2015-06-30": "75852.00000", "2015-03-31": "83137.00000", "2014-12-31": "66389.00000", "2014-09-30": "92216.00000", "2014-06-30": "93815.00000", "2014-03-31": "93917.00000", "2013-12-31": "91958.00000", "2013-09-30": "92250.00000", "2013-06-30": "84684.00000", "2013-03-31": "84555.00000", "2012-12-31": "85094.00000", "2012-09-30": "84871.00000", "2012-06-30": "84139.00000", "2012-03-31": "84880.00000", "2011-12-31": "84693.00000", "2011-09-30": "85724.00000", "2011-06-30": "82334.00000", "2011-03-31": "79212.00000", "2010-12-31": "74359.00000", "2010-09-30": "74359.00000", "2010-06-30": "74040.00000", "2010-03-31": "76455.00000", "2009-12-31": "76827.00000", "2009-09-30": "99890.00000", "2009-06-30": "99052.00000", "2009-03-31": "95398.00000", "2008-12-31": "96736.00000", "2008-09-30": "98654.00000", "2008-06-30": "100371.00000", "2008-03-31": "99069.00000", "2007-12-31": "97258.00000", "2007-09-30": "94317.00000", "2007-06-30": "92543.00000", "2007-03-31": "89352.00000", "2006-12-31": "84314.00000", "2006-09-30": "85468.00000", "2006-06-30": "85583.00000", "2006-03-31": "82955.00000", "2005-12-31": "81630.00000", "2005-09-30": "83295.00000", "2005-06-30": "85477.00000", "2005-03-31": "86724.00000"}, "Other Long-Term Assets": {"2020-12-31": "20485.00000", "2020-09-30": "30665.00000", "2020-06-30": "31069.00000", "2020-03-31": "32483.00000", "2019-12-31": "42411.00000", "2019-09-30": "48008.00000", "2019-06-30": "51783.00000", "2019-03-31": "48662.00000", "2018-12-31": "37417.00000", "2018-09-30": "49984.00000", "2018-06-30": "53323.00000", "2018-03-31": "51825.00000", "2017-12-31": "53469.00000", "2017-09-30": "59754.00000", "2017-06-30": "60338.00000", "2017-03-31": "59126.00000", "2016-12-31": "54083.00000", "2016-09-30": "50714.00000", "2016-06-30": "54791.00000", "2016-03-31": "64292.00000", "2015-12-31": "60771.00000", "2015-09-30": "54102.00000", "2015-06-30": "53874.00000", "2015-03-31": "106777.00000", "2014-12-31": "44622.00000", "2014-09-30": "77018.00000", "2014-06-30": "73921.00000", "2014-03-31": "70552.00000", "2013-12-31": "70858.00000", "2013-09-30": "73050.00000", "2013-06-30": "74502.00000", "2013-03-31": "78272.00000", "2012-12-31": "101855.00000", "2012-09-30": "105653.00000", "2012-06-30": "112327.00000", "2012-03-31": "109203.00000", "2011-12-31": "112412.00000", "2011-09-30": "118444.00000", "2011-06-30": "110394.00000", "2011-03-31": "107821.00000", "2010-12-31": "131186.00000", "2010-09-30": "132811.00000", "2010-06-30": "131652.00000", "2010-03-31": "134210.00000", "2009-12-31": "137397.00000", "2009-09-30": "111498.00000", "2009-06-30": "108504.00000", "2009-03-31": "109040.00000", "2008-12-31": "117455.00000", "2008-09-30": "123855.00000", "2008-06-30": "124417.00000", "2008-03-31": "124865.00000", "2007-12-31": "122848.00000", "2007-09-30": "114257.00000", "2007-06-30": "107835.00000", "2007-03-31": "105795.00000", "2006-12-31": "91651.00000", "2006-09-30": "98458.00000", "2006-06-30": "91199.00000", "2006-03-31": "86947.00000", "2005-12-31": "84828.00000", "2005-09-30": "89898.00000", "2005-06-30": "106446.00000", "2005-03-31": "107517.00000"}, "Total Long-Term Assets": {"2020-12-31": "165039.00000", "2020-09-30": "125636.00000", "2020-06-30": "125973.00000", "2020-03-31": "129551.00000", "2019-12-31": "139982.00000", "2019-09-30": "145044.00000", "2019-06-30": "190596.00000", "2019-03-31": "189062.00000", "2018-12-31": "203150.00000", "2018-09-30": "194907.00000", "2018-06-30": "222325.00000", "2018-03-31": "228753.00000", "2017-12-31": "226315.00000", "2017-09-30": "230278.00000", "2017-06-30": "208860.00000", "2017-03-31": "205709.00000", "2016-12-31": "208123.00000", "2016-09-30": "221327.00000", "2016-06-30": "241081.00000", "2016-03-31": "286009.00000", "2015-12-31": "322245.00000", "2015-09-30": "302209.00000", "2015-06-30": "335641.00000", "2015-03-31": "282394.00000", "2014-12-31": "488793.00000", "2014-09-30": "236024.00000", "2014-06-30": "237115.00000", "2014-03-31": "233670.00000", "2013-12-31": "234257.00000", "2013-09-30": "239651.00000", "2013-06-30": "234816.00000", "2013-03-31": "238179.00000", "2012-12-31": "258843.00000", "2012-09-30": "259120.00000", "2012-06-30": "264616.00000", "2012-03-31": "261424.00000", "2011-12-31": "264565.00000", "2011-09-30": "271828.00000", "2011-06-30": "268037.00000", "2011-03-31": "259691.00000", "2010-12-31": "284182.00000", "2010-09-30": "274041.00000", "2010-06-30": "272303.00000", "2010-03-31": "279766.00000", "2009-12-31": "298322.00000", "2009-09-30": "285979.00000", "2009-06-30": "282019.00000", "2009-03-31": "278188.00000", "2008-12-31": "294444.00000", "2008-09-30": "303842.00000", "2008-06-30": "313289.00000", "2008-03-31": "310567.00000", "2007-12-31": "306883.00000", "2007-09-30": "292238.00000", "2007-06-30": "285817.00000", "2007-03-31": "272893.00000", "2006-12-31": "266490.00000", "2006-09-30": "271712.00000", "2006-06-30": "262877.00000", "2006-03-31": "296098.00000", "2005-12-31": "295052.00000", "2005-09-30": "238679.00000", "2005-06-30": "256697.00000", "2005-03-31": "258533.00000"}, "Total Assets": {"2020-12-31": "253452.00000", "2020-09-30": "254315.00000", "2020-06-30": "256487.00000", "2020-03-31": "262021.00000", "2019-12-31": "266048.00000", "2019-09-30": "263009.00000", "2019-06-30": "312109.00000", "2019-03-31": "315082.00000", "2018-12-31": "311072.00000", "2018-09-30": "311691.00000", "2018-06-30": "342769.00000", "2018-03-31": "358109.00000", "2017-12-31": "369245.00000", "2017-09-30": "378038.00000", "2017-06-30": "355473.00000", "2017-03-31": "351643.00000", "2016-12-31": "365183.00000", "2016-09-30": "387694.00000", "2016-06-30": "401461.00000", "2016-03-31": "462193.00000", "2015-12-31": "493071.00000", "2015-09-30": "581310.00000", "2015-06-30": "610926.00000", "2015-03-31": "617631.00000", "2014-12-31": "654954.00000", "2014-09-30": "650021.00000", "2014-06-30": "651869.00000", "2014-03-31": "652252.00000", "2013-12-31": "656560.00000", "2013-09-30": "661438.00000", "2013-06-30": "660541.00000", "2013-03-31": "670690.00000", "2012-12-31": "684999.00000", "2012-09-30": "698880.00000", "2012-06-30": "694121.00000", "2012-03-31": "707719.00000", "2011-12-31": "718189.00000", "2011-09-30": "737700.00000", "2011-06-30": "739130.00000", "2011-03-31": "727837.00000", "2010-12-31": "747793.00000", "2010-09-30": "758824.00000", "2010-06-30": "749930.00000", "2010-03-31": "777355.00000", "2009-12-31": "781901.00000", "2009-09-30": "787846.00000", "2009-06-30": "778168.00000", "2009-03-31": "760807.00000", "2008-12-31": "797769.00000", "2008-09-30": "829550.00000", "2008-06-30": "846988.00000", "2008-03-31": "833890.00000", "2007-12-31": "795683.00000", "2007-09-30": "761706.00000", "2007-06-30": "738533.00000", "2007-03-31": "714080.00000", "2006-12-31": "696683.00000", "2006-09-30": "682100.00000", "2006-06-30": "662415.00000", "2006-03-31": "674817.00000", "2005-12-31": "673321.00000", "2005-09-30": "662672.00000", "2005-06-30": "740362.00000", "2005-03-31": "752223.00000"}, "Total Current Liabilities": {"2020-12-31": "56069.00000", "2020-09-30": "55684.00000", "2020-06-30": "58990.00000", "2020-03-31": "69442.00000", "2019-12-31": "74259.00000", "2019-09-30": "64255.00000", "2019-06-30": "70277.00000", "2019-03-31": "71212.00000", "2018-12-31": "60451.00000", "2018-09-30": "70517.00000", "2018-06-30": "66367.00000", "2018-03-31": "73533.00000", "2017-12-31": "79296.00000", "2017-09-30": "79517.00000", "2017-06-30": "79334.00000", "2017-03-31": "77811.00000", "2016-12-31": "81580.00000", "2016-09-30": "82690.00000", "2016-06-30": "83785.00000", "2016-03-31": "104279.00000", "2015-12-31": "105080.00000", "2015-09-30": "84452.00000", "2015-06-30": "106105.00000", "2015-03-31": "109809.00000", "2014-12-31": "111669.00000", "2014-09-30": "113962.00000", "2014-06-30": "118542.00000", "2014-03-31": "121959.00000", "2013-12-31": "123087.00000", "2013-09-30": "125658.00000", "2013-06-30": "122188.00000", "2013-03-31": "128508.00000", "2012-12-31": "144798.00000", "2012-09-30": "162723.00000", "2012-06-30": "169784.00000", "2012-03-31": "183192.00000", "2011-12-31": "181953.00000", "2011-09-30": "174588.00000", "2011-06-30": "167050.00000", "2011-03-31": "153113.00000", "2010-12-31": "156716.00000", "2010-09-30": "155408.00000", "2010-06-30": "159565.00000", "2010-03-31": "164326.00000", "2009-12-31": "176115.00000", "2009-09-30": "210786.00000", "2009-06-30": "224913.00000", "2009-03-31": "227806.00000", "2008-12-31": "218976.00000", "2008-09-30": "272606.00000", "2008-06-30": "259567.00000", "2008-03-31": "253921.00000", "2007-12-31": "245239.00000", "2007-09-30": "227643.00000", "2007-06-30": "230596.00000", "2007-03-31": "220474.00000", "2006-12-31": "218064.00000", "2006-09-30": "211373.00000", "2006-06-30": "202492.00000", "2006-03-31": "197831.00000", "2005-12-31": "204970.00000", "2005-09-30": "189242.00000", "2005-06-30": "192684.00000", "2005-03-31": "204644.00000"}, "Long Term Debt": {"2020-12-31": "70288.00000", "2020-09-30": "73034.00000", "2020-06-30": "72423.00000", "2020-03-31": "66388.00000", "2019-12-31": "67155.00000", "2019-09-30": "74701.00000", "2019-06-30": "88735.00000", "2019-03-31": "90223.00000", "2018-12-31": "88949.00000", "2018-09-30": "97060.00000", "2018-06-30": "99832.00000", "2018-03-31": "105134.00000", "2017-12-31": "108575.00000", "2017-09-30": "107557.00000", "2017-06-30": "103676.00000", "2017-03-31": "99674.00000", "2016-12-31": "105080.00000", "2016-09-30": "115686.00000", "2016-06-30": "122504.00000", "2016-03-31": "132187.00000", "2015-12-31": "144659.00000", "2015-09-30": "180011.00000", "2015-06-30": "185351.00000", "2015-03-31": "190420.00000", "2014-12-31": "186596.00000", "2014-09-30": "213179.00000", "2014-06-30": "216845.00000", "2014-03-31": "220992.00000", "2013-12-31": "221665.00000", "2013-09-30": "226872.00000", "2013-06-30": "231285.00000", "2013-03-31": "234299.00000", "2012-12-31": "236084.00000", "2012-09-30": "234673.00000", "2012-06-30": "229817.00000", "2012-03-31": "233487.00000", "2011-12-31": "243459.00000", "2011-09-30": "268270.00000", "2011-06-30": "277855.00000", "2011-03-31": "287642.00000", "2010-12-31": "293323.00000", "2010-09-30": "307517.00000", "2010-06-30": "298701.00000", "2010-03-31": "317606.00000", "2009-12-31": "336172.00000", "2009-09-30": "358092.00000", "2009-06-30": "339420.00000", "2009-03-31": "327658.00000", "2008-12-31": "322847.00000", "2008-09-30": "329915.00000", "2008-06-30": "351264.00000", "2008-03-31": "346680.00000", "2007-12-31": "319013.00000", "2007-09-30": "311220.00000", "2007-06-30": "282790.00000", "2007-03-31": "275071.00000", "2006-12-31": "260752.00000", "2006-09-30": "242927.00000", "2006-06-30": "236935.00000", "2006-03-31": "222970.00000", "2005-12-31": "212281.00000", "2005-09-30": "217600.00000", "2005-06-30": "219609.00000", "2005-03-31": "212928.00000"}, "Other Non-Current Liabilities": {"2020-12-31": "88020.00000", "2020-09-30": "90515.00000", "2020-06-30": "89586.00000", "2020-03-31": "89193.00000", "2019-12-31": "94571.00000", "2019-09-30": "91345.00000", "2019-06-30": "92511.00000", "2019-03-31": "91764.00000", "2018-12-31": "90912.00000", "2018-09-30": "93889.00000", "2018-06-30": "99492.00000", "2018-03-31": "100598.00000", "2017-12-31": "103778.00000", "2017-09-30": "92480.00000", "2017-06-30": "92576.00000", "2017-03-31": "93189.00000", "2016-12-31": "93851.00000", "2016-09-30": "92939.00000", "2016-06-30": "91037.00000", "2016-03-31": "92992.00000", "2015-12-31": "93734.00000", "2015-09-30": "153085.00000", "2015-06-30": "152143.00000", "2015-03-31": "195130.00000", "2014-12-31": "91525.00000", "2014-09-30": "176605.00000", "2014-06-30": "175217.00000", "2014-03-31": "169635.00000", "2013-12-31": "171092.00000", "2013-09-30": "177463.00000", "2013-06-30": "175809.00000", "2013-03-31": "176457.00000", "2012-12-31": "172914.00000", "2012-09-30": "172162.00000", "2012-06-30": "168225.00000", "2012-03-31": "167787.00000", "2011-12-31": "173145.00000", "2011-09-30": "164374.00000", "2011-06-30": "162415.00000", "2011-03-31": "157891.00000", "2010-12-31": "168216.00000", "2010-09-30": "170874.00000", "2010-06-30": "167124.00000", "2010-03-31": "168609.00000", "2009-12-31": "133911.00000", "2009-09-30": "86400.00000", "2009-06-30": "89038.00000", "2009-03-31": "89348.00000", "2008-12-31": "136318.00000", "2008-09-30": "90466.00000", "2008-06-30": "93940.00000", "2008-03-31": "96836.00000", "2007-12-31": "93384.00000", "2007-09-30": "89437.00000", "2007-06-30": "86244.00000", "2007-03-31": "82535.00000", "2006-12-31": "82011.00000", "2006-09-30": "76419.00000", "2006-06-30": "75401.00000", "2006-03-31": "72047.00000", "2005-12-31": "72930.00000", "2005-09-30": "118782.00000", "2005-06-30": "181651.00000", "2005-03-31": "188020.00000"}, "Total Long Term Liabilities": {"2020-12-31": "160309.00000", "2020-09-30": "163837.00000", "2020-06-30": "162244.00000", "2020-03-31": "155720.00000", "2019-12-31": "161929.00000", "2019-09-30": "169602.00000", "2019-06-30": "185702.00000", "2019-03-31": "188226.00000", "2018-12-31": "199142.00000", "2018-09-30": "193337.00000", "2018-06-30": "204649.00000", "2018-03-31": "211385.00000", "2017-12-31": "216450.00000", "2017-09-30": "204468.00000", "2017-06-30": "200356.00000", "2017-03-31": "197658.00000", "2016-12-31": "206114.00000", "2016-09-30": "221458.00000", "2016-06-30": "230995.00000", "2016-03-31": "265159.00000", "2015-12-31": "287852.00000", "2015-09-30": "376864.00000", "2015-06-30": "386542.00000", "2015-03-31": "390524.00000", "2014-12-31": "406452.00000", "2014-09-30": "392548.00000", "2014-06-30": "393260.00000", "2014-03-31": "392274.00000", "2013-12-31": "396690.00000", "2013-09-30": "406735.00000", "2013-06-30": "409542.00000", "2013-03-31": "413132.00000", "2012-12-31": "411731.00000", "2012-09-30": "408141.00000", "2012-06-30": "400438.00000", "2012-03-31": "402939.00000", "2011-12-31": "418102.00000", "2011-09-30": "436339.00000", "2011-06-30": "441683.00000", "2011-03-31": "448935.00000", "2010-12-31": "466879.00000", "2010-09-30": "482806.00000", "2010-06-30": "469640.00000", "2010-03-31": "490078.00000", "2009-12-31": "480650.00000", "2009-09-30": "451251.00000", "2009-06-30": "432796.00000", "2009-03-31": "423525.00000", "2008-12-31": "465181.00000", "2008-09-30": "444617.00000", "2008-06-30": "469035.00000", "2008-03-31": "463969.00000", "2007-12-31": "434885.00000", "2007-09-30": "421232.00000", "2007-06-30": "390914.00000", "2007-03-31": "379437.00000", "2006-12-31": "367110.00000", "2006-09-30": "359330.00000", "2006-06-30": "351150.00000", "2006-03-31": "369498.00000", "2005-12-31": "359000.00000", "2005-09-30": "360449.00000", "2005-06-30": "435294.00000", "2005-03-31": "434707.00000"}, "Total Liabilities": {"2020-12-31": "216378.00000", "2020-09-30": "219522.00000", "2020-06-30": "221233.00000", "2020-03-31": "225162.00000", "2019-12-31": "236187.00000", "2019-09-30": "233856.00000", "2019-06-30": "255980.00000", "2019-03-31": "259436.00000", "2018-12-31": "259591.00000", "2018-09-30": "263854.00000", "2018-06-30": "271015.00000", "2018-03-31": "284916.00000", "2017-12-31": "295747.00000", "2017-09-30": "283985.00000", "2017-06-30": "279691.00000", "2017-03-31": "275470.00000", "2016-12-31": "287692.00000", "2016-09-30": "304150.00000", "2016-06-30": "314778.00000", "2016-03-31": "369438.00000", "2015-12-31": "392933.00000", "2015-09-30": "461317.00000", "2015-06-30": "492647.00000", "2015-03-31": "500333.00000", "2014-12-31": "518121.00000", "2014-09-30": "506510.00000", "2014-06-30": "511802.00000", "2014-03-31": "514233.00000", "2013-12-31": "519777.00000", "2013-09-30": "532393.00000", "2013-06-30": "531730.00000", "2013-03-31": "541640.00000", "2012-12-31": "556529.00000", "2012-09-30": "570864.00000", "2012-06-30": "570222.00000", "2012-03-31": "586131.00000", "2011-12-31": "600055.00000", "2011-09-30": "610927.00000", "2011-06-30": "608733.00000", "2011-03-31": "602048.00000", "2010-12-31": "623595.00000", "2010-09-30": "638214.00000", "2010-06-30": "629205.00000", "2010-03-31": "654404.00000", "2009-12-31": "656765.00000", "2009-09-30": "662037.00000", "2009-06-30": "657709.00000", "2009-03-31": "651331.00000", "2008-12-31": "684157.00000", "2008-09-30": "717223.00000", "2008-06-30": "728602.00000", "2008-03-31": "717890.00000", "2007-12-31": "680124.00000", "2007-09-30": "648875.00000", "2007-06-30": "621510.00000", "2007-03-31": "599911.00000", "2006-12-31": "585174.00000", "2006-09-30": "570703.00000", "2006-06-30": "553642.00000", "2006-03-31": "567329.00000", "2005-12-31": "563970.00000", "2005-09-30": "549691.00000", "2005-06-30": "627978.00000", "2005-03-31": "639351.00000"}, "Common Stock Net": {"2020-12-31": "", "2020-09-30": "702.00000", "2020-06-30": "702.00000", "2020-03-31": "702.00000", "2019-12-31": "702.00000", "2019-09-30": "702.00000", "2019-06-30": "702.00000", "2019-03-31": "702.00000", "2018-12-31": "702.00000", "2018-09-30": "702.00000", "2018-06-30": "702.00000", "2018-03-31": "702.00000", "2017-12-31": "702.00000", "2017-09-30": "702.00000", "2017-06-30": "702.00000", "2017-03-31": "702.00000", "2016-12-31": "702.00000", "2016-09-30": "702.00000", "2016-06-30": "702.00000", "2016-03-31": "702.00000", "2015-12-31": "702.00000", "2015-09-30": "702.00000", "2015-06-30": "702.00000", "2015-03-31": "702.00000", "2014-12-31": "702.00000", "2014-09-30": "702.00000", "2014-06-30": "702.00000", "2014-03-31": "702.00000", "2013-12-31": "702.00000", "2013-09-30": "702.00000", "2013-06-30": "702.00000", "2013-03-31": "702.00000", "2012-12-31": "702.00000", "2012-09-30": "702.00000", "2012-06-30": "702.00000", "2012-03-31": "702.00000", "2011-12-31": "702.00000", "2011-09-30": "702.00000", "2011-06-30": "702.00000", "2011-03-31": "702.00000", "2010-12-31": "702.00000", "2010-09-30": "702.00000", "2010-06-30": "702.00000", "2010-03-31": "702.00000", "2009-12-31": "702.00000", "2009-09-30": "702.00000", "2009-06-30": "702.00000", "2009-03-31": "702.00000", "2008-12-31": "702.00000", "2008-09-30": "669.00000", "2008-06-30": "669.00000", "2008-03-31": "669.00000", "2007-12-31": "669.00000", "2007-09-30": "669.00000", "2007-06-30": "669.00000", "2007-03-31": "669.00000", "2006-12-31": "669.00000", "2006-09-30": "669.00000", "2006-06-30": "669.00000", "2006-03-31": "669.00000", "2005-12-31": "669.00000", "2005-09-30": "669.00000", "2005-06-30": "669.00000", "2005-03-31": "669.00000"}, "Retained Earnings (Accumulated Deficit)": {"2020-12-31": "", "2020-09-30": "89905.00000", "2020-06-30": "91188.00000", "2020-03-31": "93615.00000", "2019-12-31": "87732.00000", "2019-09-30": "87213.00000", "2019-06-30": "96773.00000", "2019-03-31": "96921.00000", "2018-12-31": "93109.00000", "2018-09-30": "90867.00000", "2018-06-30": "114913.00000", "2018-03-31": "115477.00000", "2017-12-31": "117245.00000", "2017-09-30": "136696.00000", "2017-06-30": "137044.00000", "2017-03-31": "137983.00000", "2016-12-31": "139532.00000", "2016-09-30": "138236.00000", "2016-06-30": "138310.00000", "2016-03-31": "137750.00000", "2015-12-31": "140020.00000", "2015-09-30": "135932.00000", "2015-06-30": "135755.00000", "2015-03-31": "139441.00000", "2014-12-31": "155333.00000", "2014-09-30": "152497.00000", "2014-06-30": "151174.00000", "2014-03-31": "149840.00000", "2013-12-31": "149051.00000", "2013-09-30": "148067.00000", "2013-06-30": "146800.00000", "2013-03-31": "145608.00000", "2012-12-31": "144055.00000", "2012-09-30": "142026.00000", "2012-06-30": "140324.00000", "2012-03-31": "139019.00000", "2011-12-31": "137786.00000", "2011-09-30": "135857.00000", "2011-06-30": "135098.00000", "2011-03-31": "133003.00000", "2010-12-31": "131137.00000", "2010-09-30": "128126.00000", "2010-06-30": "127436.00000", "2010-03-31": "125446.00000", "2009-12-31": "126363.00000", "2009-09-30": "124530.00000", "2009-06-30": "123166.00000", "2009-03-31": "121572.00000", "2008-12-31": "122123.00000", "2008-09-30": "121755.00000", "2008-06-30": "120537.00000", "2008-03-31": "118561.00000", "2007-12-31": "117362.00000", "2007-09-30": "114139.00000", "2007-06-30": "111819.00000", "2007-03-31": "109293.00000", "2006-12-31": "106993.00000", "2006-09-30": "104452.00000", "2006-06-30": "102061.00000", "2006-03-31": "99808.00000", "2005-12-31": "97644.00000", "2005-09-30": "97685.00000", "2005-06-30": "95343.00000", "2005-03-31": "93035.00000"}, "Comprehensive Income": {"2020-12-31": "", "2020-09-30": "-9498.00000", "2020-06-30": "-10194.00000", "2020-03-31": "-10819.00000", "2019-12-31": "-11732.00000", "2019-09-30": "-11361.00000", "2019-06-30": "-12852.00000", "2019-03-31": "-13485.00000", "2018-12-31": "-14414.00000", "2018-09-30": "-13230.00000", "2018-06-30": "-13432.00000", "2018-03-31": "-12862.00000", "2017-12-31": "-14403.00000", "2017-09-30": "-14522.00000", "2017-06-30": "-15453.00000", "2017-03-31": "-16771.00000", "2016-12-31": "-18599.00000", "2016-09-30": "-14422.00000", "2016-06-30": "-14898.00000", "2016-03-31": "-15705.00000", "2015-12-31": "-16529.00000", "2015-09-30": "-16983.00000", "2015-06-30": "-18206.00000", "2015-03-31": "-22364.00000", "2014-12-31": "-18173.00000", "2014-09-30": "-8110.00000", "2014-06-30": "-7158.00000", "2014-03-31": "-7849.00000", "2013-12-31": "-9120.00000", "2013-09-30": "-17863.00000", "2013-06-30": "-18463.00000", "2013-03-31": "-19664.00000", "2012-12-31": "-20230.00000", "2012-09-30": "-20321.00000", "2012-06-30": "-22723.00000", "2012-03-31": "-22133.00000", "2011-12-31": "-23974.00000", "2011-09-30": "-13664.00000", "2011-06-30": "-12455.00000", "2011-03-31": "-15001.00000", "2010-12-31": "-17855.00000", "2010-09-30": "-18764.00000", "2010-06-30": "-20326.00000", "2010-03-31": "-16784.00000", "2009-12-31": "-15265.00000", "2009-09-30": "-12761.00000", "2009-06-30": "-16566.00000", "2009-03-31": "-25592.00000", "2008-12-31": "-21853.00000", "2008-09-30": "1826.00000", "2008-06-30": "9236.00000", "2008-03-31": "8251.00000", "2007-12-31": "8324.00000", "2007-09-30": "4236.00000", "2007-06-30": "5088.00000", "2007-03-31": "3193.00000", "2006-12-31": "3254.00000", "2006-09-30": "4608.00000", "2006-06-30": "3567.00000", "2006-03-31": "1993.00000", "2005-12-31": "3137.00000", "2005-09-30": "3945.00000", "2005-06-30": "4463.00000", "2005-03-31": "7121.00000"}, "Other Share Holders Equity": {"2020-12-31": "", "2020-09-30": "34279.00000", "2020-06-30": "34292.00000", "2020-03-31": "34296.00000", "2019-12-31": "34405.00000", "2019-09-30": "34315.00000", "2019-06-30": "34324.00000", "2019-03-31": "34345.00000", "2018-12-31": "35504.00000", "2018-09-30": "37311.00000", "2018-06-30": "37352.00000", "2018-03-31": "37339.00000", "2017-12-31": "37384.00000", "2017-09-30": "38423.00000", "2017-06-30": "37468.00000", "2017-03-31": "37448.00000", "2016-12-31": "37224.00000", "2016-09-30": "37209.00000", "2016-06-30": "36995.00000", "2016-03-31": "37377.00000", "2015-12-31": "37613.00000", "2015-09-30": "32760.00000", "2015-06-30": "32803.00000", "2015-03-31": "32875.00000", "2014-12-31": "32889.00000", "2014-09-30": "32914.00000", "2014-06-30": "32529.00000", "2014-03-31": "32544.00000", "2013-12-31": "32494.00000", "2013-09-30": "32811.00000", "2013-06-30": "32972.00000", "2013-03-31": "33061.00000", "2012-12-31": "33070.00000", "2012-09-30": "33119.00000", "2012-06-30": "33498.00000", "2012-03-31": "33594.00000", "2011-12-31": "33693.00000", "2011-09-30": "33830.00000", "2011-06-30": "36600.00000", "2011-03-31": "36783.00000", "2010-12-31": "36890.00000", "2010-09-30": "36982.00000", "2010-06-30": "37357.00000", "2010-03-31": "37588.00000", "2009-12-31": "37729.00000", "2009-09-30": "37861.00000", "2009-06-30": "38371.00000", "2009-03-31": "39150.00000", "2008-12-31": "40390.00000", "2008-09-30": "25906.00000", "2008-06-30": "26160.00000", "2008-03-31": "26176.00000", "2007-12-31": "26100.00000", "2007-09-30": "25923.00000", "2007-06-30": "25791.00000", "2007-03-31": "25630.00000", "2006-12-31": "25486.00000", "2006-09-30": "25344.00000", "2006-06-30": "25482.00000", "2006-03-31": "25362.00000", "2005-12-31": "25227.00000", "2005-09-30": "25005.00000", "2005-06-30": "24855.00000", "2005-03-31": "24453.00000"}, "Share Holder Equity": {"2020-12-31": "37074.00000", "2020-09-30": "34793.00000", "2020-06-30": "35254.00000", "2020-03-31": "36859.00000", "2019-12-31": "29861.00000", "2019-09-30": "29153.00000", "2019-06-30": "56129.00000", "2019-03-31": "55646.00000", "2018-12-31": "51481.00000", "2018-09-30": "47837.00000", "2018-06-30": "71754.00000", "2018-03-31": "73193.00000", "2017-12-31": "73498.00000", "2017-09-30": "94052.00000", "2017-06-30": "75783.00000", "2017-03-31": "76173.00000", "2016-12-31": "77491.00000", "2016-09-30": "83544.00000", "2016-06-30": "86684.00000", "2016-03-31": "92755.00000", "2015-12-31": "100138.00000", "2015-09-30": "119993.00000", "2015-06-30": "118279.00000", "2015-03-31": "117298.00000", "2014-12-31": "136833.00000", "2014-09-30": "143511.00000", "2014-06-30": "140067.00000", "2014-03-31": "138019.00000", "2013-12-31": "136783.00000", "2013-09-30": "129045.00000", "2013-06-30": "128811.00000", "2013-03-31": "129050.00000", "2012-12-31": "128470.00000", "2012-09-30": "128016.00000", "2012-06-30": "123899.00000", "2012-03-31": "121588.00000", "2011-12-31": "118134.00000", "2011-09-30": "126773.00000", "2011-06-30": "130397.00000", "2011-03-31": "125789.00000", "2010-12-31": "124198.00000", "2010-09-30": "120610.00000", "2010-06-30": "120725.00000", "2010-03-31": "122951.00000", "2009-12-31": "125136.00000", "2009-09-30": "125809.00000", "2009-06-30": "120459.00000", "2009-03-31": "109476.00000", "2008-12-31": "113612.00000", "2008-09-30": "112327.00000", "2008-06-30": "118386.00000", "2008-03-31": "116000.00000", "2007-12-31": "115559.00000", "2007-09-30": "112831.00000", "2007-06-30": "117023.00000", "2007-03-31": "114169.00000", "2006-12-31": "111509.00000", "2006-09-30": "111397.00000", "2006-06-30": "108773.00000", "2006-03-31": "107488.00000", "2005-12-31": "109351.00000", "2005-09-30": "112981.00000", "2005-06-30": "112384.00000", "2005-03-31": "112872.00000"}, "Total Liabilities And Share Holders Equity": {"2020-12-31": "253452.00000", "2020-09-30": "254315.00000", "2020-06-30": "256487.00000", "2020-03-31": "262021.00000", "2019-12-31": "266048.00000", "2019-09-30": "263009.00000", "2019-06-30": "312109.00000", "2019-03-31": "315082.00000", "2018-12-31": "311072.00000", "2018-09-30": "311691.00000", "2018-06-30": "342769.00000", "2018-03-31": "358109.00000", "2017-12-31": "369245.00000", "2017-09-30": "378038.00000", "2017-06-30": "355473.00000", "2017-03-31": "351643.00000", "2016-12-31": "365183.00000", "2016-09-30": "387694.00000", "2016-06-30": "401461.00000", "2016-03-31": "462193.00000", "2015-12-31": "493071.00000", "2015-09-30": "581310.00000", "2015-06-30": "610926.00000", "2015-03-31": "617631.00000", "2014-12-31": "654954.00000", "2014-09-30": "650021.00000", "2014-06-30": "651869.00000", "2014-03-31": "652252.00000", "2013-12-31": "656560.00000", "2013-09-30": "661438.00000", "2013-06-30": "660541.00000", "2013-03-31": "670690.00000", "2012-12-31": "684999.00000", "2012-09-30": "698880.00000", "2012-06-30": "694121.00000", "2012-03-31": "707719.00000", "2011-12-31": "718189.00000", "2011-09-30": "737700.00000", "2011-06-30": "739130.00000", "2011-03-31": "727837.00000", "2010-12-31": "747793.00000", "2010-09-30": "758824.00000", "2010-06-30": "749930.00000", "2010-03-31": "777355.00000", "2009-12-31": "781901.00000", "2009-09-30": "787846.00000", "2009-06-30": "778168.00000", "2009-03-31": "760807.00000", "2008-12-31": "797769.00000", "2008-09-30": "829550.00000", "2008-06-30": "846988.00000", "2008-03-31": "833890.00000", "2007-12-31": "795683.00000", "2007-09-30": "761706.00000", "2007-06-30": "738533.00000", "2007-03-31": "714080.00000", "2006-12-31": "696683.00000", "2006-09-30": "682100.00000", "2006-06-30": "662415.00000", "2006-03-31": "674817.00000", "2005-12-31": "673321.00000", "2005-09-30": "662672.00000", "2005-06-30": "740362.00000", "2005-03-31": "752223.00000"}}, "cash flow statement": {"Net Income/Loss": {"2020-12-31": "0.00000", "2019-12-31": "-4912.00000", "2018-12-31": "-22443.00000", "2017-12-31": "-8849.00000", "2016-12-31": "7211.00000", "2015-12-31": "-5795.00000", "2014-12-31": "15345.00000", "2013-12-31": "13355.00000", "2012-12-31": "13864.00000", "2011-12-31": "14151.00000", "2010-12-31": "11644.00000", "2009-12-31": "11025.00000", "2008-12-31": "17410.00000", "2007-12-31": "22208.00000", "2006-12-31": "20742.00000", "2005-12-31": "16720.00000"}, "Total Depreciation And Amortization - Cash Flow": {"2020-12-31": "", "2019-12-31": "5595.00000", "2018-12-31": "6582.00000", "2017-12-31": "6194.00000", "2016-12-31": "7070.00000", "2015-12-31": "4847.00000", "2014-12-31": "4953.00000", "2013-12-31": "5202.00000", "2012-12-31": "9192.00000", "2011-12-31": "8986.00000", "2010-12-31": "9786.00000", "2009-12-31": "10617.00000", "2008-12-31": "11481.00000", "2007-12-31": "10275.00000", "2006-12-31": "8457.00000", "2005-12-31": "7841.00000"}, "Other Non-Cash Items": {"2020-12-31": "", "2019-12-31": "6249.00000", "2018-12-31": "19344.00000", "2017-12-31": "-1359.00000", "2016-12-31": "-15178.00000", "2015-12-31": "15580.00000", "2014-12-31": "4827.00000", "2013-12-31": "4799.00000", "2012-12-31": "7953.00000", "2011-12-31": "8072.00000", "2010-12-31": "7687.00000", "2009-12-31": "-11220.00000", "2008-12-31": "11508.00000", "2007-12-31": "5213.00000", "2006-12-31": "2536.00000", "2005-12-31": "10787.00000"}, "Total Non-Cash Items": {"2020-12-31": "", "2019-12-31": "11844.00000", "2018-12-31": "25926.00000", "2017-12-31": "4835.00000", "2016-12-31": "-8108.00000", "2015-12-31": "20427.00000", "2014-12-31": "9780.00000", "2013-12-31": "10001.00000", "2012-12-31": "17145.00000", "2011-12-31": "17058.00000", "2010-12-31": "17473.00000", "2009-12-31": "-603.00000", "2008-12-31": "22989.00000", "2007-12-31": "15488.00000", "2006-12-31": "10993.00000", "2005-12-31": "18628.00000"}, "Change In Accounts Receivable": {"2020-12-31": "", "2019-12-31": "-2851.00000", "2018-12-31": "-358.00000", "2017-12-31": "-3902.00000", "2016-12-31": "1460.00000", "2015-12-31": "-52.00000", "2014-12-31": "-1913.00000", "2013-12-31": "-485.00000", "2012-12-31": "-879.00000", "2011-12-31": "-670.00000", "2010-12-31": "-60.00000", "2009-12-31": "3273.00000", "2008-12-31": "-24.00000", "2007-12-31": "-868.00000", "2006-12-31": "-2194.00000", "2005-12-31": "-1090.00000"}, "Change In Inventories": {"2020-12-31": "", "2019-12-31": "-1109.00000", "2018-12-31": "-356.00000", "2017-12-31": "324.00000", "2016-12-31": "-815.00000", "2015-12-31": "-314.00000", "2014-12-31": "-872.00000", "2013-12-31": "-1368.00000", "2012-12-31": "-1274.00000", "2011-12-31": "-1168.00000", "2010-12-31": "342.00000", "2009-12-31": "1101.00000", "2008-12-31": "-719.00000", "2007-12-31": "-1562.00000", "2006-12-31": "-1514.00000", "2005-12-31": "-556.00000"}, "Change In Accounts Payable": {"2020-12-31": "", "2019-12-31": "2977.00000", "2018-12-31": "1545.00000", "2017-12-31": "169.00000", "2016-12-31": "1228.00000", "2015-12-31": "-541.00000", "2014-12-31": "565.00000", "2013-12-31": "442.00000", "2012-12-31": "-437.00000", "2011-12-31": "1204.00000", "2010-12-31": "883.00000", "2009-12-31": "-464.00000", "2008-12-31": "-1063.00000", "2007-12-31": "-997.00000", "2006-12-31": "-276.00000", "2005-12-31": "240.00000"}, "Change In Assets/Liabilities": {"2020-12-31": "", "2019-12-31": "1435.00000", "2018-12-31": "-652.00000", "2017-12-31": "669.00000", "2016-12-31": "-892.00000", "2015-12-31": "-996.00000", "2014-12-31": "-515.00000", "2013-12-31": "1892.00000", "2012-12-31": "2912.00000", "2011-12-31": "2784.00000", "2010-12-31": "5842.00000", "2009-12-31": "10085.00000", "2008-12-31": "10060.00000", "2007-12-31": "9053.00000", "2006-12-31": "3704.00000", "2005-12-31": "3749.00000"}, "Total Change In Assets/Liabilities": {"2020-12-31": "", "2019-12-31": "452.00000", "2018-12-31": "179.00000", "2017-12-31": "-2740.00000", "2016-12-31": "981.00000", "2015-12-31": "-1903.00000", "2014-12-31": "-2735.00000", "2013-12-31": "481.00000", "2012-12-31": "322.00000", "2011-12-31": "2150.00000", "2010-12-31": "7007.00000", "2009-12-31": "13995.00000", "2008-12-31": "8254.00000", "2007-12-31": "5626.00000", "2006-12-31": "-280.00000", "2005-12-31": "2343.00000"}, "Cash Flow From Operating Activities": {"2020-12-31": "", "2019-12-31": "8772.00000", "2018-12-31": "4978.00000", "2017-12-31": "6554.00000", "2016-12-31": "1160.00000", "2015-12-31": "19891.00000", "2014-12-31": "27709.00000", "2013-12-31": "28510.00000", "2012-12-31": "31331.00000", "2011-12-31": "33359.00000", "2010-12-31": "36124.00000", "2009-12-31": "24417.00000", "2008-12-31": "48653.00000", "2007-12-31": "43322.00000", "2006-12-31": "31455.00000", "2005-12-31": "37691.00000"}, "Net Change In Property, Plant, And Equipment": {"2020-12-31": "", "2019-12-31": "-2095.00000", "2018-12-31": "-2534.00000", "2017-12-31": "-1112.00000", "2016-12-31": "-2775.00000", "2015-12-31": "-4289.00000", "2014-12-31": "-4211.00000", "2013-12-31": "-4038.00000", "2012-12-31": "-8935.00000", "2011-12-31": "-6770.00000", "2010-12-31": "-2592.00000", "2009-12-31": "-2157.00000", "2008-12-31": "-5056.00000", "2007-12-31": "-9346.00000", "2006-12-31": "-8993.00000", "2005-12-31": "-7743.00000"}, "Net Change In Intangible Assets": {"2020-12-31": "", "2019-12-31": "-282.00000", "2018-12-31": "-320.00000", "2017-12-31": "-454.00000", "2016-12-31": "-749.00000", "2015-12-31": "-778.00000", "2014-12-31": "", "2013-12-31": "", "2012-12-31": "", "2011-12-31": "", "2010-12-31": "", "2009-12-31": "", "2008-12-31": "", "2007-12-31": "", "2006-12-31": "", "2005-12-31": ""}, "Net Acquisitions/Divestitures": {"2020-12-31": "", "2019-12-31": "10479.00000", "2018-12-31": "8453.00000", "2017-12-31": "1950.00000", "2016-12-31": "62976.00000", "2015-12-31": "69871.00000", "2014-12-31": "-1229.00000", "2013-12-31": "-5680.00000", "2012-12-31": "2389.00000", "2011-12-31": "6625.00000", "2010-12-31": "4360.00000", "2009-12-31": "2136.00000", "2008-12-31": "-17701.00000", "2007-12-31": "-2895.00000", "2006-12-31": "1319.00000", "2005-12-31": "-2854.00000"}, "Net Change In Short-term Investments": {"2020-12-31": "", "2019-12-31": "", "2018-12-31": "", "2017-12-31": "", "2016-12-31": "", "2015-12-31": "", "2014-12-31": "", "2013-12-31": "", "2012-12-31": "", "2011-12-31": "", "2010-12-31": "", "2009-12-31": "", "2008-12-31": "", "2007-12-31": "", "2006-12-31": "", "2005-12-31": ""}, "Net Change In Long-Term Investments": {"2020-12-31": "", "2019-12-31": "1117.00000", "2018-12-31": "1796.00000", "2017-12-31": "805.00000", "2016-12-31": "200.00000", "2015-12-31": "1043.00000", "2014-12-31": "1260.00000", "2013-12-31": "18850.00000", "2012-12-31": "6979.00000", "2011-12-31": "14785.00000", "2010-12-31": "21758.00000", "2009-12-31": "36665.00000", "2008-12-31": "-17143.00000", "2007-12-31": "-44237.00000", "2006-12-31": "-37146.00000", "2005-12-31": "-15834.00000"}, "Net Change In Investments - Total": {"2020-12-31": "", "2019-12-31": "1117.00000", "2018-12-31": "1796.00000", "2017-12-31": "805.00000", "2016-12-31": "200.00000", "2015-12-31": "1043.00000", "2014-12-31": "1260.00000", "2013-12-31": "18850.00000", "2012-12-31": "6979.00000", "2011-12-31": "14785.00000", "2010-12-31": "21758.00000", "2009-12-31": "36665.00000", "2008-12-31": "-17143.00000", "2007-12-31": "-44237.00000", "2006-12-31": "-37146.00000", "2005-12-31": "-15834.00000"}, "Investing Activities - Other": {"2020-12-31": "", "2019-12-31": "-279.00000", "2018-12-31": "10885.00000", "2017-12-31": "4189.00000", "2016-12-31": "-10518.00000", "2015-12-31": "-6360.00000", "2014-12-31": "-853.00000", "2013-12-31": "19985.00000", "2012-12-31": "10869.00000", "2011-12-31": "5242.00000", "2010-12-31": "8910.00000", "2009-12-31": "5734.00000", "2008-12-31": "5132.00000", "2007-12-31": "-13026.00000", "2006-12-31": "-7827.00000", "2005-12-31": "-8668.00000"}, "Cash Flow From Investing Activities": {"2020-12-31": "", "2019-12-31": "8939.00000", "2018-12-31": "18280.00000", "2017-12-31": "5379.00000", "2016-12-31": "49135.00000", "2015-12-31": "59488.00000", "2014-12-31": "-5034.00000", "2013-12-31": "29117.00000", "2012-12-31": "11302.00000", "2011-12-31": "19882.00000", "2010-12-31": "32436.00000", "2009-12-31": "42378.00000", "2008-12-31": "-34768.00000", "2007-12-31": "-69504.00000", "2006-12-31": "-52647.00000", "2005-12-31": "-35099.00000"}, "Net Long-Term Debt": {"2020-12-31": "", "2019-12-31": "-14382.00000", "2018-12-31": "-17199.00000", "2017-12-31": "-14341.00000", "2016-12-31": "-57276.00000", "2015-12-31": "-33087.00000", "2014-12-31": "-23781.00000", "2013-12-31": "-15268.00000", "2012-12-31": "-40923.00000", "2011-12-31": "-41859.00000", "2010-12-31": "-52290.00000", "2009-12-31": "-444.00000", "2008-12-31": "47631.00000", "2007-12-31": "50654.00000", "2006-12-31": "39018.00000", "2005-12-31": "13394.00000"}, "Net Current Debt": {"2020-12-31": "", "2019-12-31": "280.00000", "2018-12-31": "-4343.00000", "2017-12-31": "1699.00000", "2016-12-31": "-1135.00000", "2015-12-31": "-24459.00000", "2014-12-31": "-6409.00000", "2013-12-31": "-14048.00000", "2012-12-31": "219.00000", "2011-12-31": "12603.00000", "2010-12-31": "3375.00000", "2009-12-31": "-29898.00000", "2008-12-31": "-27888.00000", "2007-12-31": "2452.00000", "2006-12-31": "4969.00000", "2005-12-31": "-4622.00000"}, "Debt Issuance/Retirement Net - Total": {"2020-12-31": "", "2019-12-31": "-14102.00000", "2018-12-31": "-21542.00000", "2017-12-31": "-12642.00000", "2016-12-31": "-58411.00000", "2015-12-31": "-57546.00000", "2014-12-31": "-30190.00000", "2013-12-31": "-29316.00000", "2012-12-31": "-40704.00000", "2011-12-31": "-29256.00000", "2010-12-31": "-48915.00000", "2009-12-31": "-30342.00000", "2008-12-31": "19743.00000", "2007-12-31": "53106.00000", "2006-12-31": "43987.00000", "2005-12-31": "8772.00000"}, "Net Common Equity Issued/Repurchased": {"2020-12-31": "", "2019-12-31": "29.00000", "2018-12-31": "-17.00000", "2017-12-31": "-2550.00000", "2016-12-31": "-21429.00000", "2015-12-31": "-1099.00000", "2014-12-31": "-1218.00000", "2013-12-31": "-9278.00000", "2012-12-31": "-4164.00000", "2011-12-31": "-6034.00000", "2010-12-31": "-3896.00000", "2009-12-31": "623.00000", "2008-12-31": "10757.00000", "2007-12-31": "-12319.00000", "2006-12-31": "-8554.00000", "2005-12-31": "-4844.00000"}, "Net Total Equity Issued/Repurchased": {"2020-12-31": "", "2019-12-31": "29.00000", "2018-12-31": "-17.00000", "2017-12-31": "-2550.00000", "2016-12-31": "-21429.00000", "2015-12-31": "-1099.00000", "2014-12-31": "-1218.00000", "2013-12-31": "-8288.00000", "2012-12-31": "-204.00000", "2011-12-31": "-9334.00000", "2010-12-31": "-3896.00000", "2009-12-31": "623.00000", "2008-12-31": "13722.00000", "2007-12-31": "-12319.00000", "2006-12-31": "-8554.00000", "2005-12-31": "-4844.00000"}, "Total Common And Preferred Stock Dividends Paid": {"2020-12-31": "", "2019-12-31": "-649.00000", "2018-12-31": "-4474.00000", "2017-12-31": "-8650.00000", "2016-12-31": "-8806.00000", "2015-12-31": "-9295.00000", "2014-12-31": "-8852.00000", "2013-12-31": "-7821.00000", "2012-12-31": "-7189.00000", "2011-12-31": "-6458.00000", "2010-12-31": "-4790.00000", "2009-12-31": "-8986.00000", "2008-12-31": "-12408.00000", "2007-12-31": "-11492.00000", "2006-12-31": "-10420.00000", "2005-12-31": "-9352.00000"}, "Financial Activities - Other": {"2020-12-31": "", "2019-12-31": "-1411.00000", "2018-12-31": "-5774.00000", "2017-12-31": "5358.00000", "2016-12-31": "-1818.00000", "2015-12-31": "-8112.00000", "2014-12-31": "23304.00000", "2013-12-31": "-150.00000", "2012-12-31": "-2977.00000", "2011-12-31": "-1815.00000", "2010-12-31": "-3985.00000", "2009-12-31": "-4808.00000", "2008-12-31": "-1921.00000", "2007-12-31": "-1358.00000", "2006-12-31": "-1346.00000", "2005-12-31": "-695.00000"}, "Cash Flow From Financial Activities": {"2020-12-31": "", "2019-12-31": "-16133.00000", "2018-12-31": "-31807.00000", "2017-12-31": "-18484.00000", "2016-12-31": "-90464.00000", "2015-12-31": "-76054.00000", "2014-12-31": "-16956.00000", "2013-12-31": "-45575.00000", "2012-12-31": "-51074.00000", "2011-12-31": "-46863.00000", "2010-12-31": "-61586.00000", "2009-12-31": "-43513.00000", "2008-12-31": "19136.00000", "2007-12-31": "27937.00000", "2006-12-31": "23667.00000", "2005-12-31": "-6119.00000"}, "Net Cash Flow": {"2020-12-31": "", "2019-12-31": "1529.00000", "2018-12-31": "-9176.00000", "2017-12-31": "-5659.00000", "2016-12-31": "-41315.00000", "2015-12-31": "-138.00000", "2014-12-31": "2224.00000", "2013-12-31": "11258.00000", "2012-12-31": "-7163.00000", "2011-12-31": "5537.00000", "2010-12-31": "6641.00000", "2009-12-31": "24077.00000", "2008-12-31": "32336.00000", "2007-12-31": "1755.00000", "2006-12-31": "2475.00000", "2005-12-31": "-3527.00000"}, "Stock-Based Compensation": {"2020-12-31": "", "2019-12-31": "", "2018-12-31": "", "2017-12-31": "", "2016-12-31": "", "2015-12-31": "", "2014-12-31": "", "2013-12-31": "", "2012-12-31": "", "2011-12-31": "", "2010-12-31": "", "2009-12-31": "", "2008-12-31": "", "2007-12-31": "", "2006-12-31": "", "2005-12-31": ""}, "Common Stock Dividends Paid": {"2020-12-31": "", "2019-12-31": "-649.00000", "2018-12-31": "-4474.00000", "2017-12-31": "-8650.00000", "2016-12-31": "-8806.00000", "2015-12-31": "-9295.00000", "2014-12-31": "-8852.00000", "2013-12-31": "-7821.00000", "2012-12-31": "-7189.00000", "2011-12-31": "-6458.00000", "2010-12-31": "-4790.00000", "2009-12-31": "-8986.00000", "2008-12-31": "-12408.00000", "2007-12-31": "-11492.00000", "2006-12-31": "-10420.00000", "2005-12-31": "-9352.00000"}}, "cash flow statement, quarterly": {"Net Income/Loss": {"2020-12-31": -2907, "2020-09-30": -1194, "2020-06-30": -2132, "2020-03-31": "6233.00000", "2019-12-31": 722, "2019-09-30": -9383, "2019-06-30": 104, "2019-03-31": "3645.00000", "2018-12-31": 861, "2018-09-30": -22860, "2018-06-30": 669, "2018-03-31": "-1113.00000", "2017-12-31": -10872, "2017-09-30": 1191, "2017-06-30": 1019, "2017-03-31": "-187.00000", "2016-12-31": 2330, "2016-09-30": 1951, "2016-06-30": 2823, "2016-03-31": "107.00000", "2015-12-31": 6403, "2015-09-30": 2545, "2015-06-30": -1135, "2015-03-31": "-13608.00000", "2014-12-31": 5339, "2014-09-30": 3462, "2014-06-30": 3592, "2014-03-31": "2952.00000", "2013-12-31": 3364, "2013-09-30": 3181, "2013-06-30": 3299, "2013-03-31": "3511.00000", "2012-12-31": 4146, "2012-09-30": 3508, "2012-06-30": 3138, "2012-03-31": "3072.00000", "2011-12-31": 3521, "2011-09-30": 3433, "2011-06-30": 3670, "2011-03-31": "3527.00000", "2010-12-31": 4535, "2010-09-30": 2055, "2010-06-30": 3109, "2010-03-31": "1945.00000", "2009-12-31": 3013, "2009-09-30": 2494, "2009-06-30": 2604, "2009-03-31": "2914.00000", "2008-12-31": 3722, "2008-09-30": 4312, "2008-06-30": 5072, "2008-03-31": "4304.00000", "2007-12-31": 6696, "2007-09-30": 5559, "2007-06-30": 5382, "2007-03-31": "4571.00000", "2006-12-31": 6458, "2006-09-30": 4898, "2006-06-30": 4946, "2006-03-31": "4440.00000", "2005-12-31": 3431, "2005-09-30": 4677, "2005-06-30": 4647, "2005-03-31": "3965.00000"}, "Total Depreciation And Amortization - Cash Flow": {"2020-12-31": -4731, "2020-09-30": 1802, "2020-06-30": 1598, "2020-03-31": "1331.00000", "2019-12-31": 1406, "2019-09-30": 1500, "2019-06-30": 1327, "2019-03-31": "1362.00000", "2018-12-31": 1485, "2018-09-30": 1308, "2018-06-30": 1915, "2018-03-31": "1874.00000", "2017-12-31": 766, "2017-09-30": 2027, "2017-06-30": 1669, "2017-03-31": "1732.00000", "2016-12-31": 3429, "2016-09-30": 1136, "2016-06-30": 1295, "2016-03-31": "1210.00000", "2015-12-31": 1293, "2015-09-30": 1265, "2015-06-30": 1188, "2015-03-31": "1101.00000", "2014-12-31": 1133, "2014-09-30": 1425, "2014-06-30": 206, "2014-03-31": "2189.00000", "2013-12-31": -1950, "2013-09-30": 2577, "2013-06-30": 2266, "2013-03-31": "2309.00000", "2012-12-31": 2493, "2012-09-30": 2287, "2012-06-30": 2192, "2012-03-31": "2220.00000", "2011-12-31": 2042, "2011-09-30": 2350, "2011-06-30": 2302, "2011-03-31": "2292.00000", "2010-12-31": 2337, "2010-09-30": 2611, "2010-06-30": 2373, "2010-03-31": "2465.00000", "2009-12-31": 2724, "2009-09-30": 2658, "2009-06-30": 2504, "2009-03-31": "2731.00000", "2008-12-31": 3265, "2008-09-30": 2861, "2008-06-30": 2673, "2008-03-31": "2682.00000", "2007-12-31": 2844, "2007-09-30": 2580, "2007-06-30": 2411, "2007-03-31": "2440.00000", "2006-12-31": 2298, "2006-09-30": 2108, "2006-06-30": 1919, "2006-03-31": "2132.00000", "2005-12-31": 1358, "2005-09-30": 2217, "2005-06-30": 1986, "2005-03-31": "2280.00000"}, "Other Non-Cash Items": {"2020-12-31": 5737, "2020-09-30": 471, "2020-06-30": -127, "2020-03-31": "-6081.00000", "2019-12-31": 903, "2019-09-30": 9069, "2019-06-30": -863, "2019-03-31": "-2860.00000", "2018-12-31": 322, "2018-09-30": 18210, "2018-06-30": -621, "2018-03-31": "1433.00000", "2017-12-31": -1036, "2017-09-30": 758, "2017-06-30": -338, "2017-03-31": "-743.00000", "2016-12-31": -11940, "2016-09-30": -117, "2016-06-30": -2140, "2016-03-31": "-981.00000", "2015-12-31": -5546, "2015-09-30": -2331, "2015-06-30": 8134, "2015-03-31": "15323.00000", "2014-12-31": 3047, "2014-09-30": 1432, "2014-06-30": 2230, "2014-03-31": "-1882.00000", "2013-12-31": 8326, "2013-09-30": -271, "2013-06-30": 344, "2013-03-31": "-3600.00000", "2012-12-31": 4391, "2012-09-30": 586, "2012-06-30": 2652, "2012-03-31": "324.00000", "2011-12-31": 2883, "2011-09-30": 2345, "2011-06-30": 2032, "2011-03-31": "812.00000", "2010-12-31": 1966, "2010-09-30": 3712, "2010-06-30": 2135, "2010-03-31": "-126.00000", "2009-12-31": -240, "2009-09-30": 130, "2009-06-30": -3530, "2009-03-31": "-7580.00000", "2008-12-31": 9147, "2008-09-30": 2802, "2008-06-30": 1462, "2008-03-31": "-1903.00000", "2007-12-31": 1220, "2007-09-30": 3031, "2007-06-30": 4175, "2007-03-31": "-3213.00000", "2006-12-31": 676, "2006-09-30": 2992, "2006-06-30": 184, "2006-03-31": "-1316.00000", "2005-12-31": 4398, "2005-09-30": 5099, "2005-06-30": -1535, "2005-03-31": "2825.00000"}, "Total Non-Cash Items": {"2020-12-31": 1006, "2020-09-30": 2273, "2020-06-30": 1471, "2020-03-31": "-4750.00000", "2019-12-31": 2309, "2019-09-30": 10569, "2019-06-30": 464, "2019-03-31": "-1498.00000", "2018-12-31": 1807, "2018-09-30": 19518, "2018-06-30": 1294, "2018-03-31": "3307.00000", "2017-12-31": -270, "2017-09-30": 2785, "2017-06-30": 1331, "2017-03-31": "989.00000", "2016-12-31": -8511, "2016-09-30": 1019, "2016-06-30": -845, "2016-03-31": "229.00000", "2015-12-31": -4253, "2015-09-30": -1066, "2015-06-30": 9322, "2015-03-31": "16424.00000", "2014-12-31": 4180, "2014-09-30": 2857, "2014-06-30": 2436, "2014-03-31": "307.00000", "2013-12-31": 6376, "2013-09-30": 2306, "2013-06-30": 2610, "2013-03-31": "-1291.00000", "2012-12-31": 6884, "2012-09-30": 2873, "2012-06-30": 4844, "2012-03-31": "2544.00000", "2011-12-31": 4925, "2011-09-30": 4695, "2011-06-30": 4334, "2011-03-31": "3104.00000", "2010-12-31": 4303, "2010-09-30": 6323, "2010-06-30": 4508, "2010-03-31": "2339.00000", "2009-12-31": 2484, "2009-09-30": 2788, "2009-06-30": -1026, "2009-03-31": "-4849.00000", "2008-12-31": 12412, "2008-09-30": 5663, "2008-06-30": 4135, "2008-03-31": "779.00000", "2007-12-31": 4064, "2007-09-30": 5611, "2007-06-30": 6586, "2007-03-31": "-773.00000", "2006-12-31": 2974, "2006-09-30": 5100, "2006-06-30": 2103, "2006-03-31": "816.00000", "2005-12-31": 5756, "2005-09-30": 7316, "2005-06-30": 451, "2005-03-31": "5105.00000"}, "Change In Accounts Receivable": {"2020-12-31": 1665, "2020-09-30": -1475, "2020-06-30": 313, "2020-03-31": "-503.00000", "2019-12-31": -994, "2019-09-30": -1161, "2019-06-30": -1241, "2019-03-31": "545.00000", "2018-12-31": 635, "2018-09-30": -1355, "2018-06-30": -390, "2018-03-31": "752.00000", "2017-12-31": -5250, "2017-09-30": -820, "2017-06-30": 0, "2017-03-31": "2168.00000", "2016-12-31": 697, "2016-09-30": -1116, "2016-06-30": 866, "2016-03-31": "1013.00000", "2015-12-31": -961, "2015-09-30": -694, "2015-06-30": -998, "2015-03-31": "2601.00000", "2014-12-31": -1222, "2014-09-30": -715, "2014-06-30": -458, "2014-03-31": "482.00000", "2013-12-31": -681, "2013-09-30": -27, "2013-06-30": -339, "2013-03-31": "562.00000", "2012-12-31": -993, "2012-09-30": -4, "2012-06-30": -345, "2012-03-31": "463.00000", "2011-12-31": -1010, "2011-09-30": 297, "2011-06-30": -942, "2011-03-31": "985.00000", "2010-12-31": -749, "2010-09-30": -203, "2010-06-30": 378, "2010-03-31": "514.00000", "2009-12-31": 1092, "2009-09-30": -6, "2009-06-30": 235, "2009-03-31": "1952.00000", "2008-12-31": 1320, "2008-09-30": -502, "2008-06-30": -948, "2008-03-31": "106.00000", "2007-12-31": -709, "2007-09-30": -895, "2007-06-30": -747, "2007-03-31": "1483.00000", "2006-12-31": -2268, "2006-09-30": -1094, "2006-06-30": -671, "2006-03-31": "1839.00000", "2005-12-31": -2856, "2005-09-30": 222, "2005-06-30": 229, "2005-03-31": "1315.00000"}, "Change In Inventories": {"2020-12-31": 258, "2020-09-30": 472, "2020-06-30": 248, "2020-03-31": "-978.00000", "2019-12-31": 1004, "2019-09-30": -162, "2019-06-30": -786, "2019-03-31": "-1165.00000", "2018-12-31": 1091, "2018-09-30": 68, "2018-06-30": -496, "2018-03-31": "-1019.00000", "2017-12-31": 2050, "2017-09-30": -1084, "2017-06-30": 173, "2017-03-31": "-815.00000", "2016-12-31": 1779, "2016-09-30": 35, "2016-06-30": -1138, "2016-03-31": "-1491.00000", "2015-12-31": 1452, "2015-09-30": -617, "2015-06-30": -884, "2015-03-31": "-265.00000", "2014-12-31": 1896, "2014-09-30": -440, "2014-06-30": -883, "2014-03-31": "-1445.00000", "2013-12-31": 427, "2013-09-30": -343, "2013-06-30": -475, "2013-03-31": "-977.00000", "2012-12-31": 675, "2012-09-30": -304, "2012-06-30": -212, "2012-03-31": "-1433.00000", "2011-12-31": 1240, "2011-09-30": -196, "2011-06-30": -924, "2011-03-31": "-1288.00000", "2010-12-31": 460, "2010-09-30": -640, "2010-06-30": 336, "2010-03-31": "186.00000", "2009-12-31": 751, "2009-09-30": 140, "2009-06-30": 368, "2009-03-31": "-158.00000", "2008-12-31": 1046, "2008-09-30": 184, "2008-06-30": -537, "2008-03-31": "-1412.00000", "2007-12-31": 455, "2007-09-30": -609, "2007-06-30": -253, "2007-03-31": "-1155.00000", "2006-12-31": 254, "2006-09-30": -394, "2006-06-30": -496, "2006-03-31": "-878.00000", "2005-12-31": 363, "2005-09-30": -306, "2005-06-30": 65, "2005-03-31": "-678.00000"}, "Change In Accounts Payable": {"2020-12-31": 1501, "2020-09-30": 514, "2020-06-30": -1414, "2020-03-31": "-601.00000", "2019-12-31": 1718, "2019-09-30": 431, "2019-06-30": 613, "2019-03-31": "215.00000", "2018-12-31": 770, "2018-09-30": 496, "2018-06-30": 338, "2018-03-31": "-59.00000", "2017-12-31": 702, "2017-09-30": 234, "2017-06-30": -463, "2017-03-31": "-304.00000", "2016-12-31": 1277, "2016-09-30": -181, "2016-06-30": -126, "2016-03-31": "258.00000", "2015-12-31": -917, "2015-09-30": -391, "2015-06-30": 1038, "2015-03-31": "-271.00000", "2014-12-31": -766, "2014-09-30": -136, "2014-06-30": 496, "2014-03-31": "971.00000", "2013-12-31": -529, "2013-09-30": 102, "2013-06-30": 119, "2013-03-31": "750.00000", "2012-12-31": -658, "2012-09-30": -635, "2012-06-30": 0, "2012-03-31": "856.00000", "2011-12-31": -110, "2011-09-30": 137, "2011-06-30": -53, "2011-03-31": "1230.00000", "2010-12-31": -209, "2010-09-30": 615, "2010-06-30": -189, "2010-03-31": "666.00000", "2009-12-31": 891, "2009-09-30": -371, "2009-06-30": 688, "2009-03-31": "-1672.00000", "2008-12-31": -652, "2008-09-30": -1414, "2008-06-30": 634, "2008-03-31": "369.00000", "2007-12-31": 1668, "2007-09-30": -2180, "2007-06-30": 315, "2007-03-31": "-800.00000", "2006-12-31": 1306, "2006-09-30": 277, "2006-06-30": -437, "2006-03-31": "-1422.00000", "2005-12-31": 1336, "2005-09-30": 305, "2005-06-30": 182, "2005-03-31": "-1583.00000"}, "Change In Assets/Liabilities": {"2020-12-31": 834, "2020-09-30": -665, "2020-06-30": 498, "2020-03-31": "-667.00000", "2019-12-31": 1972, "2019-09-30": -55, "2019-06-30": 529, "2019-03-31": "-1011.00000", "2018-12-31": 1179, "2018-09-30": -127, "2018-06-30": -1240, "2018-03-31": "-464.00000", "2017-12-31": 2676, "2017-09-30": -40, "2017-06-30": -713, "2017-03-31": "-1254.00000", "2016-12-31": -970, "2016-09-30": -432, "2016-06-30": -122, "2016-03-31": "632.00000", "2015-12-31": 269, "2015-09-30": -189, "2015-06-30": -76, "2015-03-31": "-1000.00000", "2014-12-31": -2473, "2014-09-30": 643, "2014-06-30": 665, "2014-03-31": "650.00000", "2013-12-31": -2282, "2013-09-30": 12, "2013-06-30": 2107, "2013-03-31": "2055.00000", "2012-12-31": 1199, "2012-09-30": 423, "2012-06-30": 326, "2012-03-31": "964.00000", "2011-12-31": 570, "2011-09-30": 717, "2011-06-30": 1359, "2011-03-31": "138.00000", "2010-12-31": 1309, "2010-09-30": 1798, "2010-06-30": 1291, "2010-03-31": "1444.00000", "2009-12-31": 2258, "2009-09-30": 3349, "2009-06-30": 2866, "2009-03-31": "1612.00000", "2008-12-31": 2504, "2008-09-30": 1968, "2008-06-30": 2809, "2008-03-31": "2779.00000", "2007-12-31": 2923, "2007-09-30": 2379, "2007-06-30": 2135, "2007-03-31": "1616.00000", "2006-12-31": 1035, "2006-09-30": 705, "2006-06-30": 1250, "2006-03-31": "714.00000", "2005-12-31": 399, "2005-09-30": 1380, "2005-06-30": 1170, "2005-03-31": "800.00000"}, "Total Change In Assets/Liabilities": {"2020-12-31": 4258, "2020-09-30": -1154, "2020-06-30": -355, "2020-03-31": "-2749.00000", "2019-12-31": 3700, "2019-09-30": -947, "2019-06-30": -885, "2019-03-31": "-1416.00000", "2018-12-31": 3675, "2018-09-30": -918, "2018-06-30": -1788, "2018-03-31": "-790.00000", "2017-12-31": 178, "2017-09-30": -1710, "2017-06-30": -1003, "2017-03-31": "-205.00000", "2016-12-31": 2783, "2016-09-30": -1694, "2016-06-30": -520, "2016-03-31": "412.00000", "2015-12-31": -157, "2015-09-30": -1891, "2015-06-30": -920, "2015-03-31": "1065.00000", "2014-12-31": -2565, "2014-09-30": -648, "2014-06-30": -180, "2014-03-31": "658.00000", "2013-12-31": -3065, "2013-09-30": -256, "2013-06-30": 1412, "2013-03-31": "2390.00000", "2012-12-31": 223, "2012-09-30": -520, "2012-06-30": -231, "2012-03-31": "850.00000", "2011-12-31": 690, "2011-09-30": 955, "2011-06-30": -560, "2011-03-31": "1065.00000", "2010-12-31": 811, "2010-09-30": 1570, "2010-06-30": 1816, "2010-03-31": "2810.00000", "2009-12-31": 4992, "2009-09-30": 3112, "2009-06-30": 4157, "2009-03-31": "1734.00000", "2008-12-31": 4218, "2008-09-30": 236, "2008-06-30": 1958, "2008-03-31": "1842.00000", "2007-12-31": 4337, "2007-09-30": -1305, "2007-06-30": 1450, "2007-03-31": "1144.00000", "2006-12-31": 327, "2006-09-30": -506, "2006-06-30": -354, "2006-03-31": "253.00000", "2005-12-31": -758, "2005-09-30": 1601, "2005-06-30": 1646, "2005-03-31": "-146.00000"}, "Cash Flow From Operating Activities": {"2020-12-31": 37, "2020-09-30": 1335, "2020-06-30": -1158, "2020-03-31": "-214.00000", "2019-12-31": 6739, "2019-09-30": 1841, "2019-06-30": 70, "2019-03-31": "122.00000", "2018-12-31": 8567, "2018-09-30": -2914, "2018-06-30": -987, "2018-03-31": "312.00000", "2017-12-31": 3662, "2017-09-30": 857, "2017-06-30": 2117, "2017-03-31": "-82.00000", "2016-12-31": 3033, "2016-09-30": 962, "2016-06-30": -3479, "2016-03-31": "644.00000", "2015-12-31": 6745, "2015-09-30": 761, "2015-06-30": 6295, "2015-03-31": "6090.00000", "2014-12-31": 11464, "2014-09-30": 6035, "2014-06-30": 5249, "2014-03-31": "4961.00000", "2013-12-31": 11348, "2013-09-30": 5231, "2013-06-30": 7321, "2013-03-31": "4610.00000", "2012-12-31": 11253, "2012-09-30": 5861, "2012-06-30": 7751, "2012-03-31": "6466.00000", "2011-12-31": 9136, "2011-09-30": 9083, "2011-06-30": 7444, "2011-03-31": "7696.00000", "2010-12-31": 9649, "2010-09-30": 9948, "2010-06-30": 9433, "2010-03-31": "7094.00000", "2009-12-31": 10489, "2009-09-30": 8394, "2009-06-30": 5735, "2009-03-31": "-201.00000", "2008-12-31": 20352, "2008-09-30": 10211, "2008-06-30": 11165, "2008-03-31": "6925.00000", "2007-12-31": 15097, "2007-09-30": 9865, "2007-06-30": 13418, "2007-03-31": "4942.00000", "2006-12-31": 9759, "2006-09-30": 9492, "2006-06-30": 6695, "2006-03-31": "5509.00000", "2005-12-31": 8429, "2005-09-30": 13594, "2005-06-30": 6744, "2005-03-31": "8924.00000"}, "Net Change In Property, Plant, And Equipment": {"2020-12-31": 961, "2020-09-30": -401, "2020-06-30": -264, "2020-03-31": "-296.00000", "2019-12-31": -716, "2019-09-30": -345, "2019-06-30": -707, "2019-03-31": "-327.00000", "2018-12-31": -647, "2018-09-30": -394, "2018-06-30": -327, "2018-03-31": "-1166.00000", "2017-12-31": 191, "2017-09-30": -176, "2017-06-30": -469, "2017-03-31": "-658.00000", "2016-12-31": -1069, "2016-09-30": 124, "2016-06-30": -590, "2016-03-31": "-1240.00000", "2015-12-31": -1888, "2015-09-30": -459, "2015-06-30": -813, "2015-03-31": "-1129.00000", "2014-12-31": -1664, "2014-09-30": -340, "2014-06-30": -110, "2014-03-31": "-2097.00000", "2013-12-31": 1972, "2013-09-30": -1353, "2013-06-30": -1842, "2013-03-31": "-2815.00000", "2012-12-31": -3271, "2012-09-30": -1083, "2012-06-30": -3114, "2012-03-31": "-1467.00000", "2011-12-31": -2356, "2011-09-30": -1381, "2011-06-30": -1637, "2011-03-31": "-1396.00000", "2010-12-31": -1299, "2010-09-30": -795, "2010-06-30": -810, "2010-03-31": "312.00000", "2009-12-31": -38, "2009-09-30": -265, "2009-06-30": -477, "2009-03-31": "-1377.00000", "2008-12-31": -858, "2008-09-30": -1458, "2008-06-30": -2234, "2008-03-31": "-506.00000", "2007-12-31": -4449, "2007-09-30": -757, "2007-06-30": -2104, "2007-03-31": "-2036.00000", "2006-12-31": -2949, "2006-09-30": -1943, "2006-06-30": -2283, "2006-03-31": "-1818.00000", "2005-12-31": -2510, "2005-09-30": -2163, "2005-06-30": -1947, "2005-03-31": "-1123.00000"}, "Net Change In Intangible Assets": {"2020-12-31": 125, "2020-09-30": -27, "2020-06-30": -38, "2020-03-31": "-60.00000", "2019-12-31": -74, "2019-09-30": -67, "2019-06-30": -72, "2019-03-31": "-69.00000", "2018-12-31": -71, "2018-09-30": -69, "2018-06-30": -83, "2018-03-31": "-97.00000", "2017-12-31": -36, "2017-09-30": -145, "2017-06-30": -143, "2017-03-31": "-130.00000", "2016-12-31": -749, "2016-09-30": 0, "2016-06-30": 0, "2016-03-31": "", "2015-12-31": -778, "2015-09-30": 0, "2015-06-30": 0, "2015-03-31": "", "2014-12-31": 0, "2014-09-30": 0, "2014-06-30": 0, "2014-03-31": "", "2013-12-31": 0, "2013-09-30": 0, "2013-06-30": 0, "2013-03-31": "", "2012-12-31": 0, "2012-09-30": 0, "2012-06-30": 0, "2012-03-31": "", "2011-12-31": 0, "2011-09-30": 0, "2011-06-30": 0, "2011-03-31": "", "2010-12-31": 0, "2010-09-30": 0, "2010-06-30": 0, "2010-03-31": "", "2009-12-31": 0, "2009-09-30": 0, "2009-06-30": 0, "2009-03-31": "", "2008-12-31": 0, "2008-09-30": 0, "2008-06-30": 0, "2008-03-31": "", "2007-12-31": 0, "2007-09-30": 0, "2007-06-30": 0, "2007-03-31": "", "2006-12-31": 0, "2006-09-30": 0, "2006-06-30": 0, "2006-03-31": "", "2005-12-31": 0, "2005-09-30": 0, "2005-06-30": 0, "2005-03-31": ""}, "Net Acquisitions/Divestitures": {"2020-12-31": -20600, "2020-09-30": -247, "2020-06-30": 365, "2020-03-31": "20482.00000", "2019-12-31": 3491, "2019-09-30": 3103, "2019-06-30": 451, "2019-03-31": "3434.00000", "2018-12-31": 2948, "2018-09-30": 3115, "2018-06-30": 2349, "2018-03-31": "41.00000", "2017-12-31": 3955, "2017-09-30": -296, "2017-06-30": -1612, "2017-03-31": "-97.00000", "2016-12-31": 5383, "2016-09-30": 9316, "2016-06-30": 11760, "2016-03-31": "36517.00000", "2015-12-31": 21849, "2015-09-30": 31995, "2015-06-30": 16439, "2015-03-31": "-412.00000", "2014-12-31": 22, "2014-09-30": 34, "2014-06-30": -83, "2014-03-31": "-1202.00000", "2013-12-31": -5164, "2013-09-30": -7716, "2013-06-30": 545, "2013-03-31": "6655.00000", "2012-12-31": 2473, "2012-09-30": 193, "2012-06-30": -171, "2012-03-31": "-106.00000", "2011-12-31": 248, "2011-09-30": 1628, "2011-06-30": 388, "2011-03-31": "4361.00000", "2010-12-31": 2149, "2010-09-30": -448, "2010-06-30": 835, "2010-03-31": "1824.00000", "2009-12-31": -1612, "2009-09-30": 689, "2009-06-30": 1166, "2009-03-31": "1893.00000", "2008-12-31": -562, "2008-09-30": -7010, "2008-06-30": -1878, "2008-03-31": "-8251.00000", "2007-12-31": -1556, "2007-09-30": 9732, "2007-06-30": -6450, "2007-03-31": "-4621.00000", "2006-12-31": 3005, "2006-09-30": -3506, "2006-06-30": 1102, "2006-03-31": "718.00000", "2005-12-31": 983, "2005-09-30": 3101, "2005-06-30": 362, "2005-03-31": "-7300.00000"}, "Net Change In Short-term Investments": {"2020-12-31": 0, "2020-09-30": 0, "2020-06-30": 0, "2020-03-31": "", "2019-12-31": 0, "2019-09-30": 0, "2019-06-30": 0, "2019-03-31": "", "2018-12-31": 0, "2018-09-30": 0, "2018-06-30": 0, "2018-03-31": "", "2017-12-31": 0, "2017-09-30": 0, "2017-06-30": 0, "2017-03-31": "", "2016-12-31": 0, "2016-09-30": 0, "2016-06-30": 0, "2016-03-31": "", "2015-12-31": 0, "2015-09-30": 0, "2015-06-30": 0, "2015-03-31": "", "2014-12-31": 0, "2014-09-30": 0, "2014-06-30": 0, "2014-03-31": "", "2013-12-31": 0, "2013-09-30": 0, "2013-06-30": 0, "2013-03-31": "", "2012-12-31": 0, "2012-09-30": 0, "2012-06-30": 0, "2012-03-31": "", "2011-12-31": 0, "2011-09-30": 0, "2011-06-30": 0, "2011-03-31": "", "2010-12-31": 0, "2010-09-30": 0, "2010-06-30": 0, "2010-03-31": "", "2009-12-31": 0, "2009-09-30": 0, "2009-06-30": 0, "2009-03-31": "", "2008-12-31": 0, "2008-09-30": 0, "2008-06-30": 0, "2008-03-31": "", "2007-12-31": 0, "2007-09-30": 0, "2007-06-30": 0, "2007-03-31": "", "2006-12-31": 0, "2006-09-30": 0, "2006-06-30": 0, "2006-03-31": "", "2005-12-31": 0, "2005-09-30": 0, "2005-06-30": 0, "2005-03-31": ""}, "Net Change In Long-Term Investments": {"2020-12-31": 37, "2020-09-30": 127, "2020-06-30": -114, "2020-03-31": "-50.00000", "2019-12-31": 594, "2019-09-30": 146, "2019-06-30": 24, "2019-03-31": "353.00000", "2018-12-31": 515, "2018-09-30": 444, "2018-06-30": 534, "2018-03-31": "303.00000", "2017-12-31": -379, "2017-09-30": 131, "2017-06-30": 747, "2017-03-31": "306.00000", "2016-12-31": -93, "2016-09-30": 1439, "2016-06-30": -1135, "2016-03-31": "-11.00000", "2015-12-31": 296, "2015-09-30": 310, "2015-06-30": 243, "2015-03-31": "194.00000", "2014-12-31": 2959, "2014-09-30": -1960, "2014-06-30": -3227, "2014-03-31": "3488.00000", "2013-12-31": -5173, "2013-09-30": 1745, "2013-06-30": 370, "2013-03-31": "21908.00000", "2012-12-31": -2485, "2012-09-30": 3540, "2012-06-30": -538, "2012-03-31": "6462.00000", "2011-12-31": -2867, "2011-09-30": 1695, "2011-06-30": 5307, "2011-03-31": "10650.00000", "2010-12-31": -1130, "2010-09-30": 8207, "2010-06-30": 4006, "2010-03-31": "10675.00000", "2009-12-31": -452, "2009-09-30": 11173, "2009-06-30": 7940, "2009-03-31": "18004.00000", "2008-12-31": 9755, "2008-09-30": -3128, "2008-06-30": -11925, "2008-03-31": "-11845.00000", "2007-12-31": -19755, "2007-09-30": -13513, "2007-06-30": -9758, "2007-03-31": "-1211.00000", "2006-12-31": -15397, "2006-09-30": -7913, "2006-06-30": -11353, "2006-03-31": "-2483.00000", "2005-12-31": -10321, "2005-09-30": -9762, "2005-06-30": 3499, "2005-03-31": "750.00000"}, "Net Change In Investments - Total": {"2020-12-31": 37, "2020-09-30": 127, "2020-06-30": -114, "2020-03-31": "-50.00000", "2019-12-31": 594, "2019-09-30": 146, "2019-06-30": 24, "2019-03-31": "353.00000", "2018-12-31": 515, "2018-09-30": 444, "2018-06-30": 534, "2018-03-31": "303.00000", "2017-12-31": -379, "2017-09-30": 131, "2017-06-30": 747, "2017-03-31": "306.00000", "2016-12-31": -93, "2016-09-30": 1439, "2016-06-30": -1135, "2016-03-31": "-11.00000", "2015-12-31": 296, "2015-09-30": 310, "2015-06-30": 243, "2015-03-31": "194.00000", "2014-12-31": 2959, "2014-09-30": -1960, "2014-06-30": -3227, "2014-03-31": "3488.00000", "2013-12-31": -5173, "2013-09-30": 1745, "2013-06-30": 370, "2013-03-31": "21908.00000", "2012-12-31": -2485, "2012-09-30": 3540, "2012-06-30": -538, "2012-03-31": "6462.00000", "2011-12-31": -2867, "2011-09-30": 1695, "2011-06-30": 5307, "2011-03-31": "10650.00000", "2010-12-31": -1130, "2010-09-30": 8207, "2010-06-30": 4006, "2010-03-31": "10675.00000", "2009-12-31": -452, "2009-09-30": 11173, "2009-06-30": 7940, "2009-03-31": "18004.00000", "2008-12-31": 9755, "2008-09-30": -3128, "2008-06-30": -11925, "2008-03-31": "-11845.00000", "2007-12-31": -19755, "2007-09-30": -13513, "2007-06-30": -9758, "2007-03-31": "-1211.00000", "2006-12-31": -15397, "2006-09-30": -7913, "2006-06-30": -11353, "2006-03-31": "-2483.00000", "2005-12-31": -10321, "2005-09-30": -9762, "2005-06-30": 3499, "2005-03-31": "750.00000"}, "Investing Activities - Other": {"2020-12-31": 1798, "2020-09-30": -191, "2020-06-30": -617, "2020-03-31": "-990.00000", "2019-12-31": 593, "2019-09-30": -1166, "2019-06-30": 195, "2019-03-31": "99.00000", "2018-12-31": 3898, "2018-09-30": 3103, "2018-06-30": 3530, "2018-03-31": "354.00000", "2017-12-31": -1096, "2017-09-30": 921, "2017-06-30": 1075, "2017-03-31": "3289.00000", "2016-12-31": 4159, "2016-09-30": -1144, "2016-06-30": -10052, "2016-03-31": "-3481.00000", "2015-12-31": -19763, "2015-09-30": 11379, "2015-06-30": -3161, "2015-03-31": "5185.00000", "2014-12-31": -4431, "2014-09-30": 465, "2014-06-30": 1510, "2014-03-31": "1603.00000", "2013-12-31": 5460, "2013-09-30": 2401, "2013-06-30": 6387, "2013-03-31": "5737.00000", "2012-12-31": 2050, "2012-09-30": 5247, "2012-06-30": 3142, "2012-03-31": "430.00000", "2011-12-31": 2440, "2011-09-30": -299, "2011-06-30": -569, "2011-03-31": "3670.00000", "2010-12-31": -1826, "2010-09-30": -156, "2010-06-30": 4694, "2010-03-31": "6198.00000", "2009-12-31": 9441, "2009-09-30": -3760, "2009-06-30": 2530, "2009-03-31": "-2477.00000", "2008-12-31": 9031, "2008-09-30": -81, "2008-06-30": -2738, "2008-03-31": "-1080.00000", "2007-12-31": -2261, "2007-09-30": -7189, "2007-06-30": -4268, "2007-03-31": "692.00000", "2006-12-31": -2413, "2006-09-30": -2113, "2006-06-30": -521, "2006-03-31": "-2780.00000", "2005-12-31": -2071, "2005-09-30": -4203, "2005-06-30": -2901, "2005-03-31": "507.00000"}, "Cash Flow From Investing Activities": {"2020-12-31": -17679, "2020-09-30": -740, "2020-06-30": -667, "2020-03-31": "19086.00000", "2019-12-31": 3889, "2019-09-30": 1668, "2019-06-30": -108, "2019-03-31": "3490.00000", "2018-12-31": 6644, "2018-09-30": 6199, "2018-06-30": 6003, "2018-03-31": "-566.00000", "2017-12-31": 2635, "2017-09-30": 435, "2017-06-30": -400, "2017-03-31": "2709.00000", "2016-12-31": 7632, "2016-09-30": 9735, "2016-06-30": -15, "2016-03-31": "31783.00000", "2015-12-31": -283, "2015-09-30": 43224, "2015-06-30": 12708, "2015-03-31": "3839.00000", "2014-12-31": -3115, "2014-09-30": -1801, "2014-06-30": -1910, "2014-03-31": "1792.00000", "2013-12-31": -2905, "2013-09-30": -4923, "2013-06-30": 5460, "2013-03-31": "31485.00000", "2012-12-31": -1233, "2012-09-30": 7897, "2012-06-30": -681, "2012-03-31": "5319.00000", "2011-12-31": -2535, "2011-09-30": 1643, "2011-06-30": 3489, "2011-03-31": "17285.00000", "2010-12-31": -2106, "2010-09-30": 6808, "2010-06-30": 8725, "2010-03-31": "19009.00000", "2009-12-31": 7339, "2009-09-30": 7837, "2009-06-30": 11159, "2009-03-31": "16043.00000", "2008-12-31": 17366, "2008-09-30": -11677, "2008-06-30": -18775, "2008-03-31": "-21682.00000", "2007-12-31": -28021, "2007-09-30": -11727, "2007-06-30": -22580, "2007-03-31": "-7176.00000", "2006-12-31": -17754, "2006-09-30": -15475, "2006-06-30": -13055, "2006-03-31": "-6363.00000", "2005-12-31": -13919, "2005-09-30": -13027, "2005-06-30": -987, "2005-03-31": "-7166.00000"}, "Net Long-Term Debt": {"2020-12-31": 10219, "2020-09-30": -2442, "2020-06-30": -1999, "2020-03-31": "-5778.00000", "2019-12-31": -2355, "2019-09-30": -7321, "2019-06-30": -1891, "2019-03-31": "-2815.00000", "2018-12-31": -1823, "2018-09-30": 501, "2018-06-30": -6820, "2018-03-31": "-9057.00000", "2017-12-31": -5260, "2017-09-30": -4212, "2017-06-30": 3471, "2017-03-31": "-8340.00000", "2016-12-31": -7954, "2016-09-30": -4710, "2016-06-30": -30690, "2016-03-31": "-13922.00000", "2015-12-31": -9874, "2015-09-30": -13111, "2015-06-30": -5676, "2015-03-31": "-4426.00000", "2014-12-31": -15732, "2014-09-30": -434, "2014-06-30": -4866, "2014-03-31": "-2749.00000", "2013-12-31": -1273, "2013-09-30": 2142, "2013-06-30": -10193, "2013-03-31": "-5944.00000", "2012-12-31": -13986, "2012-09-30": -4122, "2012-06-30": -14559, "2012-03-31": "-8256.00000", "2011-12-31": -15742, "2011-09-30": -8159, "2011-06-30": -1861, "2011-03-31": "-16097.00000", "2010-12-31": -5837, "2010-09-30": -10275, "2010-06-30": -12207, "2010-03-31": "-23971.00000", "2009-12-31": -4197, "2009-09-30": -5456, "2009-06-30": 5358, "2009-03-31": "3851.00000", "2008-12-31": -6687, "2008-09-30": 27724, "2008-06-30": 11006, "2008-03-31": "15588.00000", "2007-12-31": 6005, "2007-09-30": 16928, "2007-06-30": 8698, "2007-03-31": "19023.00000", "2006-12-31": 8027, "2006-09-30": 8748, "2006-06-30": 13723, "2006-03-31": "8520.00000", "2005-12-31": 5971, "2005-09-30": 5088, "2005-06-30": -168, "2005-03-31": "2503.00000"}, "Net Current Debt": {"2020-12-31": 4198, "2020-09-30": -786, "2020-06-30": -1507, "2020-03-31": "-1905.00000", "2019-12-31": 465, "2019-09-30": 249, "2019-06-30": 11, "2019-03-31": "-445.00000", "2018-12-31": -2442, "2018-09-30": 150, "2018-06-30": -770, "2018-03-31": "-1281.00000", "2017-12-31": 1168, "2017-09-30": -281, "2017-06-30": 35, "2017-03-31": "777.00000", "2016-12-31": -114, "2016-09-30": -1779, "2016-06-30": -225, "2016-03-31": "983.00000", "2015-12-31": -7840, "2015-09-30": -14547, "2015-06-30": -2261, "2015-03-31": "189.00000", "2014-12-31": -7273, "2014-09-30": 272, "2014-06-30": 2747, "2014-03-31": "-2155.00000", "2013-12-31": -1870, "2013-09-30": -497, "2013-06-30": 1405, "2013-03-31": "-13086.00000", "2012-12-31": -316, "2012-09-30": 2156, "2012-06-30": 1834, "2012-03-31": "-3455.00000", "2011-12-31": 9627, "2011-09-30": 2060, "2011-06-30": 662, "2011-03-31": "254.00000", "2010-12-31": 1379, "2010-09-30": 2601, "2010-06-30": 1768, "2010-03-31": "-2373.00000", "2009-12-31": -248, "2009-09-30": -236, "2009-06-30": -12458, "2009-03-31": "-16956.00000", "2008-12-31": -9590, "2008-09-30": -25294, "2008-06-30": 4795, "2008-03-31": "2201.00000", "2007-12-31": 11041, "2007-09-30": -1706, "2007-06-30": 1808, "2007-03-31": "-8691.00000", "2006-12-31": 4373, "2006-09-30": 4139, "2006-06-30": -2045, "2006-03-31": "-1498.00000", "2005-12-31": 5249, "2005-09-30": -4204, "2005-06-30": -2397, "2005-03-31": "-3270.00000"}, "Debt Issuance/Retirement Net - Total": {"2020-12-31": 14417, "2020-09-30": -3228, "2020-06-30": -3506, "2020-03-31": "-7683.00000", "2019-12-31": -1890, "2019-09-30": -7072, "2019-06-30": -1880, "2019-03-31": "-3260.00000", "2018-12-31": -4265, "2018-09-30": 651, "2018-06-30": -7590, "2018-03-31": "-10338.00000", "2017-12-31": -4092, "2017-09-30": -4493, "2017-06-30": 3506, "2017-03-31": "-7563.00000", "2016-12-31": -8068, "2016-09-30": -6489, "2016-06-30": -30915, "2016-03-31": "-12939.00000", "2015-12-31": -17714, "2015-09-30": -27658, "2015-06-30": -7937, "2015-03-31": "-4237.00000", "2014-12-31": -23005, "2014-09-30": -162, "2014-06-30": -2119, "2014-03-31": "-4904.00000", "2013-12-31": -3143, "2013-09-30": 1645, "2013-06-30": -8788, "2013-03-31": "-19030.00000", "2012-12-31": -14302, "2012-09-30": -1966, "2012-06-30": -12725, "2012-03-31": "-11711.00000", "2011-12-31": -6115, "2011-09-30": -6099, "2011-06-30": -1199, "2011-03-31": "-15843.00000", "2010-12-31": -4458, "2010-09-30": -7674, "2010-06-30": -10439, "2010-03-31": "-26344.00000", "2009-12-31": -4445, "2009-09-30": -5692, "2009-06-30": -7100, "2009-03-31": "-13105.00000", "2008-12-31": -16277, "2008-09-30": 2430, "2008-06-30": 15801, "2008-03-31": "17789.00000", "2007-12-31": 17046, "2007-09-30": 15222, "2007-06-30": 10506, "2007-03-31": "10332.00000", "2006-12-31": 12400, "2006-09-30": 12887, "2006-06-30": 11678, "2006-03-31": "7022.00000", "2005-12-31": 11220, "2005-09-30": 884, "2005-06-30": -2565, "2005-03-31": "-767.00000"}, "Net Common Equity Issued/Repurchased": {"2020-12-31": 0, "2020-09-30": 0, "2020-06-30": 0, "2020-03-31": "", "2019-12-31": 29, "2019-09-30": 0, "2019-06-30": 0, "2019-03-31": "", "2018-12-31": -11, "2018-09-30": 0, "2018-06-30": 2, "2018-03-31": "-8.00000", "2017-12-31": 70, "2017-09-30": 112, "2017-06-30": -1154, "2017-03-31": "-1578.00000", "2016-12-31": -3460, "2016-09-30": -3677, "2016-06-30": -7966, "2016-03-31": "-6326.00000", "2015-12-31": -1734, "2015-09-30": 136, "2015-06-30": 260, "2015-03-31": "239.00000", "2014-12-31": -2701, "2014-09-30": 2864, "2014-06-30": -44, "2014-03-31": "-1337.00000", "2013-12-31": -2772, "2013-09-30": -906, "2013-06-30": -3867, "2013-03-31": "-1733.00000", "2012-12-31": -1884, "2012-09-30": -1775, "2012-06-30": -632, "2012-03-31": "127.00000", "2011-12-31": -155, "2011-09-30": -886, "2011-06-30": -296, "2011-03-31": "-4697.00000", "2010-12-31": -1458, "2010-09-30": -2616, "2010-06-30": 98, "2010-03-31": "80.00000", "2009-12-31": 125, "2009-09-30": 14, "2009-06-30": 239, "2009-03-31": "245.00000", "2008-12-31": 12435, "2008-09-30": -135, "2008-06-30": -679, "2008-03-31": "-864.00000", "2007-12-31": -5099, "2007-09-30": -5828, "2007-06-30": -1445, "2007-03-31": "53.00000", "2006-12-31": -1164, "2006-09-30": -1173, "2006-06-30": -3076, "2006-03-31": "-3141.00000", "2005-12-31": -2976, "2005-09-30": -1479, "2005-06-30": -510, "2005-03-31": "121.00000"}, "Net Total Equity Issued/Repurchased": {"2020-12-31": 0, "2020-09-30": 0, "2020-06-30": 0, "2020-03-31": "", "2019-12-31": 29, "2019-09-30": 0, "2019-06-30": 0, "2019-03-31": "", "2018-12-31": -11, "2018-09-30": 0, "2018-06-30": 2, "2018-03-31": "-8.00000", "2017-12-31": 70, "2017-09-30": 112, "2017-06-30": -1154, "2017-03-31": "-1578.00000", "2016-12-31": -3460, "2016-09-30": -3677, "2016-06-30": -7966, "2016-03-31": "-6326.00000", "2015-12-31": -1734, "2015-09-30": 136, "2015-06-30": 260, "2015-03-31": "239.00000", "2014-12-31": -2701, "2014-09-30": 2864, "2014-06-30": -44, "2014-03-31": "-1337.00000", "2013-12-31": -1782, "2013-09-30": -1896, "2013-06-30": -2877, "2013-03-31": "-1733.00000", "2012-12-31": -1884, "2012-09-30": -42, "2012-06-30": 1595, "2012-03-31": "127.00000", "2011-12-31": -3455, "2011-09-30": -886, "2011-06-30": -296, "2011-03-31": "-4697.00000", "2010-12-31": -1458, "2010-09-30": -2616, "2010-06-30": 98, "2010-03-31": "80.00000", "2009-12-31": 125, "2009-09-30": 14, "2009-06-30": 239, "2009-03-31": "245.00000", "2008-12-31": 15400, "2008-09-30": -135, "2008-06-30": -679, "2008-03-31": "-864.00000", "2007-12-31": -5099, "2007-09-30": -5828, "2007-06-30": -1445, "2007-03-31": "53.00000", "2006-12-31": -1164, "2006-09-30": -1173, "2006-06-30": -3076, "2006-03-31": "-3141.00000", "2005-12-31": -2976, "2005-09-30": -1479, "2005-06-30": -510, "2005-03-31": "121.00000"}, "Total Common And Preferred Stock Dividends Paid": {"2020-12-31": 412, "2020-09-30": -88, "2020-06-30": -235, "2020-03-31": "-89.00000", "2019-12-31": -238, "2019-09-30": -87, "2019-06-30": -236, "2019-03-31": "-88.00000", "2018-12-31": -1192, "2018-09-30": -1046, "2018-06-30": -1193, "2018-03-31": "-1043.00000", "2017-12-31": -2233, "2017-09-30": -2085, "2017-06-30": -2248, "2017-03-31": "-2084.00000", "2016-12-31": -2195, "2016-09-30": -2103, "2016-06-30": -2274, "2016-03-31": "-2234.00000", "2015-12-31": -2334, "2015-09-30": -2326, "2015-06-30": -2316, "2015-03-31": "-2319.00000", "2014-12-31": -2209, "2014-09-30": -2211, "2014-06-30": -2209, "2014-03-31": "-2223.00000", "2013-12-31": -1926, "2013-09-30": -1940, "2013-06-30": -1972, "2013-03-31": "-1983.00000", "2012-12-31": -1788, "2012-09-30": -1800, "2012-06-30": -1802, "2012-03-31": "-1799.00000", "2011-12-31": -1662, "2011-09-30": -1668, "2011-06-30": -1564, "2011-03-31": "-1564.00000", "2010-12-31": -1356, "2010-09-30": -1147, "2010-06-30": -1144, "2010-03-31": "-1143.00000", "2009-12-31": -1141, "2009-09-30": -1140, "2009-06-30": -3355, "2009-03-31": "-3350.00000", "2008-12-31": -3100, "2008-09-30": -3093, "2008-06-30": -3105, "2008-03-31": "-3110.00000", "2007-12-31": -2841, "2007-09-30": -2883, "2007-06-30": -2882, "2007-03-31": "-2886.00000", "2006-12-31": -2589, "2006-09-30": -2584, "2006-06-30": -2616, "2006-03-31": "-2631.00000", "2005-12-31": -2337, "2005-09-30": -2338, "2005-06-30": -2341, "2005-03-31": "-2336.00000"}, "Financial Activities - Other": {"2020-12-31": 207, "2020-09-30": 278, "2020-06-30": -338, "2020-03-31": "-147.00000", "2019-12-31": 54, "2019-09-30": -369, "2019-06-30": -709, "2019-03-31": "-387.00000", "2018-12-31": -1372, "2018-09-30": -3658, "2018-06-30": -234, "2018-03-31": "-510.00000", "2017-12-31": 4093, "2017-09-30": 324, "2017-06-30": -7, "2017-03-31": "948.00000", "2016-12-31": -1847, "2016-09-30": 849, "2016-06-30": -200, "2016-03-31": "-620.00000", "2015-12-31": -4463, "2015-09-30": -1250, "2015-06-30": -470, "2015-03-31": "-1929.00000", "2014-12-31": 22038, "2014-09-30": 796, "2014-06-30": 507, "2014-03-31": "-37.00000", "2013-12-31": 273, "2013-09-30": 12, "2013-06-30": -225, "2013-03-31": "-210.00000", "2012-12-31": -194, "2012-09-30": -367, "2012-06-30": -2200, "2012-03-31": "-216.00000", "2011-12-31": -345, "2011-09-30": -367, "2011-06-30": -636, "2011-03-31": "-467.00000", "2010-12-31": -588, "2010-09-30": -1455, "2010-06-30": -1310, "2010-03-31": "-632.00000", "2009-12-31": -2484, "2009-09-30": -181, "2009-06-30": -1345, "2009-03-31": "-798.00000", "2008-12-31": -1167, "2008-09-30": -586, "2008-06-30": -666, "2008-03-31": "498.00000", "2007-12-31": -139, "2007-09-30": -512, "2007-06-30": -426, "2007-03-31": "-281.00000", "2006-12-31": -343, "2006-09-30": -432, "2006-06-30": -495, "2006-03-31": "-76.00000", "2005-12-31": 457, "2005-09-30": 399, "2005-06-30": -346, "2005-03-31": "-1205.00000"}, "Cash Flow From Financial Activities": {"2020-12-31": 15038, "2020-09-30": -3040, "2020-06-30": -4079, "2020-03-31": "-7919.00000", "2019-12-31": -2044, "2019-09-30": -7528, "2019-06-30": -2826, "2019-03-31": "-3735.00000", "2018-12-31": -6840, "2018-09-30": -4054, "2018-06-30": -9014, "2018-03-31": "-11899.00000", "2017-12-31": -2161, "2017-09-30": -6142, "2017-06-30": 97, "2017-03-31": "-10278.00000", "2016-12-31": -15571, "2016-09-30": -11419, "2016-06-30": -41355, "2016-03-31": "-22119.00000", "2015-12-31": -26247, "2015-09-30": -31097, "2015-06-30": -10464, "2015-03-31": "-8246.00000", "2014-12-31": -5877, "2014-09-30": 1287, "2014-06-30": -3865, "2014-03-31": "-8501.00000", "2013-12-31": -6578, "2013-09-30": -2179, "2013-06-30": -13862, "2013-03-31": "-22956.00000", "2012-12-31": -18168, "2012-09-30": -4175, "2012-06-30": -15132, "2012-03-31": "-13599.00000", "2011-12-31": -11577, "2011-09-30": -9020, "2011-06-30": -3695, "2011-03-31": "-22571.00000", "2010-12-31": -7860, "2010-09-30": -12892, "2010-06-30": -12795, "2010-03-31": "-28039.00000", "2009-12-31": -7945, "2009-09-30": -6999, "2009-06-30": -11561, "2009-03-31": "-17008.00000", "2008-12-31": -5144, "2008-09-30": -1384, "2008-06-30": 11351, "2008-03-31": "14313.00000", "2007-12-31": 8967, "2007-09-30": 5999, "2007-06-30": 5753, "2007-03-31": "7218.00000", "2006-12-31": 8304, "2006-09-30": 8698, "2006-06-30": 5491, "2006-03-31": "1174.00000", "2005-12-31": 6364, "2005-09-30": -2534, "2005-06-30": -5762, "2005-03-31": "-4187.00000"}, "Net Cash Flow": {"2020-12-31": -2593, "2020-09-30": -2238, "2020-06-30": -5866, "2020-03-31": "10697.00000", "2019-12-31": 8665, "2019-09-30": -4150, "2019-06-30": -2941, "2019-03-31": "-45.00000", "2018-12-31": 8185, "2018-09-30": -925, "2018-06-30": -4491, "2018-03-31": "-11945.00000", "2017-12-31": 3775, "2017-09-30": -4135, "2017-06-30": 2219, "2017-03-31": "-7518.00000", "2016-12-31": -5883, "2016-09-30": -867, "2016-06-30": -44905, "2016-03-31": "10340.00000", "2015-12-31": -19732, "2015-09-30": 12258, "2015-06-30": 9479, "2015-03-31": "-2143.00000", "2014-12-31": 337, "2014-09-30": 3965, "2014-06-30": -403, "2014-03-31": "-1675.00000", "2013-12-31": 2109, "2013-09-30": -2198, "2013-06-30": -1078, "2013-03-31": "12425.00000", "2012-12-31": -8113, "2012-09-30": 11164, "2012-06-30": -9362, "2012-03-31": "-852.00000", "2011-12-31": -6878, "2011-09-30": 287, "2011-06-30": 8890, "2011-03-31": "3238.00000", "2010-12-31": 575, "2010-09-30": 4544, "2010-06-30": 4214, "2010-03-31": "-2692.00000", "2009-12-31": 10886, "2009-09-30": 9058, "2009-06-30": 5670, "2009-03-31": "-1537.00000", "2008-12-31": 31889, "2008-09-30": -2850, "2008-06-30": 3741, "2008-03-31": "-444.00000", "2007-12-31": -3957, "2007-09-30": 4137, "2007-06-30": -3409, "2007-03-31": "4984.00000", "2006-12-31": 309, "2006-09-30": 2715, "2006-06-30": -869, "2006-03-31": "320.00000", "2005-12-31": 874, "2005-09-30": -1967, "2005-06-30": -5, "2005-03-31": "-2429.00000"}, "Stock-Based Compensation": {"2020-12-31": 0, "2020-09-30": 0, "2020-06-30": 0, "2020-03-31": "", "2019-12-31": 0, "2019-09-30": 0, "2019-06-30": 0, "2019-03-31": "", "2018-12-31": 0, "2018-09-30": 0, "2018-06-30": 0, "2018-03-31": "", "2017-12-31": 0, "2017-09-30": 0, "2017-06-30": 0, "2017-03-31": "", "2016-12-31": 0, "2016-09-30": 0, "2016-06-30": 0, "2016-03-31": "", "2015-12-31": 0, "2015-09-30": 0, "2015-06-30": 0, "2015-03-31": "", "2014-12-31": 0, "2014-09-30": 0, "2014-06-30": 0, "2014-03-31": "", "2013-12-31": 0, "2013-09-30": 0, "2013-06-30": 0, "2013-03-31": "", "2012-12-31": 0, "2012-09-30": 0, "2012-06-30": 0, "2012-03-31": "", "2011-12-31": 0, "2011-09-30": 0, "2011-06-30": 0, "2011-03-31": "", "2010-12-31": 0, "2010-09-30": 0, "2010-06-30": 0, "2010-03-31": "", "2009-12-31": 0, "2009-09-30": 0, "2009-06-30": 0, "2009-03-31": "", "2008-12-31": 0, "2008-09-30": 0, "2008-06-30": 0, "2008-03-31": "", "2007-12-31": 0, "2007-09-30": 0, "2007-06-30": 0, "2007-03-31": "", "2006-12-31": 0, "2006-09-30": 0, "2006-06-30": 0, "2006-03-31": "", "2005-12-31": 0, "2005-09-30": 0, "2005-06-30": 0, "2005-03-31": ""}, "Common Stock Dividends Paid": {"2020-12-31": 412, "2020-09-30": -88, "2020-06-30": -235, "2020-03-31": "-89.00000", "2019-12-31": -238, "2019-09-30": -87, "2019-06-30": -236, "2019-03-31": "-88.00000", "2018-12-31": -1192, "2018-09-30": -1046, "2018-06-30": -1193, "2018-03-31": "-1043.00000", "2017-12-31": -2233, "2017-09-30": -2085, "2017-06-30": -2248, "2017-03-31": "-2084.00000", "2016-12-31": -2195, "2016-09-30": -2103, "2016-06-30": -2274, "2016-03-31": "-2234.00000", "2015-12-31": -2334, "2015-09-30": -2326, "2015-06-30": -2316, "2015-03-31": "-2319.00000", "2014-12-31": -2209, "2014-09-30": -2211, "2014-06-30": -2209, "2014-03-31": "-2223.00000", "2013-12-31": -1926, "2013-09-30": -1940, "2013-06-30": -1972, "2013-03-31": "-1983.00000", "2012-12-31": -1788, "2012-09-30": -1800, "2012-06-30": -1802, "2012-03-31": "-1799.00000", "2011-12-31": -1662, "2011-09-30": -1668, "2011-06-30": -1564, "2011-03-31": "-1564.00000", "2010-12-31": -1356, "2010-09-30": -1147, "2010-06-30": -1144, "2010-03-31": "-1143.00000", "2009-12-31": -1141, "2009-09-30": -1140, "2009-06-30": -3355, "2009-03-31": "-3350.00000", "2008-12-31": -3100, "2008-09-30": -3093, "2008-06-30": -3105, "2008-03-31": "-3110.00000", "2007-12-31": -2841, "2007-09-30": -2883, "2007-06-30": -2882, "2007-03-31": "-2886.00000", "2006-12-31": -2589, "2006-09-30": -2584, "2006-06-30": -2616, "2006-03-31": "-2631.00000", "2005-12-31": -2337, "2005-09-30": -2338, "2005-06-30": -2341, "2005-03-31": "-2336.00000"}}, "financial ratios": {"Current Ratio": {"2019-12-31": "1.69770", "2018-12-31": "1.78530", "2017-12-31": "1.80250", "2016-12-31": "1.92520", "2015-12-31": "1.62570", "2014-12-31": "1.48800", "2013-12-31": "3.43090", "2012-12-31": "2.94310", "2011-12-31": "2.49310", "2010-12-31": "2.95830", "2009-12-31": "2.74580", "2008-12-31": "2.29850", "2007-12-31": "1.99320", "2006-12-31": "1.97280", "2005-12-31": "1.84550"}, "Long-term Debt / Capital": {"2019-12-31": "0.69220", "2018-12-31": "0.63340", "2017-12-31": "0.59630", "2016-12-31": "0.57560", "2015-12-31": "0.59090", "2014-12-31": "0.57690", "2013-12-31": "0.61840", "2012-12-31": "0.64760", "2011-12-31": "0.67330", "2010-12-31": "0.70250", "2009-12-31": "0.72870", "2008-12-31": "0.73970", "2007-12-31": "0.73410", "2006-12-31": "0.70050", "2005-12-31": "0.66000"}, "Debt/Equity Ratio": {"2019-12-31": "2.98810", "2018-12-31": "1.97600", "2017-12-31": "1.80430", "2016-12-31": "1.75240", "2015-12-31": "1.94250", "2014-12-31": "1.87840", "2013-12-31": "2.19000", "2012-12-31": "2.62690", "2011-12-31": "3.22570", "2010-12-31": "3.31150", "2009-12-31": "3.72430", "2008-12-31": "4.28570", "2007-12-31": "4.44890", "2006-12-31": "3.88100", "2005-12-31": "3.38760"}, "Gross Margin": {"2019-12-31": "26.45200", "2018-12-31": "24.93920", "2017-12-31": "23.85800", "2016-12-31": "26.63200", "2015-12-31": "29.55460", "2014-12-31": "28.57050", "2013-12-31": "29.49710", "2012-12-31": "49.34010", "2011-12-31": "53.40720", "2010-12-31": "52.05290", "2009-12-31": "50.84050", "2008-12-31": "53.86520", "2007-12-31": "57.60580", "2006-12-31": "55.94520", "2005-12-31": "56.22790"}, "Operating Margin": {"2019-12-31": "9.76010", "2018-12-31": "-13.39940", "2017-12-31": "5.86130", "2016-12-31": "10.94760", "2015-12-31": "12.14290", "2014-12-31": "13.24160", "2013-12-31": "12.91980", "2012-12-31": "24.86770", "2011-12-31": "28.26700", "2010-12-31": "26.62420", "2009-12-31": "26.65340", "2008-12-31": "30.82590", "2007-12-31": "34.31540", "2006-12-31": "32.52930", "2005-12-31": "31.86260"}, "EBIT Margin": {"2019-12-31": "9.76010", "2018-12-31": "-13.39940", "2017-12-31": "5.86130", "2016-12-31": "10.94760", "2015-12-31": "12.14290", "2014-12-31": "13.24160", "2013-12-31": "12.91980", "2012-12-31": "24.86770", "2011-12-31": "28.26700", "2010-12-31": "26.62420", "2009-12-31": "26.65340", "2008-12-31": "30.82590", "2007-12-31": "34.31540", "2006-12-31": "32.52930", "2005-12-31": "31.86260"}, "EBITDA Margin": {"2019-12-31": "15.63640", "2018-12-31": "-6.61460", "2017-12-31": "12.10020", "2016-12-31": "16.86550", "2015-12-31": "16.27200", "2014-12-31": "17.46830", "2013-12-31": "17.51340", "2012-12-31": "31.13430", "2011-12-31": "34.39900", "2010-12-31": "33.16710", "2009-12-31": "33.52800", "2008-12-31": "37.14870", "2007-12-31": "40.27240", "2006-12-31": "38.10900", "2005-12-31": "37.60360"}, "Pre-Tax Profit Margin": {"2019-12-31": "1.20680", "2018-12-31": "-21.63340", "2017-12-31": "-11.42740", "2016-12-31": "5.88520", "2015-12-31": "6.97360", "2014-12-31": "8.75800", "2013-12-31": "8.03570", "2012-12-31": "11.84930", "2011-12-31": "13.75650", "2010-12-31": "9.48540", "2009-12-31": "6.38700", "2008-12-31": "10.88770", "2007-12-31": "15.95940", "2006-12-31": "15.36470", "2005-12-31": "15.50590"}, "Net Profit Margin": {"2019-12-31": "-5.71240", "2018-12-31": "-23.50430", "2017-12-31": "-8.98480", "2016-12-31": "5.72950", "2015-12-31": "-5.23490", "2014-12-31": "12.99920", "2013-12-31": "11.52990", "2012-12-31": "9.29960", "2011-12-31": "8.95310", "2010-12-31": "7.58460", "2009-12-31": "6.94450", "2008-12-31": "9.54670", "2007-12-31": "12.87510", "2006-12-31": "13.68500", "2005-12-31": "12.24190"}, "Asset Turnover": {"2019-12-31": "0.35790", "2018-12-31": "0.31190", "2017-12-31": "0.26890", "2016-12-31": "0.32710", "2015-12-31": "0.23810", "2014-12-31": "0.17890", "2013-12-31": "0.17250", "2012-12-31": "0.21410", "2011-12-31": "0.20400", "2010-12-31": "0.20000", "2009-12-31": "0.19750", "2008-12-31": "0.22760", "2007-12-31": "0.21680", "2006-12-31": "0.21760", "2005-12-31": "0.20280"}, "Inventory Turnover Ratio": {"2019-12-31": "4.96510", "2018-12-31": "5.27550", "2017-12-31": "3.89270", "2016-12-31": "3.92110", "2015-12-31": "3.67280", "2014-12-31": "4.73200", "2013-12-31": "4.60840", "2012-12-31": "4.83350", "2011-12-31": "4.95060", "2010-12-31": "6.22180", "2009-12-31": "6.33360", "2008-12-31": "6.12640", "2007-12-31": "5.66990", "2006-12-31": "6.65600", "2005-12-31": "5.70780"}, "Receiveable Turnover": {"2019-12-31": "3.52030", "2018-12-31": "3.29000", "2017-12-31": "2.43060", "2016-12-31": "2.82690", "2015-12-31": "2.55990", "2014-12-31": "2.72880", "2013-12-31": "0.41570", "2012-12-31": "0.51470", "2011-12-31": "0.47590", "2010-12-31": "0.45430", "2009-12-31": "0.44160", "2008-12-31": "0.45390", "2007-12-31": "0.41570", "2006-12-31": "0.42310", "2005-12-31": "0.43110"}, "Days Sales In Receivables": {"2019-12-31": "103.68390", "2018-12-31": "110.94250", "2017-12-31": "150.17060", "2016-12-31": "129.11830", "2015-12-31": "142.58460", "2014-12-31": "133.75710", "2013-12-31": "878.10790", "2012-12-31": "709.18750", "2011-12-31": "767.04500", "2010-12-31": "803.38220", "2009-12-31": "826.62790", "2008-12-31": "804.08510", "2007-12-31": "877.95700", "2006-12-31": "862.73780", "2005-12-31": "846.68350"}, "ROE - Return On Equity": {"2019-12-31": "1.41680", "2018-12-31": "-40.95110", "2017-12-31": "-11.61460", "2016-12-31": "10.53770", "2015-12-31": "1.69780", "2014-12-31": "6.93550", "2013-12-31": "5.76170", "2012-12-31": "11.55680", "2011-12-31": "12.20140", "2010-12-31": "10.58630", "2009-12-31": "8.79520", "2008-12-31": "16.43140", "2007-12-31": "20.22600", "2006-12-31": "17.34750", "2005-12-31": "15.87000"}, "Return On Tangible Equity": {"2019-12-31": "-5.62050", "2018-12-31": "-395.57140", "2017-12-31": "27.76570", "2016-12-31": "-87.01910", "2015-12-31": "10.11000", "2014-12-31": "13.47170", "2013-12-31": "17.58170", "2012-12-31": "34.22860", "2011-12-31": "43.10280", "2010-12-31": "26.38100", "2009-12-31": "22.78250", "2008-12-31": "110.61860", "2007-12-31": "127.71430", "2006-12-31": "71.13070", "2005-12-31": "62.60240"}, "ROA - Return On Assets": {"2019-12-31": "0.15900", "2018-12-31": "-6.77660", "2017-12-31": "-2.31170", "2016-12-31": "2.23590", "2015-12-31": "0.34480", "2014-12-31": "1.44900", "2013-12-31": "1.20030", "2012-12-31": "2.16740", "2011-12-31": "2.00700", "2010-12-31": "1.75820", "2009-12-31": "1.40760", "2008-12-31": "2.34000", "2007-12-31": "2.93750", "2006-12-31": "2.77660", "2005-12-31": "2.57740"}, "ROI - Return On Investment": {"2019-12-31": "0.43600", "2018-12-31": "-15.01100", "2017-12-31": "-4.68820", "2016-12-31": "4.47220", "2015-12-31": "0.69450", "2014-12-31": "2.93420", "2013-12-31": "2.19860", "2012-12-31": "4.07260", "2011-12-31": "3.98630", "2010-12-31": "3.14910", "2009-12-31": "2.38580", "2008-12-31": "4.27710", "2007-12-31": "5.37840", "2006-12-31": "5.19640", "2005-12-31": "5.39560"}, "Book Value Per Share": {"2019-12-31": "3.41720", "2018-12-31": "5.91580", "2017-12-31": "8.46700", "2016-12-31": "8.86360", "2015-12-31": "10.67650", "2014-12-31": "13.60520", "2013-12-31": "13.59550", "2012-12-31": "12.34620", "2011-12-31": "11.17320", "2010-12-31": "11.69980", "2009-12-31": "11.73550", "2008-12-31": "10.78230", "2007-12-31": "11.57030", "2006-12-31": "10.85000", "2005-12-31": "10.43000"}, "Operating Cash Flow Per Share": {"2019-12-31": 0.4279, "2018-12-31": -0.1848, "2017-12-31": 0.6297, "2016-12-31": -1.8588, "2015-12-31": -0.7513, "2014-12-31": -0.0337, "2013-12-31": -0.1949, "2012-12-31": -0.1753, "2011-12-31": -0.2419, "2010-12-31": 1.0828, "2009-12-31": -2.5179, "2008-12-31": 0.5783, "2007-12-31": 1.2135, "2006-12-31": -0.5258, "2005-12-31": 3.5521}, "Free Cash Flow Per Share": {"2019-12-31": 0.4803, "2018-12-31": -0.3476, "2017-12-31": 0.8053, "2016-12-31": -1.7346, "2015-12-31": -0.7635, "2014-12-31": -0.0573, "2013-12-31": 0.2585, "2012-12-31": -0.3837, "2011-12-31": -0.6366, "2010-12-31": 1.0433, "2009-12-31": -2.2204, "2008-12-31": 0.9923, "2007-12-31": 1.164, "2006-12-31": -0.6613, "2005-12-31": 2.8224}}, "financial ratios, quarterly": {"Current Ratio": {"2020-09-30": "2.31090", "2020-06-30": "2.21250", "2020-03-31": "1.90760", "2019-12-31": "1.69770", "2019-09-30": "1.83590", "2019-06-30": "1.72910", "2019-03-31": "1.76970", "2018-12-31": "1.78530", "2018-09-30": "1.65610", "2018-06-30": "1.81480", "2018-03-31": "1.75920", "2017-12-31": "1.80250", "2017-09-30": "1.85820", "2017-06-30": "1.84800", "2017-03-31": "1.87550", "2016-12-31": "1.92520", "2016-09-30": "2.01190", "2016-06-30": "1.91420", "2016-03-31": "1.68960", "2015-12-31": "1.62570", "2015-09-30": "3.30480", "2015-06-30": "2.59450", "2015-03-31": "3.05290", "2014-12-31": "1.48800", "2014-09-30": "3.63280", "2014-06-30": "3.49880", "2014-03-31": "3.43220", "2013-12-31": "3.43090", "2013-09-30": "3.35660", "2013-06-30": "3.48420", "2013-03-31": "3.36560", "2012-12-31": "2.94310", "2012-09-30": "2.70250", "2012-06-30": "2.52970", "2012-03-31": "2.43620", "2011-12-31": "2.49310", "2011-09-30": "2.66840", "2011-06-30": "2.82010", "2011-03-31": "3.05750", "2010-12-31": "2.95830", "2010-09-30": "3.11940", "2010-06-30": "2.99330", "2010-03-31": "3.02810", "2009-12-31": "2.74580", "2009-09-30": "2.38090", "2009-06-30": "2.20600", "2009-03-31": "2.11860", "2008-12-31": "2.29850", "2008-09-30": "1.92850", "2008-06-30": "2.05610", "2008-03-31": "2.06100", "2007-12-31": "1.99320", "2007-09-30": "2.06230", "2007-06-30": "1.96320", "2007-03-31": "2.00110", "2006-12-31": "1.97280", "2006-09-30": "1.94150", "2006-06-30": "1.97310", "2006-03-31": "1.91440", "2005-12-31": "1.84550", "2005-09-30": "2.24050", "2005-06-30": "2.51010", "2005-03-31": "2.41240"}, "Long-term Debt / Capital": {"2020-09-30": "0.67730", "2020-06-30": "0.67260", "2020-03-31": "0.64300", "2019-12-31": "0.69220", "2019-09-30": "0.71930", "2019-06-30": "0.61250", "2019-03-31": "0.61850", "2018-12-31": "0.63340", "2018-09-30": "0.66990", "2018-06-30": "0.58180", "2018-03-31": "0.58960", "2017-12-31": "0.59630", "2017-09-30": "0.53350", "2017-06-30": "0.57770", "2017-03-31": "0.56680", "2016-12-31": "0.57560", "2016-09-30": "0.58070", "2016-06-30": "0.58560", "2016-03-31": "0.58760", "2015-12-31": "0.59090", "2015-09-30": "0.60000", "2015-06-30": "0.61050", "2015-03-31": "0.61880", "2014-12-31": "0.57690", "2014-09-30": "0.59770", "2014-06-30": "0.60760", "2014-03-31": "0.61560", "2013-12-31": "0.61840", "2013-09-30": "0.63740", "2013-06-30": "0.64230", "2013-03-31": "0.64480", "2012-12-31": "0.64760", "2012-09-30": "0.64700", "2012-06-30": "0.64970", "2012-03-31": "0.65760", "2011-12-31": "0.67330", "2011-09-30": "0.67910", "2011-06-30": "0.68060", "2011-03-31": "0.69570", "2010-12-31": "0.70250", "2010-09-30": "0.71830", "2010-06-30": "0.71220", "2010-03-31": "0.72090", "2009-12-31": "0.72870", "2009-09-30": "0.74000", "2009-06-30": "0.73810", "2009-03-31": "0.74960", "2008-12-31": "0.73970", "2008-09-30": "0.74600", "2008-06-30": "0.74790", "2008-03-31": "0.74930", "2007-12-31": "0.73410", "2007-09-30": "0.73390", "2007-06-30": "0.70730", "2007-03-31": "0.70670", "2006-12-31": "0.70050", "2006-09-30": "0.68560", "2006-06-30": "0.68540", "2006-03-31": "0.67470", "2005-12-31": "0.66000", "2005-09-30": "0.65820", "2005-06-30": "0.66150", "2005-03-31": "0.65360"}, "Debt/Equity Ratio": {"2020-09-30": "2.27090", "2020-06-30": "2.31130", "2020-03-31": "2.29280", "2019-12-31": "2.98810", "2019-09-30": "3.14710", "2019-06-30": "1.85920", "2019-03-31": "1.90810", "2018-12-31": "1.97600", "2018-09-30": "2.34680", "2018-06-30": "1.59230", "2018-03-31": "1.70110", "2017-12-31": "1.80430", "2017-09-30": "1.44260", "2017-06-30": "1.76450", "2017-03-31": "1.68040", "2016-12-31": "1.75240", "2016-09-30": "1.76260", "2016-06-30": "1.78150", "2016-03-31": "1.97580", "2015-12-31": "1.94250", "2015-09-30": "1.88770", "2015-06-30": "2.14050", "2015-03-31": "2.21340", "2014-12-31": "1.87840", "2014-09-30": "1.97260", "2014-06-30": "2.07310", "2014-03-31": "2.15270", "2013-12-31": "2.19000", "2013-09-30": "2.38190", "2013-06-30": "2.39470", "2013-03-31": "2.45970", "2012-12-31": "2.62690", "2012-09-30": "2.77390", "2012-06-30": "2.87440", "2012-03-31": "3.06070", "2011-12-31": "3.22570", "2011-09-30": "3.12050", "2011-06-30": "3.07790", "2011-03-31": "3.16390", "2010-12-31": "3.31150", "2010-09-30": "3.50220", "2010-06-30": "3.46950", "2010-03-31": "3.59120", "2009-12-31": "3.72430", "2009-09-30": "4.11900", "2009-06-30": "4.26750", "2009-03-31": "4.60350", "2008-12-31": "4.28570", "2008-09-30": "4.88450", "2008-06-30": "4.69740", "2008-03-31": "4.72270", "2007-12-31": "4.44890", "2007-09-30": "4.35720", "2007-06-30": "3.99190", "2007-03-31": "3.94220", "2006-12-31": "3.88100", "2006-09-30": "3.68170", "2006-06-30": "3.62580", "2006-03-31": "3.49960", "2005-12-31": "3.38760", "2005-09-30": "3.18680", "2005-06-30": "3.25210", "2005-03-31": "3.27540"}, "Gross Margin": {"2020-09-30": "21.33180", "2020-06-30": "15.02540", "2020-03-31": "23.52370", "2019-12-31": "27.28100", "2019-09-30": "25.82190", "2019-06-30": "25.63420", "2019-03-31": "26.99760", "2018-12-31": "26.14880", "2018-09-30": "23.70470", "2018-06-30": "25.42010", "2018-03-31": "24.74810", "2017-12-31": "20.33390", "2017-09-30": "22.80020", "2017-06-30": "25.68650", "2017-03-31": "24.74240", "2016-12-31": "17.05240", "2016-09-30": "28.36060", "2016-06-30": "33.17310", "2016-03-31": "26.87740", "2015-12-31": "30.41430", "2015-09-30": "29.16010", "2015-06-30": "29.61060", "2015-03-31": "28.80060", "2014-12-31": "-32.00480", "2014-09-30": "38.51810", "2014-06-30": "37.98510", "2014-03-31": "44.78960", "2013-12-31": "-224.18890", "2013-09-30": "45.44460", "2013-06-30": "47.25750", "2013-03-31": "50.44790", "2012-12-31": "51.90870", "2012-09-30": "48.94630", "2012-06-30": "47.25120", "2012-03-31": "49.06220", "2011-12-31": "53.29610", "2011-09-30": "52.61000", "2011-06-30": "51.10740", "2011-03-31": "56.38810", "2010-12-31": "50.37020", "2010-09-30": "52.99520", "2010-06-30": "53.43640", "2010-03-31": "51.62970", "2009-12-31": "47.55330", "2009-09-30": "50.92990", "2009-06-30": "51.91780", "2009-03-31": "52.99960", "2008-12-31": "49.39600", "2008-09-30": "53.13330", "2008-06-30": "55.74510", "2008-03-31": "57.39080", "2007-12-31": "55.54430", "2007-09-30": "57.05210", "2007-06-30": "58.69200", "2007-03-31": "59.57650", "2006-12-31": "57.34710", "2006-09-30": "56.12820", "2006-06-30": "56.75720", "2006-03-31": "53.55910", "2005-12-31": "60.28720", "2005-09-30": "56.00250", "2005-06-30": "54.58000", "2005-03-31": "54.75400"}, "Operating Margin": {"2020-09-30": "4.27980", "2020-06-30": "-12.72110", "2020-03-31": "8.05890", "2019-12-31": "12.21890", "2019-09-30": "8.13360", "2019-06-30": "7.11970", "2019-03-31": "11.35030", "2018-12-31": "11.66770", "2018-09-30": "-88.11990", "2018-06-30": "10.29080", "2018-03-31": "9.60130", "2017-12-31": "-4.63640", "2017-09-30": "3.39830", "2017-06-30": "10.95990", "2017-03-31": "8.08750", "2016-12-31": "2.83400", "2016-09-30": "12.70760", "2016-06-30": "17.68970", "2016-03-31": "9.39850", "2015-12-31": "11.21500", "2015-09-30": "12.91570", "2015-06-30": "13.62490", "2015-03-31": "10.86550", "2014-12-31": "-18.56350", "2014-09-30": "18.84010", "2014-06-30": "18.54000", "2014-03-31": "21.05640", "2013-12-31": "-129.08200", "2013-09-30": "21.10430", "2013-06-30": "22.90430", "2013-03-31": "25.36130", "2012-12-31": "25.48710", "2012-09-30": "24.47730", "2012-06-30": "24.16130", "2012-03-31": "25.31640", "2011-12-31": "24.96910", "2011-09-30": "25.95300", "2011-06-30": "27.63380", "2011-03-31": "34.19340", "2010-12-31": "22.95800", "2010-09-30": "27.65670", "2010-06-30": "29.37340", "2010-03-31": "26.96940", "2009-12-31": "22.66390", "2009-09-30": "26.18320", "2009-06-30": "29.07590", "2009-03-31": "28.70860", "2008-12-31": "26.16670", "2008-09-30": "30.81470", "2008-06-30": "33.18320", "2008-03-31": "33.21970", "2007-12-31": "34.10070", "2007-09-30": "33.04950", "2007-06-30": "35.11000", "2007-03-31": "35.09440", "2006-12-31": "34.96040", "2006-09-30": "32.91700", "2006-06-30": "32.45200", "2006-03-31": "29.79570", "2005-12-31": "36.61970", "2005-09-30": "31.94570", "2005-06-30": "30.65770", "2005-03-31": "28.99560"}, "EBIT Margin": {"2020-09-30": "4.27980", "2020-06-30": "-12.72110", "2020-03-31": "8.05890", "2019-12-31": "12.21890", "2019-09-30": "8.13360", "2019-06-30": "7.11970", "2019-03-31": "11.35030", "2018-12-31": "11.66770", "2018-09-30": "-88.11990", "2018-06-30": "10.29080", "2018-03-31": "9.60130", "2017-12-31": "-4.63640", "2017-09-30": "3.39830", "2017-06-30": "10.95990", "2017-03-31": "8.08750", "2016-12-31": "2.83400", "2016-09-30": "12.70760", "2016-06-30": "17.68970", "2016-03-31": "9.39850", "2015-12-31": "11.21500", "2015-09-30": "12.91570", "2015-06-30": "13.62490", "2015-03-31": "10.86550", "2014-12-31": "-18.56350", "2014-09-30": "18.84010", "2014-06-30": "18.54000", "2014-03-31": "21.05640", "2013-12-31": "-129.08200", "2013-09-30": "21.10430", "2013-06-30": "22.90430", "2013-03-31": "25.36130", "2012-12-31": "25.48710", "2012-09-30": "24.47730", "2012-06-30": "24.16130", "2012-03-31": "25.31640", "2011-12-31": "24.96910", "2011-09-30": "25.95300", "2011-06-30": "27.63380", "2011-03-31": "34.19340", "2010-12-31": "22.95800", "2010-09-30": "27.65670", "2010-06-30": "29.37340", "2010-03-31": "26.96940", "2009-12-31": "22.66390", "2009-09-30": "26.18320", "2009-06-30": "29.07590", "2009-03-31": "28.70860", "2008-12-31": "26.16670", "2008-09-30": "30.81470", "2008-06-30": "33.18320", "2008-03-31": "33.21970", "2007-12-31": "34.10070", "2007-09-30": "33.04950", "2007-06-30": "35.11000", "2007-03-31": "35.09440", "2006-12-31": "34.96040", "2006-09-30": "32.91700", "2006-06-30": "32.45200", "2006-03-31": "29.79570", "2005-12-31": "36.61970", "2005-09-30": "31.94570", "2005-06-30": "30.65770", "2005-03-31": "28.99560"}, "EBITDA Margin": {"2020-09-30": "", "2020-06-30": "", "2020-03-31": "", "2019-12-31": "", "2019-09-30": "", "2019-06-30": "", "2019-03-31": "", "2018-12-31": "", "2018-09-30": "", "2018-06-30": "", "2018-03-31": "", "2017-12-31": "", "2017-09-30": "", "2017-06-30": "", "2017-03-31": "", "2016-12-31": "", "2016-09-30": "", "2016-06-30": "", "2016-03-31": "", "2015-12-31": "", "2015-09-30": "", "2015-06-30": "", "2015-03-31": "", "2014-12-31": "", "2014-09-30": "", "2014-06-30": "", "2014-03-31": "", "2013-12-31": "", "2013-09-30": "", "2013-06-30": "", "2013-03-31": "", "2012-12-31": "", "2012-09-30": "", "2012-06-30": "", "2012-03-31": "", "2011-12-31": "", "2011-09-30": "", "2011-06-30": "", "2011-03-31": "", "2010-12-31": "", "2010-09-30": "", "2010-06-30": "", "2010-03-31": "", "2009-12-31": "", "2009-09-30": "", "2009-06-30": "", "2009-03-31": "", "2008-12-31": "", "2008-09-30": "", "2008-06-30": "", "2008-03-31": "", "2007-12-31": "", "2007-09-30": "", "2007-06-30": "", "2007-03-31": "", "2006-12-31": "", "2006-09-30": "", "2006-06-30": "", "2006-03-31": "", "2005-12-31": "", "2005-09-30": "", "2005-06-30": "", "2005-03-31": ""}, "Pre-Tax Profit Margin": {"2020-09-30": "-8.54920", "2020-06-30": "-13.17750", "2020-03-31": "31.54840", "2019-12-31": "5.99130", "2019-09-30": "-5.34670", "2019-06-30": "-1.26420", "2019-03-31": "5.05360", "2018-12-31": "2.77140", "2018-09-30": "-98.16180", "2018-06-30": "4.23840", "2018-03-31": "0.99680", "2017-12-31": "-104.16170", "2017-09-30": "2.43300", "2017-06-30": "3.87330", "2017-03-31": "-0.19720", "2016-12-31": "3.10070", "2016-09-30": "7.08670", "2016-06-30": "11.41700", "2016-03-31": "0.85470", "2015-12-31": "5.61490", "2015-09-30": "7.31410", "2015-06-30": "8.93720", "2015-03-31": "6.17780", "2014-12-31": "3.44590", "2014-09-30": "9.97910", "2014-06-30": "9.53500", "2014-03-31": "9.89330", "2013-12-31": "-31.54840", "2013-09-30": "10.15120", "2013-06-30": "10.64780", "2013-03-31": "11.84500", "2012-12-31": "13.44180", "2012-09-30": "11.09950", "2012-06-30": "11.50370", "2012-03-31": "11.21440", "2011-12-31": "11.87880", "2011-09-30": "10.65210", "2011-06-30": "12.73340", "2011-03-31": "19.39520", "2010-12-31": "8.82810", "2010-09-30": "10.12920", "2010-06-30": "11.29770", "2010-03-31": "7.75330", "2009-12-31": "5.47670", "2009-09-30": "5.22500", "2009-06-30": "7.98300", "2009-03-31": "6.83180", "2008-12-31": "5.76870", "2008-09-30": "10.94970", "2008-06-30": "14.15880", "2008-03-31": "12.67880", "2007-12-31": "17.67030", "2007-09-30": "13.52790", "2007-06-30": "16.67140", "2007-03-31": "15.71430", "2006-12-31": "17.47360", "2006-09-30": "14.84920", "2006-06-30": "15.53580", "2006-03-31": "13.60540", "2005-12-31": "19.64670", "2005-09-30": "15.68410", "2005-06-30": "14.69390", "2005-03-31": "12.64630"}, "Net Profit Margin": {"2020-09-30": "-6.12870", "2020-06-30": "-12.27610", "2020-03-31": "29.99420", "2019-12-31": "2.05050", "2019-09-30": "-40.51800", "2019-06-30": "-0.26050", "2019-03-31": "15.98510", "2018-12-31": "3.44930", "2018-09-30": "-97.50340", "2018-06-30": "2.10890", "2018-03-31": "-4.26080", "2017-12-31": "-87.04800", "2017-09-30": "4.31800", "2017-06-30": "3.00720", "2017-03-31": "-0.43530", "2016-12-31": "7.46950", "2016-09-30": "6.81340", "2016-06-30": "8.22830", "2016-03-31": "-0.21910", "2015-12-31": "18.53830", "2015-09-30": "8.94110", "2015-06-30": "-4.65340", "2015-03-31": "-51.72830", "2014-12-31": "26.73730", "2014-09-30": "11.01630", "2014-06-30": "10.98880", "2014-03-31": "8.93940", "2013-12-31": "42.28440", "2013-09-30": "8.94820", "2013-06-30": "8.93640", "2013-03-31": "10.09360", "2012-12-31": "10.29700", "2012-09-30": "9.62930", "2012-06-30": "8.53090", "2012-03-31": "8.64880", "2011-12-31": "10.01990", "2011-09-30": "6.62540", "2011-06-30": "10.35570", "2011-03-31": "8.76100", "2010-12-31": "10.86160", "2010-09-30": "5.59750", "2010-06-30": "8.21600", "2010-03-31": "5.16520", "2009-12-31": "7.51540", "2009-09-30": "6.39960", "2009-06-30": "6.68410", "2009-03-31": "7.16480", "2008-12-31": "8.05450", "2008-09-30": "9.12900", "2008-06-30": "10.82840", "2008-03-31": "10.19230", "2007-12-31": "13.83700", "2007-09-30": "13.07630", "2007-06-30": "12.69820", "2007-03-31": "11.66070", "2006-12-31": "17.11500", "2006-09-30": "12.84790", "2006-06-30": "13.10370", "2006-03-31": "11.67530", "2005-12-31": "11.70070", "2005-09-30": "12.86020", "2005-06-30": "12.71790", "2005-03-31": "11.54290"}, "Asset Turnover": {"2020-09-30": "0.07640", "2020-06-30": "0.06920", "2020-03-31": "0.07830", "2019-12-31": "0.09860", "2019-09-30": "0.08880", "2019-06-30": "0.07500", "2019-03-31": "0.07050", "2018-12-31": "0.05360", "2018-09-30": "0.07500", "2018-06-30": "0.08510", "2018-03-31": "0.07760", "2017-12-31": "0.03420", "2017-09-30": "0.08110", "2017-06-30": "0.08190", "2017-03-31": "0.07640", "2016-12-31": "0.07900", "2016-09-30": "0.07550", "2016-06-30": "0.08340", "2016-03-31": "0.06020", "2015-12-31": "0.06870", "2015-09-30": "0.04820", "2015-06-30": "0.04780", "2015-03-31": "0.04250", "2014-12-31": "0.02940", "2014-09-30": "0.04940", "2014-06-30": "0.04950", "2014-03-31": "0.05140", "2013-12-31": "0.01150", "2013-09-30": "0.05390", "2013-06-30": "0.05310", "2013-03-31": "0.05210", "2012-12-31": "0.05690", "2012-09-30": "0.05190", "2012-06-30": "0.05240", "2012-03-31": "0.04960", "2011-12-31": "0.05180", "2011-09-30": "0.04790", "2011-06-30": "0.04820", "2011-03-31": "0.05270", "2010-12-31": "0.05490", "2010-09-30": "0.04660", "2010-06-30": "0.04920", "2010-03-31": "0.04660", "2009-12-31": "0.05000", "2009-09-30": "0.04800", "2009-06-30": "0.05030", "2009-03-31": "0.05050", "2008-12-31": "0.05680", "2008-09-30": "0.05690", "2008-06-30": "0.05530", "2008-03-31": "0.05060", "2007-12-31": "0.06080", "2007-09-30": "0.05580", "2007-06-30": "0.05740", "2007-03-31": "0.05490", "2006-12-31": "0.05440", "2006-09-30": "0.05550", "2006-06-30": "0.05700", "2006-03-31": "0.05640", "2005-12-31": "0.04350", "2005-09-30": "0.05490", "2005-06-30": "0.04940", "2005-03-31": "0.04570"}, "Inventory Turnover Ratio": {"2020-09-30": "1.02350", "2020-06-30": "0.98900", "2020-03-31": "1.01550", "2019-12-31": "1.35280", "2019-09-30": "1.13980", "2019-06-30": "0.87190", "2019-03-31": "0.83460", "2018-12-31": "0.89190", "2018-09-30": "0.86460", "2018-06-30": "1.06230", "2018-03-31": "1.01640", "2017-12-31": "0.51850", "2017-09-30": "0.91580", "2017-06-30": "0.94660", "2017-03-31": "0.89120", "2016-12-31": "1.07100", "2016-09-30": "0.86940", "2016-06-30": "0.90540", "2016-03-31": "0.85170", "2015-12-31": "1.04750", "2015-09-30": "1.02960", "2015-06-30": "1.09990", "2015-03-31": "1.04780", "2014-12-31": "1.43800", "2014-09-30": "1.01590", "2014-06-30": "1.01520", "2014-03-31": "0.98100", "2013-12-31": "1.41880", "2013-09-30": "1.08430", "2013-06-30": "1.10320", "2013-03-31": "1.06350", "2012-12-31": "1.21850", "2012-09-30": "1.15520", "2012-06-30": "1.24350", "2012-03-31": "1.17470", "2011-12-31": "1.26060", "2011-09-30": "1.11570", "2011-06-30": "1.19160", "2011-03-31": "1.25430", "2010-12-31": "1.76810", "2010-09-30": "1.38590", "2010-06-30": "1.51280", "2010-03-31": "1.49030", "2009-12-31": "1.71040", "2009-09-30": "1.41670", "2009-06-30": "1.41310", "2009-03-31": "1.30620", "2008-12-31": "1.67570", "2008-09-30": "1.50400", "2008-06-30": "1.38080", "2008-03-31": "1.26040", "2007-12-31": "1.66810", "2007-09-30": "1.37080", "2007-06-30": "1.39540", "2007-03-31": "1.20620", "2006-12-31": "1.61220", "2006-09-30": "1.40160", "2006-06-30": "1.38980", "2006-03-31": "1.55410", "2005-12-31": "1.11180", "2005-09-30": "1.48210", "2005-06-30": "1.58040", "2005-03-31": "1.47320"}, "Receiveable Turnover": {"2020-09-30": "0.70070", "2020-06-30": "0.66440", "2020-03-31": "0.74830", "2019-12-31": "0.97010", "2019-09-30": "0.87410", "2019-06-30": "0.77550", "2019-03-31": "0.66430", "2018-12-31": "0.56530", "2018-09-30": "0.67910", "2018-06-30": "0.81720", "2018-03-31": "0.70350", "2017-12-31": "0.30940", "2017-09-30": "0.70710", "2017-06-30": "0.73200", "2017-03-31": "0.67670", "2016-12-31": "0.68300", "2016-09-30": "0.67510", "2016-06-30": "0.76450", "2016-03-31": "0.62960", "2015-12-31": "0.73910", "2015-09-30": "0.27760", "2015-06-30": "0.29550", "2015-03-31": "0.27500", "2014-12-31": "0.44870", "2014-09-30": "0.12490", "2014-06-30": "0.12330", "2014-03-31": "0.12570", "2013-12-31": "0.02780", "2013-09-30": "0.13040", "2013-06-30": "0.12680", "2013-03-31": "0.12560", "2012-12-31": "0.13670", "2012-09-30": "0.12520", "2012-06-30": "0.12470", "2012-03-31": "0.11710", "2011-12-31": "0.12090", "2011-09-30": "0.11300", "2011-06-30": "0.11130", "2011-03-31": "0.11690", "2010-12-31": "0.12470", "2010-09-30": "0.10140", "2010-06-30": "0.10540", "2010-03-31": "0.09660", "2009-12-31": "0.11180", "2009-09-30": "0.10090", "2009-06-30": "0.10150", "2009-03-31": "0.10110", "2008-12-31": "0.11320", "2008-09-30": "0.10470", "2008-06-30": "0.10320", "2008-03-31": "0.09420", "2007-12-31": "0.11660", "2007-09-30": "0.10870", "2007-06-30": "0.11180", "2007-03-31": "0.10780", "2006-12-31": "0.10580", "2006-09-30": "0.11170", "2006-06-30": "0.11380", "2006-03-31": "0.12120", "2005-12-31": "0.09260", "2005-09-30": "0.11250", "2005-06-30": "0.11200", "2005-03-31": "0.10270"}, "Days Sales In Receivables": {"2020-09-30": "128.44830", "2020-06-30": "135.45130", "2020-03-31": "120.27480", "2019-12-31": "92.77500", "2019-09-30": "102.96830", "2019-06-30": "116.04980", "2019-03-31": "135.48650", "2018-12-31": "159.19800", "2018-09-30": "132.53380", "2018-06-30": "110.13440", "2018-03-31": "127.92640", "2017-12-31": "290.85690", "2017-09-30": "127.27450", "2017-06-30": "122.95700", "2017-03-31": "132.99280", "2016-12-31": "131.77590", "2016-09-30": "133.31480", "2016-06-30": "117.72770", "2016-03-31": "142.95920", "2015-12-31": "121.77030", "2015-09-30": "324.20610", "2015-06-30": "304.56680", "2015-03-31": "327.22630", "2014-12-31": "200.57450", "2014-09-30": "720.71480", "2014-06-30": "730.16610", "2014-03-31": "716.25760", "2013-12-31": "3233.94600", "2013-09-30": "690.11610", "2013-06-30": "709.81370", "2013-03-31": "716.33230", "2012-12-31": "658.49510", "2012-09-30": "718.82330", "2012-06-30": "721.63940", "2012-03-31": "768.65340", "2011-12-31": "744.53690", "2011-09-30": "796.63640", "2011-06-30": "808.67860", "2011-03-31": "769.60350", "2010-12-31": "721.55180", "2010-09-30": "887.21230", "2010-06-30": "853.76920", "2010-03-31": "931.37470", "2009-12-31": "805.22060", "2009-09-30": "892.02360", "2009-06-30": "886.72600", "2009-03-31": "889.80770", "2008-12-31": "795.10630", "2008-09-30": "859.77500", "2008-06-30": "872.01810", "2008-03-31": "955.10230", "2007-12-31": "771.62840", "2007-09-30": "827.96110", "2007-06-30": "805.18400", "2007-03-31": "834.82810", "2006-12-31": "850.29110", "2006-09-30": "805.86290", "2006-06-30": "790.85070", "2006-03-31": "742.53020", "2005-12-31": "972.41000", "2005-09-30": "800.17540", "2005-06-30": "803.76090", "2005-03-31": "876.43490"}, "ROE - Return On Equity": {"2020-09-30": "-3.33460", "2020-06-30": "-6.06860", "2020-03-31": "17.39890", "2019-12-31": "2.83030", "2019-09-30": "-4.42570", "2019-06-30": "-0.20490", "2019-03-31": "1.76670", "2018-12-31": "1.69790", "2018-09-30": "-48.11520", "2018-06-30": "1.02020", "2018-03-31": "0.44820", "2017-12-31": "-15.03390", "2017-09-30": "1.37910", "2017-06-30": "1.53610", "2017-03-31": "0.06830", "2016-12-31": "3.00840", "2016-09-30": "2.46110", "2016-06-30": "3.87990", "2016-03-31": "0.44740", "2015-12-31": "2.64150", "2015-09-30": "1.59590", "2015-06-30": "1.53280", "2015-03-31": "-3.98390", "2014-12-31": "0.80610", "2014-09-30": "1.95320", "2014-06-30": "2.05900", "2014-03-31": "1.95630", "2013-12-31": "-1.78750", "2013-09-30": "2.53560", "2013-06-30": "2.65740", "2013-03-31": "2.81360", "2012-12-31": "3.44050", "2012-09-30": "2.70830", "2012-06-30": "2.97900", "2012-03-31": "2.68860", "2011-12-31": "3.34200", "2011-09-30": "2.62670", "2011-06-30": "2.79450", "2011-03-31": "2.77610", "2010-12-31": "3.39300", "2010-09-30": "2.70620", "2010-06-30": "2.73850", "2010-03-31": "1.92270", "2009-12-31": "2.17120", "2009-09-30": "1.95460", "2009-06-30": "2.40330", "2009-03-31": "2.68100", "2008-12-31": "3.47150", "2008-09-30": "4.12460", "2008-06-30": "4.71170", "2008-03-31": "3.89050", "2007-12-31": "6.68140", "2007-09-30": "4.52980", "2007-06-30": "4.79650", "2007-03-31": "4.31640", "2006-12-31": "5.03730", "2006-09-30": "4.26310", "2006-06-30": "4.41380", "2006-03-31": "3.88600", "2005-12-31": "4.41330", "2005-09-30": "4.06440", "2005-06-30": "3.89380", "2005-03-31": "3.15400"}, "Return On Tangible Equity": {"2020-09-30": "294.41620", "2020-06-30": "-1584.44400", "2020-03-31": "-5343.33300", "2019-12-31": "-11.22770", "2019-09-30": "15.58160", "2019-06-30": "0.89870", "2019-03-31": "-6.73240", "2018-12-31": "16.40080", "2018-09-30": "73.34440", "2018-06-30": "-2.40490", "2018-03-31": "-0.99590", "2017-12-31": "35.93990", "2017-09-30": "-8.97580", "2017-06-30": "-8.63370", "2017-03-31": "-0.48800", "2016-12-31": "-24.84280", "2016-09-30": "-63.79150", "2016-06-30": "114.54360", "2016-03-31": "4.29920", "2015-12-31": "15.73000", "2015-09-30": "4.28270", "2015-06-30": "4.27320", "2015-03-31": "-13.67930", "2014-12-31": "1.56580", "2014-09-30": "5.46450", "2014-06-30": "6.23540", "2014-03-31": "6.12220", "2013-12-31": "-5.45450", "2013-09-30": "8.89250", "2013-06-30": "7.75720", "2013-03-31": "8.16050", "2012-12-31": "10.19000", "2012-09-30": "8.03570", "2012-06-30": "9.28320", "2012-03-31": "8.90540", "2011-12-31": "11.80590", "2011-09-30": "8.11230", "2011-06-30": "7.58170", "2011-03-31": "7.49730", "2010-12-31": "8.45520", "2010-09-30": "7.05710", "2010-06-30": "7.08150", "2010-03-31": "5.08430", "2009-12-31": "5.62420", "2009-09-30": "9.48720", "2009-06-30": "13.52360", "2009-03-31": "20.84810", "2008-12-31": "23.37050", "2008-09-30": "33.88430", "2008-06-30": "30.96310", "2008-03-31": "26.65530", "2007-12-31": "42.18900", "2007-09-30": "27.60610", "2007-06-30": "22.92890", "2007-03-31": "19.85740", "2006-12-31": "20.65450", "2006-09-30": "18.31540", "2006-06-30": "20.70290", "2006-03-31": "17.02610", "2005-12-31": "17.40920", "2005-09-30": "15.46860", "2005-06-30": "16.26340", "2005-03-31": "13.61480"}, "ROA - Return On Assets": {"2020-09-30": "-0.45610", "2020-06-30": "-0.83400", "2020-03-31": "2.44710", "2019-12-31": "0.31760", "2019-09-30": "-0.49050", "2019-06-30": "-0.03680", "2019-03-31": "0.31200", "2018-12-31": "0.28100", "2018-09-30": "-7.38360", "2018-06-30": "0.21360", "2018-03-31": "0.09160", "2017-12-31": "-2.99230", "2017-09-30": "0.34310", "2017-06-30": "0.32750", "2017-03-31": "0.01480", "2016-12-31": "0.63830", "2016-09-30": "0.53030", "2016-06-30": "0.83770", "2016-03-31": "0.08980", "2015-12-31": "0.53640", "2015-09-30": "0.32940", "2015-06-30": "0.29680", "2015-03-31": "-0.75660", "2014-12-31": "0.16840", "2014-09-30": "0.43120", "2014-06-30": "0.44240", "2014-03-31": "0.41400", "2013-12-31": "-0.37240", "2013-09-30": "0.49470", "2013-06-30": "0.51820", "2013-03-31": "0.54140", "2012-12-31": "0.64530", "2012-09-30": "0.49610", "2012-06-30": "0.53180", "2012-03-31": "0.46190", "2011-12-31": "0.54970", "2011-09-30": "0.45140", "2011-06-30": "0.49300", "2011-03-31": "0.47980", "2010-12-31": "0.56350", "2010-09-30": "0.43010", "2010-06-30": "0.44080", "2010-03-31": "0.30410", "2009-12-31": "0.34750", "2009-09-30": "0.31210", "2009-06-30": "0.37200", "2009-03-31": "0.38580", "2008-12-31": "0.49440", "2008-09-30": "0.55850", "2008-06-30": "0.65860", "2008-03-31": "0.54120", "2007-12-31": "0.97040", "2007-09-30": "0.67100", "2007-06-30": "0.76000", "2007-03-31": "0.69010", "2006-12-31": "0.80620", "2006-09-30": "0.69620", "2006-06-30": "0.72480", "2006-03-31": "0.61900", "2005-12-31": "0.71670", "2005-09-30": "0.69300", "2005-06-30": "0.59110", "2005-03-31": "0.47330"}, "ROI - Return On Investment": {"2020-09-30": "-1.07580", "2020-06-30": "-1.98650", "2020-03-31": "6.21040", "2019-12-31": "0.87100", "2019-09-30": "-1.24210", "2019-06-30": "-0.07940", "2019-03-31": "0.67390", "2018-12-31": "0.62240", "2018-09-30": "-15.88300", "2018-06-30": "0.42660", "2018-03-31": "0.18390", "2017-12-31": "-6.06840", "2017-09-30": "0.64330", "2017-06-30": "0.64860", "2017-03-31": "0.02960", "2016-12-31": "1.27680", "2016-09-30": "1.03200", "2016-06-30": "1.60760", "2016-03-31": "0.18450", "2015-12-31": "1.08050", "2015-09-30": "0.63830", "2015-06-30": "0.59710", "2015-03-31": "-1.51860", "2014-12-31": "0.34100", "2014-09-30": "0.78580", "2014-06-30": "0.80800", "2014-03-31": "0.75210", "2013-12-31": "-0.68210", "2013-09-30": "0.91930", "2013-06-30": "0.95060", "2013-03-31": "0.99930", "2012-12-31": "1.21240", "2012-09-30": "0.95590", "2012-06-30": "1.04350", "2012-03-31": "0.92070", "2011-12-31": "1.09180", "2011-09-30": "0.84290", "2011-06-30": "0.89260", "2011-03-31": "0.84460", "2010-12-31": "1.00930", "2010-09-30": "0.76240", "2010-06-30": "0.78820", "2010-03-31": "0.53660", "2009-12-31": "0.58900", "2009-09-30": "0.50820", "2009-06-30": "0.62950", "2009-03-31": "0.67140", "2008-12-31": "0.90360", "2008-09-30": "1.04760", "2008-06-30": "1.18770", "2008-03-31": "0.97540", "2007-12-31": "1.77670", "2007-09-30": "1.20530", "2007-06-30": "1.40390", "2007-03-31": "1.26610", "2006-12-31": "1.50890", "2006-09-30": "1.34030", "2006-06-30": "1.38870", "2006-03-31": "1.26400", "2005-12-31": "1.50050", "2005-09-30": "1.38910", "2005-06-30": "1.31810", "2005-03-31": "1.09270"}, "Book Value Per Share": {"2020-09-30": "3.97190", "2020-06-30": "4.02750", "2020-03-31": "4.21390", "2019-12-31": "3.41720", "2019-09-30": "3.34050", "2019-06-30": "6.43160", "2019-03-31": "6.38080", "2018-12-31": "5.91580", "2018-09-30": "5.49970", "2018-06-30": "8.25610", "2018-03-31": "8.42720", "2017-12-31": "8.46700", "2017-09-30": "10.84540", "2017-06-30": "8.75300", "2017-03-31": "8.77170", "2016-12-31": "8.86360", "2016-09-30": "9.44390", "2016-06-30": "9.67320", "2016-03-31": "10.08680", "2015-12-31": "10.67650", "2015-09-30": "11.86960", "2015-06-30": "11.71490", "2015-03-31": "11.64140", "2014-12-31": "13.60520", "2014-09-30": "14.29080", "2014-06-30": "13.95940", "2014-03-31": "13.76370", "2013-12-31": "13.59550", "2013-09-30": "12.75480", "2013-06-30": "12.64840", "2013-03-31": "12.48050", "2012-12-31": "12.34620", "2012-09-30": "12.20790", "2012-06-30": "11.73410", "2012-03-31": "11.48430", "2011-12-31": "11.17320", "2011-09-30": "12.00800", "2011-06-30": "12.30120", "2011-03-31": "11.86080", "2010-12-31": "11.69980", "2010-09-30": "11.31990", "2010-06-30": "11.29200", "2010-03-31": "11.51600", "2009-12-31": "11.73550", "2009-09-30": "11.81580", "2009-06-30": "11.33540", "2009-03-31": "10.33810", "2008-12-31": "10.78230", "2008-09-30": "11.28300", "2008-06-30": "11.90050", "2008-03-31": "11.63790", "2007-12-31": "11.57030", "2007-09-30": "11.16450", "2007-06-30": "11.42110", "2007-03-31": "11.09710", "2006-12-31": "10.85000", "2006-09-30": "10.80670", "2006-06-30": "10.53660", "2006-03-31": "10.33700", "2005-12-31": "10.43000", "2005-09-30": "10.69270", "2005-06-30": "10.60150", "2005-03-31": "10.64240"}, "Operating Cash Flow Per Share": {"2020-09-30": 0.1526, "2020-06-30": -0.1323, "2020-03-31": "-0.02450", "2019-12-31": 0.767, "2019-09-30": 0.2109, "2019-06-30": 0.008, "2019-03-31": "0.01400", "2018-12-31": 0.9848, "2018-09-30": -0.3352, "2018-06-30": -0.1135, "2018-03-31": "0.03590", "2017-12-31": 0.4256, "2017-09-30": 0.0989, "2017-06-30": 0.2416, "2017-03-31": "-0.00930", "2016-12-31": 0.3348, "2016-09-30": 0.1009, "2016-06-30": -0.3772, "2016-03-31": "0.06860", "2015-12-31": 0.7332, "2015-09-30": 0.073, "2015-06-30": 0.6143, "2015-03-31": "0.60490", "2014-12-31": 1.1318, "2014-09-30": 0.5955, "2014-06-30": 0.5198, "2014-03-31": "0.49010", "2013-12-31": 1.0921, "2013-09-30": 0.5236, "2013-06-30": 0.7133, "2013-03-31": "0.44190", "2012-12-31": 1.0659, "2012-09-30": 0.5601, "2012-06-30": 0.7304, "2012-03-31": "0.60940", "2011-12-31": 0.8574, "2011-09-30": 0.8606, "2011-06-30": 0.6999, "2011-03-31": "0.72320", "2010-12-31": 0.9066, "2010-09-30": 0.9321, "2010-06-30": 0.8805, "2010-03-31": "0.66380", "2009-12-31": 0.9909, "2009-09-30": 0.7877, "2009-06-30": 0.5406, "2009-03-31": "-0.01900", "2008-12-31": 1.9795, "2008-09-30": 1.0263, "2008-06-30": 1.1202, "2008-03-31": "0.69210", "2007-12-31": 1.4767, "2007-09-30": 0.9811, "2007-06-30": 1.303, "2007-03-31": "0.47900", "2006-12-31": 0.9297, "2006-09-30": 0.9231, "2006-06-30": 0.6478, "2006-03-31": "0.52570", "2005-12-31": 0.7975, "2005-09-30": 1.2834, "2005-06-30": 0.6326, "2005-03-31": "0.83860"}, "Free Cash Flow Per Share": {"2020-09-30": 0.1068, "2020-06-30": -0.1625, "2020-03-31": "-0.05830", "2019-12-31": 0.6862, "2019-09-30": 0.1714, "2019-06-30": -0.073, "2019-03-31": "-0.02350", "2018-12-31": 0.9107, "2018-09-30": -0.3807, "2018-06-30": -0.151, "2018-03-31": "-0.09820", "2017-12-31": 0.4464, "2017-09-30": 0.0783, "2017-06-30": 0.1877, "2017-03-31": "-0.08400", "2016-12-31": 0.2201, "2016-09-30": 0.1108, "2016-06-30": -0.4443, "2016-03-31": "-0.06350", "2015-12-31": 0.5324, "2015-09-30": 0.0281, "2015-06-30": 0.5353, "2015-03-31": "0.49280", "2014-12-31": 0.9675, "2014-09-30": 0.5621, "2014-06-30": 0.5087, "2014-03-31": "0.28290", "2013-12-31": 1.2876, "2013-09-30": 0.3866, "2013-06-30": 0.5322, "2013-03-31": "0.17210", "2012-12-31": 0.7561, "2012-09-30": 0.4558, "2012-06-30": 0.437, "2012-03-31": "0.47110", "2011-12-31": 0.6362, "2011-09-30": 0.7295, "2011-06-30": 0.546, "2011-03-31": "0.59200", "2010-12-31": 0.7849, "2010-09-30": 0.8576, "2010-06-30": 0.8048, "2010-03-31": "0.69300", "2009-12-31": 0.9869, "2009-09-30": 0.7632, "2009-06-30": 0.4963, "2009-03-31": "-0.14940", "2008-12-31": 1.8998, "2008-09-30": 0.8798, "2008-06-30": 0.8963, "2008-03-31": "0.64150", "2007-12-31": 1.0414, "2007-09-30": 0.9035, "2007-06-30": 1.0985, "2007-03-31": "0.28170", "2006-12-31": 0.6485, "2006-09-30": 0.7335, "2006-06-30": 0.4269, "2006-03-31": "0.35220", "2005-12-31": 0.5604, "2005-09-30": 1.0791, "2005-06-30": 0.4498, "2005-03-31": "0.73310"}}, "revenue": {"General Electric Annual Revenue (Millions of US $)": {"2020": "$79,619", "2019": "$95,214", "2018": "$97,012", "2017": "$99,279", "2016": "$119,469", "2015": "$117,386", "2014": "$117,184", "2013": "$113,245", "2012": "$146,684", "2011": "$146,542", "2010": "$149,567", "2009": "$154,438", "2008": "$181,581", "2007": "$172,488", "2006": "$151,568", "2005": "$136,580"}, "General Electric Quarterly Revenue (Millions of US $)": {"2020-12-31": "$21,928", "2020-09-30": "$19,417", "2020-06-30": "$17,750", "2020-03-31": "$20,524", "2019-12-31": "$26,238", "2019-09-30": "$23,360", "2019-06-30": "$23,414", "2019-03-31": "$22,202", "2018-12-31": "$16,670", "2018-09-30": "$23,392", "2018-06-30": "$29,162", "2018-03-31": "$27,788", "2017-12-31": "$12,639", "2017-09-30": "$30,662", "2017-06-30": "$29,097", "2017-03-31": "$26,881", "2016-12-31": "$28,864", "2016-09-30": "$29,266", "2016-06-30": "$33,494", "2016-03-31": "$27,845", "2015-12-31": "$33,892", "2015-09-30": "$28,028", "2015-06-30": "$29,226", "2015-03-31": "$26,239", "2014-12-31": "$19,269", "2014-09-30": "$32,107", "2014-06-30": "$32,260", "2014-03-31": "$33,548", "2013-12-31": "$7,582", "2013-09-30": "$35,661", "2013-06-30": "$35,059", "2013-03-31": "$34,943", "2012-12-31": "$38,953", "2012-09-30": "$36,254", "2012-06-30": "$36,397", "2012-03-31": "$35,080", "2011-12-31": "$37,226", "2011-09-30": "$35,364", "2011-06-30": "$35,623", "2011-03-31": "$38,329", "2010-12-31": "$41,062", "2010-09-30": "$35,373", "2010-06-30": "$36,928", "2010-03-31": "$36,204", "2009-12-31": "$39,093", "2009-09-30": "$37,799", "2009-06-30": "$39,108", "2009-03-31": "$38,438", "2008-12-31": "$45,279", "2008-09-30": "$47,234", "2008-06-30": "$46,840", "2008-03-31": "$42,228", "2007-12-31": "$48,392", "2007-09-30": "$42,512", "2007-06-30": "$42,384", "2007-03-31": "$39,200", "2006-12-31": "$37,920", "2006-09-30": "$37,874", "2006-06-30": "$37,745", "2006-03-31": "$38,029", "2005-12-31": "$29,323", "2005-09-30": "$36,368", "2005-06-30": "$36,539", "2005-03-31": "$34,350"}}, "gross-profit": {"General Electric Annual Gross Profit (Millions of US $)": {"2020": "$19,198", "2019": "$25,186", "2018": "$24,194", "2017": "$23,686", "2016": "$31,817", "2015": "$34,693", "2014": "$33,480", "2013": "$33,404", "2012": "$72,374", "2011": "$78,264", "2010": "$77,854", "2009": "$78,517", "2008": "$97,809", "2007": "$99,363", "2006": "$84,795", "2005": "$76,796"}, "General Electric Quarterly Gross Profit (Millions of US $)": {"2020-12-31": "$5,632", "2020-09-30": "$4,142", "2020-06-30": "$2,667", "2020-03-31": "$4,828", "2019-12-31": "$7,158", "2019-09-30": "$6,032", "2019-06-30": "$6,002", "2019-03-31": "$5,994", "2018-12-31": "$4,359", "2018-09-30": "$5,545", "2018-06-30": "$7,413", "2018-03-31": "$6,877", "2017-12-31": "$2,570", "2017-09-30": "$6,991", "2017-06-30": "$7,474", "2017-03-31": "$6,651", "2016-12-31": "$4,922", "2016-09-30": "$8,300", "2016-06-30": "$11,111", "2016-03-31": "$7,484", "2015-12-31": "$10,308", "2015-09-30": "$8,173", "2015-06-30": "$8,654", "2015-03-31": "$7,557", "2014-12-31": "$-6,167", "2014-09-30": "$12,367", "2014-06-30": "$12,254", "2014-03-31": "$15,026", "2013-12-31": "$-16,998", "2013-09-30": "$16,206", "2013-06-30": "$16,568", "2013-03-31": "$17,628", "2012-12-31": "$20,220", "2012-09-30": "$17,745", "2012-06-30": "$17,198", "2012-03-31": "$17,211", "2011-12-31": "$19,840", "2011-09-30": "$18,605", "2011-06-30": "$18,206", "2011-03-31": "$21,613", "2010-12-31": "$20,683", "2010-09-30": "$18,746", "2010-06-30": "$19,733", "2010-03-31": "$18,692", "2009-12-31": "$18,590", "2009-09-30": "$19,251", "2009-06-30": "$20,304", "2009-03-31": "$20,372", "2008-12-31": "$22,366", "2008-09-30": "$25,097", "2008-06-30": "$26,111", "2008-03-31": "$24,235", "2007-12-31": "$26,879", "2007-09-30": "$24,254", "2007-06-30": "$24,876", "2007-03-31": "$23,354", "2006-12-31": "$21,746", "2006-09-30": "$21,258", "2006-06-30": "$21,423", "2006-03-31": "$20,368", "2005-12-31": "$17,678", "2005-09-30": "$20,367", "2005-06-30": "$19,943", "2005-03-31": "$18,808"}}, "operating-income": {"General Electric Annual Operating Income (Millions of US $)": {"2020": "$1,911", "2019": "$9,293", "2018": "$-12,999", "2017": "$5,819", "2016": "$13,079", "2015": "$14,254", "2014": "$15,517", "2013": "$14,631", "2012": "$36,477", "2011": "$41,423", "2010": "$39,821", "2009": "$41,163", "2008": "$55,974", "2007": "$59,190", "2006": "$49,304", "2005": "$43,518"}, "General Electric Quarterly Operating Income (Millions of US $)": {"2020-12-31": "$1,685", "2020-09-30": "$831", "2020-06-30": "$-2,258", "2020-03-31": "$1,654", "2019-12-31": "$3,206", "2019-09-30": "$1,900", "2019-06-30": "$1,667", "2019-03-31": "$2,520", "2018-12-31": "$1,945", "2018-09-30": "$-20,613", "2018-06-30": "$3,001", "2018-03-31": "$2,668", "2017-12-31": "$-586", "2017-09-30": "$1,042", "2017-06-30": "$3,189", "2017-03-31": "$2,174", "2016-12-31": "$818", "2016-09-30": "$3,719", "2016-06-30": "$5,925", "2016-03-31": "$2,617", "2015-12-31": "$3,801", "2015-09-30": "$3,620", "2015-06-30": "$3,982", "2015-03-31": "$2,851", "2014-12-31": "$-3,577", "2014-09-30": "$6,049", "2014-06-30": "$5,981", "2014-03-31": "$7,064", "2013-12-31": "$-9,787", "2013-09-30": "$7,526", "2013-06-30": "$8,030", "2013-03-31": "$8,862", "2012-12-31": "$9,928", "2012-09-30": "$8,874", "2012-06-30": "$8,794", "2012-03-31": "$8,881", "2011-12-31": "$9,295", "2011-09-30": "$9,178", "2011-06-30": "$9,844", "2011-03-31": "$13,106", "2010-12-31": "$9,427", "2010-09-30": "$9,783", "2010-06-30": "$10,847", "2010-03-31": "$9,764", "2009-12-31": "$8,860", "2009-09-30": "$9,897", "2009-06-30": "$11,371", "2009-03-31": "$11,035", "2008-12-31": "$11,848", "2008-09-30": "$14,555", "2008-06-30": "$15,543", "2008-03-31": "$14,028", "2007-12-31": "$16,502", "2007-09-30": "$14,050", "2007-06-30": "$14,881", "2007-03-31": "$13,757", "2006-12-31": "$13,257", "2006-09-30": "$12,467", "2006-06-30": "$12,249", "2006-03-31": "$11,331", "2005-12-31": "$10,738", "2005-09-30": "$11,618", "2005-06-30": "$11,202", "2005-03-31": "$9,960"}}, "ebitda": {"General Electric Annual EBITDA (Millions of US $)": {"2019": "$14,888", "2018": "$-6,417", "2017": "$12,013", "2016": "$20,149", "2015": "$19,101", "2014": "$20,470", "2013": "$19,833", "2012": "$45,669", "2011": "$50,409", "2010": "$49,607", "2009": "$51,780", "2008": "$67,455", "2007": "$69,465", "2006": "$57,761", "2005": "$51,359"}, "General Electric Quarterly EBITDA (Millions of US $)": {"2020-09-30": "$2,633", "2020-06-30": "$-660", "2020-03-31": "$2,985", "2019-12-31": "$4,612", "2019-09-30": "$3,400", "2019-06-30": "$2,994", "2019-03-31": "$3,882", "2018-12-31": "$3,430", "2018-09-30": "$-19,305", "2018-06-30": "$4,916", "2018-03-31": "$4,542", "2017-12-31": "$180", "2017-09-30": "$3,069", "2017-06-30": "$4,858", "2017-03-31": "$3,906", "2016-12-31": "$4,247", "2016-09-30": "$4,855", "2016-06-30": "$7,220", "2016-03-31": "$3,827", "2015-12-31": "$5,094", "2015-09-30": "$4,885", "2015-06-30": "$5,170", "2015-03-31": "$3,952", "2014-12-31": "$-2,444", "2014-09-30": "$7,474", "2014-06-30": "$6,187", "2014-03-31": "$9,253", "2013-12-31": "$-11,737", "2013-09-30": "$10,103", "2013-06-30": "$10,296", "2013-03-31": "$11,171", "2012-12-31": "$12,421", "2012-09-30": "$11,161", "2012-06-30": "$10,986", "2012-03-31": "$11,101", "2011-12-31": "$11,337", "2011-09-30": "$11,528", "2011-06-30": "$12,146", "2011-03-31": "$15,398", "2010-12-31": "$11,764", "2010-09-30": "$12,394", "2010-06-30": "$13,220", "2010-03-31": "$12,229", "2009-12-31": "$11,584", "2009-09-30": "$12,555", "2009-06-30": "$13,875", "2009-03-31": "$13,766", "2008-12-31": "$15,113", "2008-09-30": "$17,416", "2008-06-30": "$18,216", "2008-03-31": "$16,710", "2007-12-31": "$19,346", "2007-09-30": "$16,630", "2007-06-30": "$17,292", "2007-03-31": "$16,197", "2006-12-31": "$15,555", "2006-09-30": "$14,575", "2006-06-30": "$14,168", "2006-03-31": "$13,463", "2005-12-31": "$12,096", "2005-09-30": "$13,835", "2005-06-30": "$13,188", "2005-03-31": "$12,240"}}, "net-income": {"General Electric Annual Net Income (Millions of US $)": {"2020": "$5,230", "2019": "$-5,439", "2018": "$-22,802", "2017": "$-8,920", "2016": "$6,845", "2015": "$-6,145", "2014": "$15,233", "2013": "$13,057", "2012": "$13,641", "2011": "$13,120", "2010": "$11,344", "2009": "$10,725", "2008": "$17,335", "2007": "$22,208", "2006": "$20,742", "2005": "$16,720"}, "General Electric Quarterly Net Income (Millions of US $)": {"2020-12-31": "$2,442", "2020-09-30": "$-1,190", "2020-06-30": "$-2,179", "2020-03-31": "$6,156", "2019-12-31": "$538", "2019-09-30": "$-9,465", "2019-06-30": "$-61", "2019-03-31": "$3,549", "2018-12-31": "$575", "2018-09-30": "$-22,808", "2018-06-30": "$615", "2018-03-31": "$-1,184", "2017-12-31": "$-11,002", "2017-09-30": "$1,324", "2017-06-30": "$875", "2017-03-31": "$-117", "2016-12-31": "$2,156", "2016-09-30": "$1,994", "2016-06-30": "$2,756", "2016-03-31": "$-61", "2015-12-31": "$6,283", "2015-09-30": "$2,506", "2015-06-30": "$-1,360", "2015-03-31": "$-13,573", "2014-12-31": "$5,152", "2014-09-30": "$3,537", "2014-06-30": "$3,545", "2014-03-31": "$2,999", "2013-12-31": "$3,206", "2013-09-30": "$3,191", "2013-06-30": "$3,133", "2013-03-31": "$3,527", "2012-12-31": "$4,011", "2012-09-30": "$3,491", "2012-06-30": "$3,105", "2012-03-31": "$3,034", "2011-12-31": "$3,730", "2011-09-30": "$2,343", "2011-06-30": "$3,689", "2011-03-31": "$3,358", "2010-12-31": "$4,460", "2010-09-30": "$1,980", "2010-06-30": "$3,034", "2010-03-31": "$1,870", "2009-12-31": "$2,938", "2009-09-30": "$2,419", "2009-06-30": "$2,614", "2009-03-31": "$2,754", "2008-12-31": "$3,647", "2008-09-30": "$4,312", "2008-06-30": "$5,072", "2008-03-31": "$4,304", "2007-12-31": "$6,696", "2007-09-30": "$5,559", "2007-06-30": "$5,382", "2007-03-31": "$4,571", "2006-12-31": "$6,490", "2006-09-30": "$4,866", "2006-06-30": "$4,946", "2006-03-31": "$4,440", "2005-12-31": "$3,431", "2005-09-30": "$4,677", "2005-06-30": "$4,647", "2005-03-31": "$3,965"}}, "eps-earnings-per-share-diluted": {"General Electric Annual EPS": {"2020": "$0.58", "2019": "$-0.62", "2018": "$-2.62", "2017": "$-1.03", "2016": "$0.75", "2015": "$-0.61", "2014": "$1.50", "2013": "$1.27", "2012": "$1.29", "2011": "$1.23", "2010": "$1.06", "2009": "$1.01", "2008": "$1.72", "2007": "$2.17", "2006": "$2.00", "2005": "$1.57"}, "General Electric Quarterly EPS": {"2020-12-31": "$0.27", "2020-09-30": "$-0.13", "2020-06-30": "$-0.26", "2020-03-31": "$0.70", "2019-12-31": "$-0.86", "2019-09-30": "$-0.15", "2019-06-30": "$-0.01", "2019-03-31": "$0.40", "2018-12-31": "$0.07", "2018-09-30": "$-2.62", "2018-06-30": "$0.07", "2018-03-31": "$-0.14", "2017-12-31": "$-1.27", "2017-09-30": "$0.15", "2017-06-30": "$0.10", "2017-03-31": "$-0.01", "2016-12-31": "$0.24", "2016-09-30": "$0.22", "2016-06-30": "$0.30", "2016-03-31": "$-0.01", "2015-12-31": "$0.64", "2015-09-30": "$0.25", "2015-06-30": "$-0.13", "2015-03-31": "$-1.35", "2014-12-31": "$0.50", "2014-09-30": "$0.35", "2014-06-30": "$0.35", "2014-03-31": "$0.30", "2013-12-31": "$0.32", "2013-09-30": "$0.31", "2013-06-30": "$0.30", "2013-03-31": "$0.34", "2012-12-31": "$0.38", "2012-09-30": "$0.33", "2012-06-30": "$0.29", "2012-03-31": "$0.29", "2011-12-31": "$0.35", "2011-09-30": "$0.22", "2011-06-30": "$0.35", "2011-03-31": "$0.31", "2010-12-31": "$0.43", "2010-09-30": "$0.18", "2010-06-30": "$0.28", "2010-03-31": "$0.17", "2009-12-31": "$0.27", "2009-09-30": "$0.23", "2009-06-30": "$0.25", "2009-03-31": "$0.26", "2008-12-31": "$0.35", "2008-09-30": "$0.43", "2008-06-30": "$0.51", "2008-03-31": "$0.43", "2007-12-31": "$0.67", "2007-09-30": "$0.54", "2007-06-30": "$0.52", "2007-03-31": "$0.44", "2006-12-31": "$0.63", "2006-09-30": "$0.47", "2006-06-30": "$0.48", "2006-03-31": "$0.42", "2005-12-31": "$0.32", "2005-09-30": "$0.44", "2005-06-30": "$0.44", "2005-03-31": "$0.37"}}, "shares-outstanding": {"General Electric Annual Shares Outstanding (Millions of Shares)": {"2020": "8,761", "2019": "8,773", "2018": "8,703", "2017": "8,660", "2016": "9,130", "2015": "10,016", "2014": "10,123", "2013": "10,289", "2012": "10,564", "2011": "10,620", "2010": "10,678", "2009": "10,615", "2008": "10,098", "2007": "10,218", "2006": "10,394", "2005": "10,611"}, "General Electric Quarterly Shares Outstanding (Millions of Shares)": {"2020-12-31": "8,779", "2020-09-30": "8,756", "2020-06-30": "8,750", "2020-03-31": "8,742", "2019-12-31": "8,773", "2019-09-30": "8,730", "2019-06-30": "8,724", "2019-03-31": "8,711", "2018-12-31": "8,703", "2018-09-30": "8,694", "2018-06-30": "8,699", "2018-03-31": "8,696", "2017-12-31": "8,660", "2017-09-30": "8,732", "2017-06-30": "8,760", "2017-03-31": "8,811", "2016-12-31": "9,130", "2016-09-30": "9,016", "2016-06-30": "9,187", "2016-03-31": "9,383", "2015-12-31": "9,821", "2015-09-30": "10,173", "2015-06-30": "10,158", "2015-03-31": "10,067", "2014-12-31": "10,123", "2014-09-30": "10,119", "2014-06-30": "10,110", "2014-03-31": "10,123", "2013-12-31": "10,289", "2013-09-30": "10,223", "2013-06-30": "10,328", "2013-03-31": "10,433", "2012-12-31": "10,564", "2012-09-30": "10,568", "2012-06-30": "10,611", "2012-03-31": "10,611", "2011-12-31": "10,620", "2011-09-30": "10,607", "2011-06-30": "10,639", "2011-03-31": "10,641", "2010-12-31": "10,678", "2010-09-30": "10,691", "2010-06-30": "10,702", "2010-03-31": "10,687", "2009-12-31": "10,615", "2009-09-30": "10,638", "2009-06-30": "10,609", "2009-03-31": "10,564", "2008-12-31": "10,098", "2008-09-30": "9,970", "2008-06-30": "9,982", "2008-03-31": "10,006", "2007-12-31": "10,218", "2007-09-30": "10,215", "2007-06-30": "10,303", "2007-03-31": "10,317", "2006-12-31": "10,394", "2006-09-30": "10,348", "2006-06-30": "10,400", "2006-03-31": "10,480", "2005-12-31": "10,611", "2005-09-30": "10,623", "2005-06-30": "10,650", "2005-03-31": "10,641"}}, "total-assets": {"General Electric Annual Total Assets (Millions of US $)": {"2019": "$266,048", "2018": "$311,072", "2017": "$369,245", "2016": "$365,183", "2015": "$493,071", "2014": "$654,954", "2013": "$656,560", "2012": "$684,999", "2011": "$718,189", "2010": "$747,793", "2009": "$781,901", "2008": "$797,769", "2007": "$795,683", "2006": "$696,683", "2005": "$673,321"}, "General Electric Quarterly Total Assets (Millions of US $)": {"2020-09-30": "$254,315", "2020-06-30": "$256,487", "2020-03-31": "$262,021", "2019-12-31": "$266,048", "2019-09-30": "$263,009", "2019-06-30": "$312,109", "2019-03-31": "$315,082", "2018-12-31": "$311,072", "2018-09-30": "$311,691", "2018-06-30": "$342,769", "2018-03-31": "$358,109", "2017-12-31": "$369,245", "2017-09-30": "$378,038", "2017-06-30": "$355,473", "2017-03-31": "$351,643", "2016-12-31": "$365,183", "2016-09-30": "$387,694", "2016-06-30": "$401,461", "2016-03-31": "$462,193", "2015-12-31": "$493,071", "2015-09-30": "$581,310", "2015-06-30": "$610,926", "2015-03-31": "$617,631", "2014-12-31": "$654,954", "2014-09-30": "$650,021", "2014-06-30": "$651,869", "2014-03-31": "$652,252", "2013-12-31": "$656,560", "2013-09-30": "$661,438", "2013-06-30": "$660,541", "2013-03-31": "$670,690", "2012-12-31": "$684,999", "2012-09-30": "$698,880", "2012-06-30": "$694,121", "2012-03-31": "$707,719", "2011-12-31": "$718,189", "2011-09-30": "$737,700", "2011-06-30": "$739,130", "2011-03-31": "$727,837", "2010-12-31": "$747,793", "2010-09-30": "$758,824", "2010-06-30": "$749,930", "2010-03-31": "$777,355", "2009-12-31": "$781,901", "2009-09-30": "$787,846", "2009-06-30": "$778,168", "2009-03-31": "$760,807", "2008-12-31": "$797,769", "2008-09-30": "$829,550", "2008-06-30": "$846,988", "2008-03-31": "$833,890", "2007-12-31": "$795,683", "2007-09-30": "$761,706", "2007-06-30": "$738,533", "2007-03-31": "$714,080", "2006-12-31": "$696,683", "2006-09-30": "$682,100", "2006-06-30": "$662,415", "2006-03-31": "$674,817", "2005-12-31": "$673,321", "2005-09-30": "$662,672", "2005-06-30": "$740,362", "2005-03-31": "$752,223"}}, "cash-on-hand": {"General Electric Annual Cash on Hand (Millions of US $)": {"2019": "$84,915", "2018": "$64,632", "2017": "$82,663", "2016": "$92,442", "2015": "$102,456", "2014": "$105,530", "2013": "$132,536", "2012": "$125,778", "2011": "$131,875", "2010": "$122,881", "2009": "$121,831", "2008": "$89,633", "2007": "$61,007", "2006": "$61,905", "2005": "$50,973"}, "General Electric Quarterly Cash on Hand (Millions of US $)": {"2020-09-30": "$86,043", "2020-06-30": "$88,548", "2020-03-31": "$89,585", "2019-12-31": "$84,915", "2019-09-30": "$76,035", "2019-06-30": "$71,351", "2019-03-31": "$73,180", "2018-12-31": "$64,632", "2018-09-30": "$61,693", "2018-06-30": "$64,285", "2018-03-31": "$69,285", "2017-12-31": "$82,663", "2017-09-30": "$78,550", "2017-06-30": "$84,017", "2017-03-31": "$83,513", "2016-12-31": "$92,442", "2016-09-30": "$98,899", "2016-06-30": "$91,843", "2016-03-31": "$108,049", "2015-12-31": "$102,456", "2015-09-30": "$136,019", "2015-06-30": "$131,104", "2015-03-31": "$129,047", "2014-12-31": "$105,530", "2014-09-30": "$137,455", "2014-06-30": "$133,324", "2014-03-31": "$132,712", "2013-12-31": "$132,536", "2013-09-30": "$130,397", "2013-06-30": "$132,459", "2013-03-31": "$138,110", "2012-12-31": "$125,778", "2012-09-30": "$134,180", "2012-06-30": "$122,226", "2012-03-31": "$131,479", "2011-12-31": "$131,875", "2011-09-30": "$137,826", "2011-06-30": "$136,393", "2011-03-31": "$127,062", "2010-12-31": "$122,881", "2010-09-30": "$124,082", "2010-06-30": "$115,950", "2010-03-31": "$111,177", "2009-12-31": "$121,831", "2009-09-30": "$114,135", "2009-06-30": "$97,530", "2009-03-31": "$88,761", "2008-12-31": "$89,633", "2008-09-30": "$59,760", "2008-06-30": "$64,850", "2008-03-31": "$60,913", "2007-12-31": "$61,007", "2007-09-30": "$65,057", "2007-06-30": "$60,981", "2007-03-31": "$64,436", "2006-12-31": "$61,905", "2006-09-30": "$59,408", "2006-06-30": "$56,120", "2006-03-31": "$53,603", "2005-12-31": "$50,973", "2005-09-30": "$89,855", "2005-06-30": "$146,846", "2005-03-31": "$148,634"}}, "long-term-debt": {"General Electric Annual Long Term Debt (Millions of US $)": {"2019": "$67,155", "2018": "$88,949", "2017": "$108,575", "2016": "$105,080", "2015": "$144,659", "2014": "$186,596", "2013": "$221,665", "2012": "$236,084", "2011": "$243,459", "2010": "$293,323", "2009": "$336,172", "2008": "$322,847", "2007": "$319,013", "2006": "$260,752", "2005": "$212,281"}, "General Electric Quarterly Long Term Debt (Millions of US $)": {"2020-09-30": "$73,034", "2020-06-30": "$72,423", "2020-03-31": "$66,388", "2019-12-31": "$67,155", "2019-09-30": "$74,701", "2019-06-30": "$88,735", "2019-03-31": "$90,223", "2018-12-31": "$88,949", "2018-09-30": "$97,060", "2018-06-30": "$99,832", "2018-03-31": "$105,134", "2017-12-31": "$108,575", "2017-09-30": "$107,557", "2017-06-30": "$103,676", "2017-03-31": "$99,674", "2016-12-31": "$105,080", "2016-09-30": "$115,686", "2016-06-30": "$122,504", "2016-03-31": "$132,187", "2015-12-31": "$144,659", "2015-09-30": "$180,011", "2015-06-30": "$185,351", "2015-03-31": "$190,420", "2014-12-31": "$186,596", "2014-09-30": "$213,179", "2014-06-30": "$216,845", "2014-03-31": "$220,992", "2013-12-31": "$221,665", "2013-09-30": "$226,872", "2013-06-30": "$231,285", "2013-03-31": "$234,299", "2012-12-31": "$236,084", "2012-09-30": "$234,673", "2012-06-30": "$229,817", "2012-03-31": "$233,487", "2011-12-31": "$243,459", "2011-09-30": "$268,270", "2011-06-30": "$277,855", "2011-03-31": "$287,642", "2010-12-31": "$293,323", "2010-09-30": "$307,517", "2010-06-30": "$298,701", "2010-03-31": "$317,606", "2009-12-31": "$336,172", "2009-09-30": "$358,092", "2009-06-30": "$339,420", "2009-03-31": "$327,658", "2008-12-31": "$322,847", "2008-09-30": "$329,915", "2008-06-30": "$351,264", "2008-03-31": "$346,680", "2007-12-31": "$319,013", "2007-09-30": "$311,220", "2007-06-30": "$282,790", "2007-03-31": "$275,071", "2006-12-31": "$260,752", "2006-09-30": "$242,927", "2006-06-30": "$236,935", "2006-03-31": "$222,970", "2005-12-31": "$212,281", "2005-09-30": "$217,600", "2005-06-30": "$219,609", "2005-03-31": "$212,928"}}, "total-liabilities": {"General Electric Annual Total Liabilities (Millions of US $)": {"2019": "$236,187", "2018": "$259,591", "2017": "$295,747", "2016": "$287,692", "2015": "$392,933", "2014": "$518,121", "2013": "$519,777", "2012": "$556,529", "2011": "$600,055", "2010": "$623,595", "2009": "$656,765", "2008": "$684,157", "2007": "$680,124", "2006": "$585,174", "2005": "$563,970"}, "General Electric Quarterly Total Liabilities (Millions of US $)": {"2020-09-30": "$219,522", "2020-06-30": "$221,233", "2020-03-31": "$225,162", "2019-12-31": "$236,187", "2019-09-30": "$233,856", "2019-06-30": "$255,980", "2019-03-31": "$259,436", "2018-12-31": "$259,591", "2018-09-30": "$263,854", "2018-06-30": "$271,015", "2018-03-31": "$284,916", "2017-12-31": "$295,747", "2017-09-30": "$283,985", "2017-06-30": "$279,691", "2017-03-31": "$275,470", "2016-12-31": "$287,692", "2016-09-30": "$304,150", "2016-06-30": "$314,778", "2016-03-31": "$369,438", "2015-12-31": "$392,933", "2015-09-30": "$461,317", "2015-06-30": "$492,647", "2015-03-31": "$500,333", "2014-12-31": "$518,121", "2014-09-30": "$506,510", "2014-06-30": "$511,802", "2014-03-31": "$514,233", "2013-12-31": "$519,777", "2013-09-30": "$532,393", "2013-06-30": "$531,730", "2013-03-31": "$541,640", "2012-12-31": "$556,529", "2012-09-30": "$570,864", "2012-06-30": "$570,222", "2012-03-31": "$586,131", "2011-12-31": "$600,055", "2011-09-30": "$610,927", "2011-06-30": "$608,733", "2011-03-31": "$602,048", "2010-12-31": "$623,595", "2010-09-30": "$638,214", "2010-06-30": "$629,205", "2010-03-31": "$654,404", "2009-12-31": "$656,765", "2009-09-30": "$662,037", "2009-06-30": "$657,709", "2009-03-31": "$651,331", "2008-12-31": "$684,157", "2008-09-30": "$717,223", "2008-06-30": "$728,602", "2008-03-31": "$717,890", "2007-12-31": "$680,124", "2007-09-30": "$648,875", "2007-06-30": "$621,510", "2007-03-31": "$599,911", "2006-12-31": "$585,174", "2006-09-30": "$570,703", "2006-06-30": "$553,642", "2006-03-31": "$567,329", "2005-12-31": "$563,970", "2005-09-30": "$549,691", "2005-06-30": "$627,978", "2005-03-31": "$639,351"}}, "total-share-holder-equity": {"General Electric Annual Share Holder Equity (Millions of US $)": {"2019": "$29,861", "2018": "$51,481", "2017": "$73,498", "2016": "$77,491", "2015": "$100,138", "2014": "$136,833", "2013": "$136,783", "2012": "$128,470", "2011": "$118,134", "2010": "$124,198", "2009": "$125,136", "2008": "$113,612", "2007": "$115,559", "2006": "$111,509", "2005": "$109,351"}, "General Electric Quarterly Share Holder Equity (Millions of US $)": {"2020-09-30": "$34,793", "2020-06-30": "$35,254", "2020-03-31": "$36,859", "2019-12-31": "$29,861", "2019-09-30": "$29,153", "2019-06-30": "$56,129", "2019-03-31": "$55,646", "2018-12-31": "$51,481", "2018-09-30": "$47,837", "2018-06-30": "$71,754", "2018-03-31": "$73,193", "2017-12-31": "$73,498", "2017-09-30": "$94,052", "2017-06-30": "$75,783", "2017-03-31": "$76,173", "2016-12-31": "$77,491", "2016-09-30": "$83,544", "2016-06-30": "$86,684", "2016-03-31": "$92,755", "2015-12-31": "$100,138", "2015-09-30": "$119,993", "2015-06-30": "$118,279", "2015-03-31": "$117,298", "2014-12-31": "$136,833", "2014-09-30": "$143,511", "2014-06-30": "$140,067", "2014-03-31": "$138,019", "2013-12-31": "$136,783", "2013-09-30": "$129,045", "2013-06-30": "$128,811", "2013-03-31": "$129,050", "2012-12-31": "$128,470", "2012-09-30": "$128,016", "2012-06-30": "$123,899", "2012-03-31": "$121,588", "2011-12-31": "$118,134", "2011-09-30": "$126,773", "2011-06-30": "$130,397", "2011-03-31": "$125,789", "2010-12-31": "$124,198", "2010-09-30": "$120,610", "2010-06-30": "$120,725", "2010-03-31": "$122,951", "2009-12-31": "$125,136", "2009-09-30": "$125,809", "2009-06-30": "$120,459", "2009-03-31": "$109,476", "2008-12-31": "$113,612", "2008-09-30": "$112,327", "2008-06-30": "$118,386", "2008-03-31": "$116,000", "2007-12-31": "$115,559", "2007-09-30": "$112,831", "2007-06-30": "$117,023", "2007-03-31": "$114,169", "2006-12-31": "$111,509", "2006-09-30": "$111,397", "2006-06-30": "$108,773", "2006-03-31": "$107,488", "2005-12-31": "$109,351", "2005-09-30": "$112,981", "2005-06-30": "$112,384", "2005-03-31": "$112,872"}}, "profit-margins": {"current": "7.16%"}, "gross margin": {"2020-12-31": "21.69%", "2020-09-30": "22.39%", "2020-06-30": "23.54%", "2020-03-31": "25.68%", "2019-12-31": "26.45%", "2019-09-30": "26.14%", "2019-06-30": "25.56%", "2019-03-31": "25.50%", "2018-12-31": "24.94%", "2018-09-30": "24.10%", "2018-06-30": "23.79%", "2018-03-31": "23.87%", "2017-12-31": "23.86%", "2017-09-30": "22.54%", "2017-06-30": "23.97%", "2017-03-31": "26.15%", "2016-12-31": "26.63%", "2016-09-30": "29.88%", "2016-06-30": "30.08%", "2016-03-31": "29.09%", "2015-12-31": "29.55%", "2015-09-30": "17.73%", "2015-06-30": "20.98%", "2015-03-31": "23.67%", "2014-12-31": "28.57%", "2014-09-30": "21.47%", "2014-06-30": "24.29%", "2014-03-31": "27.54%", "2013-12-31": "29.50%", "2013-09-30": "48.83%", "2013-06-30": "49.69%", "2013-03-31": "49.67%", "2012-12-31": "49.34%", "2012-09-30": "49.67%", "2012-06-30": "50.57%", "2012-03-31": "51.55%", "2011-12-31": "53.41%", "2011-09-30": "52.61%", "2011-06-30": "52.70%", "2011-03-31": "53.25%", "2010-12-31": "52.05%", "2010-09-30": "51.33%", "2010-06-30": "50.84%", "2010-03-31": "50.48%", "2009-12-31": "50.84%", "2009-09-30": "51.23%", "2009-06-30": "51.83%", "2009-03-31": "52.84%", "2008-12-31": "53.87%", "2008-09-30": "55.40%", "2008-06-30": "56.39%", "2008-03-31": "57.11%", "2007-12-31": "57.61%", "2007-09-30": "58.16%", "2007-06-30": "57.97%", "2007-03-31": "57.47%", "2006-12-31": "55.95%", "2006-09-30": "56.46%", "2006-06-30": "56.44%", "2006-03-31": "55.87%", "2005-12-31": "56.23%"}, "operating margin": {"2020-12-31": "2.40%", "2020-09-30": "4.09%", "2020-06-30": "5.12%", "2020-03-31": "9.01%", "2019-12-31": "9.76%", "2019-09-30": "9.38%", "2019-06-30": "-16.90%", "2019-03-31": "-14.38%", "2018-12-31": "-13.40%", "2018-09-30": "-16.70%", "2018-06-30": "6.11%", "2018-03-31": "6.30%", "2017-12-31": "5.86%", "2017-09-30": "6.25%", "2017-06-30": "8.68%", "2017-03-31": "10.66%", "2016-12-31": "10.95%", "2016-09-30": "12.90%", "2016-06-30": "12.95%", "2016-03-31": "11.78%", "2015-12-31": "12.14%", "2015-09-30": "6.69%", "2015-06-30": "8.71%", "2015-03-31": "10.29%", "2014-12-31": "13.24%", "2014-09-30": "8.82%", "2014-06-30": "9.89%", "2014-03-31": "11.47%", "2013-12-31": "12.92%", "2013-09-30": "23.75%", "2013-06-30": "24.58%", "2013-03-31": "24.88%", "2012-12-31": "24.87%", "2012-09-30": "24.73%", "2012-06-30": "25.09%", "2012-03-31": "25.96%", "2011-12-31": "28.27%", "2011-09-30": "27.63%", "2011-06-30": "28.03%", "2011-03-31": "28.45%", "2010-12-31": "26.62%", "2010-09-30": "26.60%", "2010-06-30": "26.24%", "2010-03-31": "26.21%", "2009-12-31": "26.65%", "2009-09-30": "27.49%", "2009-06-30": "28.70%", "2009-03-31": "29.80%", "2008-12-31": "30.83%", "2008-09-30": "32.83%", "2008-06-30": "33.41%", "2008-03-31": "33.88%", "2007-12-31": "34.32%", "2007-09-30": "34.53%", "2007-06-30": "34.54%", "2007-03-31": "33.87%", "2006-12-31": "32.53%", "2006-09-30": "32.72%", "2006-06-30": "32.47%", "2006-03-31": "32.00%", "2005-12-31": "31.86%"}, "ebitda margin": {"2020-09-30": "11.40%", "2020-06-30": "11.76%", "2020-03-31": "14.96%", "2019-12-31": "15.64%", "2019-09-30": "16.00%", "2019-06-30": "-10.50%", "2019-03-31": "-7.74%", "2018-12-31": "-6.61%", "2018-09-30": "-10.40%", "2018-06-30": "12.68%", "2018-03-31": "12.63%", "2017-12-31": "12.10%", "2017-09-30": "13.92%", "2017-06-30": "15.66%", "2017-03-31": "17.07%", "2016-12-31": "16.87%", "2016-09-30": "16.86%", "2016-06-30": "17.06%", "2016-03-31": "15.95%", "2015-12-31": "16.27%", "2015-09-30": "11.25%", "2015-06-30": "13.25%", "2015-03-31": "13.81%", "2014-12-31": "17.47%", "2014-09-30": "10.59%", "2014-06-30": "12.66%", "2014-03-31": "16.02%", "2013-12-31": "17.51%", "2013-09-30": "30.42%", "2013-06-30": "31.02%", "2013-03-31": "31.21%", "2012-12-31": "31.13%", "2012-09-30": "30.76%", "2012-06-30": "31.20%", "2012-03-31": "32.18%", "2011-12-31": "34.40%", "2011-09-30": "33.81%", "2011-06-30": "34.38%", "2011-03-31": "34.79%", "2010-12-31": "33.17%", "2010-09-30": "33.49%", "2010-06-30": "33.05%", "2010-03-31": "33.01%", "2009-12-31": "33.53%", "2009-09-30": "34.43%", "2009-06-30": "35.38%", "2009-03-31": "36.28%", "2008-12-31": "37.15%", "2008-09-30": "38.81%", "2008-06-30": "39.40%", "2008-03-31": "39.87%", "2007-12-31": "40.27%", "2007-09-30": "40.54%", "2007-06-30": "40.42%", "2007-03-31": "39.61%", "2006-12-31": "38.11%", "2006-09-30": "37.98%", "2006-06-30": "37.86%", "2006-03-31": "37.49%", "2005-12-31": "37.60%"}, "pre tax profit margin": {"2020-12-31": "6.53%", "2020-09-30": "4.82%", "2020-06-30": "5.07%", "2020-03-31": "6.95%", "2019-12-31": "1.21%", "2019-09-30": "0.05%", "2019-06-30": "-25.30%", "2019-03-31": "-22.03%", "2018-12-31": "-21.63%", "2018-09-30": "-37.23%", "2018-06-30": "-10.88%", "2018-03-31": "-10.99%", "2017-12-31": "-11.43%", "2017-09-30": "2.35%", "2017-06-30": "3.54%", "2017-03-31": "5.69%", "2016-12-31": "5.89%", "2016-09-30": "6.46%", "2016-06-30": "6.50%", "2016-03-31": "5.72%", "2015-12-31": "6.97%", "2015-09-30": "6.76%", "2015-06-30": "7.58%", "2015-03-31": "7.80%", "2014-12-31": "8.76%", "2014-09-30": "6.83%", "2014-06-30": "6.99%", "2014-03-31": "7.40%", "2013-12-31": "8.04%", "2013-09-30": "11.57%", "2013-06-30": "11.80%", "2013-03-31": "12.00%", "2012-12-31": "11.85%", "2012-09-30": "11.43%", "2012-06-30": "11.32%", "2012-03-31": "11.63%", "2011-12-31": "13.76%", "2011-09-30": "12.88%", "2011-06-30": "12.75%", "2011-03-31": "12.40%", "2010-12-31": "9.49%", "2010-09-30": "8.61%", "2010-06-30": "7.40%", "2010-03-31": "6.60%", "2009-12-31": "6.39%", "2009-09-30": "6.43%", "2009-06-30": "7.96%", "2009-03-31": "9.59%", "2008-12-31": "10.89%", "2008-09-30": "13.92%", "2008-06-30": "14.61%", "2008-03-31": "15.22%", "2007-12-31": "15.96%", "2007-09-30": "15.80%", "2007-06-30": "16.19%", "2007-03-31": "15.89%", "2006-12-31": "15.36%", "2006-09-30": "15.68%", "2006-06-30": "15.91%", "2006-03-31": "15.69%", "2005-12-31": "15.51%"}, "net profit margin": {"2020-12-31": "6.57%", "2020-09-30": "3.96%", "2020-06-30": "-5.63%", "2020-03-31": "-3.03%", "2019-12-31": "-5.71%", "2019-09-30": "-6.31%", "2019-06-30": "-21.88%", "2019-03-31": "-19.76%", "2018-12-31": "-23.50%", "2018-09-30": "-36.97%", "2018-06-30": "-10.22%", "2018-03-31": "-9.97%", "2017-12-31": "-8.98%", "2017-09-30": "3.67%", "2017-06-30": "4.30%", "2017-03-31": "5.73%", "2016-12-31": "5.73%", "2016-09-30": "8.81%", "2016-06-30": "9.32%", "2016-03-31": "6.19%", "2015-12-31": "-5.23%", "2015-09-30": "-7.08%", "2015-06-30": "-5.84%", "2015-03-31": "-1.22%", "2014-12-31": "13.00%", "2014-09-30": "12.59%", "2014-06-30": "11.87%", "2014-03-31": "11.20%", "2013-12-31": "11.53%", "2013-09-30": "9.59%", "2013-06-30": "9.75%", "2013-03-31": "9.64%", "2012-12-31": "9.30%", "2012-09-30": "9.22%", "2012-06-30": "8.48%", "2012-03-31": "8.93%", "2011-12-31": "8.95%", "2011-09-30": "9.21%", "2011-06-30": "8.97%", "2011-03-31": "8.46%", "2010-12-31": "7.58%", "2010-09-30": "6.65%", "2010-06-30": "6.84%", "2010-03-31": "6.47%", "2009-12-31": "6.94%", "2009-09-30": "7.12%", "2009-06-30": "7.84%", "2009-03-31": "8.88%", "2008-12-31": "9.55%", "2008-09-30": "11.04%", "2008-06-30": "12.02%", "2008-03-31": "12.50%", "2007-12-31": "12.88%", "2007-09-30": "13.58%", "2007-06-30": "13.54%", "2007-03-31": "13.67%", "2006-12-31": "13.68%", "2006-09-30": "12.37%", "2006-06-30": "12.37%", "2006-03-31": "12.26%", "2005-12-31": "12.24%"}, "pe ratio": {"current": "285.00", "2021-02-05": "38.00", "2020-12-31": "36.00", "2020-09-30": "17.29", "2020-06-30": "0.00", "2020-03-31": "0.00", "2019-12-31": "0.00", "2019-09-30": "0.00", "2019-06-30": "0.00", "2019-03-31": "0.00", "2018-12-31": "0.00", "2018-09-30": "0.00", "2018-06-30": "0.00", "2018-03-31": "0.00", "2017-12-31": "0.00", "2017-09-30": "27.90", "2017-06-30": "30.47", "2017-03-31": "27.56", "2016-12-31": "31.57", "2016-09-30": "22.98", "2016-06-30": "23.62", "2016-03-31": "37.25", "2015-12-31": "0.00", "2015-09-30": "0.00", "2015-06-30": "0.00", "2015-03-31": "0.00", "2014-12-31": "14.10", "2014-09-30": "15.18", "2014-06-30": "15.89", "2014-03-31": "16.11", "2013-12-31": "16.78", "2013-09-30": "14.51", "2013-06-30": "13.77", "2013-03-31": "13.72", "2012-12-31": "12.83", "2012-09-30": "14.09", "2012-06-30": "14.06", "2012-03-31": "12.76", "2011-12-31": "11.01", "2011-09-30": "8.77", "2011-06-30": "11.11", "2011-03-31": "12.40", "2010-12-31": "12.84", "2010-09-30": "13.06", "2010-06-30": "10.91", "2010-03-31": "14.28", "2009-12-31": "10.74", "2009-09-30": "10.83", "2009-06-30": "6.49", "2009-03-31": "4.58", "2008-12-31": "6.42", "2008-09-30": "8.40", "2008-06-30": "8.23", "2008-03-31": "11.19", "2007-12-31": "11.05", "2007-09-30": "12.36", "2007-06-30": "11.67", "2007-03-31": "11.02", "2006-12-31": "11.68"}, "price sales": {"2021-02-05": "1.25", "2020-12-31": "1.19", "2020-09-30": "0.65", "2020-06-30": "0.68", "2020-03-31": "0.74", "2019-12-31": "1.02", "2019-09-30": "0.90", "2019-06-30": "1.06", "2019-03-31": "0.94", "2018-12-31": "0.65", "2018-09-30": "1.01", "2018-06-30": "1.12", "2018-03-31": "1.10", "2017-12-31": "1.43", "2017-09-30": "1.71", "2017-06-30": "1.93", "2017-03-31": "2.06", "2016-12-31": "2.18", "2016-09-30": "1.99", "2016-06-30": "2.17", "2016-03-31": "2.32", "2015-12-31": "2.32", "2015-09-30": "2.15", "2015-06-30": "2.16", "2015-03-31": "1.94", "2014-12-31": "1.84", "2014-09-30": "2.05", "2014-06-30": "2.03", "2014-03-31": "1.95", "2013-12-31": "2.08", "2013-09-30": "1.39", "2013-06-30": "1.34", "2013-03-31": "1.32", "2012-12-31": "1.19", "2012-09-30": "1.30", "2012-06-30": "1.19", "2012-03-31": "1.14", "2011-12-31": "0.99", "2011-09-30": "0.81", "2011-06-30": "1.00", "2011-03-31": "1.05", "2010-12-31": "0.96", "2010-09-30": "0.86", "2010-06-30": "0.74", "2010-03-31": "0.92", "2009-12-31": "0.75", "2009-09-30": "0.76", "2009-06-30": "0.50", "2009-03-31": "0.40", "2008-12-31": "0.61", "2008-09-30": "0.93", "2008-06-30": "0.99", "2008-03-31": "1.40", "2007-12-31": "1.43", "2007-09-30": "1.69", "2007-06-30": "1.60", "2007-03-31": "1.52", "2006-12-31": "1.60"}, "price book": {"current": "2.69", "2021-02-05": "2.87", "2020-09-30": "1.57", "2020-06-30": "1.69", "2020-03-31": "1.88", "2019-12-31": "3.25", "2019-09-30": "2.66", "2019-06-30": "1.62", "2019-03-31": "1.55", "2018-12-31": "1.22", "2018-09-30": "1.96", "2018-06-30": "1.56", "2018-03-31": "1.50", "2017-12-31": "1.92", "2017-09-30": "2.06", "2017-06-30": "2.82", "2017-03-31": "3.08", "2016-12-31": "3.21", "2016-09-30": "2.80", "2016-06-30": "2.88", "2016-03-31": "2.77", "2015-12-31": "2.54", "2015-09-30": "1.84", "2015-06-30": "1.95", "2015-03-31": "1.81", "2014-12-31": "1.57", "2014-09-30": "1.50", "2014-06-30": "1.56", "2014-03-31": "1.55", "2013-12-31": "1.68", "2013-09-30": "1.51", "2013-06-30": "1.47", "2013-03-31": "1.47", "2012-12-31": "1.34", "2012-09-30": "1.45", "2012-06-30": "1.38", "2012-03-31": "1.34", "2011-12-31": "1.22", "2011-09-30": "0.96", "2011-06-30": "1.15", "2011-03-31": "1.25", "2010-12-31": "1.15", "2010-09-30": "1.05", "2010-06-30": "0.93", "2010-03-31": "1.14", "2009-12-31": "0.92", "2009-09-30": "0.99", "2009-06-30": "0.73", "2009-03-31": "0.69", "2008-12-31": "1.02", "2008-09-30": "1.51", "2008-06-30": "1.48", "2008-03-31": "2.08", "2007-12-31": "2.07", "2007-09-30": "2.38", "2007-06-30": "2.14", "2007-03-31": "2.02", "2006-12-31": "2.15", "2006-09-30": "2.04", "2006-06-30": "1.94", "2006-03-31": "2.07"}, "price fcf": {"2021-02-05": "", "2020-09-30": "$0.57", "2020-06-30": "$0.64", "2020-03-31": "$0.73", "2019-12-31": "$0.76", "2019-09-30": "$0.99", "2019-06-30": "$0.43", "2019-03-31": "$0.36", "2018-12-31": "$0.28", "2018-09-30": "$-0.18", "2018-06-30": "$0.28", "2018-03-31": "$0.61", "2017-12-31": "$0.63", "2017-09-30": "$0.40", "2017-06-30": "$0.43", "2017-03-31": "$-0.20", "2016-12-31": "$-0.18", "2016-09-30": "$0.14", "2016-06-30": "$0.05", "2016-03-31": "$1.03", "2015-12-31": "$1.59", "2015-09-30": "$2.02", "2015-06-30": "$2.56", "2015-03-31": "$2.53", "2014-12-31": "$2.32", "2014-09-30": "$2.64", "2014-06-30": "$2.47", "2014-03-31": "$2.49", "2013-12-31": "$2.38", "2013-09-30": "$1.85", "2013-06-30": "$1.92", "2013-03-31": "$1.82", "2012-12-31": "$2.12", "2012-09-30": "$2.00", "2012-06-30": "$2.27", "2012-03-31": "$2.38", "2011-12-31": "$2.50", "2011-09-30": "$2.65", "2011-06-30": "$2.78", "2011-03-31": "$3.04", "2010-12-31": "$3.14", "2010-09-30": "$3.34", "2010-06-30": "$3.25", "2010-03-31": "$2.94", "2009-12-31": "$2.10", "2009-09-30": "$3.01", "2009-06-30": "$3.13", "2009-03-31": "$3.53", "2008-12-31": "$4.32", "2008-09-30": "$3.46", "2008-06-30": "$3.48", "2008-03-31": "$3.68", "2007-12-31": "$3.33", "2007-09-30": "$2.93", "2007-06-30": "$2.76", "2007-03-31": "$2.09", "2006-12-31": "$2.16"}, "net worth": {"value": "$99.86B"}, "current ratio": {"2020-12-31": "1.58", "2020-09-30": "2.31", "2020-06-30": "2.21", "2020-03-31": "1.91", "2019-12-31": "1.70", "2019-09-30": "1.84", "2019-06-30": "1.73", "2019-03-31": "1.77", "2018-12-31": "1.79", "2018-09-30": "1.66", "2018-06-30": "1.82", "2018-03-31": "1.76", "2017-12-31": "1.80", "2017-09-30": "1.86", "2017-06-30": "1.85", "2017-03-31": "1.88", "2016-12-31": "1.93", "2016-09-30": "2.01", "2016-06-30": "1.91", "2016-03-31": "1.69", "2015-12-31": "1.63", "2015-09-30": "3.31", "2015-06-30": "2.59", "2015-03-31": "3.05", "2014-12-31": "1.49", "2014-09-30": "3.63", "2014-06-30": "3.50", "2014-03-31": "3.43", "2013-12-31": "3.43", "2013-09-30": "3.36", "2013-06-30": "3.48", "2013-03-31": "3.37", "2012-12-31": "2.94", "2012-09-30": "2.70", "2012-06-30": "2.53", "2012-03-31": "2.44", "2011-12-31": "2.49", "2011-09-30": "2.67", "2011-06-30": "2.82", "2011-03-31": "3.06", "2010-12-31": "2.96", "2010-09-30": "3.12", "2010-06-30": "2.99", "2010-03-31": "3.03", "2009-12-31": "2.75", "2009-09-30": "2.38", "2009-06-30": "2.21", "2009-03-31": "2.12", "2008-12-31": "2.30", "2008-09-30": "1.93", "2008-06-30": "2.06", "2008-03-31": "2.06", "2007-12-31": "1.99", "2007-09-30": "2.06", "2007-06-30": "1.96", "2007-03-31": "2.00", "2006-12-31": "1.97", "2006-09-30": "1.94", "2006-06-30": "1.97", "2006-03-31": "1.91", "2005-12-31": "1.85", "2005-09-30": "2.24", "2005-06-30": "2.51", "2005-03-31": "2.41"}, "quick ratio": {"2020-12-31": "1.29", "2020-09-30": "2.04", "2020-06-30": "1.95", "2020-03-31": "1.69", "2019-12-31": "1.51", "2019-09-30": "1.60", "2019-06-30": "1.45", "2019-03-31": "1.50", "2018-12-31": "1.56", "2018-09-30": "1.36", "2018-06-30": "1.51", "2018-03-31": "1.48", "2017-12-31": "1.56", "2017-09-30": "1.53", "2017-06-30": "1.56", "2017-03-31": "1.58", "2016-12-31": "1.65", "2016-09-30": "1.72", "2016-06-30": "1.62", "2016-03-31": "1.46", "2015-12-31": "1.41", "2015-09-30": "3.08", "2015-06-30": "2.42", "2015-03-31": "2.89", "2014-12-31": "1.33", "2014-09-30": "3.46", "2014-06-30": "3.33", "2014-03-31": "3.28", "2013-12-31": "3.29", "2013-09-30": "3.21", "2013-06-30": "3.35", "2013-03-31": "3.24", "2012-12-31": "2.84", "2012-09-30": "2.60", "2012-06-30": "2.44", "2012-03-31": "2.35", "2011-12-31": "2.42", "2011-09-30": "2.58", "2011-06-30": "2.73", "2011-03-31": "2.97", "2010-12-31": "2.89", "2010-09-30": "3.04", "2010-06-30": "2.92", "2010-03-31": "2.96", "2009-12-31": "2.68", "2009-09-30": "2.32", "2009-06-30": "2.15", "2009-03-31": "2.06", "2008-12-31": "2.24", "2008-09-30": "1.87", "2008-06-30": "2.00", "2008-03-31": "2.01", "2007-12-31": "1.94", "2007-09-30": "2.00", "2007-06-30": "1.91", "2007-03-31": "1.94", "2006-12-31": "1.93", "2006-09-30": "1.89", "2006-06-30": "1.92", "2006-03-31": "1.86", "2005-12-31": "1.79", "2005-09-30": "2.18", "2005-06-30": "2.46", "2005-03-31": "2.36"}, "debt equity ratio": {"current": "1.90", "2020-12-31": "5.84", "2020-09-30": "6.31", "2020-06-30": "6.28", "2020-03-31": "6.11", "2019-12-31": "7.91", "2019-09-30": "8.02", "2019-06-30": "4.56", "2019-03-31": "4.66", "2018-12-31": "5.04", "2018-09-30": "5.52", "2018-06-30": "3.78", "2018-03-31": "3.89", "2017-12-31": "4.02", "2017-09-30": "3.02", "2017-06-30": "3.69", "2017-03-31": "3.62", "2016-12-31": "3.71", "2016-09-30": "3.64", "2016-06-30": "3.63", "2016-03-31": "3.98", "2015-12-31": "3.92", "2015-09-30": "3.85", "2015-06-30": "4.17", "2015-03-31": "4.27", "2014-12-31": "3.79", "2014-09-30": "3.53", "2014-06-30": "3.65", "2014-03-31": "3.73", "2013-12-31": "3.80", "2013-09-30": "4.13", "2013-06-30": "4.13", "2013-03-31": "4.20", "2012-12-31": "4.33", "2012-09-30": "4.46", "2012-06-30": "4.60", "2012-03-31": "4.82", "2011-12-31": "5.08", "2011-09-30": "4.82", "2011-06-30": "4.67", "2011-03-31": "4.79", "2010-12-31": "5.02", "2010-09-30": "5.29", "2010-06-30": "5.21", "2010-03-31": "5.32", "2009-12-31": "5.25", "2009-09-30": "5.26", "2009-06-30": "5.46", "2009-03-31": "5.95", "2008-12-31": "6.02", "2008-09-30": "6.39", "2008-06-30": "6.15", "2008-03-31": "6.19", "2007-12-31": "5.89", "2007-09-30": "5.75", "2007-06-30": "5.31", "2007-03-31": "5.26", "2006-12-31": "5.25", "2006-09-30": "5.12", "2006-06-30": "5.09", "2006-03-31": "5.28", "2005-12-31": "5.16", "2005-09-30": "4.87", "2005-06-30": "5.59", "2005-03-31": "5.66"}, "return on equity": {"2020-12-31": "14.53%", "2020-09-30": "9.72%", "2020-06-30": "-15.10%", "2020-03-31": "-7.45%", "2019-12-31": "-12.74%", "2019-09-30": "-11.23%", "2019-06-30": "-35.52%", "2019-03-31": "-31.88%", "2018-12-31": "-37.34%", "2018-09-30": "-51.64%", "2018-06-30": "-13.12%", "2018-03-31": "-12.62%", "2017-12-31": "-11.17%", "2017-09-30": "5.24%", "2017-06-30": "6.27%", "2017-03-31": "8.38%", "2016-12-31": "8.04%", "2016-09-30": "12.09%", "2016-06-30": "11.50%", "2016-03-31": "6.84%", "2015-12-31": "-5.39%", "2015-09-30": "-5.91%", "2015-06-30": "-4.84%", "2015-03-31": "-1.00%", "2014-12-31": "10.91%", "2014-09-30": "9.52%", "2014-06-30": "9.52%", "2014-03-31": "9.41%", "2013-12-31": "9.97%", "2013-09-30": "10.76%", "2013-06-30": "11.01%", "2013-03-31": "11.10%", "2012-12-31": "10.87%", "2012-09-30": "10.87%", "2012-06-30": "9.96%", "2012-03-31": "10.30%", "2011-12-31": "10.47%", "2011-09-30": "10.92%", "2011-06-30": "10.77%", "2011-03-31": "10.45%", "2010-12-31": "9.29%", "2010-09-30": "8.03%", "2010-06-30": "8.30%", "2010-03-31": "7.96%", "2009-12-31": "8.92%", "2009-09-30": "9.74%", "2009-06-30": "11.69%", "2009-03-31": "13.91%", "2008-12-31": "15.06%", "2008-09-30": "17.64%", "2008-06-30": "18.70%", "2008-03-31": "19.02%", "2007-12-31": "19.33%", "2007-09-30": "19.32%", "2007-06-30": "18.77%", "2007-03-31": "18.73%", "2006-12-31": "18.89%", "2006-09-30": "16.19%", "2006-06-30": "15.95%", "2006-03-31": "15.55%", "2005-12-31": "14.94%"}, "return on assets": {"2020-12-31": "2.04%", "2020-09-30": "1.28%", "2020-06-30": "-1.89%", "2020-03-31": "-1.03%", "2019-12-31": "-1.88%", "2019-09-30": "-1.80%", "2019-06-30": "-6.00%", "2019-03-31": "-5.64%", "2018-12-31": "-6.89%", "2018-09-30": "-9.95%", "2018-06-30": "-2.83%", "2018-03-31": "-2.73%", "2017-12-31": "-2.45%", "2017-09-30": "1.17%", "2017-06-30": "1.34%", "2017-03-31": "1.80%", "2016-12-31": "1.69%", "2016-09-30": "2.52%", "2016-06-30": "2.37%", "2016-03-31": "1.37%", "2015-12-31": "-1.07%", "2015-09-30": "-1.18%", "2015-06-30": "-0.99%", "2015-03-31": "-0.21%", "2014-12-31": "2.34%", "2014-09-30": "2.04%", "2014-06-30": "1.97%", "2014-03-31": "1.90%", "2013-12-31": "1.97%", "2013-09-30": "2.07%", "2013-06-30": "2.09%", "2013-03-31": "2.06%", "2012-12-31": "1.96%", "2012-09-30": "1.90%", "2012-06-30": "1.71%", "2012-03-31": "1.76%", "2011-12-31": "1.80%", "2011-09-30": "1.88%", "2011-06-30": "1.81%", "2011-03-31": "1.72%", "2010-12-31": "1.50%", "2010-09-30": "1.28%", "2010-06-30": "1.33%", "2010-03-31": "1.26%", "2009-12-31": "1.38%", "2009-09-30": "1.46%", "2009-06-30": "1.68%", "2009-03-31": "1.95%", "2008-12-31": "2.10%", "2008-09-30": "2.47%", "2008-06-30": "2.67%", "2008-03-31": "2.80%", "2007-12-31": "2.95%", "2007-09-30": "3.02%", "2007-06-30": "3.01%", "2007-03-31": "3.03%", "2006-12-31": "3.05%", "2006-09-30": "2.63%", "2006-06-30": "2.62%", "2006-03-31": "2.50%", "2005-12-31": "2.36%"}, "return on investments": {"2020-12-31": "1.79%", "2020-09-30": "3.30%", "2020-06-30": "4.37%", "2020-03-31": "7.51%", "2019-12-31": "7.56%", "2019-09-30": "6.01%", "2019-06-30": "-10.06%", "2019-03-31": "-8.72%", "2018-12-31": "-8.19%", "2018-09-30": "-9.18%", "2018-06-30": "3.34%", "2018-03-31": "3.41%", "2017-12-31": "3.15%", "2017-09-30": "3.91%", "2017-06-30": "5.37%", "2017-03-31": "6.59%", "2016-12-31": "6.41%", "2016-09-30": "7.32%", "2016-06-30": "6.52%", "2016-03-31": "5.22%", "2015-12-31": "4.93%", "2015-09-30": "2.23%", "2015-06-30": "2.88%", "2015-03-31": "3.36%", "2014-12-31": "4.45%", "2014-09-30": "2.60%", "2014-06-30": "3.02%", "2014-03-31": "3.58%", "2013-12-31": "4.07%", "2013-09-30": "9.51%", "2013-06-30": "9.84%", "2013-03-31": "10.10%", "2012-12-31": "10.16%", "2012-09-30": "10.00%", "2012-06-30": "9.87%", "2012-03-31": "9.79%", "2011-12-31": "10.50%", "2011-09-30": "10.17%", "2011-06-30": "10.11%", "2011-03-31": "10.29%", "2010-12-31": "9.34%", "2010-09-30": "8.98%", "2010-06-30": "8.72%", "2010-03-31": "8.65%", "2009-12-31": "8.94%", "2009-09-30": "9.72%", "2009-06-30": "10.99%", "2009-03-31": "11.87%", "2008-12-31": "12.36%", "2008-09-30": "13.40%", "2008-06-30": "13.43%", "2008-03-31": "13.82%", "2007-12-31": "14.37%", "2007-09-30": "14.12%", "2007-06-30": "14.35%", "2007-03-31": "14.16%", "2006-12-31": "14.06%", "2006-09-30": "13.84%", "2006-06-30": "13.83%", "2006-03-31": "13.66%", "2005-12-31": "13.29%"}, "return on tangible equity": {"2020-09-30": "-168.25%", "2020-06-30": "125.40%", "2020-03-31": "39.44%", "2019-12-31": "50.36%", "2019-09-30": "71.20%", "2019-06-30": "140.29%", "2019-03-31": "101.67%", "2018-12-31": "102.00%", "2018-09-30": "109.58%", "2018-06-30": "37.75%", "2018-03-31": "43.61%", "2017-12-31": "51.46%", "2017-09-30": "-35.34%", "2017-06-30": "-53.43%", "2017-03-31": "-133.61%", "2016-12-31": "-161058.82%", "2016-09-30": "167.63%", "2016-06-30": "61.98%", "2016-03-31": "25.94%", "2015-12-31": "-17.79%", "2015-09-30": "-15.18%", "2015-06-30": "-12.59%", "2015-03-31": "-2.65%", "2014-12-31": "28.73%", "2014-09-30": "28.50%", "2014-06-30": "30.10%", "2014-03-31": "29.51%", "2013-12-31": "30.68%", "2013-09-30": "32.85%", "2013-06-30": "32.34%", "2013-03-31": "33.11%", "2012-12-31": "33.48%", "2012-09-30": "34.92%", "2012-06-30": "32.36%", "2012-03-31": "32.14%", "2011-12-31": "31.03%", "2011-09-30": "29.86%", "2011-06-30": "28.29%", "2011-03-31": "27.11%", "2010-12-31": "23.97%", "2010-09-30": "20.93%", "2010-06-30": "24.52%", "2010-03-31": "27.70%", "2009-12-31": "39.10%", "2009-09-30": "58.43%", "2009-06-30": "80.73%", "2009-03-31": "100.79%", "2008-12-31": "105.87%", "2008-09-30": "121.84%", "2008-06-30": "120.57%", "2008-03-31": "112.19%", "2007-12-31": "103.16%", "2007-09-30": "92.63%", "2007-06-30": "83.22%", "2007-03-31": "82.56%", "2006-12-31": "82.27%", "2006-09-30": "69.77%", "2006-06-30": "66.56%", "2006-03-31": "63.19%", "2005-12-31": "60.55%"}, "dividend yield history": {"last payout": "$0.04", "last yield": "0.35%"}}