{"ticker": "G", "price": {"title": "Genpact Historical Annual Stock Price Data", "value": 41.05, "historical": {"2020": {"Average Stock Price": "37.9716", "Year Open": "42.6600", "Year High": "44.9400", "Year Low": "22.6500", "Year Close": "41.3600", "Annual % Change": "-1.92%"}, "2019": {"Average Stock Price": "36.9482", "Year Open": "26.7900", "Year High": "42.5700", "Year Low": "26.4300", "Year Close": "42.1700", "Annual % Change": "56.24%"}, "2018": {"Average Stock Price": "30.5471", "Year Open": "32.3900", "Year High": "34.7600", "Year Low": "25.8800", "Year Close": "26.9900", "Annual % Change": "-14.97%"}, "2017": {"Average Stock Price": "27.4508", "Year Open": "24.4300", "Year High": "32.6600", "Year Low": "23.3700", "Year Close": "31.7400", "Annual % Change": "30.40%"}, "2016": {"Average Stock Price": "25.3644", "Year Open": "24.2000", "Year High": "28.3900", "Year Low": "22.7000", "Year Close": "24.3400", "Annual % Change": "-2.56%"}, "2015": {"Average Stock Price": "22.7996", "Year Open": "18.9000", "Year High": "25.8500", "Year Low": "18.8700", "Year Close": "24.9800", "Annual % Change": "31.96%"}, "2014": {"Average Stock Price": "17.2775", "Year Open": "18.2300", "Year High": "19.3000", "Year Low": "14.2800", "Year Close": "18.9300", "Annual % Change": "3.05%"}, "2013": {"Average Stock Price": "18.7022", "Year Open": "15.5000", "Year High": "21.1900", "Year Low": "15.4600", "Year Close": "18.3700", "Annual % Change": "18.52%"}, "2012": {"Average Stock Price": "16.3163", "Year Open": "14.6800", "Year High": "18.6600", "Year Low": "14.4500", "Year Close": "15.5000", "Annual % Change": "3.68%"}, "2011": {"Average Stock Price": "15.5230", "Year Open": "15.4700", "Year High": "17.8300", "Year Low": "13.0900", "Year Close": "14.9500", "Annual % Change": "-1.64%"}, "2010": {"Average Stock Price": "15.7511", "Year Open": "14.9100", "Year High": "18.5000", "Year Low": "13.5000", "Year Close": "15.2000", "Annual % Change": "2.01%"}, "2009": {"Average Stock Price": "11.0440", "Year Open": "8.2100", "Year High": "15.2100", "Year Low": "7.2500", "Year Close": "14.9000", "Annual % Change": "81.27%"}, "2008": {"Average Stock Price": "12.0870", "Year Open": "15.3200", "Year High": "16.0400", "Year Low": "6.3400", "Year Close": "8.2200", "Annual % Change": "-46.03%"}, "2007": {"Average Stock Price": "15.3155", "Year Open": "16.7500", "Year High": "17.6800", "Year Low": "13.3700", "Year Close": "15.2300", "Annual % Change": "0.00%"}}}, "market cap": {"value": "$7.77B"}, "income statement": {"Revenue": {"2019-12-31": "3520.54300", "2018-12-31": "3000.79000", "2017-12-31": "2736.92900", "2016-12-31": "2570.75600", "2015-12-31": "2461.04400", "2014-12-31": "2279.43800", "2013-12-31": "2131.99700", "2012-12-31": "1901.97100", "2011-12-31": "1600.43600", "2010-12-31": "1258.96300", "2009-12-31": "1120.07100", "2008-12-31": "1040.84700", "2007-12-31": "823.17100", "2006-12-31": "613.04700", "2005-12-31": "491.89400"}, "Cost Of Goods Sold": {"2019-12-31": "2294.68800", "2018-12-31": "1921.76800", "2017-12-31": "1681.43800", "2016-12-31": "1554.34000", "2015-12-31": "1493.54700", "2014-12-31": "1378.08800", "2013-12-31": "1319.57100", "2012-12-31": "1157.76600", "2011-12-31": "1004.89900", "2010-12-31": "788.52200", "2009-12-31": "672.62400", "2008-12-31": "619.23100", "2007-12-31": "482.93800", "2006-12-31": "369.23100", "2005-12-31": "303.96300"}, "Gross Profit": {"2019-12-31": "1225.85500", "2018-12-31": "1079.02200", "2017-12-31": "1055.49100", "2016-12-31": "1016.41600", "2015-12-31": "967.49690", "2014-12-31": "901.35000", "2013-12-31": "812.42600", "2012-12-31": "744.20500", "2011-12-31": "595.53700", "2010-12-31": "470.44100", "2009-12-31": "447.44700", "2008-12-31": "421.61600", "2007-12-31": "340.23300", "2006-12-31": "243.81600", "2005-12-31": "187.93100"}, "Research And Development Expenses": {"2019-12-31": "", "2018-12-31": "", "2017-12-31": "", "2016-12-31": "", "2015-12-31": "", "2014-12-31": "", "2013-12-31": "", "2012-12-31": "", "2011-12-31": "", "2010-12-31": "", "2009-12-31": "", "2008-12-31": "", "2007-12-31": "", "2006-12-31": "", "2005-12-31": ""}, "SG&A Expenses": {"2019-12-31": "794.90100", "2018-12-31": "693.86500", "2017-12-31": "689.46100", "2016-12-31": "652.96700", "2015-12-31": "608.11400", "2014-12-31": "585.64600", "2013-12-31": "484.81000", "2012-12-31": "456.61100", "2011-12-31": "357.95900", "2010-12-31": "282.10200", "2009-12-31": "265.39200", "2008-12-31": "254.53300", "2007-12-31": "218.23700", "2006-12-31": "161.96600", "2005-12-31": "117.46900"}, "Other Operating Income Or Expenses": {"2019-12-31": "31.03400", "2018-12-31": "1.84500", "2017-12-31": "1.66100", "2016-12-31": "4.94000", "2015-12-31": "3.32200", "2014-12-31": "6.87000", "2013-12-31": "5.55600", "2012-12-31": "-0.01600", "2011-12-31": "-1.36000", "2010-12-31": "5.48400", "2009-12-31": "6.09400", "2008-12-31": "3.14300", "2007-12-31": "4.26400", "2006-12-31": "4.93000", "2005-12-31": "6.18500"}, "Operating Expenses": {"2019-12-31": "3091.16700", "2018-12-31": "2652.63800", "2017-12-31": "2405.65000", "2016-12-31": "2229.55000", "2015-12-31": "2126.85200", "2014-12-31": "1985.40700", "2013-12-31": "1822.47000", "2012-12-31": "1637.62600", "2011-12-31": "1384.19200", "2010-12-31": "1081.09900", "2009-12-31": "957.89100", "2008-12-31": "907.13400", "2007-12-31": "733.84900", "2006-12-31": "567.98200", "2005-12-31": "462.25700"}, "Operating Income": {"2019-12-31": "429.37570", "2018-12-31": "348.15210", "2017-12-31": "331.27880", "2016-12-31": "341.20610", "2015-12-31": "334.19190", "2014-12-31": "294.03100", "2013-12-31": "309.52700", "2012-12-31": "264.34500", "2011-12-31": "216.24400", "2010-12-31": "177.86400", "2009-12-31": "162.18010", "2008-12-31": "133.71300", "2007-12-31": "89.32200", "2006-12-31": "45.06500", "2005-12-31": "29.63700"}, "Total Non-Operating Income/Expense": {"2019-12-31": "-29.95900", "2018-12-31": "13.86900", "2017-12-31": "-10.69600", "2016-12-31": "-11.56100", "2015-12-31": "-32.43800", "2014-12-31": "-44.44100", "2013-12-31": "-3.37600", "2012-12-31": "-1.33600", "2011-12-31": "45.48800", "2010-12-31": "5.37000", "2009-12-31": "-1.75600", "2008-12-31": "9.71100", "2007-12-31": "-7.71400", "2006-12-31": "-11.14300", "2005-12-31": "-18.93000"}, "Pre-Tax Income": {"2019-12-31": "399.41700", "2018-12-31": "362.02100", "2017-12-31": "320.58300", "2016-12-31": "329.64500", "2015-12-31": "301.75400", "2014-12-31": "249.59000", "2013-12-31": "306.15100", "2012-12-31": "263.00900", "2011-12-31": "261.73200", "2010-12-31": "183.23400", "2009-12-31": "160.42400", "2008-12-31": "143.42400", "2007-12-31": "81.60800", "2006-12-31": "33.92200", "2005-12-31": "10.70700"}, "Income Taxes": {"2019-12-31": "94.53600", "2018-12-31": "80.76300", "2017-12-31": "59.74200", "2016-12-31": "62.09800", "2015-12-31": "61.93700", "2014-12-31": "57.41900", "2013-12-31": "71.10000", "2012-12-31": "78.41900", "2011-12-31": "70.65600", "2010-12-31": "34.20300", "2009-12-31": "25.46600", "2008-12-31": "8.82300", "2007-12-31": "16.54300", "2006-12-31": "-5.85000", "2005-12-31": "-6.39700"}, "Income After Taxes": {"2019-12-31": "304.88100", "2018-12-31": "281.25800", "2017-12-31": "260.84100", "2016-12-31": "267.54700", "2015-12-31": "239.81700", "2014-12-31": "192.17100", "2013-12-31": "235.05100", "2012-12-31": "184.59000", "2011-12-31": "191.07600", "2010-12-31": "149.03100", "2009-12-31": "134.95800", "2008-12-31": "134.60100", "2007-12-31": "65.06500", "2006-12-31": "39.77200", "2005-12-31": "17.10400"}, "Other Income": {"2019-12-31": "", "2018-12-31": "", "2017-12-31": "", "2016-12-31": "", "2015-12-31": "", "2014-12-31": "", "2013-12-31": "", "2012-12-31": "", "2011-12-31": "", "2010-12-31": "", "2009-12-31": "", "2008-12-31": "", "2007-12-31": "", "2006-12-31": "", "2005-12-31": ""}, "Income From Continuous Operations": {"2019-12-31": "304.88100", "2018-12-31": "281.25800", "2017-12-31": "260.84100", "2016-12-31": "267.54700", "2015-12-31": "239.81700", "2014-12-31": "192.17100", "2013-12-31": "235.05100", "2012-12-31": "184.59000", "2011-12-31": "191.07600", "2010-12-31": "149.03100", "2009-12-31": "134.95800", "2008-12-31": "134.60100", "2007-12-31": "64.81000", "2006-12-31": "39.77200", "2005-12-31": "17.10400"}, "Income From Discontinued Operations": {"2019-12-31": "", "2018-12-31": "", "2017-12-31": "", "2016-12-31": "", "2015-12-31": "", "2014-12-31": "", "2013-12-31": "", "2012-12-31": "", "2011-12-31": "", "2010-12-31": "", "2009-12-31": "", "2008-12-31": "", "2007-12-31": "", "2006-12-31": "", "2005-12-31": ""}, "Net Income": {"2019-12-31": "304.88100", "2018-12-31": "282.01900", "2017-12-31": "263.11100", "2016-12-31": "269.68400", "2015-12-31": "239.81700", "2014-12-31": "192.00200", "2013-12-31": "229.71700", "2012-12-31": "178.21600", "2011-12-31": "184.29400", "2010-12-31": "142.18100", "2009-12-31": "127.30100", "2008-12-31": "125.14100", "2007-12-31": "17.28500", "2006-12-31": "-10.56800", "2005-12-31": "-1.57600"}, "EBITDA": {"2019-12-31": "559.86770", "2018-12-31": "455.84510", "2017-12-31": "428.07780", "2016-12-31": "424.47310", "2015-12-31": "430.53690", "2014-12-31": "376.87800", "2013-12-31": "392.02200", "2012-12-31": "351.81800", "2011-12-31": "296.68500", "2010-12-31": "252.40500", "2009-12-31": "242.32810", "2008-12-31": "226.42400", "2007-12-31": "175.64800", "2006-12-31": "126.34500", "2005-12-31": "110.57100"}, "EBIT": {"2019-12-31": "429.37570", "2018-12-31": "348.15210", "2017-12-31": "331.27880", "2016-12-31": "341.20610", "2015-12-31": "334.19190", "2014-12-31": "294.03100", "2013-12-31": "309.52700", "2012-12-31": "264.34500", "2011-12-31": "216.24400", "2010-12-31": "177.86400", "2009-12-31": "162.18010", "2008-12-31": "133.71300", "2007-12-31": "89.32200", "2006-12-31": "45.06500", "2005-12-31": "29.63700"}, "Basic Shares Outstanding": {"2019-12-31": "190.07400", "2018-12-31": "190.67500", "2017-12-31": "193.86500", "2016-12-31": "206.86100", "2015-12-31": "216.60600", "2014-12-31": "220.84700", "2013-12-31": "229.34800", "2012-12-31": "223.69700", "2011-12-31": "221.56800", "2010-12-31": "219.31000", "2009-12-31": "221.56800", "2008-12-31": "213.48100", "2007-12-31": "135.51800", "2006-12-31": "70.98700", "2005-12-31": "71.27500"}, "Shares Outstanding": {"2019-12-31": "195.16100", "2018-12-31": "193.98000", "2017-12-31": "197.04900", "2016-12-31": "210.12600", "2015-12-31": "219.14500", "2014-12-31": "225.16900", "2013-12-31": "235.75400", "2012-12-31": "229.53300", "2011-12-31": "226.35400", "2010-12-31": "224.83900", "2009-12-31": "226.35400", "2008-12-31": "218.44400", "2007-12-31": "142.74000", "2006-12-31": "70.98700", "2005-12-31": "71.27500"}, "Basic EPS": {"2019-12-31": "1.60000", "2018-12-31": "1.48000", "2017-12-31": "1.36000", "2016-12-31": "1.30000", "2015-12-31": "1.11000", "2014-12-31": "0.87000", "2013-12-31": "1.00000", "2012-12-31": "0.80000", "2011-12-31": "0.83000", "2010-12-31": "0.65000", "2009-12-31": "0.59000", "2008-12-31": "0.59000", "2007-12-31": "0.13000", "2006-12-31": "-0.15000", "2005-12-31": "-0.02000"}, "EPS - Earnings Per Share": {"2019-12-31": "1.56000", "2018-12-31": "1.45000", "2017-12-31": "1.34000", "2016-12-31": "1.28000", "2015-12-31": "1.09000", "2014-12-31": "0.85000", "2013-12-31": "0.97000", "2012-12-31": "0.78000", "2011-12-31": "0.81000", "2010-12-31": "0.63000", "2009-12-31": "0.58000", "2008-12-31": "0.57000", "2007-12-31": "0.12000", "2006-12-31": "-0.15000", "2005-12-31": "-0.02000"}}, "income statement, quarterly": {"Revenue": {"2020-09-30": "935.52300", "2020-06-30": "900.09400", "2020-03-31": "923.19200", "2019-12-31": "940.73880", "2019-09-30": "888.79900", "2019-06-30": "881.79900", "2019-03-31": "809.20600", "2018-12-31": "835.33900", "2018-09-30": "747.97800", "2018-06-30": "728.56100", "2018-03-31": "688.91200", "2017-12-31": "734.41300", "2017-09-30": "708.82400", "2017-06-30": "670.69700", "2017-03-31": "622.99500", "2016-12-31": "681.74720", "2016-09-30": "648.78300", "2016-06-30": "630.52300", "2016-03-31": "609.70300", "2015-12-31": "646.52790", "2015-09-30": "617.83100", "2015-06-30": "609.53200", "2015-03-31": "587.15300", "2014-12-31": "601.53000", "2014-09-30": "588.10700", "2014-06-30": "561.61100", "2014-03-31": "528.19000", "2013-12-31": "558.45910", "2013-09-30": "534.88600", "2013-06-30": "534.80400", "2013-03-31": "503.84800", "2012-12-31": "507.70400", "2012-09-30": "491.15700", "2012-06-30": "467.63100", "2012-03-31": "435.47900", "2011-12-31": "442.69510", "2011-09-30": "429.56500", "2011-06-30": "397.62300", "2011-03-31": "330.55300", "2010-12-31": "341.54600", "2010-09-30": "321.57100", "2010-06-30": "307.62700", "2010-03-31": "288.21900", "2009-12-31": "296.94800", "2009-09-30": "284.44000", "2009-06-30": "272.85000", "2009-03-31": "265.83300", "2008-12-31": "281.84600", "2008-09-30": "270.79900", "2008-06-30": "253.57600", "2008-03-31": "234.62600", "2007-12-31": "231.73400", "2007-09-30": "214.76900", "2007-06-30": "200.68600", "2007-03-31": "175.98200", "2006-09-30": "162.38600", "2006-06-30": "140.95600"}, "Cost Of Goods Sold": {"2020-09-30": "605.82900", "2020-06-30": "593.89200", "2020-03-31": "604.77100", "2019-12-31": "630.64800", "2019-09-30": "573.65900", "2019-06-30": "571.24400", "2019-03-31": "519.13700", "2018-12-31": "533.13390", "2018-09-30": "481.41200", "2018-06-30": "462.89800", "2018-03-31": "444.32400", "2017-12-31": "454.80290", "2017-09-30": "428.79000", "2017-06-30": "414.50800", "2017-03-31": "383.33700", "2016-12-31": "405.30500", "2016-09-30": "392.43200", "2016-06-30": "383.75500", "2016-03-31": "372.84800", "2015-12-31": "393.93710", "2015-09-30": "375.83000", "2015-06-30": "366.30400", "2015-03-31": "357.47600", "2014-12-31": "359.19900", "2014-09-30": "354.47500", "2014-06-30": "340.12500", "2014-03-31": "324.28900", "2013-12-31": "345.84200", "2013-09-30": "329.28900", "2013-06-30": "332.71400", "2013-03-31": "311.72600", "2012-12-31": "309.82600", "2012-09-30": "297.25300", "2012-06-30": "285.22200", "2012-03-31": "265.46500", "2011-12-31": "268.07000", "2011-09-30": "268.31200", "2011-06-30": "254.03000", "2011-03-31": "214.48700", "2010-12-31": "215.90300", "2010-09-30": "204.83300", "2010-06-30": "191.10100", "2010-03-31": "176.68500", "2009-12-31": "176.10710", "2009-09-30": "166.99500", "2009-06-30": "165.80300", "2009-03-31": "163.71900", "2008-12-31": "170.29300", "2008-09-30": "155.76500", "2008-06-30": "147.09200", "2008-03-31": "146.08100", "2007-12-31": "129.64700", "2007-09-30": "122.66300", "2007-06-30": "120.74300", "2007-03-31": "109.88500", "2006-09-30": "93.51100", "2006-06-30": "85.75300"}, "Gross Profit": {"2020-09-30": "329.69400", "2020-06-30": "306.20200", "2020-03-31": "318.42100", "2019-12-31": "310.09080", "2019-09-30": "315.14000", "2019-06-30": "310.55500", "2019-03-31": "290.06900", "2018-12-31": "302.20510", "2018-09-30": "266.56600", "2018-06-30": "265.66300", "2018-03-31": "244.58800", "2017-12-31": "279.61000", "2017-09-30": "280.03400", "2017-06-30": "256.18900", "2017-03-31": "239.65800", "2016-12-31": "276.44220", "2016-09-30": "256.35100", "2016-06-30": "246.76800", "2016-03-31": "236.85500", "2015-12-31": "252.59080", "2015-09-30": "242.00100", "2015-06-30": "243.22800", "2015-03-31": "229.67700", "2014-12-31": "242.33090", "2014-09-30": "233.63200", "2014-06-30": "221.48600", "2014-03-31": "203.90100", "2013-12-31": "212.61710", "2013-09-30": "205.59700", "2013-06-30": "202.09000", "2013-03-31": "192.12200", "2012-12-31": "197.87800", "2012-09-30": "193.90400", "2012-06-30": "182.40900", "2012-03-31": "170.01400", "2011-12-31": "174.62510", "2011-09-30": "161.25300", "2011-06-30": "143.59300", "2011-03-31": "116.06600", "2010-12-31": "125.64300", "2010-09-30": "116.73800", "2010-06-30": "116.52600", "2010-03-31": "111.53400", "2009-12-31": "120.84090", "2009-09-30": "117.44500", "2009-06-30": "107.04700", "2009-03-31": "102.11400", "2008-12-31": "111.55300", "2008-09-30": "115.03400", "2008-06-30": "106.48400", "2008-03-31": "88.54500", "2007-12-31": "102.08710", "2007-09-30": "92.10600", "2007-06-30": "79.94300", "2007-03-31": "66.09700", "2006-09-30": "68.87500", "2006-06-30": "55.20300"}, "Research And Development Expenses": {"2020-09-30": "", "2020-06-30": "", "2020-03-31": "", "2019-12-31": "", "2019-09-30": "", "2019-06-30": "", "2019-03-31": "", "2018-12-31": "", "2018-09-30": "", "2018-06-30": "", "2018-03-31": "", "2017-12-31": "", "2017-09-30": "", "2017-06-30": "", "2017-03-31": "", "2016-12-31": "", "2016-09-30": "", "2016-06-30": "", "2016-03-31": "", "2015-12-31": "", "2015-09-30": "", "2015-06-30": "", "2015-03-31": "", "2014-12-31": "", "2014-09-30": "", "2014-06-30": "", "2014-03-31": "", "2013-12-31": "", "2013-09-30": "", "2013-06-30": "", "2013-03-31": "", "2012-12-31": "", "2012-09-30": "", "2012-06-30": "", "2012-03-31": "", "2011-12-31": "", "2011-09-30": "", "2011-06-30": "", "2011-03-31": "", "2010-12-31": "", "2010-09-30": "", "2010-06-30": "", "2010-03-31": "", "2009-12-31": "", "2009-09-30": "", "2009-06-30": "", "2009-03-31": "", "2008-12-31": "", "2008-09-30": "", "2008-06-30": "", "2008-03-31": "", "2007-12-31": "", "2007-09-30": "", "2007-06-30": "", "2007-03-31": "", "2006-09-30": "", "2006-06-30": ""}, "SG&A Expenses": {"2020-09-30": "198.33500", "2020-06-30": "186.31200", "2020-03-31": "197.34200", "2019-12-31": "212.65000", "2019-09-30": "194.53700", "2019-06-30": "196.31200", "2019-03-31": "191.40200", "2018-12-31": "178.58000", "2018-09-30": "168.01000", "2018-06-30": "176.16600", "2018-03-31": "171.10900", "2017-12-31": "188.81700", "2017-09-30": "172.02800", "2017-06-30": "167.75800", "2017-03-31": "160.85800", "2016-12-31": "170.65200", "2016-09-30": "156.96900", "2016-06-30": "165.19700", "2016-03-31": "160.14900", "2015-12-31": "165.41300", "2015-09-30": "144.72300", "2015-06-30": "149.23000", "2015-03-31": "148.74800", "2014-12-31": "167.28500", "2014-09-30": "153.14800", "2014-06-30": "142.71500", "2014-03-31": "122.49800", "2013-12-31": "136.17800", "2013-09-30": "117.00500", "2013-06-30": "118.40300", "2013-03-31": "113.22400", "2012-12-31": "118.81700", "2012-09-30": "118.53600", "2012-06-30": "114.25300", "2012-03-31": "105.00500", "2011-12-31": "107.92600", "2011-09-30": "95.86800", "2011-06-30": "86.72400", "2011-03-31": "67.44100", "2010-12-31": "62.66200", "2010-09-30": "71.27200", "2010-06-30": "75.27700", "2010-03-31": "72.89100", "2009-12-31": "70.42700", "2009-09-30": "67.24200", "2009-06-30": "63.86600", "2009-03-31": "63.85700", "2008-12-31": "54.58900", "2008-09-30": "71.17500", "2008-06-30": "66.63200", "2008-03-31": "62.13700", "2007-12-31": "58.13100", "2007-09-30": "59.03600", "2007-06-30": "52.51600", "2007-03-31": "48.55400", "2006-09-30": "40.81300", "2006-06-30": "37.02500"}, "Other Operating Income Or Expenses": {"2020-09-30": "1.11600", "2020-06-30": "-18.82900", "2020-03-31": "0.32000", "2019-12-31": "24.39700", "2019-09-30": "6.66800", "2019-06-30": "0.05500", "2019-03-31": "-0.08600", "2018-12-31": "-3.06800", "2018-09-30": "4.84400", "2018-06-30": "-0.14900", "2018-03-31": "0.21800", "2017-12-31": "-6.85600", "2017-09-30": "0.06400", "2017-06-30": "0.91500", "2017-03-31": "7.53800", "2016-12-31": "0.14900", "2016-09-30": "-5.13200", "2016-06-30": "4.86200", "2016-03-31": "5.06100", "2015-12-31": "2.90600", "2015-09-30": "-2.71600", "2015-06-30": "2.67000", "2015-03-31": "0.46200", "2014-12-31": "3.74600", "2014-09-30": "0.37200", "2014-06-30": "0.89000", "2014-03-31": "1.86200", "2013-12-31": "1.23600", "2013-09-30": "3.23200", "2013-06-30": "0.48600", "2013-03-31": "0.60200", "2012-12-31": "-2.12700", "2012-09-30": "0.59800", "2012-06-30": "0.80100", "2012-03-31": "0.71200", "2011-12-31": "1.23200", "2011-09-30": "-2.88300", "2011-06-30": "-0.66500", "2011-03-31": "0.95600", "2010-12-31": "0.70400", "2010-09-30": "0.83900", "2010-06-30": "1.11100", "2010-03-31": "2.83000", "2009-12-31": "2.12500", "2009-09-30": "1.09200", "2009-06-30": "1.16400", "2009-03-31": "1.71300", "2008-12-31": "1.63500", "2008-09-30": "1.44300", "2008-06-30": "-1.07300", "2008-03-31": "1.13800", "2007-12-31": "0.07100", "2007-09-30": "0.81000", "2007-06-30": "1.16000", "2007-03-31": "2.22300", "2006-09-30": "-2.86200", "2006-06-30": "-0.20100"}, "Operating Expenses": {"2020-09-30": "813.28300", "2020-06-30": "809.73000", "2020-03-31": "812.53400", "2019-12-31": "827.94820", "2019-09-30": "768.48800", "2019-06-30": "775.59700", "2019-03-31": "719.13400", "2018-12-31": "724.49790", "2018-09-30": "653.95000", "2018-06-30": "649.03900", "2018-03-31": "625.15100", "2017-12-31": "661.10810", "2017-09-30": "610.90500", "2017-06-30": "589.73800", "2017-03-31": "543.89900", "2016-12-31": "583.22710", "2016-09-30": "561.65900", "2016-06-30": "550.58300", "2016-03-31": "534.08100", "2015-12-31": "563.08200", "2015-09-30": "530.48800", "2015-06-30": "520.17900", "2015-03-31": "513.10300", "2014-12-31": "530.66410", "2014-09-30": "515.24000", "2014-06-30": "488.56000", "2014-03-31": "450.94300", "2013-12-31": "486.82600", "2013-09-30": "448.92900", "2013-06-30": "456.81600", "2013-03-31": "429.89900", "2012-12-31": "436.90890", "2012-09-30": "421.20500", "2012-06-30": "404.46400", "2012-03-31": "375.04800", "2011-12-31": "380.76700", "2011-09-30": "372.81700", "2011-06-30": "346.55900", "2011-03-31": "284.04900", "2010-12-31": "281.66100", "2010-09-30": "279.14100", "2010-06-30": "269.33200", "2010-03-31": "250.96500", "2009-12-31": "250.63100", "2009-09-30": "239.52700", "2009-06-30": "235.00100", "2009-03-31": "232.73200", "2008-12-31": "230.96100", "2008-09-30": "234.47100", "2008-06-30": "224.39800", "2008-03-31": "217.30400", "2007-12-31": "196.65800", "2007-09-30": "190.24700", "2007-06-30": "181.53600", "2007-03-31": "165.40800", "2006-09-30": "147.38600", "2006-06-30": "133.54800"}, "Operating Income": {"2020-09-30": "122.24010", "2020-06-30": "90.36400", "2020-03-31": "110.65800", "2019-12-31": "112.79060", "2019-09-30": "120.31100", "2019-06-30": "106.20200", "2019-03-31": "90.07200", "2018-12-31": "110.84110", "2018-09-30": "94.02800", "2018-06-30": "79.52200", "2018-03-31": "63.76100", "2017-12-31": "73.30490", "2017-09-30": "97.91900", "2017-06-30": "80.95910", "2017-03-31": "79.09600", "2016-12-31": "98.52010", "2016-09-30": "87.12400", "2016-06-30": "79.94000", "2016-03-31": "75.62200", "2015-12-31": "83.44590", "2015-09-30": "87.34300", "2015-06-30": "89.35300", "2015-03-31": "74.05000", "2014-12-31": "70.86590", "2014-09-30": "72.86700", "2014-06-30": "73.05110", "2014-03-31": "77.24700", "2013-12-31": "71.63320", "2013-09-30": "85.95700", "2013-06-30": "77.98800", "2013-03-31": "73.94900", "2012-12-31": "70.79510", "2012-09-30": "69.95200", "2012-06-30": "63.16700", "2012-03-31": "60.43100", "2011-12-31": "61.92810", "2011-09-30": "56.74800", "2011-06-30": "51.06400", "2011-03-31": "46.50400", "2010-12-31": "59.88500", "2010-09-30": "42.43000", "2010-06-30": "38.29500", "2010-03-31": "37.25400", "2009-12-31": "46.31700", "2009-09-30": "44.91300", "2009-06-30": "37.84900", "2009-03-31": "33.10100", "2008-12-31": "50.88500", "2008-09-30": "36.32800", "2008-06-30": "29.17800", "2008-03-31": "17.32200", "2007-12-31": "35.07610", "2007-09-30": "24.52200", "2007-06-30": "19.15000", "2007-03-31": "10.57400", "2006-09-30": "15.00000", "2006-06-30": "7.40800"}, "Total Non-Operating Income/Expense": {"2020-09-30": "-11.79700", "2020-06-30": "-11.21700", "2020-03-31": "-0.09900", "2019-12-31": "1.55800", "2019-09-30": "-9.52200", "2019-06-30": "-11.24700", "2019-03-31": "-10.74800", "2018-12-31": "-4.19900", "2018-09-30": "3.68900", "2018-06-30": "2.13100", "2018-03-31": "12.24800", "2017-12-31": "8.27800", "2017-09-30": "-8.17700", "2017-06-30": "3.61400", "2017-03-31": "-14.41100", "2016-12-31": "-4.38100", "2016-09-30": "-1.88100", "2016-06-30": "-0.19600", "2016-03-31": "-5.10300", "2015-12-31": "-1.56500", "2015-09-30": "-1.09000", "2015-06-30": "-11.44800", "2015-03-31": "-18.33500", "2014-12-31": "-12.95800", "2014-09-30": "-11.07700", "2014-06-30": "-10.30000", "2014-03-31": "-10.10600", "2013-12-31": "-9.03000", "2013-09-30": "7.39500", "2013-06-30": "6.70800", "2013-03-31": "-8.44900", "2012-12-31": "9.30900", "2012-09-30": "-28.10200", "2012-06-30": "21.26500", "2012-03-31": "-3.80800", "2011-12-31": "25.07300", "2011-09-30": "11.86200", "2011-06-30": "4.02200", "2011-03-31": "4.53100", "2010-12-31": "2.82800", "2010-09-30": "6.61900", "2010-06-30": "-4.28300", "2010-03-31": "0.20600", "2009-12-31": "-3.03800", "2009-09-30": "-2.43200", "2009-06-30": "-0.16300", "2009-03-31": "3.87700", "2008-12-31": "-5.96300", "2008-09-30": "4.82000", "2008-06-30": "2.26500", "2008-03-31": "8.58900", "2007-12-31": "-1.47700", "2007-09-30": "0.41000", "2007-06-30": "-3.06700", "2007-03-31": "-3.58000", "2006-09-30": "-4.23000", "2006-06-30": "-2.63000"}, "Pre-Tax Income": {"2020-09-30": "110.44300", "2020-06-30": "79.14700", "2020-03-31": "110.55900", "2019-12-31": "114.34900", "2019-09-30": "110.78900", "2019-06-30": "94.95500", "2019-03-31": "79.32400", "2018-12-31": "106.64200", "2018-09-30": "97.71700", "2018-06-30": "81.65300", "2018-03-31": "76.00900", "2017-12-31": "81.58300", "2017-09-30": "89.74200", "2017-06-30": "84.57300", "2017-03-31": "64.68500", "2016-12-31": "94.13900", "2016-09-30": "85.24300", "2016-06-30": "79.74400", "2016-03-31": "70.51900", "2015-12-31": "81.88100", "2015-09-30": "86.25300", "2015-06-30": "77.90500", "2015-03-31": "55.71500", "2014-12-31": "57.90800", "2014-09-30": "61.79000", "2014-06-30": "62.75100", "2014-03-31": "67.14100", "2013-12-31": "62.60300", "2013-09-30": "93.35200", "2013-06-30": "84.69600", "2013-03-31": "65.50000", "2012-12-31": "80.10400", "2012-09-30": "41.85000", "2012-06-30": "84.43200", "2012-03-31": "56.62300", "2011-12-31": "87.00100", "2011-09-30": "68.61000", "2011-06-30": "55.08600", "2011-03-31": "51.03500", "2010-12-31": "62.71300", "2010-09-30": "49.04900", "2010-06-30": "34.01200", "2010-03-31": "37.46000", "2009-12-31": "43.27900", "2009-09-30": "42.48100", "2009-06-30": "37.68600", "2009-03-31": "36.97800", "2008-12-31": "44.92200", "2008-09-30": "41.14800", "2008-06-30": "31.44300", "2008-03-31": "25.91100", "2007-12-31": "33.59900", "2007-09-30": "24.93200", "2007-06-30": "16.08300", "2007-03-31": "6.99400", "2006-09-30": "10.77000", "2006-06-30": "4.77800"}, "Income Taxes": {"2020-09-30": "25.00800", "2020-06-30": "16.98600", "2020-03-31": "24.86100", "2019-12-31": "32.15100", "2019-09-30": "22.66900", "2019-06-30": "21.23300", "2019-03-31": "18.48300", "2018-12-31": "27.49500", "2018-09-30": "24.11400", "2018-06-30": "17.07900", "2018-03-31": "12.07500", "2017-12-31": "15.44500", "2017-09-30": "16.58100", "2017-06-30": "15.47100", "2017-03-31": "12.24500", "2016-12-31": "18.07300", "2016-09-30": "17.05500", "2016-06-30": "14.95600", "2016-03-31": "12.01400", "2015-12-31": "17.46800", "2015-09-30": "18.20300", "2015-06-30": "15.20400", "2015-03-31": "11.06200", "2014-12-31": "12.15600", "2014-09-30": "15.12400", "2014-06-30": "13.85100", "2014-03-31": "16.28800", "2013-12-31": "12.69700", "2013-09-30": "21.92100", "2013-06-30": "19.23400", "2013-03-31": "17.24800", "2012-12-31": "25.18000", "2012-09-30": "15.23900", "2012-06-30": "21.63300", "2012-03-31": "16.36700", "2011-12-31": "24.27000", "2011-09-30": "18.90700", "2011-06-30": "14.35700", "2011-03-31": "13.12200", "2010-12-31": "14.63100", "2010-09-30": "7.49000", "2010-06-30": "4.86500", "2010-03-31": "7.21700", "2009-12-31": "7.03600", "2009-09-30": "7.89500", "2009-06-30": "5.66300", "2009-03-31": "4.87200", "2008-12-31": "-3.41100", "2008-09-30": "5.69200", "2008-06-30": "3.37600", "2008-03-31": "3.16600", "2007-12-31": "-0.30700", "2007-09-30": "6.48600", "2007-06-30": "6.19500", "2007-03-31": "4.16900", "2006-09-30": "-2.03500", "2006-06-30": "-2.24400"}, "Income After Taxes": {"2020-09-30": "85.43500", "2020-06-30": "62.16100", "2020-03-31": "85.69800", "2019-12-31": "82.19800", "2019-09-30": "88.12000", "2019-06-30": "73.72200", "2019-03-31": "60.84100", "2018-12-31": "79.14700", "2018-09-30": "73.60300", "2018-06-30": "64.57400", "2018-03-31": "63.93400", "2017-12-31": "66.13800", "2017-09-30": "73.16100", "2017-06-30": "69.10200", "2017-03-31": "52.44000", "2016-12-31": "76.06600", "2016-09-30": "68.18800", "2016-06-30": "64.78800", "2016-03-31": "58.50500", "2015-12-31": "64.41300", "2015-09-30": "68.05000", "2015-06-30": "62.70100", "2015-03-31": "44.65300", "2014-12-31": "45.75200", "2014-09-30": "46.66600", "2014-06-30": "48.90000", "2014-03-31": "50.85300", "2013-12-31": "49.90600", "2013-09-30": "71.43100", "2013-06-30": "65.46200", "2013-03-31": "48.25200", "2012-12-31": "54.92400", "2012-09-30": "26.61100", "2012-06-30": "62.79900", "2012-03-31": "40.25600", "2011-12-31": "62.73100", "2011-09-30": "49.70300", "2011-06-30": "40.72900", "2011-03-31": "37.91300", "2010-12-31": "48.08200", "2010-09-30": "41.55900", "2010-06-30": "29.14700", "2010-03-31": "30.24300", "2009-12-31": "36.24300", "2009-09-30": "34.58600", "2009-06-30": "32.02300", "2009-03-31": "32.10600", "2008-12-31": "48.33300", "2008-09-30": "35.45600", "2008-06-30": "28.06700", "2008-03-31": "22.74500", "2007-12-31": "33.90600", "2007-09-30": "18.44600", "2007-06-30": "9.88800", "2007-03-31": "2.82500", "2006-09-30": "12.80500", "2006-06-30": "7.02200"}, "Other Income": {"2020-09-30": "", "2020-06-30": "", "2020-03-31": "", "2019-12-31": "", "2019-09-30": "", "2019-06-30": "", "2019-03-31": "", "2018-12-31": "", "2018-09-30": "", "2018-06-30": "", "2018-03-31": "", "2017-12-31": "", "2017-09-30": "", "2017-06-30": "", "2017-03-31": "", "2016-12-31": "", "2016-09-30": "", "2016-06-30": "", "2016-03-31": "", "2015-12-31": "", "2015-09-30": "", "2015-06-30": "", "2015-03-31": "", "2014-12-31": "", "2014-09-30": "", "2014-06-30": "", "2014-03-31": "", "2013-12-31": "", "2013-09-30": "", "2013-06-30": "", "2013-03-31": "", "2012-12-31": "", "2012-09-30": "", "2012-06-30": "", "2012-03-31": "", "2011-12-31": "", "2011-09-30": "", "2011-06-30": "", "2011-03-31": "", "2010-12-31": "", "2010-09-30": "", "2010-06-30": "", "2010-03-31": "", "2009-12-31": "", "2009-09-30": "", "2009-06-30": "", "2009-03-31": "", "2008-12-31": "", "2008-09-30": "", "2008-06-30": "", "2008-03-31": "", "2007-12-31": "", "2007-09-30": "", "2007-06-30": "", "2007-03-31": "", "2006-09-30": "", "2006-06-30": ""}, "Income From Continuous Operations": {"2020-09-30": "85.43500", "2020-06-30": "62.16100", "2020-03-31": "85.69800", "2019-12-31": "82.19800", "2019-09-30": "88.12000", "2019-06-30": "73.72200", "2019-03-31": "60.84100", "2018-12-31": "79.14700", "2018-09-30": "73.60300", "2018-06-30": "64.57400", "2018-03-31": "63.93400", "2017-12-31": "66.13800", "2017-09-30": "73.16100", "2017-06-30": "69.10200", "2017-03-31": "52.44000", "2016-12-31": "76.06600", "2016-09-30": "68.18800", "2016-06-30": "64.78800", "2016-03-31": "58.50500", "2015-12-31": "64.41300", "2015-09-30": "68.05000", "2015-06-30": "62.70100", "2015-03-31": "44.65300", "2014-12-31": "45.75200", "2014-09-30": "46.66600", "2014-06-30": "48.90000", "2014-03-31": "50.85300", "2013-12-31": "49.90600", "2013-09-30": "71.43100", "2013-06-30": "65.46200", "2013-03-31": "48.25200", "2012-12-31": "54.92400", "2012-09-30": "26.61100", "2012-06-30": "62.79900", "2012-03-31": "40.25600", "2011-12-31": "62.73100", "2011-09-30": "49.70300", "2011-06-30": "40.72900", "2011-03-31": "37.91300", "2010-12-31": "48.08200", "2010-09-30": "41.55900", "2010-06-30": "29.14700", "2010-03-31": "30.24300", "2009-12-31": "36.67800", "2009-09-30": "34.58600", "2009-06-30": "31.81800", "2009-03-31": "31.87600", "2008-12-31": "48.61600", "2008-09-30": "35.49300", "2008-06-30": "27.95700", "2008-03-31": "22.53500", "2007-12-31": "39.54600", "2007-09-30": "16.32300", "2007-06-30": "7.09300", "2007-03-31": "1.84800", "2006-09-30": "12.80500", "2006-06-30": "7.02200"}, "Income From Discontinued Operations": {"2020-09-30": "", "2020-06-30": "", "2020-03-31": "", "2019-12-31": "", "2019-09-30": "", "2019-06-30": "", "2019-03-31": "", "2018-12-31": "", "2018-09-30": "", "2018-06-30": "", "2018-03-31": "", "2017-12-31": "", "2017-09-30": "", "2017-06-30": "", "2017-03-31": "", "2016-12-31": "", "2016-09-30": "", "2016-06-30": "", "2016-03-31": "", "2015-12-31": "", "2015-09-30": "", "2015-06-30": "", "2015-03-31": "", "2014-12-31": "", "2014-09-30": "", "2014-06-30": "", "2014-03-31": "", "2013-12-31": "", "2013-09-30": "", "2013-06-30": "", "2013-03-31": "", "2012-12-31": "", "2012-09-30": "", "2012-06-30": "", "2012-03-31": "", "2011-12-31": "", "2011-09-30": "", "2011-06-30": "", "2011-03-31": "", "2010-12-31": "", "2010-09-30": "", "2010-06-30": "", "2010-03-31": "", "2009-12-31": "", "2009-09-30": "", "2009-06-30": "", "2009-03-31": "", "2008-12-31": "", "2008-09-30": "", "2008-06-30": "", "2008-03-31": "", "2007-12-31": "", "2007-09-30": "", "2007-06-30": "", "2007-03-31": "", "2006-09-30": "", "2006-06-30": ""}, "Net Income": {"2020-09-30": "85.43500", "2020-06-30": "62.16100", "2020-03-31": "85.69800", "2019-12-31": "82.19800", "2019-09-30": "88.12000", "2019-06-30": "73.72200", "2019-03-31": "60.84100", "2018-12-31": "79.14700", "2018-09-30": "73.60300", "2018-06-30": "64.57400", "2018-03-31": "64.69500", "2017-12-31": "67.08200", "2017-09-30": "73.74500", "2017-06-30": "68.94600", "2017-03-31": "53.33800", "2016-12-31": "76.29800", "2016-09-30": "68.92200", "2016-06-30": "65.67000", "2016-03-31": "58.79400", "2015-12-31": "64.41300", "2015-09-30": "68.05000", "2015-06-30": "62.70100", "2015-03-31": "44.65300", "2014-12-31": "45.75200", "2014-09-30": "46.65300", "2014-06-30": "48.98400", "2014-03-31": "50.61300", "2013-12-31": "48.84200", "2013-09-30": "70.26200", "2013-06-30": "63.87600", "2013-03-31": "46.73700", "2012-12-31": "53.40100", "2012-09-30": "25.17500", "2012-06-30": "61.10000", "2012-03-31": "38.54000", "2011-12-31": "61.12000", "2011-09-30": "48.04600", "2011-06-30": "39.00900", "2011-03-31": "36.11900", "2010-12-31": "46.02900", "2010-09-30": "40.13100", "2010-06-30": "27.84700", "2010-03-31": "28.17400", "2009-12-31": "34.59300", "2009-09-30": "33.06200", "2009-06-30": "29.68700", "2009-03-31": "29.95900", "2008-12-31": "46.99800", "2008-09-30": "33.63400", "2008-06-30": "24.81600", "2008-03-31": "19.69300", "2007-12-31": "31.16000", "2007-09-30": "12.73600", "2007-06-30": "-11.91300", "2007-03-31": "-14.69800", "2006-09-30": "-1.38400", "2006-06-30": "-3.58800"}, "EBITDA": {"2020-09-30": "163.14710", "2020-06-30": "131.29200", "2020-03-31": "150.45400", "2019-12-31": "148.19560", "2019-09-30": "152.22100", "2019-06-30": "138.50800", "2019-03-31": "120.94300", "2018-12-31": "138.24210", "2018-09-30": "121.96600", "2018-06-30": "105.61600", "2018-03-31": "90.02100", "2017-12-31": "100.67090", "2017-09-30": "123.53400", "2017-06-30": "103.02100", "2017-03-31": "100.85200", "2016-12-31": "120.50710", "2016-09-30": "108.00200", "2016-06-30": "100.65700", "2016-03-31": "95.30700", "2015-12-31": "104.57690", "2015-09-30": "108.33100", "2015-06-30": "120.88100", "2015-03-31": "96.74800", "2014-12-31": "92.88690", "2014-09-30": "94.46100", "2014-06-30": "93.12310", "2014-03-31": "96.40700", "2013-12-31": "91.04020", "2013-09-30": "105.59900", "2013-06-30": "101.70800", "2013-03-31": "93.67500", "2012-12-31": "92.04210", "2012-09-30": "95.60800", "2012-06-30": "83.60700", "2012-03-31": "80.56100", "2011-12-31": "82.45910", "2011-09-30": "78.79900", "2011-06-30": "71.74300", "2011-03-31": "63.68400", "2010-12-31": "78.58800", "2010-09-30": "60.84000", "2010-06-30": "57.31700", "2010-03-31": "55.66000", "2009-12-31": "66.95600", "2009-09-30": "65.17700", "2009-06-30": "57.55900", "2009-03-31": "52.63600", "2008-12-31": "71.88300", "2008-09-30": "58.43200", "2008-06-30": "51.21600", "2008-03-31": "44.89300", "2007-12-31": "57.03810", "2007-09-30": "46.90400", "2007-06-30": "40.89900", "2007-03-31": "30.80700", "2006-09-30": "35.13300", "2006-06-30": "7.40800"}, "EBIT": {"2020-09-30": "122.24010", "2020-06-30": "90.36400", "2020-03-31": "110.65800", "2019-12-31": "112.79070", "2019-09-30": "120.31100", "2019-06-30": "106.20200", "2019-03-31": "90.07200", "2018-12-31": "110.84110", "2018-09-30": "94.02800", "2018-06-30": "79.52200", "2018-03-31": "63.76100", "2017-12-31": "73.30480", "2017-09-30": "97.91900", "2017-06-30": "80.95910", "2017-03-31": "79.09600", "2016-12-31": "98.52000", "2016-09-30": "87.12400", "2016-06-30": "79.94000", "2016-03-31": "75.62200", "2015-12-31": "83.44590", "2015-09-30": "87.34300", "2015-06-30": "89.35300", "2015-03-31": "74.05000", "2014-12-31": "70.86590", "2014-09-30": "72.86700", "2014-06-30": "73.05110", "2014-03-31": "77.24700", "2013-12-31": "71.63300", "2013-09-30": "85.95700", "2013-06-30": "77.98800", "2013-03-31": "73.94900", "2012-12-31": "70.79500", "2012-09-30": "69.95200", "2012-06-30": "63.16700", "2012-03-31": "60.43100", "2011-12-31": "61.92810", "2011-09-30": "56.74800", "2011-06-30": "51.06400", "2011-03-31": "46.50400", "2010-12-31": "59.88500", "2010-09-30": "42.43000", "2010-06-30": "38.29500", "2010-03-31": "37.25400", "2009-12-31": "46.31700", "2009-09-30": "44.91300", "2009-06-30": "37.84900", "2009-03-31": "33.10100", "2008-12-31": "50.88500", "2008-09-30": "36.32800", "2008-06-30": "29.17800", "2008-03-31": "17.32200", "2007-12-31": "35.07600", "2007-09-30": "24.52200", "2007-06-30": "19.15000", "2007-03-31": "10.57400", "2006-09-30": "15.00000", "2006-06-30": "7.40800"}, "Basic Shares Outstanding": {"2020-09-30": "190.94900", "2020-06-30": "190.54100", "2020-03-31": "190.62700", "2019-12-31": "190.07400", "2019-09-30": "190.59900", "2019-06-30": "190.16300", "2019-03-31": "189.45200", "2018-12-31": "190.67500", "2018-09-30": "190.02500", "2018-06-30": "190.13300", "2018-03-31": "192.81700", "2017-12-31": "193.86500", "2017-09-30": "192.12400", "2017-06-30": "191.47000", "2017-03-31": "199.07000", "2016-12-31": "206.86100", "2016-09-30": "206.14600", "2016-06-30": "210.17800", "2016-03-31": "210.78000", "2015-12-31": "216.60600", "2015-09-30": "215.31100", "2015-06-30": "218.52500", "2015-03-31": "219.89300", "2014-12-31": "220.84700", "2014-09-30": "216.47300", "2014-06-30": "217.54200", "2014-03-31": "232.09400", "2013-12-31": "229.34800", "2013-09-30": "230.05700", "2013-06-30": "229.23800", "2013-03-31": "227.22700", "2012-12-31": "223.69700", "2012-09-30": "223.87600", "2012-06-30": "223.18200", "2012-03-31": "222.81000", "2011-12-31": "221.56800", "2011-09-30": "221.77100", "2011-06-30": "221.29800", "2011-03-31": "221.00900", "2010-12-31": "219.31000", "2010-09-30": "219.63000", "2010-06-30": "218.95500", "2010-03-31": "217.95600", "2009-12-31": "221.56800", "2009-09-30": "215.79500", "2009-06-30": "215.03100", "2009-03-31": "214.58600", "2008-12-31": "213.48100", "2008-09-30": "214.18200", "2008-06-30": "213.00100", "2008-03-31": "212.19800", "2007-12-31": "135.51800", "2007-09-30": "186.83900", "2007-06-30": "69.46200", "2007-03-31": "68.32600", "2006-09-30": "71.27500", "2006-06-30": "0.39400"}, "Shares Outstanding": {"2020-09-30": "196.65500", "2020-06-30": "195.11300", "2020-03-31": "196.53300", "2019-12-31": "195.16100", "2019-09-30": "195.89100", "2019-06-30": "194.76600", "2019-03-31": "193.39400", "2018-12-31": "193.98000", "2018-09-30": "193.11600", "2018-06-30": "193.36600", "2018-03-31": "196.28900", "2017-12-31": "197.04900", "2017-09-30": "194.94800", "2017-06-30": "193.73200", "2017-03-31": "202.65600", "2016-12-31": "210.12600", "2016-09-30": "209.37700", "2016-06-30": "213.80300", "2016-03-31": "213.89300", "2015-12-31": "219.14500", "2015-09-30": "217.59600", "2015-06-30": "220.96200", "2015-03-31": "222.34700", "2014-12-31": "225.16900", "2014-09-30": "220.53600", "2014-06-30": "221.51000", "2014-03-31": "237.27600", "2013-12-31": "235.75400", "2013-09-30": "236.33700", "2013-06-30": "235.32900", "2013-03-31": "233.62100", "2012-12-31": "229.53300", "2012-09-30": "230.19600", "2012-06-30": "227.88000", "2012-03-31": "227.47300", "2011-12-31": "226.35400", "2011-09-30": "226.77200", "2011-06-30": "226.14600", "2011-03-31": "225.54300", "2010-12-31": "224.83900", "2010-09-30": "224.83100", "2010-06-30": "224.94700", "2010-03-31": "223.97200", "2009-12-31": "226.35400", "2009-09-30": "221.80000", "2009-06-30": "218.64400", "2009-03-31": "217.24300", "2008-12-31": "218.44400", "2008-09-30": "219.35100", "2008-06-30": "218.86400", "2008-03-31": "218.50900", "2007-12-31": "142.74000", "2007-09-30": "195.69800", "2007-06-30": "69.46200", "2007-03-31": "68.32600", "2006-09-30": "71.27500", "2006-06-30": "0.39400"}, "Basic EPS": {"2020-09-30": "0.45000", "2020-06-30": "0.33000", "2020-03-31": "0.45000", "2019-12-31": "0.43000", "2019-09-30": "0.46000", "2019-06-30": "0.39000", "2019-03-31": "0.32000", "2018-12-31": "0.41000", "2018-09-30": "0.39000", "2018-06-30": "0.34000", "2018-03-31": "0.34000", "2017-12-31": "0.35000", "2017-09-30": "0.38000", "2017-06-30": "0.36000", "2017-03-31": "0.27000", "2016-12-31": "0.38000", "2016-09-30": "0.33000", "2016-06-30": "0.31000", "2016-03-31": "0.28000", "2015-12-31": "0.30000", "2015-09-30": "0.32000", "2015-06-30": "0.29000", "2015-03-31": "0.20000", "2014-12-31": "0.20000", "2014-09-30": "0.22000", "2014-06-30": "0.23000", "2014-03-31": "0.22000", "2013-12-31": "0.20000", "2013-09-30": "0.31000", "2013-06-30": "0.28000", "2013-03-31": "0.21000", "2012-12-31": "0.25000", "2012-09-30": "0.11000", "2012-06-30": "0.27000", "2012-03-31": "0.17000", "2011-12-31": "0.27000", "2011-09-30": "0.22000", "2011-06-30": "0.18000", "2011-03-31": "0.16000", "2010-12-31": "0.21000", "2010-09-30": "0.18000", "2010-06-30": "0.13000", "2010-03-31": "0.13000", "2009-12-31": "0.16000", "2009-09-30": "0.15000", "2009-06-30": "0.14000", "2009-03-31": "0.14000", "2008-12-31": "0.22000", "2008-09-30": "0.16000", "2008-06-30": "0.12000", "2008-03-31": "0.09000", "2007-12-31": "0.45000", "2007-09-30": "0.07000", "2007-06-30": "-0.17000", "2007-03-31": "-0.22000", "2006-09-30": "-0.02000", "2006-06-30": "-9.11000"}, "EPS - Earnings Per Share": {"2020-09-30": "0.43000", "2020-06-30": "0.32000", "2020-03-31": "0.44000", "2019-12-31": "0.42000", "2019-09-30": "0.45000", "2019-06-30": "0.38000", "2019-03-31": "0.31000", "2018-12-31": "0.41000", "2018-09-30": "0.38000", "2018-06-30": "0.33000", "2018-03-31": "0.33000", "2017-12-31": "0.34000", "2017-09-30": "0.38000", "2017-06-30": "0.36000", "2017-03-31": "0.26000", "2016-12-31": "0.37000", "2016-09-30": "0.33000", "2016-06-30": "0.31000", "2016-03-31": "0.27000", "2015-12-31": "0.30000", "2015-09-30": "0.31000", "2015-06-30": "0.28000", "2015-03-31": "0.20000", "2014-12-31": "0.21000", "2014-09-30": "0.21000", "2014-06-30": "0.22000", "2014-03-31": "0.21000", "2013-12-31": "0.20000", "2013-09-30": "0.30000", "2013-06-30": "0.27000", "2013-03-31": "0.20000", "2012-12-31": "0.23000", "2012-09-30": "0.11000", "2012-06-30": "0.27000", "2012-03-31": "0.17000", "2011-12-31": "0.27000", "2011-09-30": "0.21000", "2011-06-30": "0.17000", "2011-03-31": "0.16000", "2010-12-31": "0.20000", "2010-09-30": "0.18000", "2010-06-30": "0.12000", "2010-03-31": "0.13000", "2009-12-31": "0.15000", "2009-09-30": "0.15000", "2009-06-30": "0.14000", "2009-03-31": "0.14000", "2008-12-31": "0.22000", "2008-09-30": "0.15000", "2008-06-30": "0.11000", "2008-03-31": "0.09000", "2007-12-31": "0.44000", "2007-09-30": "0.07000", "2007-06-30": "-0.17000", "2007-03-31": "-0.22000", "2006-09-30": "-0.02000", "2006-06-30": "-9.11000"}}, "balance sheet": {"Cash On Hand": {"2019-12-31": "467.09600", "2018-12-31": "368.39600", "2017-12-31": "504.46800", "2016-12-31": "422.62300", "2015-12-31": "450.90700", "2014-12-31": "461.78800", "2013-12-31": "571.27600", "2012-12-31": "477.52000", "2011-12-31": "408.02000", "2010-12-31": "481.01900", "2009-12-31": "430.96900", "2008-12-31": "385.04400", "2007-12-31": "314.38500", "2006-12-31": "36.44000", "2005-12-31": ""}, "Receivables": {"2019-12-31": "914.25500", "2018-12-31": "774.18400", "2017-12-31": "693.08500", "2016-12-31": "615.26500", "2015-12-31": "590.13700", "2014-12-31": "525.75400", "2013-12-31": "505.11700", "2012-12-31": "451.98900", "2011-12-31": "402.42900", "2010-12-31": "305.92800", "2009-12-31": "252.51700", "2008-12-31": "230.72500", "2007-12-31": "201.63800", "2006-12-31": "151.48700", "2005-12-31": ""}, "Inventory": {"2019-12-31": "", "2018-12-31": "", "2017-12-31": "", "2016-12-31": "", "2015-12-31": "", "2014-12-31": "", "2013-12-31": "", "2012-12-31": "", "2011-12-31": "", "2010-12-31": "", "2009-12-31": "", "2008-12-31": "", "2007-12-31": "", "2006-12-31": "", "2005-12-31": ""}, "Pre-Paid Expenses": {"2019-12-31": "170.32500", "2018-12-31": "212.47700", "2017-12-31": "236.34200", "2016-12-31": "189.14900", "2015-12-31": "154.02500", "2014-12-31": "155.48000", "2013-12-31": "139.11300", "2012-12-31": "150.76900", "2011-12-31": "127.72100", "2010-12-31": "126.84800", "2009-12-31": "116.55100", "2008-12-31": "89.93600", "2007-12-31": "146.15500", "2006-12-31": "53.82900", "2005-12-31": ""}, "Other Current Assets": {"2019-12-31": "", "2018-12-31": "", "2017-12-31": "", "2016-12-31": "", "2015-12-31": "", "2014-12-31": "", "2013-12-31": "", "2012-12-31": "", "2011-12-31": "", "2010-12-31": "", "2009-12-31": "", "2008-12-31": "", "2007-12-31": "", "2006-12-31": "", "2005-12-31": ""}, "Total Current Assets": {"2019-12-31": "1551.67600", "2018-12-31": "1355.05700", "2017-12-31": "1433.89500", "2016-12-31": "1227.03700", "2015-12-31": "1195.06900", "2014-12-31": "1188.50800", "2013-12-31": "1276.14400", "2012-12-31": "1128.76700", "2011-12-31": "985.11900", "2010-12-31": "935.78000", "2009-12-31": "845.96600", "2008-12-31": "744.33400", "2007-12-31": "671.86100", "2006-12-31": "242.90000", "2005-12-31": ""}, "Property, Plant, And Equipment": {"2019-12-31": "254.03500", "2018-12-31": "212.71500", "2017-12-31": "207.03000", "2016-12-31": "193.21800", "2015-12-31": "175.39600", "2014-12-31": "175.93600", "2013-12-31": "173.20400", "2012-12-31": "200.36200", "2011-12-31": "180.50400", "2010-12-31": "197.16600", "2009-12-31": "189.11200", "2008-12-31": "174.26600", "2007-12-31": "195.66000", "2006-12-31": "157.97600", "2005-12-31": ""}, "Long-Term Investments": {"2019-12-31": "", "2018-12-31": "0.83600", "2017-12-31": "0.88600", "2016-12-31": "4.80000", "2015-12-31": "6.67700", "2014-12-31": "0.49400", "2013-12-31": "0.38400", "2012-12-31": "0.41600", "2011-12-31": "0.22000", "2010-12-31": "1.91300", "2009-12-31": "0.58800", "2008-12-31": "0.97000", "2007-12-31": "0.19700", "2006-12-31": "", "2005-12-31": ""}, "Goodwill And Intangible Assets": {"2019-12-31": "1805.32700", "2018-12-31": "1570.91900", "2017-12-31": "1468.71200", "2016-12-31": "1148.35400", "2015-12-31": "1136.94700", "2014-12-31": "1171.75800", "2013-12-31": "1052.96500", "2012-12-31": "1068.45100", "2011-12-31": "1038.62700", "2010-12-31": "603.50000", "2009-12-31": "584.95100", "2008-12-31": "594.06400", "2007-12-31": "710.75200", "2006-12-31": "625.04000", "2005-12-31": ""}, "Other Long-Term Assets": {"2019-12-31": "422.57700", "2018-12-31": "315.35200", "2017-12-31": "262.16900", "2016-12-31": "242.32800", "2015-12-31": "180.00500", "2014-12-31": "146.70600", "2013-12-31": "97.36500", "2012-12-31": "116.54800", "2011-12-31": "107.03700", "2010-12-31": "120.00300", "2009-12-31": "90.42100", "2008-12-31": "71.69000", "2007-12-31": "162.80000", "2006-12-31": "53.82700", "2005-12-31": ""}, "Total Long-Term Assets": {"2019-12-31": "2902.50800", "2018-12-31": "2174.38800", "2017-12-31": "2015.72600", "2016-12-31": "1658.84300", "2015-12-31": "1598.42000", "2014-12-31": "1554.02900", "2013-12-31": "1413.22300", "2012-12-31": "1477.16000", "2011-12-31": "1418.26800", "2010-12-31": "957.68100", "2009-12-31": "901.59910", "2008-12-31": "951.99200", "2007-12-31": "1071.60500", "2006-12-31": "838.39200", "2005-12-31": ""}, "Total Assets": {"2019-12-31": "4454.18400", "2018-12-31": "3529.44500", "2017-12-31": "3449.62100", "2016-12-31": "2885.88000", "2015-12-31": "2793.48900", "2014-12-31": "2742.53700", "2013-12-31": "2689.36700", "2012-12-31": "2605.92700", "2011-12-31": "2403.38700", "2010-12-31": "1893.46100", "2009-12-31": "1747.56500", "2008-12-31": "1696.32600", "2007-12-31": "1743.46600", "2006-12-31": "1081.29200", "2005-12-31": "0.00000"}, "Total Current Liabilities": {"2019-12-31": "910.21100", "2018-12-31": "976.31200", "2017-12-31": "838.78400", "2016-12-31": "731.35500", "2015-12-31": "594.48000", "2014-12-31": "622.11400", "2013-12-31": "461.69300", "2012-12-31": "517.81800", "2011-12-31": "661.82800", "2010-12-31": "322.54800", "2009-12-31": "395.58300", "2008-12-31": "425.05900", "2007-12-31": "278.33900", "2006-12-31": "263.84600", "2005-12-31": ""}, "Long Term Debt": {"2019-12-31": "1339.79600", "2018-12-31": "975.64500", "2017-12-31": "1006.68700", "2016-12-31": "698.15200", "2015-12-31": "737.33200", "2014-12-31": "649.31400", "2013-12-31": "656.25800", "2012-12-31": "659.41200", "2011-12-31": "75.63100", "2010-12-31": "2.48900", "2009-12-31": "28.32900", "2008-12-31": "74.00600", "2007-12-31": "105.88700", "2006-12-31": "125.58900", "2005-12-31": ""}, "Other Non-Current Liabilities": {"2019-12-31": "208.91600", "2018-12-31": "165.22600", "2017-12-31": "168.60900", "2016-12-31": "162.79000", "2015-12-31": "155.22800", "2014-12-31": "179.30200", "2013-12-31": "242.88400", "2012-12-31": "250.84800", "2011-12-31": "228.34000", "2010-12-31": "84.22900", "2009-12-31": "119.50800", "2008-12-31": "342.72100", "2007-12-31": "64.70700", "2006-12-31": "46.68100", "2005-12-31": ""}, "Total Long Term Liabilities": {"2019-12-31": "1854.80200", "2018-12-31": "1148.95100", "2017-12-31": "1186.79300", "2016-12-31": "867.87700", "2015-12-31": "894.65300", "2014-12-31": "835.28700", "2013-12-31": "903.60600", "2012-12-31": "916.32810", "2011-12-31": "305.87600", "2010-12-31": "89.67100", "2009-12-31": "152.23500", "2008-12-31": "426.90100", "2007-12-31": "214.39800", "2006-12-31": "192.75100", "2005-12-31": ""}, "Total Liabilities": {"2019-12-31": "2765.01300", "2018-12-31": "2125.26300", "2017-12-31": "2025.57700", "2016-12-31": "1599.23200", "2015-12-31": "1489.13300", "2014-12-31": "1457.40100", "2013-12-31": "1365.29900", "2012-12-31": "1434.14600", "2011-12-31": "967.70400", "2010-12-31": "412.21900", "2009-12-31": "547.81800", "2008-12-31": "851.96000", "2007-12-31": "492.73700", "2006-12-31": "456.59700", "2005-12-31": ""}, "Common Stock Net": {"2019-12-31": "1.89600", "2018-12-31": "1.88800", "2017-12-31": "1.92400", "2016-12-31": "1.98400", "2015-12-31": "2.11100", "2014-12-31": "2.18400", "2013-12-31": "2.31000", "2012-12-31": "2.25300", "2011-12-31": "2.22200", "2010-12-31": "2.20800", "2009-12-31": "2.17400", "2008-12-31": "2.14600", "2007-12-31": "2.12100", "2006-12-31": "0.71400", "2005-12-31": ""}, "Retained Earnings (Accumulated Deficit)": {"2019-12-31": "648.65600", "2018-12-31": "438.45300", "2017-12-31": "355.98200", "2016-12-31": "358.12100", "2015-12-31": "411.50800", "2014-12-31": "398.70600", "2013-12-31": "511.69900", "2012-12-31": "281.98200", "2011-12-31": "605.38600", "2010-12-31": "421.09200", "2009-12-31": "278.91100", "2008-12-31": "151.61000", "2007-12-31": "26.46900", "2006-12-31": "5.97800", "2005-12-31": ""}, "Comprehensive Income": {"2019-12-31": "-531.95600", "2018-12-31": "-507.46000", "2017-12-31": "-355.23000", "2016-12-31": "-457.92500", "2015-12-31": "-451.28500", "2014-12-31": "-412.48400", "2013-12-31": "-459.61400", "2012-12-31": "-318.27200", "2011-12-31": "-320.75300", "2010-12-31": "-50.23800", "2009-12-31": "-146.99300", "2008-12-31": "-342.26700", "2007-12-31": "221.96000", "2006-12-31": "-15.29500", "2005-12-31": ""}, "Other Share Holders Equity": {"2019-12-31": "", "2018-12-31": "", "2017-12-31": "", "2016-12-31": "", "2015-12-31": "", "2014-12-31": "", "2013-12-31": "", "2012-12-31": "", "2011-12-31": "", "2010-12-31": "", "2009-12-31": "", "2008-12-31": "", "2007-12-31": "", "2006-12-31": "", "2005-12-31": ""}, "Share Holder Equity": {"2019-12-31": "1689.17100", "2018-12-31": "1404.18200", "2017-12-31": "1424.04400", "2016-12-31": "1286.64800", "2015-12-31": "1304.35600", "2014-12-31": "1285.13600", "2013-12-31": "1324.06800", "2012-12-31": "1171.78100", "2011-12-31": "1435.68300", "2010-12-31": "1481.24200", "2009-12-31": "1199.74700", "2008-12-31": "844.36600", "2007-12-31": "1250.72900", "2006-12-31": "624.69500", "2005-12-31": ""}, "Total Liabilities And Share Holders Equity": {"2019-12-31": "4454.18400", "2018-12-31": "3529.44500", "2017-12-31": "3449.62100", "2016-12-31": "2885.88000", "2015-12-31": "2793.48900", "2014-12-31": "2742.53700", "2013-12-31": "2689.36700", "2012-12-31": "2605.92700", "2011-12-31": "2403.38700", "2010-12-31": "1893.46100", "2009-12-31": "1747.56500", "2008-12-31": "1696.32600", "2007-12-31": "1743.46600", "2006-12-31": "1081.29200", "2005-12-31": ""}}, "balance sheet, quarterly": {"Cash On Hand": {"2020-09-30": "803.39900", "2020-06-30": "867.36300", "2020-03-31": "401.62400", "2019-12-31": "467.09600", "2019-09-30": "456.87200", "2019-06-30": "378.03000", "2019-03-31": "325.37700", "2018-12-31": "368.39600", "2018-09-30": "401.23000", "2018-06-30": "333.90300", "2018-03-31": "424.22600", "2017-12-31": "504.46800", "2017-09-30": "440.05500", "2017-06-30": "441.06400", "2017-03-31": "388.18600", "2016-12-31": "422.62300", "2016-09-30": "419.09400", "2016-06-30": "407.26000", "2016-03-31": "429.79500", "2015-12-31": "450.90700", "2015-09-30": "467.50400", "2015-06-30": "441.75500", "2015-03-31": "434.31000", "2014-12-31": "461.78800", "2014-09-30": "424.19900", "2014-06-30": "376.80200", "2014-03-31": "567.26600", "2013-12-31": "571.27600", "2013-09-30": "499.00300", "2013-06-30": "535.91800", "2013-03-31": "492.94700", "2012-12-31": "477.52000", "2012-09-30": "394.50300", "2012-06-30": "441.55900", "2012-03-31": "411.92300", "2011-12-31": "408.02000", "2011-09-30": "409.06500", "2011-06-30": "336.40200", "2011-03-31": "481.25000", "2010-12-31": "481.01900", "2010-09-30": "403.85700", "2010-06-30": "351.75300", "2010-03-31": "340.90700", "2009-12-31": "430.96900", "2009-09-30": "399.13300", "2009-06-30": "367.32000", "2009-03-31": "348.49100", "2008-12-31": "385.04400", "2008-09-30": "324.12400", "2008-06-30": "323.58000", "2008-03-31": "304.63300", "2007-12-31": "314.38500", "2007-09-30": "274.90200", "2007-06-30": "61.81000", "2007-03-31": "", "2006-09-30": "", "2006-06-30": ""}, "Receivables": {"2020-09-30": "859.07000", "2020-06-30": "868.78100", "2020-03-31": "910.95500", "2019-12-31": "914.25500", "2019-09-30": "863.23200", "2019-06-30": "856.60200", "2019-03-31": "838.99200", "2018-12-31": "774.18400", "2018-09-30": "710.04500", "2018-06-30": "691.34700", "2018-03-31": "703.06600", "2017-12-31": "693.08500", "2017-09-30": "670.69200", "2017-06-30": "637.61300", "2017-03-31": "602.87100", "2016-12-31": "615.26500", "2016-09-30": "609.52200", "2016-06-30": "598.22800", "2016-03-31": "605.59800", "2015-12-31": "590.13700", "2015-09-30": "549.43800", "2015-06-30": "553.56600", "2015-03-31": "529.61800", "2014-12-31": "525.75400", "2014-09-30": "533.79300", "2014-06-30": "531.11700", "2014-03-31": "513.21600", "2013-12-31": "505.11700", "2013-09-30": "477.06000", "2013-06-30": "474.76500", "2013-03-31": "460.88500", "2012-12-31": "451.98900", "2012-09-30": "463.11400", "2012-06-30": "427.76600", "2012-03-31": "446.05900", "2011-12-31": "402.42900", "2011-09-30": "399.45300", "2011-06-30": "392.65000", "2011-03-31": "308.01700", "2010-12-31": "305.92800", "2010-09-30": "293.32400", "2010-06-30": "288.52700", "2010-03-31": "273.79100", "2009-12-31": "252.51700", "2009-09-30": "249.30400", "2009-06-30": "236.15400", "2009-03-31": "237.92000", "2008-12-31": "230.72500", "2008-09-30": "238.74200", "2008-06-30": "227.45400", "2008-03-31": "218.89700", "2007-12-31": "201.63800", "2007-09-30": "199.96100", "2007-06-30": "168.41500", "2007-03-31": "", "2006-09-30": "", "2006-06-30": ""}, "Inventory": {"2020-09-30": "", "2020-06-30": "", "2020-03-31": "", "2019-12-31": "", "2019-09-30": "", "2019-06-30": "", "2019-03-31": "", "2018-12-31": "", "2018-09-30": "", "2018-06-30": "", "2018-03-31": "", "2017-12-31": "", "2017-09-30": "", "2017-06-30": "", "2017-03-31": "", "2016-12-31": "", "2016-09-30": "", "2016-06-30": "", "2016-03-31": "", "2015-12-31": "", "2015-09-30": "", "2015-06-30": "", "2015-03-31": "", "2014-12-31": "", "2014-09-30": "", "2014-06-30": "", "2014-03-31": "", "2013-12-31": "", "2013-09-30": "", "2013-06-30": "", "2013-03-31": "", "2012-12-31": "", "2012-09-30": "", "2012-06-30": "", "2012-03-31": "", "2011-12-31": "", "2011-09-30": "", "2011-06-30": "", "2011-03-31": "", "2010-12-31": "", "2010-09-30": "", "2010-06-30": "", "2010-03-31": "", "2009-12-31": "", "2009-09-30": "", "2009-06-30": "", "2009-03-31": "", "2008-12-31": "", "2008-09-30": "", "2008-06-30": "", "2008-03-31": "", "2007-12-31": "", "2007-09-30": "", "2007-06-30": "", "2007-03-31": "", "2006-09-30": "", "2006-06-30": ""}, "Pre-Paid Expenses": {"2020-09-30": "216.24400", "2020-06-30": "180.08300", "2020-03-31": "166.35800", "2019-12-31": "170.32500", "2019-09-30": "236.76100", "2019-06-30": "225.16300", "2019-03-31": "230.17500", "2018-12-31": "212.47700", "2018-09-30": "210.00600", "2018-06-30": "207.33400", "2018-03-31": "199.20800", "2017-12-31": "236.34200", "2017-09-30": "243.86700", "2017-06-30": "246.27700", "2017-03-31": "227.63500", "2016-12-31": "189.14900", "2016-09-30": "205.17700", "2016-06-30": "196.84100", "2016-03-31": "198.53500", "2015-12-31": "154.02500", "2015-09-30": "183.04800", "2015-06-30": "188.89800", "2015-03-31": "180.91800", "2014-12-31": "155.48000", "2014-09-30": "203.68400", "2014-06-30": "189.01800", "2014-03-31": "170.43400", "2013-12-31": "139.11300", "2013-09-30": "179.40200", "2013-06-30": "178.15900", "2013-03-31": "173.72800", "2012-12-31": "150.76900", "2012-09-30": "205.71000", "2012-06-30": "159.93400", "2012-03-31": "146.56300", "2011-12-31": "127.72100", "2011-09-30": "171.54400", "2011-06-30": "186.67600", "2011-03-31": "155.46800", "2010-12-31": "126.84800", "2010-09-30": "153.01800", "2010-06-30": "137.24300", "2010-03-31": "138.12500", "2009-12-31": "116.55100", "2009-09-30": "128.49500", "2009-06-30": "117.28000", "2009-03-31": "97.40100", "2008-12-31": "89.93600", "2008-09-30": "116.61700", "2008-06-30": "130.65000", "2008-03-31": "153.66300", "2007-12-31": "146.15500", "2007-09-30": "144.70300", "2007-06-30": "129.87300", "2007-03-31": "", "2006-09-30": "", "2006-06-30": ""}, "Other Current Assets": {"2020-09-30": "", "2020-06-30": "", "2020-03-31": "", "2019-12-31": "", "2019-09-30": "", "2019-06-30": "", "2019-03-31": "", "2018-12-31": "", "2018-09-30": "", "2018-06-30": "", "2018-03-31": "", "2017-12-31": "", "2017-09-30": "", "2017-06-30": "", "2017-03-31": "", "2016-12-31": "", "2016-09-30": "", "2016-06-30": "", "2016-03-31": "", "2015-12-31": "", "2015-09-30": "", "2015-06-30": "", "2015-03-31": "", "2014-12-31": "", "2014-09-30": "", "2014-06-30": "", "2014-03-31": "", "2013-12-31": "", "2013-09-30": "", "2013-06-30": "", "2013-03-31": "", "2012-12-31": "", "2012-09-30": "", "2012-06-30": "", "2012-03-31": "", "2011-12-31": "", "2011-09-30": "", "2011-06-30": "", "2011-03-31": "", "2010-12-31": "", "2010-09-30": "", "2010-06-30": "", "2010-03-31": "", "2009-12-31": "", "2009-09-30": "", "2009-06-30": "", "2009-03-31": "", "2008-12-31": "", "2008-09-30": "", "2008-06-30": "", "2008-03-31": "", "2007-12-31": "", "2007-09-30": "", "2007-06-30": "", "2007-03-31": "", "2006-09-30": "", "2006-06-30": ""}, "Total Current Assets": {"2020-09-30": "1878.71300", "2020-06-30": "1916.22700", "2020-03-31": "1478.93700", "2019-12-31": "1551.67600", "2019-09-30": "1556.86500", "2019-06-30": "1459.79500", "2019-03-31": "1394.54400", "2018-12-31": "1355.05700", "2018-09-30": "1321.28100", "2018-06-30": "1232.58400", "2018-03-31": "1326.50000", "2017-12-31": "1433.89500", "2017-09-30": "1354.61400", "2017-06-30": "1324.95400", "2017-03-31": "1218.69200", "2016-12-31": "1227.03700", "2016-09-30": "1233.79300", "2016-06-30": "1202.32900", "2016-03-31": "1233.92800", "2015-12-31": "1195.06900", "2015-09-30": "1235.51900", "2015-06-30": "1221.44200", "2015-03-31": "1180.80400", "2014-12-31": "1188.50800", "2014-09-30": "1206.05800", "2014-06-30": "1141.05500", "2014-03-31": "1303.48000", "2013-12-31": "1276.14400", "2013-09-30": "1217.11900", "2013-06-30": "1242.61600", "2013-03-31": "1171.98700", "2012-12-31": "1128.76700", "2012-09-30": "1108.96600", "2012-06-30": "1084.71700", "2012-03-31": "1045.48300", "2011-12-31": "985.11900", "2011-09-30": "999.61300", "2011-06-30": "935.81900", "2011-03-31": "959.28400", "2010-12-31": "935.78000", "2010-09-30": "884.85800", "2010-06-30": "822.98600", "2010-03-31": "789.82600", "2009-12-31": "845.96600", "2009-09-30": "811.70400", "2009-06-30": "753.19800", "2009-03-31": "732.25400", "2008-12-31": "744.33400", "2008-09-30": "711.09800", "2008-06-30": "690.64000", "2008-03-31": "687.62200", "2007-12-31": "671.86100", "2007-09-30": "620.72300", "2007-06-30": "361.25400", "2007-03-31": "", "2006-09-30": "", "2006-06-30": ""}, "Property, Plant, And Equipment": {"2020-09-30": "237.47300", "2020-06-30": "233.75800", "2020-03-31": "245.80000", "2019-12-31": "254.03500", "2019-09-30": "216.38500", "2019-06-30": "211.24400", "2019-03-31": "206.82000", "2018-12-31": "212.71500", "2018-09-30": "211.38200", "2018-06-30": "202.66900", "2018-03-31": "205.03500", "2017-12-31": "207.03000", "2017-09-30": "205.62300", "2017-06-30": "208.65800", "2017-03-31": "212.56200", "2016-12-31": "193.21800", "2016-09-30": "189.79500", "2016-06-30": "185.64300", "2016-03-31": "179.69900", "2015-12-31": "175.39600", "2015-09-30": "163.84800", "2015-06-30": "169.63100", "2015-03-31": "173.57600", "2014-12-31": "175.93600", "2014-09-30": "176.17300", "2014-06-30": "176.28200", "2014-03-31": "170.30800", "2013-12-31": "173.20400", "2013-09-30": "168.37400", "2013-06-30": "180.60600", "2013-03-31": "197.85300", "2012-12-31": "200.36200", "2012-09-30": "197.92900", "2012-06-30": "180.52100", "2012-03-31": "188.54500", "2011-12-31": "180.50400", "2011-09-30": "180.63300", "2011-06-30": "193.79500", "2011-03-31": "187.63000", "2010-12-31": "197.16600", "2010-09-30": "200.13900", "2010-06-30": "203.76300", "2010-03-31": "197.13800", "2009-12-31": "189.11200", "2009-09-30": "178.38100", "2009-06-30": "181.35200", "2009-03-31": "167.80800", "2008-12-31": "174.26600", "2008-09-30": "179.07800", "2008-06-30": "177.95900", "2008-03-31": "191.46600", "2007-12-31": "195.66000", "2007-09-30": "177.97300", "2007-06-30": "167.23100", "2007-03-31": "", "2006-09-30": "", "2006-06-30": ""}, "Long-Term Investments": {"2020-09-30": "", "2020-06-30": "", "2020-03-31": "", "2019-12-31": "", "2019-09-30": "", "2019-06-30": "0.84200", "2019-03-31": "0.85200", "2018-12-31": "0.83600", "2018-09-30": "0.82500", "2018-06-30": "0.83400", "2018-03-31": "0.91900", "2017-12-31": "0.88600", "2017-09-30": "0.83300", "2017-06-30": "0.80900", "2017-03-31": "0.76900", "2016-12-31": "4.80000", "2016-09-30": "6.22100", "2016-06-30": "6.23000", "2016-03-31": "8.31500", "2015-12-31": "6.67700", "2015-09-30": "5.74700", "2015-06-30": "9.20200", "2015-03-31": "3.05000", "2014-12-31": "0.49400", "2014-09-30": "0.47100", "2014-06-30": "0.45000", "2014-03-31": "0.41800", "2013-12-31": "0.38400", "2013-09-30": "0.34900", "2013-06-30": "0.33400", "2013-03-31": "0.30300", "2012-12-31": "0.41600", "2012-09-30": "0.44000", "2012-06-30": "0.35600", "2012-03-31": "0.41300", "2011-12-31": "0.22000", "2011-09-30": "0.28600", "2011-06-30": "1.65200", "2011-03-31": "1.78200", "2010-12-31": "1.91300", "2010-09-30": "2.20200", "2010-06-30": "2.30200", "2010-03-31": "2.25900", "2009-12-31": "0.58800", "2009-09-30": "0.66700", "2009-06-30": "0.84300", "2009-03-31": "0.68600", "2008-12-31": "0.97000", "2008-09-30": "0.81000", "2008-06-30": "0.76000", "2008-03-31": "", "2007-12-31": "0.19700", "2007-09-30": "0.32300", "2007-06-30": "0.37500", "2007-03-31": "", "2006-09-30": "", "2006-06-30": ""}, "Goodwill And Intangible Assets": {"2020-09-30": "1744.51100", "2020-06-30": "1752.60500", "2020-03-31": "1769.71500", "2019-12-31": "1805.32700", "2019-09-30": "1552.05800", "2019-06-30": "1566.00800", "2019-03-31": "1573.68400", "2018-12-31": "1570.91900", "2018-09-30": "1521.43600", "2018-06-30": "1431.98500", "2018-03-31": "1462.83200", "2017-12-31": "1468.71200", "2017-09-30": "1453.52700", "2017-06-30": "1387.57900", "2017-03-31": "1166.39900", "2016-12-31": "1148.35400", "2016-09-30": "1164.13600", "2016-06-30": "1140.38900", "2016-03-31": "1145.38500", "2015-12-31": "1136.94700", "2015-09-30": "1145.47200", "2015-06-30": "1169.78500", "2015-03-31": "1169.78400", "2014-12-31": "1171.75800", "2014-09-30": "1170.90300", "2014-06-30": "1194.46500", "2014-03-31": "1061.41400", "2013-12-31": "1052.96500", "2013-09-30": "1057.35600", "2013-06-30": "1074.72000", "2013-03-31": "1110.22200", "2012-12-31": "1068.45100", "2012-09-30": "1085.43300", "2012-06-30": "1036.45200", "2012-03-31": "1049.27700", "2011-12-31": "1038.62700", "2011-09-30": "1067.04400", "2011-06-30": "1092.01700", "2011-03-31": "608.96500", "2010-12-31": "603.50000", "2010-09-30": "596.19000", "2010-06-30": "593.81300", "2010-03-31": "613.26100", "2009-12-31": "584.95100", "2009-09-30": "574.99900", "2009-06-30": "585.40400", "2009-03-31": "555.30900", "2008-12-31": "594.06400", "2008-09-30": "624.90600", "2008-06-30": "673.62200", "2008-03-31": "691.86700", "2007-12-31": "710.75200", "2007-09-30": "689.16500", "2007-06-30": "696.23800", "2007-03-31": "", "2006-09-30": "", "2006-06-30": ""}, "Other Long-Term Assets": {"2020-09-30": "506.63200", "2020-06-30": "489.70500", "2020-03-31": "463.87300", "2019-12-31": "422.57700", "2019-09-30": "392.00200", "2019-06-30": "398.99300", "2019-03-31": "383.36000", "2018-12-31": "315.35200", "2018-09-30": "307.49300", "2018-06-30": "309.72800", "2018-03-31": "320.10700", "2017-12-31": "262.16900", "2017-09-30": "260.02100", "2017-06-30": "249.86600", "2017-03-31": "252.27900", "2016-12-31": "242.32800", "2016-09-30": "220.07400", "2016-06-30": "219.81000", "2016-03-31": "172.33100", "2015-12-31": "180.00500", "2015-09-30": "162.83200", "2015-06-30": "149.67700", "2015-03-31": "149.93000", "2014-12-31": "146.70600", "2014-09-30": "123.84600", "2014-06-30": "110.06200", "2014-03-31": "91.89800", "2013-12-31": "97.36500", "2013-09-30": "98.05900", "2013-06-30": "105.86600", "2013-03-31": "111.88200", "2012-12-31": "116.54800", "2012-09-30": "123.07500", "2012-06-30": "112.76600", "2012-03-31": "114.78000", "2011-12-31": "107.03700", "2011-09-30": "106.66300", "2011-06-30": "128.61600", "2011-03-31": "109.63000", "2010-12-31": "120.00300", "2010-09-30": "111.27300", "2010-06-30": "95.28800", "2010-03-31": "136.20000", "2009-12-31": "90.42100", "2009-09-30": "71.06900", "2009-06-30": "71.13200", "2009-03-31": "72.47600", "2008-12-31": "71.69000", "2008-09-30": "74.23300", "2008-06-30": "79.85800", "2008-03-31": "137.22800", "2007-12-31": "162.80000", "2007-09-30": "161.84200", "2007-06-30": "123.08900", "2007-03-31": "", "2006-09-30": "", "2006-06-30": ""}, "Total Long-Term Assets": {"2020-09-30": "2924.92500", "2020-06-30": "2929.85900", "2020-03-31": "2923.84300", "2019-12-31": "2902.50800", "2019-09-30": "2540.89600", "2019-06-30": "2552.96200", "2019-03-31": "2510.27000", "2018-12-31": "2174.38800", "2018-09-30": "2135.34800", "2018-06-30": "2033.49400", "2018-03-31": "2070.62700", "2017-12-31": "2015.72600", "2017-09-30": "1995.27700", "2017-06-30": "1914.48000", "2017-03-31": "1693.03800", "2016-12-31": "1658.84300", "2016-09-30": "1659.12400", "2016-06-30": "1632.18600", "2016-03-31": "1609.63600", "2015-12-31": "1598.42000", "2015-09-30": "1553.48600", "2015-06-30": "1566.00400", "2015-03-31": "1555.46500", "2014-12-31": "1554.02900", "2014-09-30": "1533.32600", "2014-06-30": "1547.12500", "2014-03-31": "1400.08600", "2013-12-31": "1413.22300", "2013-09-30": "1427.01600", "2013-06-30": "1457.71300", "2013-03-31": "1505.02300", "2012-12-31": "1477.16000", "2012-09-30": "1489.70300", "2012-06-30": "1442.36600", "2012-03-31": "1430.76000", "2011-12-31": "1418.26800", "2011-09-30": "1428.85300", "2011-06-30": "1467.55400", "2011-03-31": "945.65800", "2010-12-31": "957.68100", "2010-09-30": "942.42900", "2010-06-30": "934.03200", "2010-03-31": "970.74800", "2009-12-31": "901.59910", "2009-09-30": "903.04700", "2009-06-30": "927.64400", "2009-03-31": "925.23200", "2008-12-31": "951.99200", "2008-09-30": "952.30600", "2008-06-30": "990.77910", "2008-03-31": "1026.69600", "2007-12-31": "1071.60500", "2007-09-30": "1029.75500", "2007-06-30": "987.97700", "2007-03-31": "", "2006-09-30": "", "2006-06-30": ""}, "Total Assets": {"2020-09-30": "4803.63800", "2020-06-30": "4846.08600", "2020-03-31": "4402.78000", "2019-12-31": "4454.18400", "2019-09-30": "4097.76100", "2019-06-30": "4012.75700", "2019-03-31": "3904.81400", "2018-12-31": "3529.44500", "2018-09-30": "3456.62900", "2018-06-30": "3266.07800", "2018-03-31": "3397.12700", "2017-12-31": "3449.62100", "2017-09-30": "3349.89100", "2017-06-30": "3239.43400", "2017-03-31": "2911.73000", "2016-12-31": "2885.88000", "2016-09-30": "2892.91700", "2016-06-30": "2834.51500", "2016-03-31": "2843.56400", "2015-12-31": "2793.48900", "2015-09-30": "2789.00500", "2015-06-30": "2787.44600", "2015-03-31": "2736.26900", "2014-12-31": "2742.53700", "2014-09-30": "2739.38400", "2014-06-30": "2688.18000", "2014-03-31": "2703.56600", "2013-12-31": "2689.36700", "2013-09-30": "2644.13500", "2013-06-30": "2700.32900", "2013-03-31": "2677.01000", "2012-12-31": "2605.92700", "2012-09-30": "2598.66900", "2012-06-30": "2527.08300", "2012-03-31": "2476.24300", "2011-12-31": "2403.38700", "2011-09-30": "2428.46600", "2011-06-30": "2403.37300", "2011-03-31": "1904.94200", "2010-12-31": "1893.46100", "2010-09-30": "1827.28700", "2010-06-30": "1757.01800", "2010-03-31": "1760.57400", "2009-12-31": "1747.56500", "2009-09-30": "1714.75100", "2009-06-30": "1680.84200", "2009-03-31": "1657.48600", "2008-12-31": "1696.32600", "2008-09-30": "1663.40400", "2008-06-30": "1681.41900", "2008-03-31": "1714.31800", "2007-12-31": "1743.46600", "2007-09-30": "1650.47800", "2007-06-30": "1349.23100", "2007-03-31": "0.00000", "2006-09-30": "0.00000", "2006-06-30": "0.00000"}, "Total Current Liabilities": {"2020-09-30": "1146.65000", "2020-06-30": "1283.31600", "2020-03-31": "944.05700", "2019-12-31": "910.21100", "2019-09-30": "1064.19400", "2019-06-30": "1003.15100", "2019-03-31": "1011.78100", "2018-12-31": "976.31200", "2018-09-30": "1006.18700", "2018-06-30": "812.94500", "2018-03-31": "871.19000", "2017-12-31": "838.78400", "2017-09-30": "823.15300", "2017-06-30": "766.12000", "2017-03-31": "523.32200", "2016-12-31": "731.35500", "2016-09-30": "697.24400", "2016-06-30": "572.74600", "2016-03-31": "590.36900", "2015-12-31": "594.48000", "2015-09-30": "585.98100", "2015-06-30": "532.47300", "2015-03-31": "564.71900", "2014-12-31": "622.11400", "2014-09-30": "671.49300", "2014-06-30": "640.24700", "2014-03-31": "425.43500", "2013-12-31": "461.69300", "2013-09-30": "481.71700", "2013-06-30": "562.01400", "2013-03-31": "511.46500", "2012-12-31": "517.81800", "2012-09-30": "549.12000", "2012-06-30": "701.57700", "2012-03-31": "610.24700", "2011-12-31": "661.82800", "2011-09-30": "639.95800", "2011-06-30": "593.15100", "2011-03-31": "270.63100", "2010-12-31": "322.54800", "2010-09-30": "350.75200", "2010-06-30": "364.55800", "2010-03-31": "341.57400", "2009-12-31": "395.58300", "2009-09-30": "421.54400", "2009-06-30": "385.10400", "2009-03-31": "451.42400", "2008-12-31": "425.05900", "2008-09-30": "376.75500", "2008-06-30": "315.05400", "2008-03-31": "270.79300", "2007-12-31": "278.33900", "2007-09-30": "248.22000", "2007-06-30": "308.61700", "2007-03-31": "", "2006-09-30": "", "2006-06-30": ""}, "Long Term Debt": {"2020-09-30": "1315.47700", "2020-06-30": "1323.58300", "2020-03-31": "1331.68900", "2019-12-31": "1339.79600", "2019-09-30": "950.90810", "2019-06-30": "959.15100", "2019-03-31": "966.87290", "2018-12-31": "975.64500", "2018-09-30": "983.88400", "2018-06-30": "987.31400", "2018-03-31": "996.99900", "2017-12-31": "1006.68700", "2017-09-30": "1016.37100", "2017-06-30": "1026.04700", "2017-03-31": "1035.77800", "2016-12-31": "698.15200", "2016-09-30": "707.94900", "2016-06-30": "717.74500", "2016-03-31": "727.53800", "2015-12-31": "737.33200", "2015-09-30": "747.11800", "2015-06-30": "759.36700", "2015-03-31": "650.79000", "2014-12-31": "649.31400", "2014-09-30": "653.22700", "2014-06-30": "654.44400", "2014-03-31": "655.27500", "2013-12-31": "656.25800", "2013-09-30": "657.40000", "2013-06-30": "658.51000", "2013-03-31": "658.45000", "2012-12-31": "659.41200", "2012-09-30": "660.46300", "2012-06-30": "61.22800", "2012-03-31": "75.94700", "2011-12-31": "75.63100", "2011-09-30": "90.60200", "2011-06-30": "90.43700", "2011-03-31": "2.08800", "2010-12-31": "2.48900", "2010-09-30": "2.74600", "2010-06-30": "3.10400", "2010-03-31": "15.86900", "2009-12-31": "28.32900", "2009-09-30": "40.94900", "2009-06-30": "53.67900", "2009-03-31": "63.49100", "2008-12-31": "74.00600", "2008-09-30": "83.48000", "2008-06-30": "95.06500", "2008-03-31": "100.19300", "2007-12-31": "105.88700", "2007-09-30": "111.07600", "2007-06-30": "115.91700", "2007-03-31": "", "2006-09-30": "", "2006-06-30": ""}, "Other Non-Current Liabilities": {"2020-09-30": "256.02100", "2020-06-30": "249.52300", "2020-03-31": "239.79300", "2019-12-31": "208.91600", "2019-09-30": "194.11300", "2019-06-30": "178.82600", "2019-03-31": "170.87000", "2018-12-31": "165.22600", "2018-09-30": "175.02800", "2018-06-30": "162.35800", "2018-03-31": "155.85800", "2017-12-31": "168.60900", "2017-09-30": "184.96500", "2017-06-30": "177.54600", "2017-03-31": "165.56100", "2016-12-31": "162.79000", "2016-09-30": "173.79700", "2016-06-30": "186.34200", "2016-03-31": "170.45500", "2015-12-31": "155.22800", "2015-09-30": "168.28900", "2015-06-30": "170.07900", "2015-03-31": "176.26200", "2014-12-31": "179.30200", "2014-09-30": "161.30100", "2014-06-30": "182.25300", "2014-03-31": "189.34300", "2013-12-31": "242.88400", "2013-09-30": "297.95500", "2013-06-30": "277.13700", "2013-03-31": "243.25300", "2012-12-31": "250.84800", "2012-09-30": "230.39300", "2012-06-30": "304.23300", "2012-03-31": "216.97700", "2011-12-31": "228.34000", "2011-09-30": "140.21700", "2011-06-30": "87.89100", "2011-03-31": "82.89100", "2010-12-31": "84.22900", "2010-09-30": "92.27800", "2010-06-30": "103.02400", "2010-03-31": "85.61900", "2009-12-31": "119.50800", "2009-09-30": "189.14700", "2009-06-30": "230.90600", "2009-03-31": "356.96000", "2008-12-31": "342.72100", "2008-09-30": "248.59500", "2008-06-30": "198.72200", "2008-03-31": "101.73000", "2007-12-31": "64.70700", "2007-09-30": "66.00900", "2007-06-30": "53.43300", "2007-03-31": "", "2006-09-30": "", "2006-06-30": ""}, "Total Long Term Liabilities": {"2020-09-30": "1879.80800", "2020-06-30": "1902.15600", "2020-03-31": "1885.64400", "2019-12-31": "1854.80200", "2019-09-30": "1427.88300", "2019-06-30": "1426.23600", "2019-03-31": "1397.86400", "2018-12-31": "1148.95100", "2018-09-30": "1165.42400", "2018-06-30": "1156.70800", "2018-03-31": "1159.94000", "2017-12-31": "1186.79300", "2017-09-30": "1212.38500", "2017-06-30": "1214.89400", "2017-03-31": "1206.76400", "2016-12-31": "867.87700", "2016-09-30": "887.43600", "2016-06-30": "909.70500", "2016-03-31": "903.59100", "2015-12-31": "894.65300", "2015-09-30": "921.67300", "2015-06-30": "935.03600", "2015-03-31": "833.02500", "2014-12-31": "835.28700", "2014-09-30": "819.36000", "2014-06-30": "842.12800", "2014-03-31": "849.03910", "2013-12-31": "903.60600", "2013-09-30": "960.89400", "2013-06-30": "941.69300", "2013-03-31": "907.45000", "2012-12-31": "916.32810", "2012-09-30": "895.95100", "2012-06-30": "368.71200", "2012-03-31": "294.39200", "2011-12-31": "305.87600", "2011-09-30": "232.46900", "2011-06-30": "180.12400", "2011-03-31": "87.21300", "2010-12-31": "89.67100", "2010-09-30": "96.25600", "2010-06-30": "108.67800", "2010-03-31": "105.63000", "2009-12-31": "152.23500", "2009-09-30": "234.45200", "2009-06-30": "291.05100", "2009-03-31": "428.00000", "2008-12-31": "426.90100", "2008-09-30": "343.90200", "2008-06-30": "309.25400", "2008-03-31": "228.58500", "2007-12-31": "214.39800", "2007-09-30": "218.92800", "2007-06-30": "211.05100", "2007-03-31": "", "2006-09-30": "", "2006-06-30": ""}, "Total Liabilities": {"2020-09-30": "3026.45800", "2020-06-30": "3185.47200", "2020-03-31": "2829.70100", "2019-12-31": "2765.01300", "2019-09-30": "2492.07700", "2019-06-30": "2429.38700", "2019-03-31": "2409.64500", "2018-12-31": "2125.26300", "2018-09-30": "2171.61100", "2018-06-30": "1969.65300", "2018-03-31": "2031.13000", "2017-12-31": "2025.57700", "2017-09-30": "2035.53800", "2017-06-30": "1981.01400", "2017-03-31": "1730.08600", "2016-12-31": "1599.23200", "2016-09-30": "1584.68000", "2016-06-30": "1482.45100", "2016-03-31": "1490.33900", "2015-12-31": "1489.13300", "2015-09-30": "1507.65400", "2015-06-30": "1467.50900", "2015-03-31": "1397.74400", "2014-12-31": "1457.40100", "2014-09-30": "1490.85300", "2014-06-30": "1482.37500", "2014-03-31": "1274.47400", "2013-12-31": "1365.29900", "2013-09-30": "1442.61100", "2013-06-30": "1503.70700", "2013-03-31": "1418.91500", "2012-12-31": "1434.14600", "2012-09-30": "1445.07100", "2012-06-30": "1070.28900", "2012-03-31": "904.63900", "2011-12-31": "967.70400", "2011-09-30": "872.42700", "2011-06-30": "773.27500", "2011-03-31": "357.84400", "2010-12-31": "412.21900", "2010-09-30": "447.00800", "2010-06-30": "473.23600", "2010-03-31": "447.20400", "2009-12-31": "547.81800", "2009-09-30": "655.99600", "2009-06-30": "676.15500", "2009-03-31": "879.42400", "2008-12-31": "851.96000", "2008-09-30": "720.65700", "2008-06-30": "624.30800", "2008-03-31": "499.37800", "2007-12-31": "492.73700", "2007-09-30": "467.14800", "2007-06-30": "519.66800", "2007-03-31": "", "2006-09-30": "", "2006-06-30": ""}, "Common Stock Net": {"2020-09-30": "1.90000", "2020-06-30": "1.90300", "2020-03-31": "1.89800", "2019-12-31": "1.89600", "2019-09-30": "1.89600", "2019-06-30": "1.89900", "2019-03-31": "1.89100", "2018-12-31": "1.88800", "2018-09-30": "1.89600", "2018-06-30": "1.89500", "2018-03-31": "1.90300", "2017-12-31": "1.92400", "2017-09-30": "1.92600", "2017-06-30": "1.92400", "2017-03-31": "1.92400", "2016-12-31": "1.98400", "2016-09-30": "2.02400", "2016-06-30": "2.08600", "2016-03-31": "2.10000", "2015-12-31": "2.11100", "2015-09-30": "2.13300", "2015-06-30": "2.16500", "2015-03-31": "2.19400", "2014-12-31": "2.18400", "2014-09-30": "2.16200", "2014-06-30": "2.16000", "2014-03-31": "2.33100", "2013-12-31": "2.31000", "2013-09-30": "2.30000", "2013-06-30": "2.29400", "2013-03-31": "2.27800", "2012-12-31": "2.25300", "2012-09-30": "2.24000", "2012-06-30": "2.22800", "2012-03-31": "2.22200", "2011-12-31": "2.22200", "2011-09-30": "2.21800", "2011-06-30": "2.21400", "2011-03-31": "2.21000", "2010-12-31": "2.20800", "2010-09-30": "2.20200", "2010-06-30": "2.19300", "2010-03-31": "2.18500", "2009-12-31": "2.17400", "2009-09-30": "2.16100", "2009-06-30": "2.15500", "2009-03-31": "2.14700", "2008-12-31": "2.14600", "2008-09-30": "2.14500", "2008-06-30": "2.13900", "2008-03-31": "2.12300", "2007-12-31": "2.12100", "2007-09-30": "2.11700", "2007-06-30": "11.92800", "2007-03-31": "", "2006-09-30": "", "2006-06-30": ""}, "Retained Earnings (Accumulated Deficit)": {"2020-09-30": "748.62100", "2020-06-30": "710.38200", "2020-03-31": "666.81600", "2019-12-31": "648.65600", "2019-09-30": "588.71400", "2019-06-30": "540.70900", "2019-03-31": "483.17500", "2018-12-31": "438.45300", "2018-09-30": "397.47000", "2018-06-30": "338.12000", "2018-03-31": "321.91600", "2017-12-31": "355.98200", "2017-09-30": "338.34900", "2017-06-30": "276.18400", "2017-03-31": "219.77600", "2016-12-31": "358.12100", "2016-09-30": "361.43500", "2016-06-30": "448.86700", "2016-03-31": "437.04300", "2015-12-31": "411.50800", "2015-09-30": "415.00300", "2015-06-30": "424.62400", "2015-03-31": "430.05500", "2014-12-31": "398.70600", "2014-09-30": "352.95400", "2014-06-30": "306.30100", "2014-03-31": "562.31200", "2013-12-31": "511.69900", "2013-09-30": "462.85700", "2013-06-30": "392.59500", "2013-03-31": "328.71900", "2012-12-31": "281.98200", "2012-09-30": "228.58100", "2012-06-30": "705.02600", "2012-03-31": "643.92600", "2011-12-31": "605.38600", "2011-09-30": "544.26600", "2011-06-30": "496.22100", "2011-03-31": "457.21100", "2010-12-31": "421.09200", "2010-09-30": "375.06300", "2010-06-30": "334.93200", "2010-03-31": "307.08500", "2009-12-31": "278.91100", "2009-09-30": "244.32200", "2009-06-30": "211.25600", "2009-03-31": "181.56900", "2008-12-31": "151.61000", "2008-09-30": "104.61300", "2008-06-30": "70.97900", "2008-03-31": "46.16200", "2007-12-31": "26.46900", "2007-09-30": "-4.69200", "2007-06-30": "-18.54600", "2007-03-31": "", "2006-09-30": "", "2006-06-30": ""}, "Comprehensive Income": {"2020-09-30": "-585.42500", "2020-06-30": "-641.68800", "2020-03-31": "-661.82600", "2019-12-31": "-531.95600", "2019-09-30": "-529.68100", "2019-06-30": "-479.26300", "2019-03-31": "-483.60300", "2018-12-31": "-507.46000", "2018-09-30": "-568.02200", "2018-06-30": "-481.66200", "2018-03-31": "-380.71900", "2017-12-31": "-355.23000", "2017-09-30": "-395.31400", "2017-06-30": "-376.62400", "2017-03-31": "-387.32100", "2016-12-31": "-457.92500", "2016-09-30": "-441.01100", "2016-06-30": "-472.56800", "2016-03-31": "-443.94500", "2015-12-31": "-451.28500", "2015-09-30": "-458.74400", "2015-06-30": "-421.38200", "2015-03-31": "-401.54400", "2014-12-31": "-412.48400", "2014-09-30": "-393.47100", "2014-06-30": "-377.88700", "2014-03-31": "-402.94900", "2013-12-31": "-459.61400", "2013-09-30": "-517.79100", "2013-06-30": "-439.45800", "2013-03-31": "-296.90900", "2012-12-31": "-318.27200", "2012-09-30": "-267.46100", "2012-06-30": "-419.45800", "2012-03-31": "-233.07000", "2011-12-31": "-320.75300", "2011-09-30": "-127.56600", "2011-06-30": "8.40700", "2011-03-31": "-24.34400", "2010-12-31": "-50.23800", "2010-09-30": "-96.28800", "2010-06-30": "-141.02900", "2010-03-31": "-73.16900", "2009-12-31": "-146.99300", "2009-09-30": "-243.56500", "2009-06-30": "-256.67700", "2009-03-31": "-443.75900", "2008-12-31": "-342.26700", "2008-09-30": "-189.85300", "2008-06-30": "-33.35100", "2008-03-31": "161.87100", "2007-12-31": "221.96000", "2007-09-30": "191.77700", "2007-06-30": "152.90700", "2007-03-31": "", "2006-09-30": "", "2006-06-30": ""}, "Other Share Holders Equity": {"2020-09-30": "", "2020-06-30": "", "2020-03-31": "", "2019-12-31": "", "2019-09-30": "", "2019-06-30": "", "2019-03-31": "", "2018-12-31": "", "2018-09-30": "", "2018-06-30": "", "2018-03-31": "", "2017-12-31": "", "2017-09-30": "", "2017-06-30": "", "2017-03-31": "", "2016-12-31": "", "2016-09-30": "", "2016-06-30": "", "2016-03-31": "", "2015-12-31": "", "2015-09-30": "", "2015-06-30": "", "2015-03-31": "", "2014-12-31": "", "2014-09-30": "", "2014-06-30": "", "2014-03-31": "", "2013-12-31": "", "2013-09-30": "", "2013-06-30": "", "2013-03-31": "", "2012-12-31": "", "2012-09-30": "", "2012-06-30": "", "2012-03-31": "", "2011-12-31": "", "2011-09-30": "", "2011-06-30": "", "2011-03-31": "", "2010-12-31": "", "2010-09-30": "", "2010-06-30": "", "2010-03-31": "", "2009-12-31": "", "2009-09-30": "", "2009-06-30": "", "2009-03-31": "", "2008-12-31": "", "2008-09-30": "", "2008-06-30": "", "2008-03-31": "", "2007-12-31": "", "2007-09-30": "", "2007-06-30": "", "2007-03-31": "", "2006-09-30": "", "2006-06-30": ""}, "Share Holder Equity": {"2020-09-30": "1777.18000", "2020-06-30": "1660.61400", "2020-03-31": "1573.07900", "2019-12-31": "1689.17100", "2019-09-30": "1605.68400", "2019-06-30": "1583.37000", "2019-03-31": "1495.16900", "2018-12-31": "1404.18200", "2018-09-30": "1285.01800", "2018-06-30": "1296.42500", "2018-03-31": "1365.99700", "2017-12-31": "1424.04400", "2017-09-30": "1314.35300", "2017-06-30": "1258.42000", "2017-03-31": "1181.64400", "2016-12-31": "1286.64800", "2016-09-30": "1308.23700", "2016-06-30": "1352.06400", "2016-03-31": "1353.22500", "2015-12-31": "1304.35600", "2015-09-30": "1281.35100", "2015-06-30": "1319.93700", "2015-03-31": "1338.52500", "2014-12-31": "1285.13600", "2014-09-30": "1248.53100", "2014-06-30": "1205.80500", "2014-03-31": "1429.09200", "2013-12-31": "1324.06800", "2013-09-30": "1201.52400", "2013-06-30": "1196.62200", "2013-03-31": "1258.09500", "2012-12-31": "1171.78100", "2012-09-30": "1153.59800", "2012-06-30": "1456.79400", "2012-03-31": "1571.60400", "2011-12-31": "1435.68300", "2011-09-30": "1556.03900", "2011-06-30": "1630.09800", "2011-03-31": "1547.09800", "2010-12-31": "1481.24200", "2010-09-30": "1380.27900", "2010-06-30": "1283.78200", "2010-03-31": "1313.37000", "2009-12-31": "1199.74700", "2009-09-30": "1058.75500", "2009-06-30": "1004.68700", "2009-03-31": "778.06200", "2008-12-31": "844.36600", "2008-09-30": "942.74700", "2008-06-30": "1057.11100", "2008-03-31": "1214.94000", "2007-12-31": "1250.72900", "2007-09-30": "1183.33000", "2007-06-30": "829.56300", "2007-03-31": "", "2006-09-30": "", "2006-06-30": ""}, "Total Liabilities And Share Holders Equity": {"2020-09-30": "4803.63800", "2020-06-30": "4846.08600", "2020-03-31": "4402.78000", "2019-12-31": "4454.18400", "2019-09-30": "4097.76100", "2019-06-30": "4012.75700", "2019-03-31": "3904.81400", "2018-12-31": "3529.44500", "2018-09-30": "3456.62900", "2018-06-30": "3266.07800", "2018-03-31": "3397.12700", "2017-12-31": "3449.62100", "2017-09-30": "3349.89100", "2017-06-30": "3239.43400", "2017-03-31": "2911.73000", "2016-12-31": "2885.88000", "2016-09-30": "2892.91700", "2016-06-30": "2834.51500", "2016-03-31": "2843.56400", "2015-12-31": "2793.48900", "2015-09-30": "2789.00500", "2015-06-30": "2787.44600", "2015-03-31": "2736.26900", "2014-12-31": "2742.53700", "2014-09-30": "2739.38400", "2014-06-30": "2688.18000", "2014-03-31": "2703.56600", "2013-12-31": "2689.36700", "2013-09-30": "2644.13500", "2013-06-30": "2700.32900", "2013-03-31": "2677.01000", "2012-12-31": "2605.92700", "2012-09-30": "2598.66900", "2012-06-30": "2527.08300", "2012-03-31": "2476.24300", "2011-12-31": "2403.38700", "2011-09-30": "2428.46600", "2011-06-30": "2403.37300", "2011-03-31": "1904.94200", "2010-12-31": "1893.46100", "2010-09-30": "1827.28700", "2010-06-30": "1757.01800", "2010-03-31": "1760.57400", "2009-12-31": "1747.56500", "2009-09-30": "1714.75100", "2009-06-30": "1680.84200", "2009-03-31": "1657.48600", "2008-12-31": "1696.32600", "2008-09-30": "1663.40400", "2008-06-30": "1681.41900", "2008-03-31": "1714.31800", "2007-12-31": "1743.46600", "2007-09-30": "1650.47800", "2007-06-30": "1349.23100", "2007-03-31": "", "2006-09-30": "", "2006-06-30": ""}}, "cash flow statement": {"Net Income/Loss": {"2019-12-31": "304.88100", "2018-12-31": "282.01900", "2017-12-31": "263.11100", "2016-12-31": "269.68400", "2015-12-31": "239.81700", "2014-12-31": "192.00200", "2013-12-31": "229.71700", "2012-12-31": "178.21600", "2011-12-31": "184.29400", "2010-12-31": "149.03100", "2009-12-31": "127.30100", "2008-12-31": "125.14100", "2007-12-31": "56.42300", "2006-12-31": "39.77200", "2005-12-31": "17.10400"}, "Total Depreciation And Amortization - Cash Flow": {"2019-12-31": "130.49200", "2018-12-31": "107.69300", "2017-12-31": "96.79900", "2016-12-31": "83.26700", "2015-12-31": "96.34500", "2014-12-31": "82.84700", "2013-12-31": "82.49500", "2012-12-31": "87.47300", "2011-12-31": "80.44100", "2010-12-31": "74.54100", "2009-12-31": "80.14800", "2008-12-31": "92.71100", "2007-12-31": "86.32600", "2006-12-31": "81.28000", "2005-12-31": "80.93400"}, "Other Non-Cash Items": {"2019-12-31": "41.98900", "2018-12-31": "63.77700", "2017-12-31": "36.43500", "2016-12-31": "76.10800", "2015-12-31": "18.66700", "2014-12-31": "33.30300", "2013-12-31": "40.34700", "2012-12-31": "18.65900", "2011-12-31": "14.96900", "2010-12-31": "11.27400", "2009-12-31": "7.32800", "2008-12-31": "8.11300", "2007-12-31": "19.50600", "2006-12-31": "-4.96700", "2005-12-31": "10.36200"}, "Total Non-Cash Items": {"2019-12-31": "172.48100", "2018-12-31": "171.47000", "2017-12-31": "133.23400", "2016-12-31": "159.37500", "2015-12-31": "115.01200", "2014-12-31": "116.15000", "2013-12-31": "122.84200", "2012-12-31": "106.13200", "2011-12-31": "95.41000", "2010-12-31": "85.81500", "2009-12-31": "87.47600", "2008-12-31": "100.82400", "2007-12-31": "105.83200", "2006-12-31": "76.31300", "2005-12-31": "91.29600"}, "Change In Accounts Receivable": {"2019-12-31": "-121.98300", "2018-12-31": "-76.89400", "2017-12-31": "-57.26700", "2016-12-31": "-48.61200", "2015-12-31": "-78.92300", "2014-12-31": "-24.08800", "2013-12-31": "-60.81700", "2012-12-31": "-36.17100", "2011-12-31": "-46.31400", "2010-12-31": "-50.41400", "2009-12-31": "-21.98000", "2008-12-31": "-42.42900", "2007-12-31": "-39.45900", "2006-12-31": "-64.04600", "2005-12-31": "-43.58000"}, "Change In Inventories": {"2019-12-31": "", "2018-12-31": "", "2017-12-31": "", "2016-12-31": "", "2015-12-31": "", "2014-12-31": "", "2013-12-31": "", "2012-12-31": "", "2011-12-31": "", "2010-12-31": "", "2009-12-31": "", "2008-12-31": "", "2007-12-31": "", "2006-12-31": "", "2005-12-31": ""}, "Change In Accounts Payable": {"2019-12-31": "-21.37500", "2018-12-31": "26.40100", "2017-12-31": "-2.15500", "2016-12-31": "-0.46300", "2015-12-31": "-3.98800", "2014-12-31": "-7.26800", "2013-12-31": "1.78500", "2012-12-31": "-4.38000", "2011-12-31": "6.80000", "2010-12-31": "-2.63100", "2009-12-31": "4.21400", "2008-12-31": "-3.05400", "2007-12-31": "-2.71000", "2006-12-31": "-1.22100", "2005-12-31": "-2.79000"}, "Change In Assets/Liabilities": {"2019-12-31": "-69.81300", "2018-12-31": "-76.39200", "2017-12-31": "-28.38100", "2016-12-31": "-62.85200", "2015-12-31": "-32.60200", "2014-12-31": "-31.65700", "2013-12-31": "9.37700", "2012-12-31": "58.50900", "2011-12-31": "-16.76200", "2010-12-31": "-22.77100", "2009-12-31": "-27.33000", "2008-12-31": "4.23900", "2007-12-31": "-1.45500", "2006-12-31": "-12.17600", "2005-12-31": "-7.91800"}, "Total Change In Assets/Liabilities": {"2019-12-31": "-47.24500", "2018-12-31": "-115.29500", "2017-12-31": "-36.58200", "2016-12-31": "-83.24600", "2015-12-31": "-27.15000", "2014-12-31": "-37.60500", "2013-12-31": "-46.89400", "2012-12-31": "19.73300", "2011-12-31": "-18.41400", "2010-12-31": "-71.92900", "2009-12-31": "-56.81400", "2008-12-31": "-16.49600", "2007-12-31": "-12.26800", "2006-12-31": "-79.51700", "2005-12-31": "-1.66600"}, "Cash Flow From Operating Activities": {"2019-12-31": "427.88800", "2018-12-31": "339.51100", "2017-12-31": "359.07800", "2016-12-31": "345.77200", "2015-12-31": "327.44100", "2014-12-31": "271.83800", "2013-12-31": "311.60400", "2012-12-31": "310.66000", "2011-12-31": "266.61200", "2010-12-31": "163.09800", "2009-12-31": "158.16900", "2008-12-31": "211.23500", "2007-12-31": "149.98700", "2006-12-31": "36.56800", "2005-12-31": "106.73400"}, "Net Change In Property, Plant, And Equipment": {"2019-12-31": "-73.17700", "2018-12-31": "-84.31000", "2017-12-31": "-55.49300", "2016-12-31": "-81.37900", "2015-12-31": "-60.68700", "2014-12-31": "-62.01300", "2013-12-31": "-45.43700", "2012-12-31": "-82.83700", "2011-12-31": "-34.86000", "2010-12-31": "-53.93200", "2009-12-31": "-51.39300", "2008-12-31": "-62.03100", "2007-12-31": "-62.73500", "2006-12-31": "-74.69100", "2005-12-31": "-36.78400"}, "Net Change In Intangible Assets": {"2019-12-31": "-33.83400", "2018-12-31": "-75.43900", "2017-12-31": "-16.44100", "2016-12-31": "-6.84600", "2015-12-31": "", "2014-12-31": "", "2013-12-31": "", "2012-12-31": "", "2011-12-31": "", "2010-12-31": "", "2009-12-31": "", "2008-12-31": "", "2007-12-31": "", "2006-12-31": "", "2005-12-31": ""}, "Net Acquisitions/Divestitures": {"2019-12-31": "-252.27600", "2018-12-31": "-111.57100", "2017-12-31": "-289.56000", "2016-12-31": "-27.92000", "2015-12-31": "-21.36300", "2014-12-31": "-130.80900", "2013-12-31": "-47.25300", "2012-12-31": "-55.90100", "2011-12-31": "-577.23300", "2010-12-31": "-42.57500", "2009-12-31": "-20.19600", "2008-12-31": "", "2007-12-31": "-19.58800", "2006-12-31": "-9.56100", "2005-12-31": "-11.35000"}, "Net Change In Short-term Investments": {"2019-12-31": "", "2018-12-31": "", "2017-12-31": "", "2016-12-31": "", "2015-12-31": "", "2014-12-31": "0.00000", "2013-12-31": "14.24800", "2012-12-31": "-18.34000", "2011-12-31": "76.98500", "2010-12-31": "65.41100", "2009-12-31": "58.22000", "2008-12-31": "-175.62700", "2007-12-31": "-32.51500", "2006-12-31": "34.77500", "2005-12-31": "-36.71700"}, "Net Change In Long-Term Investments": {"2019-12-31": "2.16800", "2018-12-31": "", "2017-12-31": "-0.49600", "2016-12-31": "-9.62000", "2015-12-31": "-18.42300", "2014-12-31": "", "2013-12-31": "", "2012-12-31": "-0.20500", "2011-12-31": "", "2010-12-31": "-2.32400", "2009-12-31": "-0.29600", "2008-12-31": "-1.78900", "2007-12-31": "-0.44100", "2006-12-31": "", "2005-12-31": ""}, "Net Change In Investments - Total": {"2019-12-31": "2.16800", "2018-12-31": "", "2017-12-31": "-0.49600", "2016-12-31": "-9.62000", "2015-12-31": "-18.42300", "2014-12-31": "", "2013-12-31": "14.24800", "2012-12-31": "-18.54500", "2011-12-31": "76.98500", "2010-12-31": "63.08700", "2009-12-31": "57.92400", "2008-12-31": "-177.41600", "2007-12-31": "-32.95600", "2006-12-31": "34.77500", "2005-12-31": "-36.71700"}, "Investing Activities - Other": {"2019-12-31": "", "2018-12-31": "-4.73000", "2017-12-31": "", "2016-12-31": "", "2015-12-31": "", "2014-12-31": "", "2013-12-31": "", "2012-12-31": "", "2011-12-31": "", "2010-12-31": "", "2009-12-31": "", "2008-12-31": "", "2007-12-31": "", "2006-12-31": "", "2005-12-31": ""}, "Cash Flow From Investing Activities": {"2019-12-31": "-357.11900", "2018-12-31": "-276.05000", "2017-12-31": "-361.99000", "2016-12-31": "-125.76500", "2015-12-31": "-100.47300", "2014-12-31": "-192.82200", "2013-12-31": "-78.44200", "2012-12-31": "-157.28300", "2011-12-31": "-535.10800", "2010-12-31": "-33.42000", "2009-12-31": "-13.66500", "2008-12-31": "-239.44700", "2007-12-31": "-115.27900", "2006-12-31": "-49.47700", "2005-12-31": "-84.85100"}, "Net Long-Term Debt": {"2019-12-31": "358.62000", "2018-12-31": "-39.39500", "2017-12-31": "307.29200", "2016-12-31": "-41.79300", "2015-12-31": "113.09000", "2014-12-31": "-8.84500", "2013-12-31": "-3.49100", "2012-12-31": "566.03300", "2011-12-31": "77.17900", "2010-12-31": "-49.86100", "2009-12-31": "-32.60300", "2008-12-31": "-28.20200", "2007-12-31": "-22.88300", "2006-12-31": "-30.70200", "2005-12-31": "-20.53500"}, "Net Current Debt": {"2019-12-31": "-225.00000", "2018-12-31": "125.00000", "2017-12-31": "10.00000", "2016-12-31": "138.50000", "2015-12-31": "-113.50000", "2014-12-31": "135.00000", "2013-12-31": "-80.00000", "2012-12-31": "-173.00400", "2011-12-31": "252.00000", "2010-12-31": "-0.16500", "2009-12-31": "-24.82000", "2008-12-31": "25.00000", "2007-12-31": "-83.00000", "2006-12-31": "83.00000", "2005-12-31": "-8.20000"}, "Debt Issuance/Retirement Net - Total": {"2019-12-31": "133.62000", "2018-12-31": "85.60500", "2017-12-31": "317.29200", "2016-12-31": "96.70700", "2015-12-31": "-0.41000", "2014-12-31": "126.15500", "2013-12-31": "-83.49100", "2012-12-31": "393.02900", "2011-12-31": "329.17900", "2010-12-31": "-50.02600", "2009-12-31": "-57.42300", "2008-12-31": "-3.20200", "2007-12-31": "-105.88300", "2006-12-31": "52.29800", "2005-12-31": "-28.73500"}, "Net Common Equity Issued/Repurchased": {"2019-12-31": "-10.33000", "2018-12-31": "-140.02400", "2017-12-31": "-204.25600", "2016-12-31": "-326.97200", "2015-12-31": "-210.82900", "2014-12-31": "-272.48100", "2013-12-31": "45.85900", "2012-12-31": "26.22700", "2011-12-31": "12.84000", "2010-12-31": "24.82600", "2009-12-31": "13.74300", "2008-12-31": "13.21400", "2007-12-31": "304.36300", "2006-12-31": "-49.72500", "2005-12-31": ""}, "Net Total Equity Issued/Repurchased": {"2019-12-31": "-10.33000", "2018-12-31": "-140.02400", "2017-12-31": "-204.25600", "2016-12-31": "-326.97200", "2015-12-31": "-210.82900", "2014-12-31": "-272.48100", "2013-12-31": "45.85900", "2012-12-31": "26.22700", "2011-12-31": "12.84000", "2010-12-31": "24.82600", "2009-12-31": "13.74300", "2008-12-31": "13.21400", "2007-12-31": "304.36300", "2006-12-31": "-49.72500", "2005-12-31": "2.27600"}, "Total Common And Preferred Stock Dividends Paid": {"2019-12-31": "-64.67100", "2018-12-31": "-57.10200", "2017-12-31": "-46.68600", "2016-12-31": "", "2015-12-31": "", "2014-12-31": "", "2013-12-31": "", "2012-12-31": "-501.62000", "2011-12-31": "", "2010-12-31": "", "2009-12-31": "", "2008-12-31": "", "2007-12-31": "", "2006-12-31": "", "2005-12-31": ""}, "Financial Activities - Other": {"2019-12-31": "-18.97200", "2018-12-31": "-23.66600", "2017-12-31": "-19.16100", "2016-12-31": "-2.53300", "2015-12-31": "-7.64500", "2014-12-31": "-31.09300", "2013-12-31": "-27.71000", "2012-12-31": "-23.71600", "2011-12-31": "-15.92000", "2010-12-31": "-7.06500", "2009-12-31": "-7.86600", "2008-12-31": "-9.64800", "2007-12-31": "-17.32500", "2006-12-31": "", "2005-12-31": ""}, "Cash Flow From Financial Activities": {"2019-12-31": "39.64700", "2018-12-31": "-135.18700", "2017-12-31": "47.18900", "2016-12-31": "-232.79800", "2015-12-31": "-218.88400", "2014-12-31": "-177.41900", "2013-12-31": "-65.34200", "2012-12-31": "-106.08000", "2011-12-31": "326.09900", "2010-12-31": "-32.26500", "2009-12-31": "-51.54600", "2008-12-31": "0.36400", "2007-12-31": "181.15500", "2006-12-31": "2.57300", "2005-12-31": "-26.45900"}, "Net Cash Flow": {"2019-12-31": "98.70000", "2018-12-31": "-136.07200", "2017-12-31": "81.84500", "2016-12-31": "-28.28400", "2015-12-31": "-10.88100", "2014-12-31": "-109.48800", "2013-12-31": "112.04800", "2012-12-31": "51.20800", "2011-12-31": "3.98600", "2010-12-31": "115.30000", "2009-12-31": "104.68400", "2008-12-31": "-95.25600", "2007-12-31": "243.87600", "2006-12-31": "-9.26800", "2005-12-31": "-5.08100"}, "Stock-Based Compensation": {"2019-12-31": "83.88500", "2018-12-31": "48.99800", "2017-12-31": "35.68500", "2016-12-31": "25.11300", "2015-12-31": "24.97600", "2014-12-31": "28.06500", "2013-12-31": "31.12900", "2012-12-31": "32.15200", "2011-12-31": "27.76700", "2010-12-31": "17.51400", "2009-12-31": "19.28500", "2008-12-31": "16.93600", "2007-12-31": "13.02100", "2006-12-31": "4.50100", "2005-12-31": "3.06200"}, "Common Stock Dividends Paid": {"2019-12-31": "-64.67100", "2018-12-31": "-57.10200", "2017-12-31": "-46.68600", "2016-12-31": "", "2015-12-31": "", "2014-12-31": "", "2013-12-31": "", "2012-12-31": "-501.62000", "2011-12-31": "", "2010-12-31": "", "2009-12-31": "", "2008-12-31": "", "2007-12-31": "", "2006-12-31": "", "2005-12-31": ""}}, "cash flow statement, quarterly": {"Net Income/Loss": {"2020-09-30": 85.435, "2020-06-30": 62.161, "2020-03-31": "85.69800", "2019-12-31": 82.198, "2019-09-30": 88.12, "2019-06-30": 73.722, "2019-03-31": "60.84100", "2018-12-31": 79.147, "2018-09-30": 73.603, "2018-06-30": 64.574, "2018-03-31": "64.69500", "2017-12-31": 67.082, "2017-09-30": 73.745, "2017-06-30": 68.946, "2017-03-31": "53.33800", "2016-12-31": 76.299, "2016-09-30": 70.093, "2016-06-30": 64.498, "2016-03-31": "58.79400", "2015-12-31": 64.413, "2015-09-30": 68.05, "2015-06-30": 62.701, "2015-03-31": "44.65300", "2014-12-31": 45.752, "2014-09-30": 46.653, "2014-06-30": 48.984, "2014-03-31": "50.61300", "2013-12-31": 48.842, "2013-09-30": 70.262, "2013-06-30": 63.876, "2013-03-31": "46.73700", "2012-12-31": 53.401, "2012-09-30": 25.175, "2012-06-30": 59.384, "2012-03-31": "40.25600", "2011-12-31": 61.12, "2011-09-30": 48.045, "2011-06-30": 39.01, "2011-03-31": "36.11900", "2010-12-31": 52.879, "2010-09-30": 40.131, "2010-06-30": 27.847, "2010-03-31": "28.17400", "2009-12-31": 34.589, "2009-09-30": 33.066, "2009-06-30": 29.687, "2009-03-31": "29.95900", "2008-12-31": 46.997, "2008-09-30": 33.634, "2008-06-30": 24.817, "2008-03-31": "19.69300", "2007-12-31": 31.161, "2007-09-30": 16.323, "2007-06-30": 7.091, "2007-03-31": "1.84800", "2006-09-30": 12.805, "2006-06-30": 12.09}, "Total Depreciation And Amortization - Cash Flow": {"2020-09-30": 40.907, "2020-06-30": 40.928, "2020-03-31": "39.79600", "2019-12-31": 35.405, "2019-09-30": 31.91, "2019-06-30": 32.306, "2019-03-31": "30.87100", "2018-12-31": 27.401, "2018-09-30": 27.938, "2018-06-30": 26.094, "2018-03-31": "26.26000", "2017-12-31": 27.366, "2017-09-30": 25.615, "2017-06-30": 22.062, "2017-03-31": "21.75600", "2016-12-31": 21.987, "2016-09-30": 20.878, "2016-06-30": 20.717, "2016-03-31": "19.68500", "2015-12-31": 21.131, "2015-09-30": 20.988, "2015-06-30": 31.528, "2015-03-31": "22.69800", "2014-12-31": 22.021, "2014-09-30": 21.594, "2014-06-30": 20.072, "2014-03-31": "19.16000", "2013-12-31": 19.407, "2013-09-30": 19.642, "2013-06-30": 23.72, "2013-03-31": "19.72600", "2012-12-31": 21.247, "2012-09-30": 25.656, "2012-06-30": 20.44, "2012-03-31": "20.13000", "2011-12-31": 20.531, "2011-09-30": 22.051, "2011-06-30": 20.679, "2011-03-31": "17.18000", "2010-12-31": 18.703, "2010-09-30": 18.41, "2010-06-30": 19.022, "2010-03-31": "18.40600", "2009-12-31": 20.639, "2009-09-30": 20.264, "2009-06-30": 19.71, "2009-03-31": "19.53500", "2008-12-31": 20.998, "2008-09-30": 22.104, "2008-06-30": 22.038, "2008-03-31": "27.57100", "2007-12-31": 21.962, "2007-09-30": 22.382, "2007-06-30": 21.749, "2007-03-31": "20.23300", "2006-09-30": 20.133, "2006-06-30": 40.083}, "Other Non-Cash Items": {"2020-09-30": 18.54, "2020-06-30": 48.676, "2020-03-31": "9.59600", "2019-12-31": -18.19, "2019-09-30": 12.935, "2019-06-30": 32.022, "2019-03-31": "15.22200", "2018-12-31": 35.427, "2018-09-30": 19.719, "2018-06-30": 14.858, "2018-03-31": "-6.22700", "2017-12-31": 14.611, "2017-09-30": 6.159, "2017-06-30": 1.152, "2017-03-31": "14.51300", "2016-12-31": 18.012, "2016-09-30": 4.123, "2016-06-30": 41.548, "2016-03-31": "12.42500", "2015-12-31": 3.234, "2015-09-30": 3.135, "2015-06-30": 1.47, "2015-03-31": "10.82800", "2014-12-31": 12.456, "2014-09-30": 8.276, "2014-06-30": 3.763, "2014-03-31": "8.80800", "2013-12-31": 6.818, "2013-09-30": 21.324, "2013-06-30": 1.237, "2013-03-31": "10.96800", "2012-12-31": 9.27, "2012-09-30": 16.439, "2012-06-30": -13.293, "2012-03-31": "6.24300", "2011-12-31": -4.028, "2011-09-30": 7.428, "2011-06-30": 6.975, "2011-03-31": "4.59400", "2010-12-31": -1.463, "2010-09-30": 3.88, "2010-06-30": 7.969, "2010-03-31": "0.88800", "2009-12-31": -3.031, "2009-09-30": 5.062, "2009-06-30": 8.779, "2009-03-31": "-3.48200", "2008-12-31": -1.87, "2008-09-30": 3.159, "2008-06-30": 10.94, "2008-03-31": "-4.11600", "2007-12-31": 2.804, "2007-09-30": 6.136, "2007-06-30": 8.407, "2007-03-31": "2.15900", "2006-09-30": 4.862, "2006-06-30": -8.329}, "Total Non-Cash Items": {"2020-09-30": 59.447, "2020-06-30": 89.604, "2020-03-31": "49.39200", "2019-12-31": 17.215, "2019-09-30": 44.845, "2019-06-30": 64.328, "2019-03-31": "46.09300", "2018-12-31": 62.828, "2018-09-30": 47.657, "2018-06-30": 40.952, "2018-03-31": "20.03300", "2017-12-31": 41.977, "2017-09-30": 31.774, "2017-06-30": 23.214, "2017-03-31": "36.26900", "2016-12-31": 39.999, "2016-09-30": 25.001, "2016-06-30": 62.265, "2016-03-31": "32.11000", "2015-12-31": 24.365, "2015-09-30": 24.123, "2015-06-30": 32.998, "2015-03-31": "33.52600", "2014-12-31": 34.477, "2014-09-30": 29.87, "2014-06-30": 23.835, "2014-03-31": "27.96800", "2013-12-31": 26.225, "2013-09-30": 40.966, "2013-06-30": 24.957, "2013-03-31": "30.69400", "2012-12-31": 30.517, "2012-09-30": 42.095, "2012-06-30": 7.147, "2012-03-31": "26.37300", "2011-12-31": 16.503, "2011-09-30": 29.479, "2011-06-30": 27.654, "2011-03-31": "21.77400", "2010-12-31": 17.24, "2010-09-30": 22.29, "2010-06-30": 26.991, "2010-03-31": "19.29400", "2009-12-31": 17.608, "2009-09-30": 25.326, "2009-06-30": 28.489, "2009-03-31": "16.05300", "2008-12-31": 19.128, "2008-09-30": 25.263, "2008-06-30": 32.978, "2008-03-31": "23.45500", "2007-12-31": 24.766, "2007-09-30": 28.518, "2007-06-30": 30.156, "2007-03-31": "22.39200", "2006-09-30": 24.995, "2006-06-30": 31.754}, "Change In Accounts Receivable": {"2020-09-30": 10.516, "2020-06-30": 42.641, "2020-03-31": "-3.85800", "2019-12-31": -24.714, "2019-09-30": -10.94, "2019-06-30": -21.566, "2019-03-31": "-64.76300", "2018-12-31": -63.948, "2018-09-30": -8.398, "2018-06-30": 1.477, "2018-03-31": "-6.02500", "2017-12-31": -26.58, "2017-09-30": -28.729, "2017-06-30": -21.607, "2017-03-31": "19.64900", "2016-12-31": -14.852, "2016-09-30": -18.623, "2016-06-30": 2.56, "2016-03-31": "-17.69700", "2015-12-31": -44.641, "2015-09-30": 0.169, "2015-06-30": -21.002, "2015-03-31": "-13.44900", "2014-12-31": 0.24, "2014-09-30": -9.218, "2014-06-30": -7.209, "2014-03-31": "-7.90100", "2013-12-31": -30.204, "2013-09-30": -5.121, "2013-06-30": -16.91, "2013-03-31": "-8.58200", "2012-12-31": 9.038, "2012-09-30": -28.418, "2012-06-30": 25.003, "2012-03-31": "-41.79400", "2011-12-31": -9.746, "2011-09-30": -11.921, "2011-06-30": -23.974, "2011-03-31": "-0.67300", "2010-12-31": -9.757, "2010-09-30": -5.366, "2010-06-30": -18.493, "2010-03-31": "-16.79800", "2009-12-31": -3.908, "2009-09-30": -10.255, "2009-06-30": 0.284, "2009-03-31": "-8.10100", "2008-12-31": 2.447, "2008-09-30": -14.535, "2008-06-30": -13.768, "2008-03-31": "-16.57300", "2007-12-31": 4.038, "2007-09-30": -28.614, "2007-06-30": -3.783, "2007-03-31": "-11.10000", "2006-09-30": -8.015, "2006-06-30": -17.593}, "Change In Inventories": {"2020-09-30": 0, "2020-06-30": 0, "2020-03-31": "", "2019-12-31": 0, "2019-09-30": 0, "2019-06-30": 0, "2019-03-31": "", "2018-12-31": 0, "2018-09-30": 0, "2018-06-30": 0, "2018-03-31": "", "2017-12-31": 0, "2017-09-30": 0, "2017-06-30": 0, "2017-03-31": "", "2016-12-31": 0, "2016-09-30": 0, "2016-06-30": 0, "2016-03-31": "", "2015-12-31": 0, "2015-09-30": 0, "2015-06-30": 0, "2015-03-31": "", "2014-12-31": 0, "2014-09-30": 0, "2014-06-30": 0, "2014-03-31": "", "2013-12-31": 0, "2013-09-30": 0, "2013-06-30": 0, "2013-03-31": "", "2012-12-31": 0, "2012-09-30": 0, "2012-06-30": 0, "2012-03-31": "", "2011-12-31": 0, "2011-09-30": 0, "2011-06-30": 0, "2011-03-31": "", "2010-12-31": 0, "2010-09-30": 0, "2010-06-30": 0, "2010-03-31": "", "2009-12-31": 0, "2009-09-30": 0, "2009-06-30": 0, "2009-03-31": "", "2008-12-31": 0, "2008-09-30": 0, "2008-06-30": 0, "2008-03-31": "", "2007-12-31": 0, "2007-09-30": 0, "2007-06-30": 0, "2007-03-31": "", "2006-09-30": 0, "2006-06-30": 0}, "Change In Accounts Payable": {"2020-09-30": 1.772, "2020-06-30": -8.975, "2020-03-31": "4.55700", "2019-12-31": -0.705, "2019-09-30": -3.263, "2019-06-30": -5.218, "2019-03-31": "-12.18900", "2018-12-31": 27.314, "2018-09-30": -7.202, "2018-06-30": 7.513, "2018-03-31": "-1.22400", "2017-12-31": -1.693, "2017-09-30": -2.086, "2017-06-30": 2.552, "2017-03-31": "-0.92800", "2016-12-31": -0.066, "2016-09-30": -3.278, "2016-06-30": 2.951, "2016-03-31": "-0.07000", "2015-12-31": -5.243, "2015-09-30": 0.09, "2015-06-30": 0.988, "2015-03-31": "0.17700", "2014-12-31": -1.705, "2014-09-30": -0.341, "2014-06-30": -5.346, "2014-03-31": "0.12400", "2013-12-31": 2.582, "2013-09-30": 2.263, "2013-06-30": -1.278, "2013-03-31": "-1.78200", "2012-12-31": -0.504, "2012-09-30": 1.2, "2012-06-30": -3.094, "2012-03-31": "-1.98200", "2011-12-31": 8.952, "2011-09-30": 0.222, "2011-06-30": -1.034, "2011-03-31": "-1.34000", "2010-12-31": -2.331, "2010-09-30": 1.802, "2010-06-30": -1.022, "2010-03-31": "-1.08000", "2009-12-31": -0.029, "2009-09-30": -1.616, "2009-06-30": 4.429, "2009-03-31": "1.43000", "2008-12-31": -1.24, "2008-09-30": -0.65, "2008-06-30": -2.024, "2008-03-31": "0.86000", "2007-12-31": -2.353, "2007-09-30": -4.175, "2007-06-30": 0.312, "2007-03-31": "3.50600", "2006-09-30": 3.871, "2006-06-30": -2.486}, "Change In Assets/Liabilities": {"2020-09-30": -11.304, "2020-06-30": -53.507, "2020-03-31": "-84.09800", "2019-12-31": 17.251, "2019-09-30": -18.949, "2019-06-30": -31.895, "2019-03-31": "-36.22000", "2018-12-31": 19.908, "2018-09-30": -24.741, "2018-06-30": -34.551, "2018-03-31": "-37.00800", "2017-12-31": 27.849, "2017-09-30": -20.982, "2017-06-30": -23.223, "2017-03-31": "-12.02500", "2016-12-31": 1.4, "2016-09-30": -1.838, "2016-06-30": -35.291, "2016-03-31": "-27.12300", "2015-12-31": 13.555, "2015-09-30": -13.734, "2015-06-30": -22.009, "2015-03-31": "-10.41400", "2014-12-31": 29.191, "2014-09-30": -3.012, "2014-06-30": 6.662, "2014-03-31": "-64.49800", "2013-12-31": 65.217, "2013-09-30": -34.699, "2013-06-30": -25.097, "2013-03-31": "3.95600", "2012-12-31": 88.928, "2012-09-30": -21.818, "2012-06-30": -23.578, "2012-03-31": "14.97700", "2011-12-31": 27.995, "2011-09-30": -17.267, "2011-06-30": -12.519, "2011-03-31": "-14.97100", "2010-12-31": 23.942, "2010-09-30": -20.282, "2010-06-30": -11.22, "2010-03-31": "-15.21100", "2009-12-31": 15.496, "2009-09-30": -19.468, "2009-06-30": -3.174, "2009-03-31": "-20.18400", "2008-12-31": 27.476, "2008-09-30": -12.816, "2008-06-30": -7.057, "2008-03-31": "-3.36400", "2007-12-31": 1.937, "2007-09-30": -6.538, "2007-06-30": 3.419, "2007-03-31": "-0.27300", "2006-09-30": -3.517, "2006-06-30": -0.761}, "Total Change In Assets/Liabilities": {"2020-09-30": 107.106, "2020-06-30": 40.892, "2020-03-31": "-153.39100", "2019-12-31": -13.22, "2019-09-30": 85.841, "2019-06-30": -8.024, "2019-03-31": "-111.84200", "2018-12-31": -6.332, "2018-09-30": 32.101, "2018-06-30": -29.042, "2018-03-31": "-112.02200", "2017-12-31": -18.25, "2017-09-30": 43.295, "2017-06-30": -7.349, "2017-03-31": "-54.27800", "2016-12-31": -6.46, "2016-09-30": 55.048, "2016-06-30": -31.244, "2016-03-31": "-100.59000", "2015-12-31": -14.954, "2015-09-30": 47.015, "2015-06-30": -5.364, "2015-03-31": "-53.84700", "2014-12-31": 12.648, "2014-09-30": 8.976, "2014-06-30": 5.852, "2014-03-31": "-65.08100", "2013-12-31": 3.253, "2013-09-30": 14.529, "2013-06-30": -18.741, "2013-03-31": "-45.93500", "2012-12-31": 23.555, "2012-09-30": -2.644, "2012-06-30": 60.53, "2012-03-31": "-61.70800", "2011-12-31": 11.903, "2011-09-30": 13.608, "2011-06-30": -7.176, "2011-03-31": "-36.74900", "2010-12-31": 14.986, "2010-09-30": 5.597, "2010-06-30": -24.812, "2010-03-31": "-67.70000", "2009-12-31": -17.914, "2009-09-30": -2.815, "2009-06-30": -8.811, "2009-03-31": "-27.27400", "2008-12-31": 15.381, "2008-09-30": -0.315, "2008-06-30": -9.311, "2008-03-31": "-22.25100", "2007-12-31": 13.834, "2007-09-30": -17.41, "2007-06-30": 6.726, "2007-03-31": "-15.41800", "2006-09-30": -14.867, "2006-06-30": -40.334}, "Cash Flow From Operating Activities": {"2020-09-30": 252.154, "2020-06-30": 191.708, "2020-03-31": "-18.64900", "2019-12-31": 86.569, "2019-09-30": 220.277, "2019-06-30": 126.458, "2019-03-31": "-5.41600", "2018-12-31": 136.705, "2018-09-30": 153.322, "2018-06-30": 76.806, "2018-03-31": "-27.32200", "2017-12-31": 95.385, "2017-09-30": 148.369, "2017-06-30": 84.296, "2017-03-31": "31.02800", "2016-12-31": 109.768, "2016-09-30": 150.117, "2016-06-30": 95.51, "2016-03-31": "-9.62300", "2015-12-31": 73.861, "2015-09-30": 139, "2015-06-30": 90.292, "2015-03-31": "24.28800", "2014-12-31": 93.035, "2014-09-30": 85.737, "2014-06-30": 78.825, "2014-03-31": "14.24100", "2013-12-31": 78.387, "2013-09-30": 125.542, "2013-06-30": 76.127, "2013-03-31": "31.54800", "2012-12-31": 101.188, "2012-09-30": 77.4, "2012-06-30": 127.162, "2012-03-31": "4.91000", "2011-12-31": 89.528, "2011-09-30": 95.052, "2011-06-30": 60.936, "2011-03-31": "21.09600", "2010-12-31": 85.134, "2010-09-30": 68.002, "2010-06-30": 30.023, "2010-03-31": "-20.06100", "2009-12-31": 34.667, "2009-09-30": 55.742, "2009-06-30": 48.993, "2009-03-31": "18.76700", "2008-12-31": 83.272, "2008-09-30": 58.582, "2008-06-30": 48.484, "2008-03-31": "20.89700", "2007-12-31": 69.761, "2007-09-30": 27.431, "2007-06-30": 43.973, "2007-03-31": "8.82200", "2006-09-30": 22.933, "2006-06-30": 3.51}, "Net Change In Property, Plant, And Equipment": {"2020-09-30": -14.746, "2020-06-30": -12.095, "2020-03-31": "-20.64400", "2019-12-31": -19.727, "2019-09-30": -24.62, "2019-06-30": -16.236, "2019-03-31": "-12.59400", "2018-12-31": -16.782, "2018-09-30": -30.134, "2018-06-30": -18.832, "2018-03-31": "-18.56200", "2017-12-31": -9.631, "2017-09-30": -17.078, "2017-06-30": -12.089, "2017-03-31": "-16.69500", "2016-12-31": -17.272, "2016-09-30": -17.748, "2016-06-30": -20.996, "2016-03-31": "-25.36300", "2015-12-31": -17.16, "2015-09-30": -14.139, "2015-06-30": -15.973, "2015-03-31": "-13.41500", "2014-12-31": -14.371, "2014-09-30": -18.114, "2014-06-30": -15.101, "2014-03-31": "-14.42700", "2013-12-31": -11.372, "2013-09-30": -8.713, "2013-06-30": -10.864, "2013-03-31": "-14.48800", "2012-12-31": -23.07, "2012-09-30": -18.448, "2012-06-30": -19.577, "2012-03-31": "-21.74200", "2011-12-31": -13.284, "2011-09-30": -9.949, "2011-06-30": -5.659, "2011-03-31": "-5.96800", "2010-12-31": -7.158, "2010-09-30": -10.455, "2010-06-30": -11.407, "2010-03-31": "-24.91200", "2009-12-31": -9.47, "2009-09-30": -12.64, "2009-06-30": -16.436, "2009-03-31": "-12.84700", "2008-12-31": -15.3, "2008-09-30": -18.6, "2008-06-30": -10.403, "2008-03-31": "-17.72800", "2007-12-31": -22.825, "2007-09-30": -17.777, "2007-06-30": -13.385, "2007-03-31": "-8.74800", "2006-09-30": -24.691, "2006-06-30": -34.222}, "Net Change In Intangible Assets": {"2020-09-30": -1.942, "2020-06-30": -3.213, "2020-03-31": "-3.23600", "2019-12-31": -7.573, "2019-09-30": -9.76, "2019-06-30": -8.587, "2019-03-31": "-7.91400", "2018-12-31": -56.042, "2018-09-30": -7.853, "2018-06-30": -7.179, "2018-03-31": "-4.36500", "2017-12-31": -7.491, "2017-09-30": 0, "2017-06-30": -6.336, "2017-03-31": "-2.61400", "2016-12-31": -6.846, "2016-09-30": 0, "2016-06-30": 0, "2016-03-31": "", "2015-12-31": 0, "2015-09-30": 0, "2015-06-30": 0, "2015-03-31": "", "2014-12-31": 0, "2014-09-30": 0, "2014-06-30": 0, "2014-03-31": "", "2013-12-31": 0, "2013-09-30": 0, "2013-06-30": 0, "2013-03-31": "", "2012-12-31": 0, "2012-09-30": 0, "2012-06-30": 0, "2012-03-31": "", "2011-12-31": 0, "2011-09-30": 0, "2011-06-30": 0, "2011-03-31": "", "2010-12-31": 0, "2010-09-30": 0, "2010-06-30": 0, "2010-03-31": "", "2009-12-31": 0, "2009-09-30": 0, "2009-06-30": 0, "2009-03-31": "", "2008-12-31": 0, "2008-09-30": 0, "2008-06-30": 0, "2008-03-31": "", "2007-12-31": 0, "2007-09-30": 0, "2007-06-30": 0, "2007-03-31": "", "2006-09-30": 0, "2006-06-30": 0}, "Net Acquisitions/Divestitures": {"2020-09-30": 0, "2020-06-30": 0, "2020-03-31": "", "2019-12-31": -245.971, "2019-09-30": 0, "2019-06-30": 0, "2019-03-31": "-6.30500", "2018-12-31": -3.466, "2018-09-30": -107.377, "2018-06-30": -0.728, "2018-03-31": "", "2017-12-31": -12.011, "2017-09-30": -70.368, "2017-06-30": -197.944, "2017-03-31": "-9.23700", "2016-12-31": -3.944, "2016-09-30": -12.343, "2016-06-30": -9.294, "2016-03-31": "-2.33900", "2015-12-31": 0, "2015-09-30": -3.645, "2015-06-30": -6.04, "2015-03-31": "-11.67800", "2014-12-31": -7.108, "2014-09-30": 0, "2014-06-30": -123.701, "2014-03-31": "", "2013-12-31": 3.031, "2013-09-30": -3.101, "2013-06-30": 0, "2013-03-31": "-47.18300", "2012-12-31": -1.97, "2012-09-30": -17.004, "2012-06-30": -36.927, "2012-03-31": "", "2011-12-31": -15.466, "2011-09-30": -0.692, "2011-06-30": -559.511, "2011-03-31": "-1.56400", "2010-12-31": 0, "2010-09-30": 0, "2010-06-30": -0.538, "2010-03-31": "-42.03700", "2009-12-31": 0, "2009-09-30": 0, "2009-06-30": 0, "2009-03-31": "-20.19600", "2008-12-31": 0, "2008-09-30": 0, "2008-06-30": 0, "2008-03-31": "", "2007-12-31": -4.817, "2007-09-30": 0, "2007-06-30": 0, "2007-03-31": "-14.77100", "2006-09-30": -9.561, "2006-06-30": 0}, "Net Change In Short-term Investments": {"2020-09-30": 0, "2020-06-30": 0, "2020-03-31": "", "2019-12-31": 0, "2019-09-30": 0, "2019-06-30": 0, "2019-03-31": "", "2018-12-31": 0, "2018-09-30": 0, "2018-06-30": 0, "2018-03-31": "", "2017-12-31": 0, "2017-09-30": 0, "2017-06-30": 0, "2017-03-31": "", "2016-12-31": 0, "2016-09-30": 0, "2016-06-30": 0, "2016-03-31": "", "2015-12-31": 0, "2015-09-30": 0, "2015-06-30": 0, "2015-03-31": "", "2014-12-31": 25, "2014-09-30": -25, "2014-06-30": 0, "2014-03-31": "", "2013-12-31": 17.552, "2013-09-30": -3.304, "2013-06-30": 0, "2013-03-31": "0.00000", "2012-12-31": -18.34, "2012-09-30": 6.083, "2012-06-30": -0.057, "2012-03-31": "-6.02600", "2011-12-31": 0, "2011-09-30": 0, "2011-06-30": 129.485, "2011-03-31": "-52.50000", "2010-12-31": -33.93, "2010-09-30": -0.025, "2010-06-30": -42.996, "2010-03-31": "142.36200", "2009-12-31": 16.945, "2009-09-30": -78.317, "2009-06-30": 58.488, "2009-03-31": "61.10400", "2008-12-31": -185.564, "2008-09-30": 2.983, "2008-06-30": 6.198, "2008-03-31": "0.75600", "2007-12-31": -12.046, "2007-09-30": -9.221, "2007-06-30": -12.258, "2007-03-31": "1.01000", "2006-09-30": 0.86, "2006-06-30": 33.892}, "Net Change In Long-Term Investments": {"2020-09-30": 0, "2020-06-30": 0, "2020-03-31": "", "2019-12-31": 2.168, "2019-09-30": 0, "2019-06-30": 0, "2019-03-31": "", "2018-12-31": 0, "2018-09-30": 0, "2018-06-30": 0, "2018-03-31": "", "2017-12-31": 0, "2017-09-30": 0, "2017-06-30": -0.029, "2017-03-31": "-0.46700", "2016-12-31": -2.101, "2016-09-30": -2.236, "2016-06-30": -1.5, "2016-03-31": "-3.78300", "2015-12-31": -4.903, "2015-09-30": -3.596, "2015-06-30": -3.223, "2015-03-31": "-6.70100", "2014-12-31": 0, "2014-09-30": 0, "2014-06-30": 0, "2014-03-31": "", "2013-12-31": 0, "2013-09-30": 0, "2013-06-30": 0, "2013-03-31": "", "2012-12-31": 0, "2012-09-30": 0, "2012-06-30": 0, "2012-03-31": "-0.20500", "2011-12-31": 0, "2011-09-30": 0, "2011-06-30": 0, "2011-03-31": "", "2010-12-31": 0, "2010-09-30": 0, "2010-06-30": -0.324, "2010-03-31": "-2.00000", "2009-12-31": 0, "2009-09-30": 0, "2009-06-30": -0.296, "2009-03-31": "", "2008-12-31": -0.906, "2008-09-30": 0, "2008-06-30": -0.883, "2008-03-31": "", "2007-12-31": 0.014, "2007-09-30": 0, "2007-06-30": -0.003, "2007-03-31": "-0.45200", "2006-09-30": 0, "2006-06-30": 0}, "Net Change In Investments - Total": {"2020-09-30": 0, "2020-06-30": 0, "2020-03-31": "", "2019-12-31": 2.168, "2019-09-30": 0, "2019-06-30": 0, "2019-03-31": "", "2018-12-31": 0, "2018-09-30": 0, "2018-06-30": 0, "2018-03-31": "", "2017-12-31": 0, "2017-09-30": 0, "2017-06-30": -0.029, "2017-03-31": "-0.46700", "2016-12-31": -2.101, "2016-09-30": -2.236, "2016-06-30": -1.5, "2016-03-31": "-3.78300", "2015-12-31": -4.903, "2015-09-30": -3.596, "2015-06-30": -3.223, "2015-03-31": "-6.70100", "2014-12-31": 25, "2014-09-30": -25, "2014-06-30": 0, "2014-03-31": "", "2013-12-31": 17.552, "2013-09-30": -3.304, "2013-06-30": 0, "2013-03-31": "", "2012-12-31": -18.34, "2012-09-30": 6.083, "2012-06-30": -0.057, "2012-03-31": "-6.23100", "2011-12-31": 0, "2011-09-30": 0, "2011-06-30": 129.485, "2011-03-31": "-52.50000", "2010-12-31": -33.93, "2010-09-30": -0.025, "2010-06-30": -43.32, "2010-03-31": "140.36200", "2009-12-31": 16.945, "2009-09-30": -78.317, "2009-06-30": 58.192, "2009-03-31": "61.10400", "2008-12-31": -186.47, "2008-09-30": 2.983, "2008-06-30": 5.315, "2008-03-31": "0.75600", "2007-12-31": -12.032, "2007-09-30": -9.221, "2007-06-30": -12.261, "2007-03-31": "0.55800", "2006-09-30": 0.86, "2006-06-30": 33.892}, "Investing Activities - Other": {"2020-09-30": 0, "2020-06-30": 0, "2020-03-31": "", "2019-12-31": 0, "2019-09-30": 0, "2019-06-30": 0, "2019-03-31": "", "2018-12-31": 0, "2018-09-30": 0, "2018-06-30": 0, "2018-03-31": "-4.73000", "2017-12-31": 0, "2017-09-30": 0, "2017-06-30": 0, "2017-03-31": "", "2016-12-31": 0, "2016-09-30": 0, "2016-06-30": 0, "2016-03-31": "", "2015-12-31": 0, "2015-09-30": 0, "2015-06-30": 0, "2015-03-31": "", "2014-12-31": 0, "2014-09-30": 0, "2014-06-30": 0, "2014-03-31": "", "2013-12-31": 0, "2013-09-30": 0, "2013-06-30": 0, "2013-03-31": "", "2012-12-31": 0, "2012-09-30": 0, "2012-06-30": 0, "2012-03-31": "", "2011-12-31": 0, "2011-09-30": 0, "2011-06-30": 0, "2011-03-31": "", "2010-12-31": 0, "2010-09-30": 0, "2010-06-30": 0, "2010-03-31": "", "2009-12-31": 0, "2009-09-30": 0, "2009-06-30": 0, "2009-03-31": "", "2008-12-31": 0, "2008-09-30": 0, "2008-06-30": 0, "2008-03-31": "", "2007-12-31": 0, "2007-09-30": 0, "2007-06-30": 0, "2007-03-31": "", "2006-09-30": 0, "2006-06-30": 0}, "Cash Flow From Investing Activities": {"2020-09-30": -16.688, "2020-06-30": -15.308, "2020-03-31": "-23.88000", "2019-12-31": -271.103, "2019-09-30": -34.38, "2019-06-30": -24.823, "2019-03-31": "-26.81300", "2018-12-31": -76.29, "2018-09-30": -145.364, "2018-06-30": -26.739, "2018-03-31": "-27.65700", "2017-12-31": -29.133, "2017-09-30": -87.446, "2017-06-30": -216.398, "2017-03-31": "-29.01300", "2016-12-31": -30.163, "2016-09-30": -32.327, "2016-06-30": -31.79, "2016-03-31": "-31.48500", "2015-12-31": -22.063, "2015-09-30": -21.38, "2015-06-30": -25.236, "2015-03-31": "-31.79400", "2014-12-31": 3.521, "2014-09-30": -43.114, "2014-06-30": -138.802, "2014-03-31": "-14.42700", "2013-12-31": 9.211, "2013-09-30": -15.118, "2013-06-30": -10.864, "2013-03-31": "-61.67100", "2012-12-31": -43.38, "2012-09-30": -29.369, "2012-06-30": -56.561, "2012-03-31": "-27.97300", "2011-12-31": -28.75, "2011-09-30": -10.641, "2011-06-30": -435.685, "2011-03-31": "-60.03200", "2010-12-31": -41.088, "2010-09-30": -10.48, "2010-06-30": -55.265, "2010-03-31": "73.41300", "2009-12-31": 7.475, "2009-09-30": -90.957, "2009-06-30": 41.756, "2009-03-31": "28.06100", "2008-12-31": -201.77, "2008-09-30": -15.617, "2008-06-30": -5.088, "2008-03-31": "-16.97200", "2007-12-31": -39.674, "2007-09-30": -26.998, "2007-06-30": -25.646, "2007-03-31": "-22.96100", "2006-09-30": -33.392, "2006-06-30": -0.33}, "Net Long-Term Debt": {"2020-09-30": -11.675, "2020-06-30": -10.615, "2020-03-31": "-10.45000", "2019-12-31": 390.376, "2019-09-30": -10.654, "2019-06-30": -10.822, "2019-03-31": "-10.28000", "2018-12-31": -8.941, "2018-09-30": -9.346, "2018-06-30": -10.571, "2018-03-31": "-10.53700", "2017-12-31": -10.509, "2017-09-30": -11.093, "2017-06-30": -10.612, "2017-03-31": "339.50600", "2016-12-31": -10.449, "2016-09-30": -10.441, "2016-06-30": -10.449, "2016-03-31": "-10.45400", "2015-12-31": -10.39, "2015-09-30": -10.554, "2015-06-30": 136.26, "2015-03-31": "-2.22600", "2014-12-31": -2.258, "2014-09-30": -2.316, "2014-06-30": -2.082, "2014-03-31": "-2.18900", "2013-12-31": -2.207, "2013-09-30": -2.097, "2013-06-30": 2.961, "2013-03-31": "-2.14800", "2012-12-31": -2.283, "2012-09-30": 584.478, "2012-06-30": -15.552, "2012-03-31": "-0.61000", "2011-12-31": -15.794, "2011-09-30": -0.527, "2011-06-30": 106.681, "2011-03-31": "-13.18100", "2010-12-31": -13.875, "2010-09-30": -13.289, "2010-06-30": -12.109, "2010-03-31": "-10.58800", "2009-12-31": -10.657, "2009-09-30": -10.651, "2009-06-30": -5.619, "2009-03-31": "-5.67600", "2008-12-31": -5.866, "2008-09-30": -10.522, "2008-06-30": -5.736, "2008-03-31": "-6.07800", "2007-12-31": -6.099, "2007-09-30": -6.217, "2007-06-30": -4.929, "2007-03-31": "-5.63800", "2006-09-30": -15.583, "2006-06-30": -9.046}, "Net Current Debt": {"2020-09-30": -250, "2020-06-30": 330, "2020-03-31": "95.00000", "2019-12-31": -175, "2019-09-30": -45, "2019-06-30": -30, "2019-03-31": "25.00000", "2018-12-31": -35, "2018-09-30": 115, "2018-06-30": -60, "2018-03-31": "105.00000", "2017-12-31": 10, "2017-09-30": -45, "2017-06-30": 190, "2017-03-31": "-145.00000", "2016-12-31": 45, "2016-09-30": 55, "2016-06-30": -21.5, "2016-03-31": "60.00000", "2015-12-31": 0, "2015-09-30": 0, "2015-06-30": -113.5, "2015-03-31": "", "2014-12-31": -30, "2014-09-30": -10, "2014-06-30": 175, "2014-03-31": "", "2013-12-31": 0, "2013-09-30": -115, "2013-06-30": 0, "2013-03-31": "35.00000", "2012-12-31": -0.654, "2012-09-30": -171.35, "2012-06-30": 0, "2012-03-31": "-1.00000", "2011-12-31": 0, "2011-09-30": 0, "2011-06-30": 252, "2011-03-31": "", "2010-12-31": 0, "2010-09-30": 0.019, "2010-06-30": 0, "2010-03-31": "-0.18400", "2009-12-31": 0.18, "2009-09-30": 0, "2009-06-30": -25, "2009-03-31": "", "2008-12-31": 25, "2008-09-30": 0, "2008-06-30": 0, "2008-03-31": "", "2007-12-31": -0.5, "2007-09-30": -97.175, "2007-06-30": -5.7, "2007-03-31": "20.37500", "2006-09-30": 31, "2006-06-30": 2.434}, "Debt Issuance/Retirement Net - Total": {"2020-09-30": -261.675, "2020-06-30": 319.385, "2020-03-31": "84.55000", "2019-12-31": 215.376, "2019-09-30": -55.654, "2019-06-30": -40.822, "2019-03-31": "14.72000", "2018-12-31": -43.941, "2018-09-30": 105.654, "2018-06-30": -70.571, "2018-03-31": "94.46300", "2017-12-31": -0.509, "2017-09-30": -56.093, "2017-06-30": 179.388, "2017-03-31": "194.50600", "2016-12-31": 34.551, "2016-09-30": 44.559, "2016-06-30": -31.949, "2016-03-31": "49.54600", "2015-12-31": -10.39, "2015-09-30": -10.554, "2015-06-30": 22.76, "2015-03-31": "-2.22600", "2014-12-31": -32.258, "2014-09-30": -12.316, "2014-06-30": 172.918, "2014-03-31": "-2.18900", "2013-12-31": -2.207, "2013-09-30": -117.097, "2013-06-30": 2.961, "2013-03-31": "32.85200", "2012-12-31": -2.937, "2012-09-30": 413.128, "2012-06-30": -15.552, "2012-03-31": "-1.61000", "2011-12-31": -15.794, "2011-09-30": -0.527, "2011-06-30": 358.681, "2011-03-31": "-13.18100", "2010-12-31": -13.875, "2010-09-30": -13.27, "2010-06-30": -12.109, "2010-03-31": "-10.77200", "2009-12-31": -10.477, "2009-09-30": -10.651, "2009-06-30": -30.619, "2009-03-31": "-5.67600", "2008-12-31": 19.134, "2008-09-30": -10.522, "2008-06-30": -5.736, "2008-03-31": "-6.07800", "2007-12-31": -6.599, "2007-09-30": -103.392, "2007-06-30": -10.629, "2007-03-31": "14.73700", "2006-09-30": 15.417, "2006-06-30": -6.612}, "Net Common Equity Issued/Repurchased": {"2020-09-30": -66.747, "2020-06-30": 53.357, "2020-03-31": "-40.93700", "2019-12-31": -2.366, "2019-09-30": -19.441, "2019-06-30": 6.878, "2019-03-31": "4.59900", "2018-12-31": -22.196, "2018-09-30": 2.887, "2018-06-30": -28.933, "2018-03-31": "-91.78200", "2017-12-31": 2.694, "2017-09-30": 2.754, "2017-06-30": 2.319, "2017-03-31": "-212.02300", "2016-12-31": -97.228, "2016-09-30": -154.887, "2016-06-30": -46.777, "2016-03-31": "-28.08000", "2015-12-31": -61.833, "2015-09-30": -75.106, "2015-06-30": -67.116, "2015-03-31": "-6.77400", "2014-12-31": 18.278, "2014-09-30": 3.537, "2014-06-30": -300.357, "2014-03-31": "6.06100", "2013-12-31": 10.47, "2013-09-30": 7.911, "2013-06-30": 11.418, "2013-03-31": "16.06000", "2012-12-31": 6.543, "2012-09-30": 15.896, "2012-06-30": 1.441, "2012-03-31": "2.34700", "2011-12-31": 2.226, "2011-09-30": 4.625, "2011-06-30": 5.21, "2011-03-31": "0.77900", "2010-12-31": 6.354, "2010-09-30": 6.713, "2010-06-30": 5.323, "2010-03-31": "6.43600", "2009-12-31": 6.007, "2009-09-30": 2.488, "2009-06-30": 4.664, "2009-03-31": "0.58400", "2008-12-31": 0.17, "2008-09-30": 4.17, "2008-06-30": 8.194, "2008-03-31": "0.68000", "2007-12-31": 4.68, "2007-09-30": 302.557, "2007-06-30": -2.792, "2007-03-31": "-0.08200", "2006-09-30": 0, "2006-06-30": 0}, "Net Total Equity Issued/Repurchased": {"2020-09-30": -66.747, "2020-06-30": 53.357, "2020-03-31": "-40.93700", "2019-12-31": -2.366, "2019-09-30": -19.441, "2019-06-30": 6.878, "2019-03-31": "4.59900", "2018-12-31": -22.196, "2018-09-30": 2.887, "2018-06-30": -28.933, "2018-03-31": "-91.78200", "2017-12-31": 2.694, "2017-09-30": 2.754, "2017-06-30": 2.319, "2017-03-31": "-212.02300", "2016-12-31": -97.228, "2016-09-30": -154.887, "2016-06-30": -46.777, "2016-03-31": "-28.08000", "2015-12-31": -61.833, "2015-09-30": -75.106, "2015-06-30": -67.116, "2015-03-31": "-6.77400", "2014-12-31": 18.278, "2014-09-30": 3.537, "2014-06-30": -300.357, "2014-03-31": "6.06100", "2013-12-31": 10.47, "2013-09-30": 7.911, "2013-06-30": 11.418, "2013-03-31": "16.06000", "2012-12-31": 6.543, "2012-09-30": 15.896, "2012-06-30": 1.441, "2012-03-31": "2.34700", "2011-12-31": 2.226, "2011-09-30": 4.625, "2011-06-30": 5.21, "2011-03-31": "0.77900", "2010-12-31": 6.354, "2010-09-30": 6.713, "2010-06-30": 5.323, "2010-03-31": "6.43600", "2009-12-31": 6.007, "2009-09-30": 2.488, "2009-06-30": 4.664, "2009-03-31": "0.58400", "2008-12-31": 0.17, "2008-09-30": 4.17, "2008-06-30": 8.194, "2008-03-31": "0.68000", "2007-12-31": 4.68, "2007-09-30": 302.557, "2007-06-30": -3.481, "2007-03-31": "0.60700", "2006-09-30": 0, "2006-06-30": 0}, "Total Common And Preferred Stock Dividends Paid": {"2020-09-30": -18.637, "2020-06-30": -18.595, "2020-03-31": "-18.54300", "2019-12-31": -16.156, "2019-09-30": -16.208, "2019-06-30": -16.188, "2019-03-31": "-16.11900", "2018-12-31": -14.201, "2018-09-30": -14.253, "2018-06-30": -14.24, "2018-03-31": "-14.40800", "2017-12-31": -11.59, "2017-09-30": -11.581, "2017-06-30": -11.558, "2017-03-31": "-11.95700", "2016-12-31": 0, "2016-09-30": 0, "2016-06-30": 0, "2016-03-31": "", "2015-12-31": 0, "2015-09-30": 0, "2015-06-30": 0, "2015-03-31": "", "2014-12-31": 0, "2014-09-30": 0, "2014-06-30": 0, "2014-03-31": "", "2013-12-31": 0, "2013-09-30": 0, "2013-06-30": 0, "2013-03-31": "", "2012-12-31": 0, "2012-09-30": -501.62, "2012-06-30": 0, "2012-03-31": "", "2011-12-31": 0, "2011-09-30": 0, "2011-06-30": 0, "2011-03-31": "", "2010-12-31": 0, "2010-09-30": 0, "2010-06-30": 0, "2010-03-31": "", "2009-12-31": 0, "2009-09-30": 0, "2009-06-30": 0, "2009-03-31": "", "2008-12-31": 0, "2008-09-30": 0, "2008-06-30": 0, "2008-03-31": "", "2007-12-31": 0, "2007-09-30": 0, "2007-06-30": 0, "2007-03-31": "", "2006-09-30": 0, "2006-06-30": 0}, "Financial Activities - Other": {"2020-09-30": 41.278, "2020-06-30": -48.176, "2020-03-31": "-26.87900", "2019-12-31": -3.005, "2019-09-30": -2.768, "2019-06-30": -4.147, "2019-03-31": "-9.05200", "2018-12-31": -2.785, "2018-09-30": -5.094, "2018-06-30": -0.967, "2018-03-31": "-14.82000", "2017-12-31": -1.149, "2017-09-30": -5.279, "2017-06-30": -0.2, "2017-03-31": "-12.53300", "2016-12-31": -0.474, "2016-09-30": -0.764, "2016-06-30": -0.254, "2016-03-31": "-1.04100", "2015-12-31": 6.137, "2015-09-30": -0.467, "2015-06-30": -6.529, "2015-03-31": "-6.78600", "2014-12-31": -10.801, "2014-09-30": -2.033, "2014-06-30": -9.261, "2014-03-31": "-8.99800", "2013-12-31": -3.525, "2013-09-30": -2.521, "2013-06-30": -16.627, "2013-03-31": "-5.03700", "2012-12-31": -2.984, "2012-09-30": -16.561, "2012-06-30": -2.919, "2012-03-31": "-1.25200", "2011-12-31": -2.125, "2011-09-30": -2.284, "2011-06-30": -10.014, "2011-03-31": "-1.49700", "2010-12-31": -2.365, "2010-09-30": -1.212, "2010-06-30": -1.745, "2010-03-31": "-1.74300", "2009-12-31": -2.28, "2009-09-30": -1.975, "2009-06-30": -1.819, "2009-03-31": "-1.79200", "2008-12-31": -0.784, "2008-09-30": -3.233, "2008-06-30": -1.803, "2008-03-31": "-3.82800", "2007-12-31": -10.503, "2007-09-30": -5.33, "2007-06-30": -1.492, "2007-03-31": "", "2006-09-30": 0, "2006-06-30": 0}, "Cash Flow From Financial Activities": {"2020-09-30": -305.781, "2020-06-30": 305.971, "2020-03-31": "-1.80900", "2019-12-31": 193.849, "2019-09-30": -94.071, "2019-06-30": -54.279, "2019-03-31": "-5.85200", "2018-12-31": -83.123, "2018-09-30": 89.194, "2018-06-30": -114.711, "2018-03-31": "-26.54700", "2017-12-31": -10.554, "2017-09-30": -70.199, "2017-06-30": 169.949, "2017-03-31": "-42.00700", "2016-12-31": -63.151, "2016-09-30": -111.092, "2016-06-30": -78.98, "2016-03-31": "20.42500", "2015-12-31": -66.086, "2015-09-30": -86.127, "2015-06-30": -50.885, "2015-03-31": "-15.78600", "2014-12-31": -24.781, "2014-09-30": -10.812, "2014-06-30": -136.7, "2014-03-31": "-5.12600", "2013-12-31": 4.738, "2013-09-30": -111.707, "2013-06-30": -2.248, "2013-03-31": "43.87500", "2012-12-31": 0.622, "2012-09-30": -89.157, "2012-06-30": -17.03, "2012-03-31": "-0.51500", "2011-12-31": -15.693, "2011-09-30": 1.814, "2011-06-30": 353.877, "2011-03-31": "-13.89900", "2010-12-31": -9.886, "2010-09-30": -7.769, "2010-06-30": -8.531, "2010-03-31": "-6.07900", "2009-12-31": -6.75, "2009-09-30": -10.138, "2009-06-30": -27.774, "2009-03-31": "-6.88400", "2008-12-31": 18.52, "2008-09-30": -9.585, "2008-06-30": 0.655, "2008-03-31": "-9.22600", "2007-12-31": -12.422, "2007-09-30": 195.681, "2007-06-30": -17.448, "2007-03-31": "15.34400", "2006-09-30": 15.417, "2006-06-30": -6.612}, "Net Cash Flow": {"2020-09-30": -63.964, "2020-06-30": 465.739, "2020-03-31": "-65.47200", "2019-12-31": 10.224, "2019-09-30": 78.842, "2019-06-30": 52.653, "2019-03-31": "-43.01900", "2018-12-31": -32.834, "2018-09-30": 67.327, "2018-06-30": -90.323, "2018-03-31": "-80.24200", "2017-12-31": 64.413, "2017-09-30": -1.009, "2017-06-30": 52.878, "2017-03-31": "-34.43700", "2016-12-31": 3.531, "2016-09-30": 11.832, "2016-06-30": -22.535, "2016-03-31": "-21.11200", "2015-12-31": -16.597, "2015-09-30": 25.749, "2015-06-30": 7.445, "2015-03-31": "-27.47800", "2014-12-31": 62.589, "2014-09-30": 22.397, "2014-06-30": -190.464, "2014-03-31": "-4.01000", "2013-12-31": 89.778, "2013-09-30": -37.629, "2013-06-30": 44.554, "2013-03-31": "15.34500", "2012-12-31": 64.725, "2012-09-30": -41.807, "2012-06-30": 30.413, "2012-03-31": "-2.12300", "2011-12-31": -1.045, "2011-09-30": 72.663, "2011-06-30": -15.364, "2011-03-31": "-52.26800", "2010-12-31": 43.165, "2010-09-30": 52.113, "2010-06-30": -32.151, "2010-03-31": "52.17300", "2009-12-31": 48.288, "2009-09-30": -45.339, "2009-06-30": 75.077, "2009-03-31": "26.65800", "2008-12-31": -119.01, "2008-09-30": 5.082, "2008-06-30": 26.732, "2008-03-31": "-8.06000", "2007-12-31": 26.478, "2007-09-30": 203.804, "2007-06-30": 11.71, "2007-03-31": "1.88400", "2006-09-30": 2.784, "2006-06-30": -2.674}, "Stock-Based Compensation": {"2020-09-30": 19.487, "2020-06-30": 18.844, "2020-03-31": "17.48700", "2019-12-31": 22.578, "2019-09-30": 21.32, "2019-06-30": 21.526, "2019-03-31": "18.46100", "2018-12-31": 16.84, "2018-09-30": 13.434, "2018-06-30": 10.937, "2018-03-31": "7.78700", "2017-12-31": 13.283, "2017-09-30": 10.051, "2017-06-30": 7.365, "2017-03-31": "4.98600", "2016-12-31": 6.769, "2016-09-30": 4.828, "2016-06-30": 8.18, "2016-03-31": "5.33600", "2015-12-31": 7.467, "2015-09-30": 6.195, "2015-06-30": 6.654, "2015-03-31": "4.66000", "2014-12-31": 7.912, "2014-09-30": 8.274, "2014-06-30": 6.906, "2014-03-31": "4.97300", "2013-12-31": 9.198, "2013-09-30": 5.312, "2013-06-30": 10.093, "2013-03-31": "6.52600", "2012-12-31": 9.296, "2012-09-30": 5.613, "2012-06-30": 9.98, "2012-03-31": "7.26300", "2011-12-31": 10.055, "2011-09-30": 9.153, "2011-06-30": 5.494, "2011-03-31": "3.06500", "2010-12-31": 2.551, "2010-09-30": 4.678, "2010-06-30": 5.799, "2010-03-31": "4.48600", "2009-12-31": 4.029, "2009-09-30": 5.825, "2009-06-30": 4.771, "2009-03-31": "4.66000", "2008-12-31": 4.293, "2008-09-30": 4.334, "2008-06-30": 4.382, "2008-03-31": "3.92700", "2007-12-31": 4.112, "2007-09-30": 3.678, "2007-06-30": 3.296, "2007-03-31": "1.93500", "2006-09-30": 1.105, "2006-06-30": 2.479}, "Common Stock Dividends Paid": {"2020-09-30": -18.637, "2020-06-30": -18.595, "2020-03-31": "-18.54300", "2019-12-31": -16.156, "2019-09-30": -16.208, "2019-06-30": -16.188, "2019-03-31": "-16.11900", "2018-12-31": -14.201, "2018-09-30": -14.253, "2018-06-30": -14.24, "2018-03-31": "-14.40800", "2017-12-31": -11.59, "2017-09-30": -11.581, "2017-06-30": -11.558, "2017-03-31": "-11.95700", "2016-12-31": 0, "2016-09-30": 0, "2016-06-30": 0, "2016-03-31": "", "2015-12-31": 0, "2015-09-30": 0, "2015-06-30": 0, "2015-03-31": "", "2014-12-31": 0, "2014-09-30": 0, "2014-06-30": 0, "2014-03-31": "", "2013-12-31": 0, "2013-09-30": 0, "2013-06-30": 0, "2013-03-31": "", "2012-12-31": 0, "2012-09-30": -501.62, "2012-06-30": 0, "2012-03-31": "", "2011-12-31": 0, "2011-09-30": 0, "2011-06-30": 0, "2011-03-31": "", "2010-12-31": 0, "2010-09-30": 0, "2010-06-30": 0, "2010-03-31": "", "2009-12-31": 0, "2009-09-30": 0, "2009-06-30": 0, "2009-03-31": "", "2008-12-31": 0, "2008-09-30": 0, "2008-06-30": 0, "2008-03-31": "", "2007-12-31": 0, "2007-09-30": 0, "2007-06-30": 0, "2007-03-31": "", "2006-09-30": 0, "2006-06-30": 0}}, "financial ratios": {"Current Ratio": {"2019-12-31": "1.70470", "2018-12-31": "1.38790", "2017-12-31": "1.70950", "2016-12-31": "1.67780", "2015-12-31": "2.01030", "2014-12-31": "1.91040", "2013-12-31": "2.76410", "2012-12-31": "2.17990", "2011-12-31": "1.48850", "2010-12-31": "2.90120", "2009-12-31": "2.13850", "2008-12-31": "1.75110", "2007-12-31": "2.41380", "2006-12-31": "0.92060", "2005-12-31": ""}, "Long-term Debt / Capital": {"2019-12-31": "0.44230", "2018-12-31": "0.41000", "2017-12-31": "0.41410", "2016-12-31": "0.35170", "2015-12-31": "0.36110", "2014-12-31": "0.33570", "2013-12-31": "0.33140", "2012-12-31": "0.36010", "2011-12-31": "0.05000", "2010-12-31": "0.00170", "2009-12-31": "0.02310", "2008-12-31": "0.08060", "2007-12-31": "0.07810", "2006-12-31": "0.16740", "2005-12-31": ""}, "Debt/Equity Ratio": {"2019-12-31": "0.85440", "2018-12-31": "0.92870", "2017-12-31": "0.85380", "2016-12-31": "0.69740", "2015-12-31": "0.61180", "2014-12-31": "0.61360", "2013-12-31": "0.49990", "2012-12-31": "0.63640", "2011-12-31": "0.24960", "2010-12-31": "0.01980", "2009-12-31": "0.06270", "2008-12-31": "0.15460", "2007-12-31": "0.10290", "2006-12-31": "0.36950", "2005-12-31": ""}, "Gross Margin": {"2019-12-31": "34.82010", "2018-12-31": "35.95790", "2017-12-31": "38.56480", "2016-12-31": "39.53760", "2015-12-31": "39.31250", "2014-12-31": "39.54260", "2013-12-31": "38.10630", "2012-12-31": "39.12810", "2011-12-31": "37.21090", "2010-12-31": "37.36730", "2009-12-31": "39.94810", "2008-12-31": "40.50700", "2007-12-31": "41.33200", "2006-12-31": "39.77120", "2005-12-31": "38.20560"}, "Operating Margin": {"2019-12-31": "12.19630", "2018-12-31": "11.60200", "2017-12-31": "12.10400", "2016-12-31": "13.27260", "2015-12-31": "13.57930", "2014-12-31": "12.89930", "2013-12-31": "14.51820", "2012-12-31": "13.89850", "2011-12-31": "13.51160", "2010-12-31": "14.12780", "2009-12-31": "14.47940", "2008-12-31": "12.84660", "2007-12-31": "10.85100", "2006-12-31": "7.35100", "2005-12-31": "6.02510"}, "EBIT Margin": {"2019-12-31": "12.19630", "2018-12-31": "11.60200", "2017-12-31": "12.10400", "2016-12-31": "13.27260", "2015-12-31": "13.57930", "2014-12-31": "12.89930", "2013-12-31": "14.51820", "2012-12-31": "13.89850", "2011-12-31": "13.51160", "2010-12-31": "14.12780", "2009-12-31": "14.47940", "2008-12-31": "12.84660", "2007-12-31": "10.85100", "2006-12-31": "7.35100", "2005-12-31": "6.02510"}, "EBITDA Margin": {"2019-12-31": "15.90290", "2018-12-31": "15.19080", "2017-12-31": "15.64080", "2016-12-31": "16.51160", "2015-12-31": "17.49410", "2014-12-31": "16.53380", "2013-12-31": "18.38760", "2012-12-31": "18.49760", "2011-12-31": "18.53780", "2010-12-31": "20.04860", "2009-12-31": "21.63510", "2008-12-31": "21.75380", "2007-12-31": "21.33800", "2006-12-31": "20.60940", "2005-12-31": "22.47860"}, "Pre-Tax Profit Margin": {"2019-12-31": "11.34530", "2018-12-31": "12.06420", "2017-12-31": "11.71320", "2016-12-31": "12.82290", "2015-12-31": "12.26120", "2014-12-31": "10.94960", "2013-12-31": "14.35980", "2012-12-31": "13.82820", "2011-12-31": "16.35380", "2010-12-31": "14.55440", "2009-12-31": "14.32270", "2008-12-31": "13.77960", "2007-12-31": "9.91390", "2006-12-31": "5.53330", "2005-12-31": "2.17670"}, "Net Profit Margin": {"2019-12-31": "8.66010", "2018-12-31": "9.39820", "2017-12-31": "9.61340", "2016-12-31": "10.49050", "2015-12-31": "9.74450", "2014-12-31": "8.42320", "2013-12-31": "10.77470", "2012-12-31": "9.37010", "2011-12-31": "11.51520", "2010-12-31": "11.29350", "2009-12-31": "11.36540", "2008-12-31": "12.02300", "2007-12-31": "2.09980", "2006-12-31": "-1.72380", "2005-12-31": "-0.32040"}, "Asset Turnover": {"2019-12-31": "0.79040", "2018-12-31": "0.85020", "2017-12-31": "0.79340", "2016-12-31": "0.89080", "2015-12-31": "0.88100", "2014-12-31": "0.83110", "2013-12-31": "0.79280", "2012-12-31": "0.72990", "2011-12-31": "0.66590", "2010-12-31": "0.66490", "2009-12-31": "0.64090", "2008-12-31": "0.61360", "2007-12-31": "0.47210", "2006-12-31": "0.56700", "2005-12-31": ""}, "Inventory Turnover Ratio": {"2019-12-31": "", "2018-12-31": "", "2017-12-31": "", "2016-12-31": "", "2015-12-31": "", "2014-12-31": "", "2013-12-31": "", "2012-12-31": "", "2011-12-31": "", "2010-12-31": "", "2009-12-31": "", "2008-12-31": "", "2007-12-31": "", "2006-12-31": "", "2005-12-31": ""}, "Receiveable Turnover": {"2019-12-31": "3.85070", "2018-12-31": "3.87610", "2017-12-31": "3.94890", "2016-12-31": "4.17830", "2015-12-31": "4.17030", "2014-12-31": "4.33560", "2013-12-31": "4.22080", "2012-12-31": "4.20800", "2011-12-31": "3.97690", "2010-12-31": "4.11520", "2009-12-31": "4.43560", "2008-12-31": "4.51120", "2007-12-31": "4.08240", "2006-12-31": "4.04690", "2005-12-31": ""}, "Days Sales In Receivables": {"2019-12-31": "94.78740", "2018-12-31": "94.16760", "2017-12-31": "92.43060", "2016-12-31": "87.35630", "2015-12-31": "87.52380", "2014-12-31": "84.18750", "2013-12-31": "86.47650", "2012-12-31": "86.73950", "2011-12-31": "91.77910", "2010-12-31": "88.69500", "2009-12-31": "82.28830", "2008-12-31": "80.90970", "2007-12-31": "89.40780", "2006-12-31": "90.19330", "2005-12-31": ""}, "ROE - Return On Equity": {"2019-12-31": "18.04920", "2018-12-31": "20.03000", "2017-12-31": "18.31690", "2016-12-31": "20.79410", "2015-12-31": "18.38590", "2014-12-31": "14.95340", "2013-12-31": "17.75220", "2012-12-31": "15.75290", "2011-12-31": "13.30910", "2010-12-31": "10.06120", "2009-12-31": "11.24890", "2008-12-31": "15.94110", "2007-12-31": "5.18180", "2006-12-31": "9.12770", "2005-12-31": ""}, "Return On Tangible Equity": {"2019-12-31": "-262.47600", "2018-12-31": "-168.68370", "2017-12-31": "-583.95700", "2016-12-31": "193.46270", "2015-12-31": "143.25210", "2014-12-31": "169.49560", "2013-12-31": "86.70170", "2012-12-31": "178.64130", "2011-12-31": "48.12320", "2010-12-31": "16.97890", "2009-12-31": "21.95170", "2008-12-31": "53.77540", "2007-12-31": "12.00240", "2006-12-31": "-11529.09000", "2005-12-31": ""}, "ROA - Return On Assets": {"2019-12-31": "6.84480", "2018-12-31": "7.96890", "2017-12-31": "7.56140", "2016-12-31": "9.27090", "2015-12-31": "8.58490", "2014-12-31": "7.00710", "2013-12-31": "8.74000", "2012-12-31": "7.08350", "2011-12-31": "7.95030", "2010-12-31": "7.87080", "2009-12-31": "7.72260", "2008-12-31": "7.93490", "2007-12-31": "3.71730", "2006-12-31": "3.67820", "2005-12-31": ""}, "ROI - Return On Investment": {"2019-12-31": "10.06550", "2018-12-31": "11.81840", "2017-12-31": "10.73100", "2016-12-31": "13.47980", "2015-12-31": "11.74600", "2014-12-31": "9.93410", "2013-12-31": "11.86930", "2012-12-31": "10.08030", "2011-12-31": "12.64300", "2010-12-31": "10.04430", "2009-12-31": "10.98940", "2008-12-31": "14.65650", "2007-12-31": "4.77730", "2006-12-31": "5.30090", "2005-12-31": ""}, "Book Value Per Share": {"2019-12-31": "8.88490", "2018-12-31": "7.41600", "2017-12-31": "7.38520", "2016-12-31": "6.47230", "2015-12-31": "6.16800", "2014-12-31": "5.87670", "2013-12-31": "5.72540", "2012-12-31": "5.19680", "2011-12-31": "6.45690", "2010-12-31": "6.70500", "2009-12-31": "5.51780", "2008-12-31": "3.93530", "2007-12-31": "5.89680", "2006-12-31": "84.52100", "2005-12-31": ""}, "Operating Cash Flow Per Share": {"2019-12-31": 0.4423, "2018-12-31": -0.0721, "2017-12-31": 0.1768, "2016-12-31": 0.1513, "2015-12-31": 0.2869, "2014-12-31": -0.1144, "2013-12-31": -0.0317, "2012-12-31": 0.1755, "2011-12-31": 0.4525, "2010-12-31": 0.0266, "2009-12-31": -0.2682, "2008-12-31": -0.0838, "2007-12-31": 0.5357, "2006-12-31": -0.9824, "2005-12-31": 1.4975}, "Free Cash Flow Per Share": {"2019-12-31": 0.5019, "2018-12-31": -0.2251, "2017-12-31": 0.2824, "2016-12-31": 0.0411, "2015-12-31": 0.2853, "2014-12-31": -0.1971, "2013-12-31": 0.1364, "2012-12-31": -0.0312, "2011-12-31": 0.5383, "2010-12-31": 0.0138, "2009-12-31": -0.2113, "2008-12-31": 0.0717, "2007-12-31": 1.1483, "2006-12-31": -1.5184, "2005-12-31": 0.9814}}, "financial ratios, quarterly": {"Current Ratio": {"2020-09-30": "1.63840", "2020-06-30": "1.49320", "2020-03-31": "1.56660", "2019-12-31": "1.70470", "2019-09-30": "1.46300", "2019-06-30": "1.45520", "2019-03-31": "1.37830", "2018-12-31": "1.38790", "2018-09-30": "1.31320", "2018-06-30": "1.51620", "2018-03-31": "1.52260", "2017-12-31": "1.70950", "2017-09-30": "1.64560", "2017-06-30": "1.72940", "2017-03-31": "2.32880", "2016-12-31": "1.67780", "2016-09-30": "1.76950", "2016-06-30": "2.09920", "2016-03-31": "2.09010", "2015-12-31": "2.01030", "2015-09-30": "2.10850", "2015-06-30": "2.29390", "2015-03-31": "2.09100", "2014-12-31": "1.91040", "2014-09-30": "1.79610", "2014-06-30": "1.78220", "2014-03-31": "3.06390", "2013-12-31": "2.76410", "2013-09-30": "2.52660", "2013-06-30": "2.21100", "2013-03-31": "2.29140", "2012-12-31": "2.17990", "2012-09-30": "2.01950", "2012-06-30": "1.54610", "2012-03-31": "1.71320", "2011-12-31": "1.48850", "2011-09-30": "1.56200", "2011-06-30": "1.57770", "2011-03-31": "3.54460", "2010-12-31": "2.90120", "2010-09-30": "2.52270", "2010-06-30": "2.25750", "2010-03-31": "2.31230", "2009-12-31": "2.13850", "2009-09-30": "1.92560", "2009-06-30": "1.95580", "2009-03-31": "1.62210", "2008-12-31": "1.75110", "2008-09-30": "1.88740", "2008-06-30": "2.19210", "2008-03-31": "2.53930", "2007-12-31": "2.41380", "2007-09-30": "2.50070", "2007-06-30": "1.17060", "2007-03-31": "", "2006-09-30": "", "2006-06-30": ""}, "Long-term Debt / Capital": {"2020-09-30": "0.42540", "2020-06-30": "0.44350", "2020-03-31": "0.45840", "2019-12-31": "0.44230", "2019-09-30": "0.37190", "2019-06-30": "0.37720", "2019-03-31": "0.39270", "2018-12-31": "0.41000", "2018-09-30": "0.43360", "2018-06-30": "0.43230", "2018-03-31": "0.42190", "2017-12-31": "0.41410", "2017-09-30": "0.43610", "2017-06-30": "0.44910", "2017-03-31": "0.46710", "2016-12-31": "0.35170", "2016-09-30": "0.35110", "2016-06-30": "0.34680", "2016-03-31": "0.34960", "2015-12-31": "0.36110", "2015-09-30": "0.36830", "2015-06-30": "0.36520", "2015-03-31": "0.32710", "2014-12-31": "0.33570", "2014-09-30": "0.34350", "2014-06-30": "0.35180", "2014-03-31": "0.31440", "2013-12-31": "0.33140", "2013-09-30": "0.35360", "2013-06-30": "0.35500", "2013-03-31": "0.34360", "2012-12-31": "0.36010", "2012-09-30": "0.36410", "2012-06-30": "0.04030", "2012-03-31": "0.04610", "2011-12-31": "0.05000", "2011-09-30": "0.05500", "2011-06-30": "0.05260", "2011-03-31": "0.00130", "2010-12-31": "0.00170", "2010-09-30": "0.00200", "2010-06-30": "0.00240", "2010-03-31": "0.01190", "2009-12-31": "0.02310", "2009-09-30": "0.03720", "2009-06-30": "0.05070", "2009-03-31": "0.07540", "2008-12-31": "0.08060", "2008-09-30": "0.08130", "2008-06-30": "0.08250", "2008-03-31": "0.07620", "2007-12-31": "0.07810", "2007-09-30": "0.08580", "2007-06-30": "0.12260", "2007-03-31": "", "2006-09-30": "", "2006-06-30": ""}, "Debt/Equity Ratio": {"2020-09-30": "0.89690", "2020-06-30": "1.11530", "2020-03-31": "0.97270", "2019-12-31": "0.85440", "2019-09-30": "0.76570", "2019-06-30": "0.81010", "2019-03-31": "0.88340", "2018-12-31": "0.92870", "2018-09-30": "1.04850", "2018-06-30": "0.95770", "2018-03-31": "0.95990", "2017-12-31": "0.85380", "2017-09-30": "0.92490", "2017-06-30": "1.00940", "2017-03-31": "0.92240", "2016-12-31": "0.69740", "2016-09-30": "0.65900", "2016-06-30": "0.60420", "2016-03-31": "0.62680", "2015-12-31": "0.61180", "2015-09-30": "0.63040", "2015-06-30": "0.62230", "2015-03-31": "0.59130", "2014-12-31": "0.61360", "2014-09-30": "0.66000", "2014-06-30": "0.69270", "2014-03-31": "0.46250", "2013-12-31": "0.49990", "2013-09-30": "0.55180", "2013-06-30": "0.65110", "2013-03-31": "0.61990", "2012-12-31": "0.63640", "2012-09-30": "0.64800", "2012-06-30": "0.23530", "2012-03-31": "0.22760", "2011-12-31": "0.24960", "2011-09-30": "0.24010", "2011-06-30": "0.22910", "2011-03-31": "0.01060", "2010-12-31": "0.01980", "2010-09-30": "0.03050", "2010-06-30": "0.04290", "2010-03-31": "0.05080", "2009-12-31": "0.06270", "2009-09-30": "0.08040", "2009-06-30": "0.09490", "2009-03-31": "0.16060", "2008-12-31": "0.15460", "2008-09-30": "0.11660", "2008-06-30": "0.11150", "2008-03-31": "0.10110", "2007-12-31": "0.10290", "2007-09-30": "0.11360", "2007-06-30": "0.28530", "2007-03-31": "", "2006-09-30": "", "2006-06-30": ""}, "Gross Margin": {"2020-09-30": "35.24170", "2020-06-30": "34.01890", "2020-03-31": "34.49130", "2019-12-31": "32.96250", "2019-09-30": "35.45680", "2019-06-30": "35.21830", "2019-03-31": "35.84610", "2018-12-31": "36.17750", "2018-09-30": "35.63820", "2018-06-30": "36.46410", "2018-03-31": "35.50350", "2017-12-31": "38.07260", "2017-09-30": "39.50690", "2017-06-30": "38.19740", "2017-03-31": "38.46870", "2016-12-31": "40.54910", "2016-09-30": "39.51260", "2016-06-30": "39.13700", "2016-03-31": "38.84760", "2015-12-31": "39.06880", "2015-09-30": "39.16950", "2015-06-30": "39.90410", "2015-03-31": "39.11710", "2014-12-31": "40.28580", "2014-09-30": "39.72610", "2014-06-30": "39.43760", "2014-03-31": "38.60370", "2013-12-31": "38.07210", "2013-09-30": "38.43750", "2013-06-30": "37.78770", "2013-03-31": "38.13090", "2012-12-31": "38.97510", "2012-09-30": "39.47900", "2012-06-30": "39.00700", "2012-03-31": "39.04070", "2011-12-31": "39.44590", "2011-09-30": "37.53870", "2011-06-30": "36.11290", "2011-03-31": "35.11270", "2010-12-31": "36.78660", "2010-09-30": "36.30240", "2010-06-30": "37.87900", "2010-03-31": "38.69770", "2009-12-31": "40.69430", "2009-09-30": "41.28990", "2009-06-30": "39.23290", "2009-03-31": "38.41280", "2008-12-31": "39.57940", "2008-09-30": "42.47950", "2008-06-30": "41.99290", "2008-03-31": "37.73880", "2007-12-31": "44.05350", "2007-09-30": "42.88610", "2007-06-30": "39.83490", "2007-03-31": "37.55900", "2006-09-30": "42.41440", "2006-06-30": "39.16330"}, "Operating Margin": {"2020-09-30": "13.06650", "2020-06-30": "10.03940", "2020-03-31": "11.98650", "2019-12-31": "11.98960", "2019-09-30": "13.53640", "2019-06-30": "12.04380", "2019-03-31": "11.13090", "2018-12-31": "13.26900", "2018-09-30": "12.57100", "2018-06-30": "10.91490", "2018-03-31": "9.25530", "2017-12-31": "9.98140", "2017-09-30": "13.81430", "2017-06-30": "12.07090", "2017-03-31": "12.69610", "2016-12-31": "14.45110", "2016-09-30": "13.42880", "2016-06-30": "12.67840", "2016-03-31": "12.40310", "2015-12-31": "12.90680", "2015-09-30": "14.13700", "2015-06-30": "14.65930", "2015-03-31": "12.61170", "2014-12-31": "11.78090", "2014-09-30": "12.39010", "2014-06-30": "13.00740", "2014-03-31": "14.62490", "2013-12-31": "12.82690", "2013-09-30": "16.07020", "2013-06-30": "14.58250", "2013-03-31": "14.67680", "2012-12-31": "13.94420", "2012-09-30": "14.24230", "2012-06-30": "13.50790", "2012-03-31": "13.87690", "2011-12-31": "13.98890", "2011-09-30": "13.21060", "2011-06-30": "12.84230", "2011-03-31": "14.06860", "2010-12-31": "17.53350", "2010-09-30": "13.19460", "2010-06-30": "12.44850", "2010-03-31": "12.92560", "2009-12-31": "15.59770", "2009-09-30": "15.79000", "2009-06-30": "13.87170", "2009-03-31": "12.45180", "2008-12-31": "18.05420", "2008-09-30": "13.41510", "2008-06-30": "11.50660", "2008-03-31": "7.38280", "2007-12-31": "15.13640", "2007-09-30": "11.41790", "2007-06-30": "9.54230", "2007-03-31": "6.00860", "2006-09-30": "9.23720", "2006-06-30": "5.25550"}, "EBIT Margin": {"2020-09-30": "13.06650", "2020-06-30": "10.03940", "2020-03-31": "11.98650", "2019-12-31": "11.98960", "2019-09-30": "13.53640", "2019-06-30": "12.04380", "2019-03-31": "11.13090", "2018-12-31": "13.26900", "2018-09-30": "12.57100", "2018-06-30": "10.91490", "2018-03-31": "9.25530", "2017-12-31": "9.98140", "2017-09-30": "13.81430", "2017-06-30": "12.07090", "2017-03-31": "12.69610", "2016-12-31": "14.45110", "2016-09-30": "13.42880", "2016-06-30": "12.67840", "2016-03-31": "12.40310", "2015-12-31": "12.90680", "2015-09-30": "14.13700", "2015-06-30": "14.65930", "2015-03-31": "12.61170", "2014-12-31": "11.78100", "2014-09-30": "12.39010", "2014-06-30": "13.00740", "2014-03-31": "14.62490", "2013-12-31": "12.82690", "2013-09-30": "16.07020", "2013-06-30": "14.58250", "2013-03-31": "14.67680", "2012-12-31": "13.94410", "2012-09-30": "14.24230", "2012-06-30": "13.50790", "2012-03-31": "13.87690", "2011-12-31": "13.98890", "2011-09-30": "13.21060", "2011-06-30": "12.84230", "2011-03-31": "14.06860", "2010-12-31": "17.53350", "2010-09-30": "13.19460", "2010-06-30": "12.44850", "2010-03-31": "12.92560", "2009-12-31": "15.59770", "2009-09-30": "15.79000", "2009-06-30": "13.87170", "2009-03-31": "12.45180", "2008-12-31": "18.05420", "2008-09-30": "13.41510", "2008-06-30": "11.50660", "2008-03-31": "7.38280", "2007-12-31": "15.13630", "2007-09-30": "11.41790", "2007-06-30": "9.54230", "2007-03-31": "6.00860", "2006-09-30": "9.23720", "2006-06-30": "5.25550"}, "EBITDA Margin": {"2020-09-30": "", "2020-06-30": "", "2020-03-31": "", "2019-12-31": "", "2019-09-30": "", "2019-06-30": "", "2019-03-31": "", "2018-12-31": "", "2018-09-30": "", "2018-06-30": "", "2018-03-31": "", "2017-12-31": "", "2017-09-30": "", "2017-06-30": "", "2017-03-31": "", "2016-12-31": "", "2016-09-30": "", "2016-06-30": "", "2016-03-31": "", "2015-12-31": "", "2015-09-30": "", "2015-06-30": "", "2015-03-31": "", "2014-12-31": "", "2014-09-30": "", "2014-06-30": "", "2014-03-31": "", "2013-12-31": "", "2013-09-30": "", "2013-06-30": "", "2013-03-31": "", "2012-12-31": "", "2012-09-30": "", "2012-06-30": "", "2012-03-31": "", "2011-12-31": "", "2011-09-30": "", "2011-06-30": "", "2011-03-31": "", "2010-12-31": "", "2010-09-30": "", "2010-06-30": "", "2010-03-31": "", "2009-12-31": "", "2009-09-30": "", "2009-06-30": "", "2009-03-31": "", "2008-12-31": "", "2008-09-30": "", "2008-06-30": "", "2008-03-31": "", "2007-12-31": "", "2007-09-30": "", "2007-06-30": "", "2007-03-31": "", "2006-09-30": "", "2006-06-30": ""}, "Pre-Tax Profit Margin": {"2020-09-30": "11.80550", "2020-06-30": "8.79320", "2020-03-31": "11.97570", "2019-12-31": "12.15520", "2019-09-30": "12.46500", "2019-06-30": "10.76830", "2019-03-31": "9.80270", "2018-12-31": "12.76630", "2018-09-30": "13.06420", "2018-06-30": "11.20740", "2018-03-31": "11.03320", "2017-12-31": "11.10860", "2017-09-30": "12.66070", "2017-06-30": "12.60970", "2017-03-31": "10.38290", "2016-12-31": "13.80850", "2016-09-30": "13.13890", "2016-06-30": "12.64730", "2016-03-31": "11.56610", "2015-12-31": "12.66470", "2015-09-30": "13.96060", "2015-06-30": "12.78110", "2015-03-31": "9.48900", "2014-12-31": "9.62680", "2014-09-30": "10.50660", "2014-06-30": "11.17340", "2014-03-31": "12.71150", "2013-12-31": "11.21000", "2013-09-30": "17.45270", "2013-06-30": "15.83680", "2013-03-31": "13.00000", "2012-12-31": "15.77770", "2012-09-30": "8.52070", "2012-06-30": "18.05530", "2012-03-31": "13.00250", "2011-12-31": "19.65260", "2011-09-30": "15.97200", "2011-06-30": "13.85380", "2011-03-31": "15.43930", "2010-12-31": "18.36150", "2010-09-30": "15.25290", "2010-06-30": "11.05630", "2010-03-31": "12.99710", "2009-12-31": "14.57460", "2009-09-30": "14.93500", "2009-06-30": "13.81200", "2009-03-31": "13.91020", "2008-12-31": "15.93850", "2008-09-30": "15.19500", "2008-06-30": "12.39980", "2008-03-31": "11.04350", "2007-12-31": "14.49900", "2007-09-30": "11.60880", "2007-06-30": "8.01400", "2007-03-31": "3.97430", "2006-09-30": "6.63230", "2006-06-30": "3.38970"}, "Net Profit Margin": {"2020-09-30": "9.13230", "2020-06-30": "6.90610", "2020-03-31": "9.28280", "2019-12-31": "8.73760", "2019-09-30": "9.91450", "2019-06-30": "8.36040", "2019-03-31": "7.51860", "2018-12-31": "9.47480", "2018-09-30": "9.84030", "2018-06-30": "8.86320", "2018-03-31": "9.39090", "2017-12-31": "9.13410", "2017-09-30": "10.40390", "2017-06-30": "10.27980", "2017-03-31": "8.56150", "2016-12-31": "11.19150", "2016-09-30": "10.62330", "2016-06-30": "10.41520", "2016-03-31": "9.64310", "2015-12-31": "9.96290", "2015-09-30": "11.01430", "2015-06-30": "10.28680", "2015-03-31": "7.60500", "2014-12-31": "7.60590", "2014-09-30": "7.93270", "2014-06-30": "8.72210", "2014-03-31": "9.58230", "2013-12-31": "8.74580", "2013-09-30": "13.13590", "2013-06-30": "11.94380", "2013-03-31": "9.27600", "2012-12-31": "10.51810", "2012-09-30": "5.12570", "2012-06-30": "13.06590", "2012-03-31": "8.85000", "2011-12-31": "13.80630", "2011-09-30": "11.18480", "2011-06-30": "9.81050", "2011-03-31": "10.92680", "2010-12-31": "13.47670", "2010-09-30": "12.47970", "2010-06-30": "9.05220", "2010-03-31": "9.77520", "2009-12-31": "11.64950", "2009-09-30": "11.62350", "2009-06-30": "10.88030", "2009-03-31": "11.26990", "2008-12-31": "16.67510", "2008-09-30": "12.42030", "2008-06-30": "9.78640", "2008-03-31": "8.39340", "2007-12-31": "13.44650", "2007-09-30": "5.93010", "2007-06-30": "-5.93610", "2007-03-31": "-8.35200", "2006-09-30": "-0.85230", "2006-06-30": "-2.54550"}, "Asset Turnover": {"2020-09-30": "0.19480", "2020-06-30": "0.18570", "2020-03-31": "0.20970", "2019-12-31": "0.21120", "2019-09-30": "0.21690", "2019-06-30": "0.21970", "2019-03-31": "0.20720", "2018-12-31": "0.23670", "2018-09-30": "0.21640", "2018-06-30": "0.22310", "2018-03-31": "0.20280", "2017-12-31": "0.21290", "2017-09-30": "0.21160", "2017-06-30": "0.20700", "2017-03-31": "0.21400", "2016-12-31": "0.23620", "2016-09-30": "0.22430", "2016-06-30": "0.22240", "2016-03-31": "0.21440", "2015-12-31": "0.23140", "2015-09-30": "0.22150", "2015-06-30": "0.21870", "2015-03-31": "0.21460", "2014-12-31": "0.21930", "2014-09-30": "0.21470", "2014-06-30": "0.20890", "2014-03-31": "0.19540", "2013-12-31": "0.20770", "2013-09-30": "0.20230", "2013-06-30": "0.19810", "2013-03-31": "0.18820", "2012-12-31": "0.19480", "2012-09-30": "0.18900", "2012-06-30": "0.18500", "2012-03-31": "0.17590", "2011-12-31": "0.18420", "2011-09-30": "0.17690", "2011-06-30": "0.16540", "2011-03-31": "0.17350", "2010-12-31": "0.18040", "2010-09-30": "0.17600", "2010-06-30": "0.17510", "2010-03-31": "0.16370", "2009-12-31": "0.16990", "2009-09-30": "0.16590", "2009-06-30": "0.16230", "2009-03-31": "0.16040", "2008-12-31": "0.16620", "2008-09-30": "0.16280", "2008-06-30": "0.15080", "2008-03-31": "0.13690", "2007-12-31": "0.13290", "2007-09-30": "0.13010", "2007-06-30": "0.14870", "2007-03-31": "", "2006-09-30": "", "2006-06-30": ""}, "Inventory Turnover Ratio": {"2020-09-30": "", "2020-06-30": "", "2020-03-31": "", "2019-12-31": "", "2019-09-30": "", "2019-06-30": "", "2019-03-31": "", "2018-12-31": "", "2018-09-30": "", "2018-06-30": "", "2018-03-31": "", "2017-12-31": "", "2017-09-30": "", "2017-06-30": "", "2017-03-31": "", "2016-12-31": "", "2016-09-30": "", "2016-06-30": "", "2016-03-31": "", "2015-12-31": "", "2015-09-30": "", "2015-06-30": "", "2015-03-31": "", "2014-12-31": "", "2014-09-30": "", "2014-06-30": "", "2014-03-31": "", "2013-12-31": "", "2013-09-30": "", "2013-06-30": "", "2013-03-31": "", "2012-12-31": "", "2012-09-30": "", "2012-06-30": "", "2012-03-31": "", "2011-12-31": "", "2011-09-30": "", "2011-06-30": "", "2011-03-31": "", "2010-12-31": "", "2010-09-30": "", "2010-06-30": "", "2010-03-31": "", "2009-12-31": "", "2009-09-30": "", "2009-06-30": "", "2009-03-31": "", "2008-12-31": "", "2008-09-30": "", "2008-06-30": "", "2008-03-31": "", "2007-12-31": "", "2007-09-30": "", "2007-06-30": "", "2007-03-31": "", "2006-09-30": "", "2006-06-30": ""}, "Receiveable Turnover": {"2020-09-30": "1.08900", "2020-06-30": "1.03600", "2020-03-31": "1.01340", "2019-12-31": "1.02900", "2019-09-30": "1.02960", "2019-06-30": "1.02940", "2019-03-31": "0.96450", "2018-12-31": "1.07900", "2018-09-30": "1.05340", "2018-06-30": "1.05380", "2018-03-31": "0.97990", "2017-12-31": "1.05960", "2017-09-30": "1.05690", "2017-06-30": "1.05190", "2017-03-31": "1.03340", "2016-12-31": "1.10810", "2016-09-30": "1.06440", "2016-06-30": "1.05400", "2016-03-31": "1.00680", "2015-12-31": "1.09560", "2015-09-30": "1.12450", "2015-06-30": "1.10110", "2015-03-31": "1.10860", "2014-12-31": "1.14410", "2014-09-30": "1.10180", "2014-06-30": "1.05740", "2014-03-31": "1.02920", "2013-12-31": "1.10560", "2013-09-30": "1.12120", "2013-06-30": "1.12650", "2013-03-31": "1.09320", "2012-12-31": "1.12330", "2012-09-30": "1.06060", "2012-06-30": "1.09320", "2012-03-31": "0.97630", "2011-12-31": "1.10010", "2011-09-30": "1.07540", "2011-06-30": "1.01270", "2011-03-31": "1.07320", "2010-12-31": "1.11640", "2010-09-30": "1.09630", "2010-06-30": "1.06620", "2010-03-31": "1.05270", "2009-12-31": "1.17600", "2009-09-30": "1.14090", "2009-06-30": "1.15540", "2009-03-31": "1.11730", "2008-12-31": "1.22160", "2008-09-30": "1.13430", "2008-06-30": "1.11480", "2008-03-31": "1.07190", "2007-12-31": "1.14930", "2007-09-30": "1.07410", "2007-06-30": "1.19160", "2007-03-31": "", "2006-09-30": "", "2006-06-30": ""}, "Days Sales In Receivables": {"2020-09-30": "82.64500", "2020-06-30": "86.86900", "2020-03-31": "88.80700", "2019-12-31": "87.46630", "2019-09-30": "87.41110", "2019-06-30": "87.42830", "2019-03-31": "93.31280", "2018-12-31": "83.41110", "2018-09-30": "85.43570", "2018-06-30": "85.40290", "2018-03-31": "91.84910", "2017-12-31": "84.93540", "2017-09-30": "85.15840", "2017-06-30": "85.56050", "2017-03-31": "87.09280", "2016-12-31": "81.22340", "2016-09-30": "84.55370", "2016-06-30": "85.39030", "2016-03-31": "89.39410", "2015-12-31": "82.15010", "2015-09-30": "80.03710", "2015-06-30": "81.73640", "2015-03-31": "81.18090", "2014-12-31": "78.66250", "2014-09-30": "81.68820", "2014-06-30": "85.11320", "2014-03-31": "87.44850", "2013-12-31": "81.40350", "2013-09-30": "80.27020", "2013-06-30": "79.89630", "2013-03-31": "82.32570", "2012-12-31": "80.12350", "2012-09-30": "84.86140", "2012-06-30": "82.32760", "2012-03-31": "92.18660", "2011-12-31": "81.81390", "2011-09-30": "83.69110", "2011-06-30": "88.87440", "2011-03-31": "83.86410", "2010-12-31": "80.61440", "2010-09-30": "82.09440", "2010-06-30": "84.41210", "2010-03-31": "85.49470", "2009-12-31": "76.53370", "2009-09-30": "78.88260", "2009-06-30": "77.89580", "2009-03-31": "80.54980", "2008-12-31": "73.67590", "2008-09-30": "79.34590", "2008-06-30": "80.72870", "2008-03-31": "83.96650", "2007-12-31": "78.31140", "2007-09-30": "83.79460", "2007-06-30": "75.52770", "2007-03-31": "", "2006-09-30": "", "2006-06-30": ""}, "ROE - Return On Equity": {"2020-09-30": "4.80730", "2020-06-30": "3.74330", "2020-03-31": "5.44780", "2019-12-31": "4.86620", "2019-09-30": "5.48800", "2019-06-30": "4.65600", "2019-03-31": "4.06920", "2018-12-31": "5.63650", "2018-09-30": "5.72780", "2018-06-30": "4.98090", "2018-03-31": "4.68040", "2017-12-31": "4.64440", "2017-09-30": "5.56630", "2017-06-30": "5.49120", "2017-03-31": "4.43790", "2016-12-31": "5.91200", "2016-09-30": "5.21220", "2016-06-30": "4.79180", "2016-03-31": "4.33500", "2015-12-31": "4.93830", "2015-09-30": "5.31080", "2015-06-30": "4.75030", "2015-03-31": "3.33600", "2014-12-31": "3.56010", "2014-09-30": "3.73770", "2014-06-30": "4.05540", "2014-03-31": "3.55840", "2013-12-31": "3.76910", "2013-09-30": "5.94500", "2013-06-30": "5.47060", "2013-03-31": "3.83530", "2012-12-31": "4.68720", "2012-09-30": "2.30680", "2012-06-30": "4.31080", "2012-03-31": "2.56150", "2011-12-31": "4.36940", "2011-09-30": "3.19420", "2011-06-30": "2.49860", "2011-03-31": "2.45060", "2010-12-31": "3.24610", "2010-09-30": "3.01090", "2010-06-30": "2.27040", "2010-03-31": "2.30270", "2009-12-31": "3.05710", "2009-09-30": "3.26670", "2009-06-30": "3.16700", "2009-03-31": "4.09680", "2008-12-31": "5.75770", "2008-09-30": "3.76480", "2008-06-30": "2.64470", "2008-03-31": "1.85480", "2007-12-31": "3.16180", "2007-09-30": "1.37940", "2007-06-30": "1.10720", "2007-03-31": "", "2006-09-30": "", "2006-06-30": ""}, "Return On Tangible Equity": {"2020-09-30": "261.51550", "2020-06-30": "-67.57290", "2020-03-31": "-43.58200", "2019-12-31": "-70.76530", "2019-09-30": "164.32260", "2019-06-30": "424.61250", "2019-03-31": "-77.48950", "2018-12-31": "-47.46820", "2018-09-30": "-31.13260", "2018-06-30": "-47.63500", "2018-03-31": "-66.02360", "2017-12-31": "-148.06630", "2017-09-30": "-52.56810", "2017-06-30": "-53.50150", "2017-03-31": "343.98180", "2016-12-31": "55.00320", "2016-09-30": "47.31960", "2016-06-30": "30.60730", "2016-03-31": "28.14910", "2015-12-31": "38.47640", "2015-09-30": "50.08140", "2015-06-30": "41.75830", "2015-03-31": "26.46250", "2014-12-31": "40.35340", "2014-09-30": "60.11500", "2014-06-30": "431.21820", "2014-03-31": "13.83090", "2013-12-31": "18.40850", "2013-09-30": "49.54700", "2013-06-30": "53.70050", "2013-03-31": "32.63070", "2012-12-31": "53.15400", "2012-09-30": "39.03910", "2012-06-30": "14.94000", "2012-03-31": "7.70700", "2011-12-31": "15.79900", "2011-09-30": "10.16430", "2011-06-30": "7.56930", "2011-03-31": "4.04130", "2010-12-31": "5.47790", "2010-09-30": "5.30030", "2010-06-30": "4.22440", "2010-03-31": "4.31980", "2009-12-31": "5.96590", "2009-09-30": "7.14950", "2009-06-30": "7.58870", "2009-03-31": "14.31000", "2008-12-31": "19.42290", "2008-09-30": "11.16690", "2008-06-30": "7.29020", "2008-03-31": "4.30820", "2007-12-31": "7.32360", "2007-09-30": "3.30310", "2007-06-30": "5.32010", "2007-03-31": "", "2006-09-30": "", "2006-06-30": ""}, "ROA - Return On Assets": {"2020-09-30": "1.77850", "2020-06-30": "1.28270", "2020-03-31": "1.94650", "2019-12-31": "1.84540", "2019-09-30": "2.15040", "2019-06-30": "1.83720", "2019-03-31": "1.55810", "2018-12-31": "2.24250", "2018-09-30": "2.12930", "2018-06-30": "1.97710", "2018-03-31": "1.88200", "2017-12-31": "1.91730", "2017-09-30": "2.18400", "2017-06-30": "2.13320", "2017-03-31": "1.80100", "2016-12-31": "2.63580", "2016-09-30": "2.35710", "2016-06-30": "2.28570", "2016-03-31": "2.05750", "2015-12-31": "2.30580", "2015-09-30": "2.43990", "2015-06-30": "2.24940", "2015-03-31": "1.63190", "2014-12-31": "1.66820", "2014-09-30": "1.70350", "2014-06-30": "1.81910", "2014-03-31": "1.88100", "2013-12-31": "1.85570", "2013-09-30": "2.70150", "2013-06-30": "2.42420", "2013-03-31": "1.80250", "2012-12-31": "2.10770", "2012-09-30": "1.02400", "2012-06-30": "2.48500", "2012-03-31": "1.62570", "2011-12-31": "2.61010", "2011-09-30": "2.04670", "2011-06-30": "1.69470", "2011-03-31": "1.99020", "2010-12-31": "2.53940", "2010-09-30": "2.27440", "2010-06-30": "1.65890", "2010-03-31": "1.71780", "2009-12-31": "2.09880", "2009-09-30": "2.01700", "2009-06-30": "1.89300", "2009-03-31": "1.92320", "2008-12-31": "2.86600", "2008-09-30": "2.13380", "2008-06-30": "1.66270", "2008-03-31": "1.31450", "2007-12-31": "2.26820", "2007-09-30": "0.98900", "2007-06-30": "0.52570", "2007-03-31": "", "2006-09-30": "", "2006-06-30": ""}, "ROI - Return On Investment": {"2020-09-30": "2.76250", "2020-06-30": "2.08300", "2020-03-31": "2.95030", "2019-12-31": "2.71370", "2019-09-30": "3.44680", "2019-06-30": "2.89960", "2019-03-31": "2.47120", "2018-12-31": "3.32570", "2018-09-30": "3.24400", "2018-06-30": "2.82760", "2018-03-31": "2.70560", "2017-12-31": "2.72090", "2017-09-30": "3.13900", "2017-06-30": "3.02490", "2017-03-31": "2.36490", "2016-12-31": "3.83240", "2016-09-30": "3.38200", "2016-06-30": "3.13010", "2016-03-31": "2.81170", "2015-12-31": "3.15490", "2015-09-30": "3.35470", "2015-06-30": "3.01550", "2015-03-31": "2.24460", "2014-12-31": "2.36510", "2014-09-30": "2.45380", "2014-06-30": "2.62870", "2014-03-31": "2.43970", "2013-12-31": "2.52010", "2013-09-30": "3.84260", "2013-06-30": "3.52870", "2013-03-31": "2.51770", "2012-12-31": "2.99940", "2012-09-30": "1.46690", "2012-06-30": "4.13690", "2012-03-31": "2.44340", "2011-12-31": "4.15080", "2011-09-30": "3.01840", "2011-06-30": "2.36720", "2011-03-31": "2.44730", "2010-12-31": "3.24060", "2010-09-30": "3.00490", "2010-06-30": "2.26490", "2010-03-31": "2.27520", "2009-12-31": "2.98660", "2009-09-30": "3.14500", "2009-06-30": "3.00630", "2009-03-31": "3.78780", "2008-12-31": "5.29370", "2008-09-30": "3.45860", "2008-06-30": "2.42650", "2008-03-31": "1.71350", "2007-12-31": "2.91500", "2007-09-30": "1.26100", "2007-06-30": "0.75020", "2007-03-31": "", "2006-09-30": "", "2006-06-30": ""}, "Book Value Per Share": {"2020-09-30": "9.33370", "2020-06-30": "8.70700", "2020-03-31": "8.27060", "2019-12-31": "8.88490", "2019-09-30": "8.44590", "2019-06-30": "8.31230", "2019-03-31": "7.88340", "2018-12-31": "7.41600", "2018-09-30": "6.76140", "2018-06-30": "6.82770", "2018-03-31": "7.16630", "2017-12-31": "7.38520", "2017-09-30": "6.80890", "2017-06-30": "6.52480", "2017-03-31": "6.13120", "2016-12-31": "6.47230", "2016-09-30": "6.45280", "2016-06-30": "6.47070", "2016-03-31": "6.42890", "2015-12-31": "6.16800", "2015-09-30": "5.99850", "2015-06-30": "6.08730", "2015-03-31": "6.09260", "2014-12-31": "5.87670", "2014-09-30": "5.76480", "2014-06-30": "5.57430", "2014-03-31": "6.12430", "2013-12-31": "5.72540", "2013-09-30": "5.22070", "2013-06-30": "5.21370", "2013-03-31": "5.51730", "2012-12-31": "5.19680", "2012-09-30": "5.14730", "2012-06-30": "6.53280", "2012-03-31": "7.05730", "2011-12-31": "6.45690", "2011-09-30": "7.00930", "2011-06-30": "7.35750", "2011-03-31": "6.99830", "2010-12-31": "6.70500", "2010-09-30": "6.26550", "2010-06-30": "5.85340", "2010-03-31": "6.00870", "2009-12-31": "5.51780", "2009-09-30": "4.89900", "2009-06-30": "4.66220", "2009-03-31": "3.62420", "2008-12-31": "3.93530", "2008-09-30": "4.39450", "2008-06-30": "4.94300", "2008-03-31": "5.72300", "2007-12-31": "5.89680", "2007-09-30": "5.58760", "2007-06-30": "2.15590", "2007-03-31": "", "2006-09-30": "", "2006-06-30": ""}, "Operating Cash Flow Per Share": {"2020-09-30": 1.2752, "2020-06-30": 0.9819, "2020-03-31": "-0.09490", "2019-12-31": 0.4501, "2019-09-30": 1.1209, "2019-06-30": 0.6495, "2019-03-31": "-0.02800", "2018-12-31": 0.7, "2018-09-30": 0.7943, "2018-06-30": 0.3951, "2018-03-31": "-0.13920", "2017-12-31": 0.4697, "2017-09-30": 0.7573, "2017-06-30": 0.4422, "2017-03-31": "0.15310", "2016-12-31": 0.5183, "2016-09-30": 0.7255, "2016-06-30": 0.4467, "2016-03-31": "-0.04500", "2015-12-31": 0.3288, "2015-09-30": 0.6468, "2015-06-30": 0.4094, "2015-03-31": "0.10920", "2014-12-31": 0.3965, "2014-09-30": 0.3907, "2014-06-30": 0.3601, "2014-03-31": "0.06000", "2013-12-31": 0.3349, "2013-09-30": 0.5292, "2013-06-30": 0.3226, "2013-03-31": "0.13500", "2012-12-31": 0.4434, "2012-09-30": 0.3304, "2012-06-30": 0.558, "2012-03-31": "0.02160", "2011-12-31": 0.397, "2011-09-30": 0.4182, "2011-06-30": 0.2692, "2011-03-31": "0.09350", "2010-12-31": 0.3786, "2010-09-30": 0.3025, "2010-06-30": 0.1339, "2010-03-31": "-0.08960", "2009-12-31": 0.142, "2009-09-30": 0.2469, "2009-06-30": 0.2235, "2009-03-31": "0.08640", "2008-12-31": 0.3836, "2008-09-30": 0.2664, "2008-06-30": 0.2214, "2008-03-31": "0.09560", "2007-12-31": 0.6409, "2007-09-30": -0.3502, "2007-06-30": 0.631, "2007-03-31": "0.12910", "2006-09-30": -8.5376, "2006-06-30": 8.9086}, "Free Cash Flow Per Share": {"2020-09-30": 1.2016, "2020-06-30": 0.9191, "2020-03-31": "-0.19990", "2019-12-31": 0.348, "2019-09-30": 0.996, "2019-06-30": 0.5666, "2019-03-31": "-0.09310", "2018-12-31": 0.6151, "2018-09-30": 0.638, "2018-06-30": 0.2963, "2018-03-31": "-0.23380", "2017-12-31": 0.4233, "2017-09-30": 0.6707, "2017-06-30": 0.376, "2017-03-31": "0.07070", "2016-12-31": 0.4373, "2016-09-30": 0.6361, "2016-06-30": 0.3485, "2016-03-31": "-0.16360", "2015-12-31": 0.2519, "2015-09-30": 0.5797, "2015-06-30": 0.3367, "2015-03-31": "0.04890", "2014-12-31": 0.3372, "2014-09-30": 0.3079, "2014-06-30": 0.2876, "2014-03-31": "-0.00080", "2013-12-31": 0.2863, "2013-09-30": 0.4929, "2013-06-30": 0.2768, "2013-03-31": "0.07300", "2012-12-31": 0.3423, "2012-09-30": 0.2521, "2012-06-30": 0.4722, "2012-03-31": "-0.07400", "2011-12-31": 0.3381, "2011-09-30": 0.3744, "2011-06-30": 0.2442, "2011-03-31": "0.06710", "2010-12-31": 0.3468, "2010-09-30": 0.2559, "2010-06-30": 0.0836, "2010-03-31": "-0.20080", "2009-12-31": 0.1039, "2009-09-30": 0.1918, "2009-06-30": 0.1487, "2009-03-31": "0.02730", "2008-12-31": 0.3127, "2008-09-30": 0.1818, "2008-06-30": 0.174, "2008-03-31": "0.01450", "2007-12-31": 0.4053, "2007-09-30": -0.2354, "2007-06-30": 0.4403, "2007-03-31": "0.00110", "2006-09-30": 77.4936, "2006-06-30": -77.9492}}, "revenue": {"Genpact Annual Revenue (Millions of US $)": {"2019": "$3,521", "2018": "$3,001", "2017": "$2,737", "2016": "$2,571", "2015": "$2,461", "2014": "$2,279", "2013": "$2,132", "2012": "$1,902", "2011": "$1,600", "2010": "$1,259", "2009": "$1,120", "2008": "$1,041", "2007": "$823", "2006": "$613", "2005": "$492"}, "Genpact Quarterly Revenue (Millions of US $)": {"2020-09-30": "$936", "2020-06-30": "$900", "2020-03-31": "$923", "2019-12-31": "$941", "2019-09-30": "$889", "2019-06-30": "$882", "2019-03-31": "$809", "2018-12-31": "$835", "2018-09-30": "$748", "2018-06-30": "$729", "2018-03-31": "$689", "2017-12-31": "$734", "2017-09-30": "$709", "2017-06-30": "$671", "2017-03-31": "$623", "2016-12-31": "$682", "2016-09-30": "$649", "2016-06-30": "$631", "2016-03-31": "$610", "2015-12-31": "$647", "2015-09-30": "$618", "2015-06-30": "$610", "2015-03-31": "$587", "2014-12-31": "$602", "2014-09-30": "$588", "2014-06-30": "$562", "2014-03-31": "$528", "2013-12-31": "$558", "2013-09-30": "$535", "2013-06-30": "$535", "2013-03-31": "$504", "2012-12-31": "$508", "2012-09-30": "$491", "2012-06-30": "$468", "2012-03-31": "$435", "2011-12-31": "$443", "2011-09-30": "$430", "2011-06-30": "$398", "2011-03-31": "$331", "2010-12-31": "$342", "2010-09-30": "$322", "2010-06-30": "$308", "2010-03-31": "$288", "2009-12-31": "$297", "2009-09-30": "$284", "2009-06-30": "$273", "2009-03-31": "$266", "2008-12-31": "$282", "2008-09-30": "$271", "2008-06-30": "$254", "2008-03-31": "$235", "2007-12-31": "$232", "2007-09-30": "$215", "2007-06-30": "$201", "2007-03-31": "$176", "2006-09-30": "$162", "2006-06-30": "$141"}}, "gross-profit": {"Genpact Annual Gross Profit (Millions of US $)": {"2019": "$1,226", "2018": "$1,079", "2017": "$1,055", "2016": "$1,016", "2015": "$967", "2014": "$901", "2013": "$812", "2012": "$744", "2011": "$596", "2010": "$470", "2009": "$447", "2008": "$422", "2007": "$340", "2006": "$244", "2005": "$188"}, "Genpact Quarterly Gross Profit (Millions of US $)": {"2020-09-30": "$330", "2020-06-30": "$306", "2020-03-31": "$318", "2019-12-31": "$310", "2019-09-30": "$315", "2019-06-30": "$311", "2019-03-31": "$290", "2018-12-31": "$302", "2018-09-30": "$267", "2018-06-30": "$266", "2018-03-31": "$245", "2017-12-31": "$280", "2017-09-30": "$280", "2017-06-30": "$256", "2017-03-31": "$240", "2016-12-31": "$276", "2016-09-30": "$256", "2016-06-30": "$247", "2016-03-31": "$237", "2015-12-31": "$253", "2015-09-30": "$242", "2015-06-30": "$243", "2015-03-31": "$230", "2014-12-31": "$242", "2014-09-30": "$234", "2014-06-30": "$221", "2014-03-31": "$204", "2013-12-31": "$213", "2013-09-30": "$206", "2013-06-30": "$202", "2013-03-31": "$192", "2012-12-31": "$198", "2012-09-30": "$194", "2012-06-30": "$182", "2012-03-31": "$170", "2011-12-31": "$175", "2011-09-30": "$161", "2011-06-30": "$144", "2011-03-31": "$116", "2010-12-31": "$126", "2010-09-30": "$117", "2010-06-30": "$117", "2010-03-31": "$112", "2009-12-31": "$121", "2009-09-30": "$117", "2009-06-30": "$107", "2009-03-31": "$102", "2008-12-31": "$112", "2008-09-30": "$115", "2008-06-30": "$106", "2008-03-31": "$89", "2007-12-31": "$102", "2007-09-30": "$92", "2007-06-30": "$80", "2007-03-31": "$66", "2006-09-30": "$69", "2006-06-30": "$55"}}, "operating-income": {"Genpact Annual Operating Income (Millions of US $)": {"2019": "$429", "2018": "$348", "2017": "$331", "2016": "$341", "2015": "$334", "2014": "$294", "2013": "$310", "2012": "$264", "2011": "$216", "2010": "$178", "2009": "$162", "2008": "$134", "2007": "$89", "2006": "$45", "2005": "$30"}, "Genpact Quarterly Operating Income (Millions of US $)": {"2020-09-30": "$122", "2020-06-30": "$90", "2020-03-31": "$111", "2019-12-31": "$113", "2019-09-30": "$120", "2019-06-30": "$106", "2019-03-31": "$90", "2018-12-31": "$111", "2018-09-30": "$94", "2018-06-30": "$80", "2018-03-31": "$64", "2017-12-31": "$73", "2017-09-30": "$98", "2017-06-30": "$81", "2017-03-31": "$79", "2016-12-31": "$99", "2016-09-30": "$87", "2016-06-30": "$80", "2016-03-31": "$76", "2015-12-31": "$83", "2015-09-30": "$87", "2015-06-30": "$89", "2015-03-31": "$74", "2014-12-31": "$71", "2014-09-30": "$73", "2014-06-30": "$73", "2014-03-31": "$77", "2013-12-31": "$72", "2013-09-30": "$86", "2013-06-30": "$78", "2013-03-31": "$74", "2012-12-31": "$71", "2012-09-30": "$70", "2012-06-30": "$63", "2012-03-31": "$60", "2011-12-31": "$62", "2011-09-30": "$57", "2011-06-30": "$51", "2011-03-31": "$47", "2010-12-31": "$60", "2010-09-30": "$42", "2010-06-30": "$38", "2010-03-31": "$37", "2009-12-31": "$46", "2009-09-30": "$45", "2009-06-30": "$38", "2009-03-31": "$33", "2008-12-31": "$51", "2008-09-30": "$36", "2008-06-30": "$29", "2008-03-31": "$17", "2007-12-31": "$35", "2007-09-30": "$25", "2007-06-30": "$19", "2007-03-31": "$11", "2006-09-30": "$15", "2006-06-30": "$7"}}, "ebitda": {"Genpact Annual EBITDA (Millions of US $)": {"2019": "$560", "2018": "$456", "2017": "$428", "2016": "$424", "2015": "$431", "2014": "$377", "2013": "$392", "2012": "$352", "2011": "$297", "2010": "$252", "2009": "$242", "2008": "$226", "2007": "$176", "2006": "$126", "2005": "$111"}, "Genpact Quarterly EBITDA (Millions of US $)": {"2020-09-30": "$163", "2020-06-30": "$131", "2020-03-31": "$150", "2019-12-31": "$148", "2019-09-30": "$152", "2019-06-30": "$139", "2019-03-31": "$121", "2018-12-31": "$138", "2018-09-30": "$122", "2018-06-30": "$106", "2018-03-31": "$90", "2017-12-31": "$101", "2017-09-30": "$124", "2017-06-30": "$103", "2017-03-31": "$101", "2016-12-31": "$121", "2016-09-30": "$108", "2016-06-30": "$101", "2016-03-31": "$95", "2015-12-31": "$105", "2015-09-30": "$108", "2015-06-30": "$121", "2015-03-31": "$97", "2014-12-31": "$93", "2014-09-30": "$94", "2014-06-30": "$93", "2014-03-31": "$96", "2013-12-31": "$91", "2013-09-30": "$106", "2013-06-30": "$102", "2013-03-31": "$94", "2012-12-31": "$92", "2012-09-30": "$96", "2012-06-30": "$84", "2012-03-31": "$81", "2011-12-31": "$82", "2011-09-30": "$79", "2011-06-30": "$72", "2011-03-31": "$64", "2010-12-31": "$79", "2010-09-30": "$61", "2010-06-30": "$57", "2010-03-31": "$56", "2009-12-31": "$67", "2009-09-30": "$65", "2009-06-30": "$58", "2009-03-31": "$53", "2008-12-31": "$72", "2008-09-30": "$58", "2008-06-30": "$51", "2008-03-31": "$45", "2007-12-31": "$57", "2007-09-30": "$47", "2007-06-30": "$41", "2007-03-31": "$31", "2006-09-30": "$35", "2006-06-30": "$7"}}, "net-income": {"Genpact Annual Net Income (Millions of US $)": {"2019": "$305", "2018": "$282", "2017": "$263", "2016": "$270", "2015": "$240", "2014": "$192", "2013": "$230", "2012": "$178", "2011": "$184", "2010": "$142", "2009": "$127", "2008": "$125", "2007": "$17", "2006": "$-11", "2005": "$-2"}, "Genpact Quarterly Net Income (Millions of US $)": {"2020-09-30": "$85", "2020-06-30": "$62", "2020-03-31": "$86", "2019-12-31": "$82", "2019-09-30": "$88", "2019-06-30": "$74", "2019-03-31": "$61", "2018-12-31": "$79", "2018-09-30": "$74", "2018-06-30": "$65", "2018-03-31": "$65", "2017-12-31": "$67", "2017-09-30": "$74", "2017-06-30": "$69", "2017-03-31": "$53", "2016-12-31": "$76", "2016-09-30": "$69", "2016-06-30": "$66", "2016-03-31": "$59", "2015-12-31": "$64", "2015-09-30": "$68", "2015-06-30": "$63", "2015-03-31": "$45", "2014-12-31": "$46", "2014-09-30": "$47", "2014-06-30": "$49", "2014-03-31": "$51", "2013-12-31": "$49", "2013-09-30": "$70", "2013-06-30": "$64", "2013-03-31": "$47", "2012-12-31": "$53", "2012-09-30": "$25", "2012-06-30": "$61", "2012-03-31": "$39", "2011-12-31": "$61", "2011-09-30": "$48", "2011-06-30": "$39", "2011-03-31": "$36", "2010-12-31": "$46", "2010-09-30": "$40", "2010-06-30": "$28", "2010-03-31": "$28", "2009-12-31": "$35", "2009-09-30": "$33", "2009-06-30": "$30", "2009-03-31": "$30", "2008-12-31": "$47", "2008-09-30": "$34", "2008-06-30": "$25", "2008-03-31": "$20", "2007-12-31": "$31", "2007-09-30": "$13", "2007-06-30": "$-12", "2007-03-31": "$-15", "2006-09-30": "$-1", "2006-06-30": "$-4"}}, "eps-earnings-per-share-diluted": {"Genpact Annual EPS": {"2019": "$1.56", "2018": "$1.45", "2017": "$1.34", "2016": "$1.28", "2015": "$1.09", "2014": "$0.85", "2013": "$0.97", "2012": "$0.78", "2011": "$0.81", "2010": "$0.63", "2009": "$0.58", "2008": "$0.57", "2007": "$0.12", "2006": "$-0.15", "2005": "$-0.02"}, "Genpact Quarterly EPS": {"2020-09-30": "$0.43", "2020-06-30": "$0.32", "2020-03-31": "$0.44", "2019-12-31": "$0.42", "2019-09-30": "$0.45", "2019-06-30": "$0.38", "2019-03-31": "$0.31", "2018-12-31": "$0.41", "2018-09-30": "$0.38", "2018-06-30": "$0.33", "2018-03-31": "$0.33", "2017-12-31": "$0.34", "2017-09-30": "$0.38", "2017-06-30": "$0.36", "2017-03-31": "$0.26", "2016-12-31": "$0.37", "2016-09-30": "$0.33", "2016-06-30": "$0.31", "2016-03-31": "$0.27", "2015-12-31": "$0.30", "2015-09-30": "$0.31", "2015-06-30": "$0.28", "2015-03-31": "$0.20", "2014-12-31": "$0.21", "2014-09-30": "$0.21", "2014-06-30": "$0.22", "2014-03-31": "$0.21", "2013-12-31": "$0.20", "2013-09-30": "$0.30", "2013-06-30": "$0.27", "2013-03-31": "$0.20", "2012-12-31": "$0.23", "2012-09-30": "$0.11", "2012-06-30": "$0.27", "2012-03-31": "$0.17", "2011-12-31": "$0.27", "2011-09-30": "$0.21", "2011-06-30": "$0.17", "2011-03-31": "$0.16", "2010-12-31": "$0.20", "2010-09-30": "$0.18", "2010-06-30": "$0.12", "2010-03-31": "$0.13", "2009-12-31": "$0.15", "2009-09-30": "$0.15", "2009-06-30": "$0.14", "2009-03-31": "$0.14", "2008-12-31": "$0.22", "2008-09-30": "$0.15", "2008-06-30": "$0.11", "2008-03-31": "$0.09", "2007-12-31": "$0.44", "2007-09-30": "$0.07", "2007-06-30": "$-0.17", "2007-03-31": "$-0.22", "2006-09-30": "$-0.02", "2006-06-30": "$-9.11"}}, "shares-outstanding": {"Genpact Annual Shares Outstanding (Millions of Shares)": {"2019": "195", "2018": "194", "2017": "197", "2016": "210", "2015": "219", "2014": "225", "2013": "236", "2012": "230", "2011": "226", "2010": "225", "2009": "226", "2008": "218", "2007": "143", "2006": "71", "2005": "71"}, "Genpact Quarterly Shares Outstanding (Millions of Shares)": {"2020-09-30": "197", "2020-06-30": "195", "2020-03-31": "197", "2019-12-31": "195", "2019-09-30": "196", "2019-06-30": "195", "2019-03-31": "193", "2018-12-31": "194", "2018-09-30": "193", "2018-06-30": "193", "2018-03-31": "196", "2017-12-31": "197", "2017-09-30": "195", "2017-06-30": "194", "2017-03-31": "203", "2016-12-31": "210", "2016-09-30": "209", "2016-06-30": "214", "2016-03-31": "214", "2015-12-31": "219", "2015-09-30": "218", "2015-06-30": "221", "2015-03-31": "222", "2014-12-31": "225", "2014-09-30": "221", "2014-06-30": "222", "2014-03-31": "237", "2013-12-31": "236", "2013-09-30": "236", "2013-06-30": "235", "2013-03-31": "234", "2012-12-31": "230", "2012-09-30": "230", "2012-06-30": "228", "2012-03-31": "227", "2011-12-31": "226", "2011-09-30": "227", "2011-06-30": "226", "2011-03-31": "226", "2010-12-31": "225", "2010-09-30": "225", "2010-06-30": "225", "2010-03-31": "224", "2009-12-31": "226", "2009-09-30": "222", "2009-06-30": "219", "2009-03-31": "217", "2008-12-31": "218", "2008-09-30": "219", "2008-06-30": "219", "2008-03-31": "219", "2007-12-31": "143", "2007-09-30": "196", "2007-06-30": "69", "2007-03-31": "68", "2006-09-30": "71", "2006-06-30": "0"}}, "total-assets": {"Genpact Annual Total Assets (Millions of US $)": {"2019": "$4,454", "2018": "$3,529", "2017": "$3,450", "2016": "$2,886", "2015": "$2,793", "2014": "$2,743", "2013": "$2,689", "2012": "$2,606", "2011": "$2,403", "2010": "$1,893", "2009": "$1,748", "2008": "$1,696", "2007": "$1,743", "2006": "$1,081", "2005": "$0"}, "Genpact Quarterly Total Assets (Millions of US $)": {"2020-09-30": "$4,804", "2020-06-30": "$4,846", "2020-03-31": "$4,403", "2019-12-31": "$4,454", "2019-09-30": "$4,098", "2019-06-30": "$4,013", "2019-03-31": "$3,905", "2018-12-31": "$3,529", "2018-09-30": "$3,457", "2018-06-30": "$3,266", "2018-03-31": "$3,397", "2017-12-31": "$3,450", "2017-09-30": "$3,350", "2017-06-30": "$3,239", "2017-03-31": "$2,912", "2016-12-31": "$2,886", "2016-09-30": "$2,893", "2016-06-30": "$2,835", "2016-03-31": "$2,844", "2015-12-31": "$2,793", "2015-09-30": "$2,789", "2015-06-30": "$2,787", "2015-03-31": "$2,736", "2014-12-31": "$2,743", "2014-09-30": "$2,739", "2014-06-30": "$2,688", "2014-03-31": "$2,704", "2013-12-31": "$2,689", "2013-09-30": "$2,644", "2013-06-30": "$2,700", "2013-03-31": "$2,677", "2012-12-31": "$2,606", "2012-09-30": "$2,599", "2012-06-30": "$2,527", "2012-03-31": "$2,476", "2011-12-31": "$2,403", "2011-09-30": "$2,428", "2011-06-30": "$2,403", "2011-03-31": "$1,905", "2010-12-31": "$1,893", "2010-09-30": "$1,827", "2010-06-30": "$1,757", "2010-03-31": "$1,761", "2009-12-31": "$1,748", "2009-09-30": "$1,715", "2009-06-30": "$1,681", "2009-03-31": "$1,657", "2008-12-31": "$1,696", "2008-09-30": "$1,663", "2008-06-30": "$1,681", "2008-03-31": "$1,714", "2007-12-31": "$1,743", "2007-09-30": "$1,650", "2007-06-30": "$1,349", "2007-03-31": "$0", "2006-09-30": "$0", "2006-06-30": "$0"}}, "cash-on-hand": {"Genpact Annual Cash on Hand (Millions of US $)": {"2019": "$467", "2018": "$368", "2017": "$504", "2016": "$423", "2015": "$451", "2014": "$462", "2013": "$571", "2012": "$478", "2011": "$408", "2010": "$481", "2009": "$431", "2008": "$385", "2007": "$314", "2006": "$36", "2005": "$"}, "Genpact Quarterly Cash on Hand (Millions of US $)": {"2020-09-30": "$803", "2020-06-30": "$867", "2020-03-31": "$402", "2019-12-31": "$467", "2019-09-30": "$457", "2019-06-30": "$378", "2019-03-31": "$325", "2018-12-31": "$368", "2018-09-30": "$401", "2018-06-30": "$334", "2018-03-31": "$424", "2017-12-31": "$504", "2017-09-30": "$440", "2017-06-30": "$441", "2017-03-31": "$388", "2016-12-31": "$423", "2016-09-30": "$419", "2016-06-30": "$407", "2016-03-31": "$430", "2015-12-31": "$451", "2015-09-30": "$468", "2015-06-30": "$442", "2015-03-31": "$434", "2014-12-31": "$462", "2014-09-30": "$424", "2014-06-30": "$377", "2014-03-31": "$567", "2013-12-31": "$571", "2013-09-30": "$499", "2013-06-30": "$536", "2013-03-31": "$493", "2012-12-31": "$478", "2012-09-30": "$395", "2012-06-30": "$442", "2012-03-31": "$412", "2011-12-31": "$408", "2011-09-30": "$409", "2011-06-30": "$336", "2011-03-31": "$481", "2010-12-31": "$481", "2010-09-30": "$404", "2010-06-30": "$352", "2010-03-31": "$341", "2009-12-31": "$431", "2009-09-30": "$399", "2009-06-30": "$367", "2009-03-31": "$348", "2008-12-31": "$385", "2008-09-30": "$324", "2008-06-30": "$324", "2008-03-31": "$305", "2007-12-31": "$314", "2007-09-30": "$275", "2007-06-30": "$62", "2007-03-31": "", "2006-09-30": "", "2006-06-30": ""}}, "long-term-debt": {"Genpact Annual Long Term Debt (Millions of US $)": {"2019": "$1,340", "2018": "$976", "2017": "$1,007", "2016": "$698", "2015": "$737", "2014": "$649", "2013": "$656", "2012": "$659", "2011": "$76", "2010": "$2", "2009": "$28", "2008": "$74", "2007": "$106", "2006": "$126", "2005": "$"}, "Genpact Quarterly Long Term Debt (Millions of US $)": {"2020-09-30": "$1,315", "2020-06-30": "$1,324", "2020-03-31": "$1,332", "2019-12-31": "$1,340", "2019-09-30": "$951", "2019-06-30": "$959", "2019-03-31": "$967", "2018-12-31": "$976", "2018-09-30": "$984", "2018-06-30": "$987", "2018-03-31": "$997", "2017-12-31": "$1,007", "2017-09-30": "$1,016", "2017-06-30": "$1,026", "2017-03-31": "$1,036", "2016-12-31": "$698", "2016-09-30": "$708", "2016-06-30": "$718", "2016-03-31": "$728", "2015-12-31": "$737", "2015-09-30": "$747", "2015-06-30": "$759", "2015-03-31": "$651", "2014-12-31": "$649", "2014-09-30": "$653", "2014-06-30": "$654", "2014-03-31": "$655", "2013-12-31": "$656", "2013-09-30": "$657", "2013-06-30": "$659", "2013-03-31": "$658", "2012-12-31": "$659", "2012-09-30": "$660", "2012-06-30": "$61", "2012-03-31": "$76", "2011-12-31": "$76", "2011-09-30": "$91", "2011-06-30": "$90", "2011-03-31": "$2", "2010-12-31": "$2", "2010-09-30": "$3", "2010-06-30": "$3", "2010-03-31": "$16", "2009-12-31": "$28", "2009-09-30": "$41", "2009-06-30": "$54", "2009-03-31": "$63", "2008-12-31": "$74", "2008-09-30": "$83", "2008-06-30": "$95", "2008-03-31": "$100", "2007-12-31": "$106", "2007-09-30": "$111", "2007-06-30": "$116", "2007-03-31": "", "2006-09-30": "", "2006-06-30": ""}}, "total-liabilities": {"Genpact Annual Total Liabilities (Millions of US $)": {"2019": "$2,765", "2018": "$2,125", "2017": "$2,026", "2016": "$1,599", "2015": "$1,489", "2014": "$1,457", "2013": "$1,365", "2012": "$1,434", "2011": "$968", "2010": "$412", "2009": "$548", "2008": "$852", "2007": "$493", "2006": "$457", "2005": "$"}, "Genpact Quarterly Total Liabilities (Millions of US $)": {"2020-09-30": "$3,026", "2020-06-30": "$3,185", "2020-03-31": "$2,830", "2019-12-31": "$2,765", "2019-09-30": "$2,492", "2019-06-30": "$2,429", "2019-03-31": "$2,410", "2018-12-31": "$2,125", "2018-09-30": "$2,172", "2018-06-30": "$1,970", "2018-03-31": "$2,031", "2017-12-31": "$2,026", "2017-09-30": "$2,036", "2017-06-30": "$1,981", "2017-03-31": "$1,730", "2016-12-31": "$1,599", "2016-09-30": "$1,585", "2016-06-30": "$1,482", "2016-03-31": "$1,490", "2015-12-31": "$1,489", "2015-09-30": "$1,508", "2015-06-30": "$1,468", "2015-03-31": "$1,398", "2014-12-31": "$1,457", "2014-09-30": "$1,491", "2014-06-30": "$1,482", "2014-03-31": "$1,274", "2013-12-31": "$1,365", "2013-09-30": "$1,443", "2013-06-30": "$1,504", "2013-03-31": "$1,419", "2012-12-31": "$1,434", "2012-09-30": "$1,445", "2012-06-30": "$1,070", "2012-03-31": "$905", "2011-12-31": "$968", "2011-09-30": "$872", "2011-06-30": "$773", "2011-03-31": "$358", "2010-12-31": "$412", "2010-09-30": "$447", "2010-06-30": "$473", "2010-03-31": "$447", "2009-12-31": "$548", "2009-09-30": "$656", "2009-06-30": "$676", "2009-03-31": "$879", "2008-12-31": "$852", "2008-09-30": "$721", "2008-06-30": "$624", "2008-03-31": "$499", "2007-12-31": "$493", "2007-09-30": "$467", "2007-06-30": "$520", "2007-03-31": "", "2006-09-30": "", "2006-06-30": ""}}, "total-share-holder-equity": {"Genpact Annual Share Holder Equity (Millions of US $)": {"2019": "$1,689", "2018": "$1,404", "2017": "$1,424", "2016": "$1,287", "2015": "$1,304", "2014": "$1,285", "2013": "$1,324", "2012": "$1,172", "2011": "$1,436", "2010": "$1,481", "2009": "$1,200", "2008": "$844", "2007": "$1,251", "2006": "$625", "2005": "$"}, "Genpact Quarterly Share Holder Equity (Millions of US $)": {"2020-09-30": "$1,777", "2020-06-30": "$1,661", "2020-03-31": "$1,573", "2019-12-31": "$1,689", "2019-09-30": "$1,606", "2019-06-30": "$1,583", "2019-03-31": "$1,495", "2018-12-31": "$1,404", "2018-09-30": "$1,285", "2018-06-30": "$1,296", "2018-03-31": "$1,366", "2017-12-31": "$1,424", "2017-09-30": "$1,314", "2017-06-30": "$1,258", "2017-03-31": "$1,182", "2016-12-31": "$1,287", "2016-09-30": "$1,308", "2016-06-30": "$1,352", "2016-03-31": "$1,353", "2015-12-31": "$1,304", "2015-09-30": "$1,281", "2015-06-30": "$1,320", "2015-03-31": "$1,339", "2014-12-31": "$1,285", "2014-09-30": "$1,249", "2014-06-30": "$1,206", "2014-03-31": "$1,429", "2013-12-31": "$1,324", "2013-09-30": "$1,202", "2013-06-30": "$1,197", "2013-03-31": "$1,258", "2012-12-31": "$1,172", "2012-09-30": "$1,154", "2012-06-30": "$1,457", "2012-03-31": "$1,572", "2011-12-31": "$1,436", "2011-09-30": "$1,556", "2011-06-30": "$1,630", "2011-03-31": "$1,547", "2010-12-31": "$1,481", "2010-09-30": "$1,380", "2010-06-30": "$1,284", "2010-03-31": "$1,313", "2009-12-31": "$1,200", "2009-09-30": "$1,059", "2009-06-30": "$1,005", "2009-03-31": "$778", "2008-12-31": "$844", "2008-09-30": "$943", "2008-06-30": "$1,057", "2008-03-31": "$1,215", "2007-12-31": "$1,251", "2007-09-30": "$1,183", "2007-06-30": "$830", "2007-03-31": "", "2006-09-30": "", "2006-06-30": ""}}, "profit-margins": {"current": "8.53%"}, "gross margin": {"2020-09-30": "34.16%", "2020-06-30": "34.19%", "2020-03-31": "34.50%", "2019-12-31": "34.82%", "2019-09-30": "35.67%", "2019-06-30": "35.74%", "2019-03-31": "36.05%", "2018-12-31": "35.99%", "2018-09-30": "36.48%", "2018-06-30": "37.43%", "2018-03-31": "37.85%", "2017-12-31": "38.58%", "2017-09-30": "39.18%", "2017-06-30": "39.16%", "2017-03-31": "39.42%", "2016-12-31": "39.50%", "2016-09-30": "39.14%", "2016-06-30": "39.07%", "2016-03-31": "39.24%", "2015-12-31": "39.32%", "2015-09-30": "39.59%", "2015-06-30": "39.76%", "2015-03-31": "39.63%", "2014-12-31": "39.52%", "2014-09-30": "39.00%", "2014-06-30": "38.66%", "2014-03-31": "38.27%", "2013-12-31": "38.13%", "2013-09-30": "38.33%", "2013-06-30": "38.57%", "2013-03-31": "38.86%", "2012-12-31": "39.12%", "2012-09-30": "39.25%", "2012-06-30": "38.74%", "2012-03-31": "38.10%", "2011-12-31": "37.20%", "2011-09-30": "36.44%", "2011-06-30": "36.11%", "2011-03-31": "36.53%", "2010-12-31": "37.46%", "2010-09-30": "38.44%", "2010-06-30": "39.68%", "2010-03-31": "40.02%", "2009-12-31": "39.91%", "2009-09-30": "39.64%", "2009-06-30": "39.93%", "2009-03-31": "40.54%", "2008-12-31": "40.50%", "2008-09-30": "41.53%", "2008-06-30": "41.56%", "2008-03-31": "41.11%", "2007-12-31": "41.26%", "2007-09-30": "40.72%", "2007-06-30": "39.71%"}, "operating margin": {"2020-09-30": "11.78%", "2020-06-30": "11.88%", "2020-03-31": "12.38%", "2019-12-31": "12.18%", "2019-09-30": "12.50%", "2019-06-30": "12.25%", "2019-03-31": "12.02%", "2018-12-31": "11.63%", "2018-09-30": "10.72%", "2018-06-30": "11.01%", "2018-03-31": "11.27%", "2017-12-31": "12.09%", "2017-09-30": "13.30%", "2017-06-30": "13.18%", "2017-03-31": "13.35%", "2016-12-31": "13.30%", "2016-09-30": "12.85%", "2016-06-30": "13.01%", "2016-03-31": "13.48%", "2015-12-31": "13.53%", "2015-09-30": "13.28%", "2015-06-30": "12.86%", "2015-03-31": "12.44%", "2014-12-31": "12.89%", "2014-09-30": "13.19%", "2014-06-30": "14.11%", "2014-03-31": "14.52%", "2013-12-31": "14.54%", "2013-09-30": "14.84%", "2013-06-30": "14.38%", "2013-03-31": "14.10%", "2012-12-31": "13.88%", "2012-09-30": "13.88%", "2012-06-30": "13.63%", "2012-03-31": "13.48%", "2011-12-31": "13.55%", "2011-09-30": "14.32%", "2011-06-30": "14.36%", "2011-03-31": "14.35%", "2010-12-31": "14.05%", "2010-09-30": "13.42%", "2010-06-30": "14.10%", "2010-03-31": "14.54%", "2009-12-31": "14.46%", "2009-09-30": "15.11%", "2009-06-30": "14.47%", "2009-03-31": "13.89%", "2008-12-31": "12.76%", "2008-09-30": "11.79%", "2008-06-30": "11.32%", "2008-03-31": "10.87%", "2007-12-31": "10.92%", "2007-09-30": "9.28%", "2007-06-30": "7.65%"}, "ebitda margin": {"2020-09-30": "16.00%", "2020-06-30": "15.90%", "2020-03-31": "16.20%", "2019-12-31": "15.90%", "2019-09-30": "16.11%", "2019-06-30": "15.88%", "2019-03-31": "15.60%", "2018-12-31": "15.19%", "2018-09-30": "14.45%", "2018-06-30": "14.72%", "2018-03-31": "14.91%", "2017-12-31": "15.67%", "2017-09-30": "16.72%", "2017-06-30": "16.50%", "2017-03-31": "16.67%", "2016-12-31": "16.52%", "2016-09-30": "16.12%", "2016-06-30": "16.32%", "2016-03-31": "17.26%", "2015-12-31": "17.51%", "2015-09-30": "17.34%", "2015-06-30": "16.97%", "2015-03-31": "16.12%", "2014-12-31": "16.49%", "2014-09-30": "16.73%", "2014-06-30": "17.68%", "2014-03-31": "18.32%", "2013-12-31": "18.43%", "2013-09-30": "18.92%", "2013-06-30": "18.84%", "2013-03-31": "18.57%", "2012-12-31": "18.56%", "2012-09-30": "18.67%", "2012-06-30": "18.36%", "2012-03-31": "18.41%", "2011-12-31": "18.54%", "2011-09-30": "19.59%", "2011-06-30": "19.81%", "2011-03-31": "20.03%", "2010-12-31": "20.08%", "2010-09-30": "19.84%", "2010-06-30": "20.82%", "2010-03-31": "21.54%", "2009-12-31": "21.70%", "2009-09-30": "22.44%", "2009-06-30": "22.07%", "2009-03-31": "21.81%", "2008-12-31": "21.69%", "2008-09-30": "21.27%", "2008-06-30": "21.37%", "2008-03-31": "21.52%", "2007-12-31": "21.36%", "2007-09-30": "20.42%", "2007-06-30": "16.76%"}, "pre tax profit margin": {"2020-09-30": "11.19%", "2020-06-30": "11.36%", "2020-03-31": "11.86%", "2019-12-31": "11.33%", "2019-09-30": "11.48%", "2019-06-30": "11.58%", "2019-03-31": "11.73%", "2018-12-31": "12.10%", "2018-09-30": "11.66%", "2018-06-30": "11.53%", "2018-03-31": "11.88%", "2017-12-31": "11.76%", "2017-09-30": "12.44%", "2017-06-30": "12.53%", "2017-03-31": "12.53%", "2016-12-31": "12.83%", "2016-09-30": "12.53%", "2016-06-30": "12.73%", "2016-03-31": "12.76%", "2015-12-31": "12.27%", "2015-09-30": "11.50%", "2015-06-30": "10.64%", "2015-03-31": "10.22%", "2014-12-31": "10.96%", "2014-09-30": "11.40%", "2014-06-30": "13.10%", "2014-03-31": "14.29%", "2013-12-31": "14.40%", "2013-09-30": "15.56%", "2013-06-30": "13.40%", "2013-03-31": "13.80%", "2012-12-31": "13.83%", "2012-09-30": "14.70%", "2012-06-30": "16.72%", "2012-03-31": "15.71%", "2011-12-31": "16.35%", "2011-09-30": "15.86%", "2011-06-30": "15.65%", "2011-03-31": "15.12%", "2010-12-31": "14.52%", "2010-09-30": "13.42%", "2010-06-30": "13.25%", "2010-03-31": "14.01%", "2009-12-31": "14.29%", "2009-09-30": "14.66%", "2009-06-30": "14.74%", "2009-03-31": "14.35%", "2008-12-31": "13.72%", "2008-09-30": "13.31%", "2008-06-30": "12.39%", "2008-03-31": "11.44%", "2007-12-31": "9.95%", "2007-09-30": "7.82%", "2007-06-30": "5.74%"}, "net profit margin": {"2020-09-30": "8.51%", "2020-06-30": "8.71%", "2020-03-31": "9.08%", "2019-12-31": "8.66%", "2019-09-30": "8.84%", "2019-06-30": "8.80%", "2019-03-31": "8.94%", "2018-12-31": "9.43%", "2018-09-30": "9.34%", "2018-06-30": "9.47%", "2018-03-31": "9.81%", "2017-12-31": "9.61%", "2017-09-30": "10.13%", "2017-06-30": "10.17%", "2017-03-31": "10.21%", "2016-12-31": "10.50%", "2016-09-30": "10.17%", "2016-06-30": "10.26%", "2016-03-31": "10.22%", "2015-12-31": "9.75%", "2015-09-30": "9.18%", "2015-06-30": "8.42%", "2015-03-31": "7.99%", "2014-12-31": "8.46%", "2014-09-30": "8.77%", "2014-06-30": "10.03%", "2014-03-31": "10.85%", "2013-12-31": "10.79%", "2013-09-30": "11.24%", "2013-06-30": "9.27%", "2013-03-31": "9.44%", "2012-12-31": "9.36%", "2012-09-30": "10.13%", "2012-06-30": "11.77%", "2012-03-31": "10.96%", "2011-12-31": "11.49%", "2011-09-30": "11.26%", "2011-06-30": "11.56%", "2011-03-31": "11.51%", "2010-12-31": "11.27%", "2010-09-30": "10.78%", "2010-06-30": "10.54%", "2010-03-31": "11.03%", "2009-12-31": "11.43%", "2009-09-30": "12.67%", "2009-06-30": "12.91%", "2009-03-31": "12.67%", "2008-12-31": "12.09%", "2008-09-30": "11.09%", "2008-06-30": "9.51%", "2008-03-31": "5.89%", "2007-12-31": "2.06%", "2007-09-30": "-1.99%", "2007-06-30": "-4.71%"}, "pe ratio": {"current": "22.07", "2021-02-05": "25.50", "2020-09-30": "24.14", "2020-06-30": "22.30", "2020-03-31": "17.15", "2019-12-31": "26.76", "2019-09-30": "24.70", "2019-06-30": "25.42", "2019-03-31": "24.25", "2018-12-31": "18.30", "2018-09-30": "21.75", "2018-06-30": "20.50", "2018-03-31": "22.14", "2017-12-31": "23.06", "2017-09-30": "20.24", "2017-06-30": "20.29", "2017-03-31": "18.71", "2016-12-31": "18.21", "2016-09-30": "19.10", "2016-06-30": "21.76", "2016-03-31": "22.62", "2015-12-31": "22.11", "2015-09-30": "22.78", "2015-06-30": "22.87", "2015-03-31": "26.71", "2014-12-31": "21.49", "2014-09-30": "18.53", "2014-06-30": "18.00", "2014-03-31": "16.98", "2013-12-31": "18.09", "2013-09-30": "18.22", "2013-06-30": "22.92", "2013-03-31": "21.67", "2012-12-31": "19.18", "2012-09-30": "19.63", "2012-06-30": "15.37", "2012-03-31": "16.91", "2011-12-31": "15.70", "2011-09-30": "16.54", "2011-06-30": "20.65", "2011-03-31": "18.66", "2010-12-31": "20.52", "2010-09-30": "25.56", "2010-06-30": "23.59", "2010-03-31": "24.59", "2009-12-31": "21.48", "2009-09-30": "16.09", "2009-06-30": "15.37", "2009-03-31": "12.15", "2008-12-31": "12.26", "2008-09-30": "18.03", "2008-06-30": "30.21"}, "price sales": {"2021-02-05": "2.17", "2020-09-30": "2.06", "2020-06-30": "1.95", "2020-03-31": "1.56", "2019-12-31": "2.31", "2019-09-30": "2.18", "2019-06-30": "2.23", "2019-03-31": "2.15", "2018-12-31": "1.72", "2018-09-30": "2.02", "2018-06-30": "1.93", "2018-03-31": "2.18", "2017-12-31": "2.22", "2017-09-30": "2.08", "2017-06-30": "2.09", "2017-03-31": "1.94", "2016-12-31": "1.93", "2016-09-30": "1.95", "2016-06-30": "2.23", "2016-03-31": "2.30", "2015-12-31": "2.15", "2015-09-30": "2.09", "2015-06-30": "1.92", "2015-03-31": "2.13", "2014-12-31": "1.81", "2014-09-30": "1.61", "2014-06-30": "1.80", "2014-03-31": "1.84", "2013-12-31": "1.96", "2013-09-30": "2.05", "2013-06-30": "2.12", "2013-03-31": "2.05", "2012-12-31": "1.80", "2012-09-30": "2.00", "2012-06-30": "1.81", "2012-03-31": "1.84", "2011-12-31": "1.80", "2011-09-30": "1.84", "2011-06-30": "2.38", "2011-03-31": "2.13", "2010-12-31": "2.31", "2010-09-30": "2.79", "2010-06-30": "2.52", "2010-03-31": "2.78", "2009-12-31": "2.50", "2009-09-30": "2.07", "2009-06-30": "2.00", "2009-03-31": "1.54", "2008-12-31": "1.47", "2008-09-30": "1.74", "2008-06-30": "2.56"}, "price book": {"current": "4.41", "2021-02-05": "4.40", "2020-09-30": "4.16", "2020-06-30": "4.17", "2020-03-31": "3.50", "2019-12-31": "4.70", "2019-09-30": "4.53", "2019-06-30": "4.53", "2019-03-31": "4.40", "2018-12-31": "3.58", "2018-09-30": "4.44", "2018-06-30": "4.14", "2018-03-31": "4.36", "2017-12-31": "4.18", "2017-09-30": "4.10", "2017-06-30": "4.14", "2017-03-31": "3.91", "2016-12-31": "3.63", "2016-09-30": "3.58", "2016-06-30": "4.00", "2016-03-31": "4.08", "2015-12-31": "3.91", "2015-09-30": "3.80", "2015-06-30": "3.38", "2015-03-31": "3.68", "2014-12-31": "3.11", "2014-09-30": "2.73", "2014-06-30": "3.03", "2014-03-31": "2.74", "2013-12-31": "3.10", "2013-09-30": "3.49", "2013-06-30": "3.56", "2013-03-31": "3.18", "2012-12-31": "2.88", "2012-09-30": "3.13", "2012-06-30": "2.16", "2012-03-31": "1.96", "2011-12-31": "1.97", "2011-09-30": "1.75", "2011-06-30": "1.99", "2011-03-31": "1.76", "2010-12-31": "1.93", "2010-09-30": "2.41", "2010-06-30": "2.26", "2010-03-31": "2.37", "2009-12-31": "2.30", "2009-09-30": "2.14", "2009-06-30": "2.14", "2009-03-31": "2.08", "2008-12-31": "1.78", "2008-09-30": "2.01", "2008-06-30": "2.57", "2008-03-31": "1.82", "2007-12-31": "2.20", "2007-09-30": "2.58"}, "price fcf": {"2021-02-05": "", "2020-09-30": "$2.27", "2020-06-30": "$2.06", "2020-03-31": "$1.71", "2019-12-31": "$1.82", "2019-09-30": "$2.08", "2019-06-30": "$1.73", "2019-03-31": "$1.46", "2018-12-31": "$1.32", "2018-09-30": "$1.12", "2018-06-30": "$1.16", "2018-03-31": "$1.24", "2017-12-31": "$1.54", "2017-09-30": "$1.55", "2017-06-30": "$1.52", "2017-03-31": "$1.49", "2016-12-31": "$1.26", "2016-09-30": "$1.07", "2016-06-30": "$1.02", "2016-03-31": "$1.00", "2015-12-31": "$1.22", "2015-09-30": "$1.30", "2015-06-30": "$1.03", "2015-03-31": "$0.98", "2014-12-31": "$0.93", "2014-09-30": "$0.88", "2014-06-30": "$1.07", "2014-03-31": "$1.06", "2013-12-31": "$1.13", "2013-09-30": "$1.19", "2013-06-30": "$0.94", "2013-03-31": "$1.14", "2012-12-31": "$0.99", "2012-09-30": "$0.99", "2012-06-30": "$1.11", "2012-03-31": "$0.88", "2011-12-31": "$1.02", "2011-09-30": "$1.03", "2011-06-30": "$0.91", "2011-03-31": "$0.75", "2010-12-31": "$0.49", "2010-09-30": "$0.24", "2010-06-30": "$0.18", "2010-03-31": "$0.24", "2009-12-31": "$0.47", "2009-09-30": "$0.68", "2009-06-30": "$0.67", "2009-03-31": "$0.70", "2008-12-31": "$0.68", "2008-09-30": "$0.78", "2008-06-30": "$0.80"}, "net worth": {"value": "$7.77B"}, "current ratio": {"current": "1.64", "2020-09-30": "1.64", "2020-06-30": "1.49", "2020-03-31": "1.57", "2019-12-31": "1.71", "2019-09-30": "1.46", "2019-06-30": "1.46", "2019-03-31": "1.38", "2018-12-31": "1.39", "2018-09-30": "1.31", "2018-06-30": "1.52", "2018-03-31": "1.52", "2017-12-31": "1.71", "2017-09-30": "1.65", "2017-06-30": "1.73", "2017-03-31": "2.33", "2016-12-31": "1.68", "2016-09-30": "1.77", "2016-06-30": "2.10", "2016-03-31": "2.09", "2015-12-31": "2.01", "2015-09-30": "2.11", "2015-06-30": "2.29", "2015-03-31": "2.09", "2014-12-31": "1.91", "2014-09-30": "1.80", "2014-06-30": "1.78", "2014-03-31": "3.06", "2013-12-31": "2.76", "2013-09-30": "2.53", "2013-06-30": "2.21", "2013-03-31": "2.29", "2012-12-31": "2.18", "2012-09-30": "2.02", "2012-06-30": "1.55", "2012-03-31": "1.71", "2011-12-31": "1.49", "2011-09-30": "1.56", "2011-06-30": "1.58", "2011-03-31": "3.55", "2010-12-31": "2.90", "2010-09-30": "2.52", "2010-06-30": "2.26", "2010-03-31": "2.31", "2009-12-31": "2.14", "2009-09-30": "1.93", "2009-06-30": "1.96", "2009-03-31": "1.62", "2008-12-31": "1.75", "2008-09-30": "1.89", "2008-06-30": "2.19", "2008-03-31": "2.54", "2007-12-31": "2.41", "2007-09-30": "2.50", "2007-06-30": "1.17", "2007-03-31": "0.00", "2006-09-30": "0.00", "2006-06-30": "0.00"}, "quick ratio": {"2020-09-30": "0.00", "2020-06-30": "0.00", "2020-03-31": "0.00", "2019-12-31": "0.00", "2019-09-30": "0.00", "2019-06-30": "0.00", "2019-03-31": "0.00", "2018-12-31": "0.00", "2018-09-30": "0.00", "2018-06-30": "0.00", "2018-03-31": "0.00", "2017-12-31": "0.00", "2017-09-30": "0.00", "2017-06-30": "0.00", "2017-03-31": "0.00", "2016-12-31": "0.00", "2016-09-30": "0.00", "2016-06-30": "0.00", "2016-03-31": "0.00", "2015-12-31": "0.00", "2015-09-30": "0.00", "2015-06-30": "0.00", "2015-03-31": "0.00", "2014-12-31": "0.00", "2014-09-30": "0.00", "2014-06-30": "0.00", "2014-03-31": "0.00", "2013-12-31": "0.00", "2013-09-30": "0.00", "2013-06-30": "0.00", "2013-03-31": "0.00", "2012-12-31": "0.00", "2012-09-30": "0.00", "2012-06-30": "0.00", "2012-03-31": "0.00", "2011-12-31": "0.00", "2011-09-30": "0.00", "2011-06-30": "0.00", "2011-03-31": "0.00", "2010-12-31": "0.00", "2010-09-30": "0.00", "2010-06-30": "0.00", "2010-03-31": "0.00", "2009-12-31": "0.00", "2009-09-30": "0.00", "2009-06-30": "0.00", "2009-03-31": "0.00", "2008-12-31": "0.00", "2008-09-30": "0.00", "2008-06-30": "0.00", "2008-03-31": "0.00", "2007-12-31": "0.00", "2007-09-30": "0.00", "2007-06-30": "0.00", "2007-03-31": "0.00", "2006-09-30": "0.00", "2006-06-30": "0.00"}, "debt equity ratio": {"current": "0.74", "2020-09-30": "1.70", "2020-06-30": "1.92", "2020-03-31": "1.80", "2019-12-31": "1.64", "2019-09-30": "1.55", "2019-06-30": "1.53", "2019-03-31": "1.61", "2018-12-31": "1.51", "2018-09-30": "1.69", "2018-06-30": "1.52", "2018-03-31": "1.49", "2017-12-31": "1.42", "2017-09-30": "1.55", "2017-06-30": "1.57", "2017-03-31": "1.46", "2016-12-31": "1.24", "2016-09-30": "1.21", "2016-06-30": "1.10", "2016-03-31": "1.10", "2015-12-31": "1.14", "2015-09-30": "1.18", "2015-06-30": "1.11", "2015-03-31": "1.04", "2014-12-31": "1.13", "2014-09-30": "1.19", "2014-06-30": "1.23", "2014-03-31": "0.89", "2013-12-31": "1.03", "2013-09-30": "1.20", "2013-06-30": "1.26", "2013-03-31": "1.13", "2012-12-31": "1.22", "2012-09-30": "1.25", "2012-06-30": "0.74", "2012-03-31": "0.58", "2011-12-31": "0.67", "2011-09-30": "0.56", "2011-06-30": "0.47", "2011-03-31": "0.23", "2010-12-31": "0.28", "2010-09-30": "0.32", "2010-06-30": "0.37", "2010-03-31": "0.34", "2009-12-31": "0.46", "2009-09-30": "0.62", "2009-06-30": "0.67", "2009-03-31": "1.13", "2008-12-31": "1.01", "2008-09-30": "0.76", "2008-06-30": "0.59", "2008-03-31": "0.41", "2007-12-31": "0.39", "2007-09-30": "0.40", "2007-06-30": "0.63", "2007-03-31": "0.00", "2006-09-30": "0.00", "2006-06-30": "0.00"}, "return on equity": {"2020-09-30": "18.81%", "2020-06-30": "19.48%", "2020-03-31": "20.46%", "2019-12-31": "19.14%", "2019-09-30": "19.84%", "2019-06-30": "19.98%", "2019-03-31": "20.36%", "2018-12-31": "21.15%", "2018-09-30": "20.18%", "2018-06-30": "20.07%", "2018-03-31": "20.51%", "2017-12-31": "20.32%", "2017-09-30": "21.58%", "2017-06-30": "21.21%", "2017-03-31": "20.59%", "2016-12-31": "20.38%", "2016-09-30": "19.41%", "2016-06-30": "19.43%", "2016-03-31": "19.32%", "2015-12-31": "18.31%", "2015-09-30": "17.00%", "2015-06-30": "15.48%", "2015-03-31": "14.73%", "2014-12-31": "14.94%", "2014-09-30": "15.05%", "2014-06-30": "16.97%", "2014-03-31": "18.17%", "2013-12-31": "18.47%", "2013-09-30": "19.38%", "2013-06-30": "15.81%", "2013-03-31": "14.76%", "2012-12-31": "13.30%", "2012-09-30": "13.24%", "2012-06-30": "13.88%", "2012-03-31": "12.08%", "2011-12-31": "11.93%", "2011-09-30": "10.88%", "2011-06-30": "10.67%", "2011-03-31": "10.54%", "2010-12-31": "10.41%", "2010-09-30": "10.12%", "2010-06-30": "10.21%", "2010-03-31": "11.01%", "2009-12-31": "12.67%", "2009-09-30": "15.19%", "2009-06-30": "15.80%", "2009-03-31": "15.02%", "2008-12-31": "12.42%", "2008-09-30": "9.85%", "2008-06-30": "7.56%", "2008-03-31": "4.64%", "2007-12-31": "2.08%", "2007-09-30": "-2.98%", "2007-06-30": "-15.42%"}, "return on assets": {"2020-09-30": "6.81%", "2020-06-30": "7.15%", "2020-03-31": "7.78%", "2019-12-31": "7.41%", "2019-09-30": "7.77%", "2019-06-30": "7.73%", "2019-03-31": "7.88%", "2018-12-31": "8.29%", "2018-09-30": "7.99%", "2018-06-30": "8.05%", "2018-03-31": "8.19%", "2017-12-31": "8.12%", "2017-09-30": "8.78%", "2017-06-30": "8.95%", "2017-03-31": "9.16%", "2016-12-31": "9.43%", "2016-09-30": "9.08%", "2016-06-30": "9.13%", "2016-03-31": "9.06%", "2015-12-31": "8.64%", "2015-09-30": "8.03%", "2015-06-30": "7.31%", "2015-03-31": "6.86%", "2014-12-31": "7.10%", "2014-09-30": "7.25%", "2014-06-30": "8.17%", "2014-03-31": "8.72%", "2013-12-31": "8.59%", "2013-09-30": "8.81%", "2013-06-30": "7.14%", "2013-03-31": "7.15%", "2012-12-31": "6.97%", "2012-09-30": "7.44%", "2012-06-30": "8.50%", "2012-03-31": "7.70%", "2011-12-31": "8.05%", "2011-09-30": "7.83%", "2011-06-30": "8.02%", "2011-03-31": "8.13%", "2010-12-31": "7.85%", "2010-09-30": "7.39%", "2010-06-30": "7.10%", "2010-03-31": "7.30%", "2009-12-31": "7.53%", "2009-09-30": "8.30%", "2009-06-30": "8.42%", "2009-03-31": "8.12%", "2008-12-31": "7.46%", "2008-09-30": "6.47%", "2008-06-30": "5.24%", "2008-03-31": "3.22%", "2007-12-31": "1.43%", "2007-09-30": "-2.00%", "2007-06-30": "-9.49%"}, "return on investments": {"2020-09-30": "14.52%", "2020-06-30": "15.13%", "2020-03-31": "16.31%", "2019-12-31": "16.20%", "2019-09-30": "17.18%", "2019-06-30": "16.61%", "2019-03-31": "15.97%", "2018-12-31": "15.02%", "2018-09-30": "13.31%", "2018-06-30": "13.39%", "2018-03-31": "13.43%", "2017-12-31": "14.29%", "2017-09-30": "16.20%", "2017-06-30": "16.28%", "2017-03-31": "16.65%", "2016-12-31": "16.78%", "2016-09-30": "15.89%", "2016-06-30": "15.86%", "2016-03-31": "16.28%", "2015-12-31": "16.37%", "2015-09-30": "15.99%", "2015-06-30": "15.54%", "2015-03-31": "15.15%", "2014-12-31": "15.12%", "2014-09-30": "15.08%", "2014-06-30": "15.83%", "2014-03-31": "16.10%", "2013-12-31": "16.29%", "2013-09-30": "16.56%", "2013-06-30": "15.80%", "2013-03-31": "15.71%", "2012-12-31": "15.50%", "2012-09-30": "15.71%", "2012-06-30": "15.31%", "2012-03-31": "14.10%", "2011-12-31": "13.50%", "2011-09-30": "13.44%", "2011-06-30": "13.04%", "2011-03-31": "13.12%", "2010-12-31": "12.91%", "2010-09-30": "12.47%", "2010-06-30": "13.43%", "2010-03-31": "14.08%", "2009-12-31": "15.33%", "2009-09-30": "17.05%", "2009-06-30": "16.44%", "2009-03-31": "15.13%", "2008-12-31": "12.06%", "2008-09-30": "9.65%", "2008-06-30": "8.28%", "2008-03-31": "7.82%", "2007-12-31": "10.01%", "2007-09-30": "12.51%", "2007-06-30": "22.01%"}, "return on tangible equity": {"2020-09-30": "-338.71%", "2020-06-30": "-362.39%", "2020-03-31": "-545.45%", "2019-12-31": "-983.87%", "2019-09-30": "-690.29%", "2019-06-30": "-247.74%", "2019-03-31": "-180.58%", "2018-12-31": "-177.99%", "2018-09-30": "-210.89%", "2018-06-30": "-259.95%", "2018-03-31": "-268.29%", "2017-12-31": "-353.02%", "2017-09-30": "-946.09%", "2017-06-30": "635.71%", "2017-03-31": "207.47%", "2016-12-31": "153.85%", "2016-09-30": "141.18%", "2016-06-30": "142.19%", "2016-03-31": "153.71%", "2015-12-31": "154.34%", "2015-09-30": "156.34%", "2015-06-30": "157.65%", "2015-03-31": "201.62%", "2014-12-31": "135.44%", "2014-09-30": "107.69%", "2014-06-30": "110.33%", "2014-03-31": "103.43%", "2013-12-31": "134.31%", "2013-09-30": "181.04%", "2013-06-30": "171.43%", "2013-03-31": "100.68%", "2012-12-31": "63.97%", "2012-09-30": "52.88%", "2012-06-30": "45.73%", "2012-03-31": "38.44%", "2011-12-31": "31.16%", "2011-09-30": "23.78%", "2011-06-30": "20.52%", "2011-03-31": "18.24%", "2010-12-31": "18.61%", "2010-09-30": "18.79%", "2010-06-30": "19.93%", "2010-03-31": "22.72%", "2009-12-31": "29.41%", "2009-09-30": "40.70%", "2009-06-30": "46.61%", "2009-03-31": "46.34%", "2008-12-31": "34.19%", "2008-09-30": "24.94%", "2008-06-30": "18.35%", "2008-03-31": "12.31%", "2007-12-31": "5.83%", "2007-09-30": "-9.57%", "2007-06-30": "-96.24%"}, "dividend yield history": {"last payout": "$0.39", "last yield": "0.95%"}}