{"ticker": "GNTX", "price": {"title": "Gentex Historical Annual Stock Price Data", "value": 34.88, "historical": {"2021": {"Average Stock Price": "35.2985", "Year Open": "33.6100", "Year High": "37.5400", "Year Low": "33.0400", "Year Close": "34.8800", "Annual % Change": "2.80%"}, "2020": {"Average Stock Price": "27.5649", "Year Open": "29.4600", "Year High": "34.0600", "Year Low": "20.0900", "Year Close": "33.9300", "Annual % Change": "17.08%"}, "2019": {"Average Stock Price": "24.5864", "Year Open": "20.3300", "Year High": "29.6700", "Year Low": "19.7700", "Year Close": "28.9800", "Annual % Change": "43.39%"}, "2018": {"Average Stock Price": "22.6468", "Year Open": "21.1300", "Year High": "25.2200", "Year Low": "18.6200", "Year Close": "20.2100", "Annual % Change": "-3.53%"}, "2017": {"Average Stock Price": "19.6333", "Year Open": "20.2700", "Year High": "22.0700", "Year Low": "16.8900", "Year Close": "20.9500", "Annual % Change": "6.40%"}, "2016": {"Average Stock Price": "16.4979", "Year Open": "15.7550", "Year High": "20.2700", "Year Low": "13.3100", "Year Close": "19.6900", "Annual % Change": "22.99%"}, "2015": {"Average Stock Price": "16.7811", "Year Open": "17.9300", "Year High": "18.6900", "Year Low": "14.7600", "Year Close": "16.0100", "Annual % Change": "-11.38%"}, "2014": {"Average Stock Price": "15.4223", "Year Open": "16.1050", "Year High": "18.9450", "Year Low": "13.2425", "Year Close": "18.0650", "Annual % Change": "9.55%"}, "2013": {"Average Stock Price": "11.8958", "Year Open": "9.5750", "Year High": "16.8100", "Year Low": "9.1850", "Year Close": "16.4900", "Annual % Change": "74.96%"}, "2012": {"Average Stock Price": "10.6486", "Year Open": "14.9800", "Year High": "15.5250", "Year Low": "7.4900", "Year Close": "9.4250", "Annual % Change": "-36.30%"}, "2011": {"Average Stock Price": "14.3126", "Year Open": "15.0400", "Year High": "16.7500", "Year Low": "11.0100", "Year Close": "14.7950", "Annual % Change": "0.10%"}, "2010": {"Average Stock Price": "10.2207", "Year Open": "9.1350", "Year High": "14.8400", "Year Low": "8.5050", "Year Close": "14.7800", "Annual % Change": "65.60%"}, "2009": {"Average Stock Price": "6.4193", "Year Open": "4.6850", "Year High": "9.0750", "Year Low": "3.6050", "Year Close": "8.9250", "Annual % Change": "102.15%"}, "2008": {"Average Stock Price": "7.2847", "Year Open": "8.6550", "Year High": "9.6700", "Year Low": "3.3600", "Year Close": "4.4150", "Annual % Change": "-50.31%"}, "2007": {"Average Stock Price": "9.3304", "Year Open": "7.8200", "Year High": "11.2650", "Year Low": "7.4900", "Year Close": "8.8850", "Annual % Change": "14.20%"}, "2006": {"Average Stock Price": "7.7681", "Year Open": "9.9650", "Year High": "10.3400", "Year Low": "6.4700", "Year Close": "7.7800", "Annual % Change": "-20.21%"}, "2005": {"Average Stock Price": "8.7600", "Year Open": "8.8050", "Year High": "10.1350", "Year Low": "7.6950", "Year Close": "9.7500", "Annual % Change": "5.35%"}, "2004": {"Average Stock Price": "9.4374", "Year Open": "10.7950", "Year High": "11.6150", "Year Low": "7.8425", "Year Close": "9.2550", "Annual % Change": "-16.17%"}, "2003": {"Average Stock Price": "8.3808", "Year Open": "7.8975", "Year High": "11.1925", "Year Low": "6.0125", "Year Close": "11.0400", "Annual % Change": "39.57%"}, "2002": {"Average Stock Price": "7.3379", "Year Open": "6.8275", "Year High": "8.3000", "Year Low": "6.0475", "Year Close": "7.9100", "Annual % Change": "18.37%"}, "2001": {"Average Stock Price": "6.6129", "Year Open": "4.7775", "Year High": "8.4425", "Year Low": "4.7775", "Year Close": "6.6825", "Annual % Change": "43.48%"}, "2000": {"Average Stock Price": "6.8012", "Year Open": "6.6025", "Year High": "9.6725", "Year Low": "4.1400", "Year Close": "4.6575", "Annual % Change": "-32.86%"}, "1999": {"Average Stock Price": "6.0516", "Year Open": "5.5625", "Year High": "8.5950", "Year Low": "4.0325", "Year Close": "6.9375", "Annual % Change": "38.75%"}, "1998": {"Average Stock Price": "3.9638", "Year Open": "3.2975", "Year High": "5.4375", "Year Low": "2.8125", "Year Close": "5.0000", "Annual % Change": "48.81%"}, "1997": {"Average Stock Price": "2.7034", "Year Open": "2.5163", "Year High": "3.4850", "Year Low": "2.1250", "Year Close": "3.3600", "Annual % Change": "33.60%"}, "1996": {"Average Stock Price": "2.3690", "Year Open": "1.4063", "Year High": "3.2969", "Year Low": "1.3125", "Year Close": "2.5150", "Annual % Change": "82.91%"}, "1995": {"Average Stock Price": "1.3675", "Year Open": "1.4375", "Year High": "1.6913", "Year Low": "1.0938", "Year Close": "1.3750", "Annual % Change": "-9.28%"}, "1994": {"Average Stock Price": "1.5448", "Year Open": "2.0625", "Year High": "2.0781", "Year Low": "1.1406", "Year Close": "1.5156", "Annual % Change": "-31.21%"}, "1993": {"Average Stock Price": "1.3565", "Year Open": "0.6484", "Year High": "2.2031", "Year Low": "0.6484", "Year Close": "2.2031", "Annual % Change": "231.74%"}, "1992": {"Average Stock Price": "0.6230", "Year Open": "0.4219", "Year High": "0.7931", "Year Low": "0.4219", "Year Close": "0.6641", "Annual % Change": "63.45%"}, "1991": {"Average Stock Price": "0.2858", "Year Open": "0.1600", "Year High": "0.4141", "Year Low": "0.1525", "Year Close": "0.4063", "Annual % Change": "147.59%"}}}, "market cap": {"value": "$8.55B"}, "income statement": {"Revenue": {"2020-12-31": "1688.18900", "2019-12-31": "1858.89700", "2018-12-31": "1834.06400", "2017-12-31": "1794.87300", "2016-12-31": "1678.92500", "2015-12-31": "1543.61800", "2014-12-31": "1375.50100", "2013-12-31": "1171.86400", "2012-12-31": "1099.56000", "2011-12-31": "1023.76200", "2010-12-31": "816.26340", "2009-12-31": "544.52300", "2008-12-31": "623.79980", "2007-12-31": "653.93320", "2006-12-31": "572.26710", "2005-12-31": "536.48390"}, "Cost Of Goods Sold": {"2020-12-31": "1082.74600", "2019-12-31": "1170.58900", "2018-12-31": "1143.59700", "2017-12-31": "1100.34400", "2016-12-31": "1010.47300", "2015-12-31": "939.84170", "2014-12-31": "836.61150", "2013-12-31": "741.13130", "2012-12-31": "726.74100", "2011-12-31": "662.18170", "2010-12-31": "520.57310", "2009-12-31": "366.96820", "2008-12-31": "420.67290", "2007-12-31": "426.23620", "2006-12-31": "373.16350", "2005-12-31": "337.84360"}, "Gross Profit": {"2020-12-31": "605.44360", "2019-12-31": "688.30800", "2018-12-31": "690.46670", "2017-12-31": "694.52820", "2016-12-31": "668.45230", "2015-12-31": "603.77600", "2014-12-31": "538.88960", "2013-12-31": "430.73280", "2012-12-31": "372.81860", "2011-12-31": "361.58030", "2010-12-31": "295.69030", "2009-12-31": "177.55480", "2008-12-31": "203.12690", "2007-12-31": "227.69700", "2006-12-31": "199.10360", "2005-12-31": "198.64030"}, "Research And Development Expenses": {"2020-12-31": "115.93500", "2019-12-31": "114.68730", "2018-12-31": "107.13490", "2017-12-31": "99.72640", "2016-12-31": "94.23800", "2015-12-31": "88.39290", "2014-12-31": "84.17570", "2013-12-31": "76.49510", "2012-12-31": "85.00360", "2011-12-31": "81.63420", "2010-12-31": "64.10040", "2009-12-31": "47.12810", "2008-12-31": "51.88890", "2007-12-31": "50.71510", "2006-12-31": "41.77380", "2005-12-31": "35.05940"}, "SG&A Expenses": {"2020-12-31": "89.95240", "2019-12-31": "85.08310", "2018-12-31": "75.20630", "2017-12-31": "71.44350", "2016-12-31": "62.47130", "2015-12-31": "56.61670", "2014-12-31": "55.87980", "2013-12-31": "49.49600", "2012-12-31": "48.35970", "2011-12-31": "48.57830", "2010-12-31": "40.61780", "2009-12-31": "35.80760", "2008-12-31": "42.42510", "2007-12-31": "35.28090", "2006-12-31": "30.88280", "2005-12-31": "27.28640"}, "Other Operating Income Or Expenses": {"2020-12-31": "", "2019-12-31": "", "2018-12-31": "", "2017-12-31": "", "2016-12-31": "", "2015-12-31": "", "2014-12-31": "", "2013-12-31": "", "2012-12-31": "-5.00000", "2011-12-31": "", "2010-12-31": "", "2009-12-31": "", "2008-12-31": "", "2007-12-31": "-2.88530", "2006-12-31": "0.00000", "2005-12-31": ""}, "Operating Expenses": {"2020-12-31": "1288.63300", "2019-12-31": "1370.36000", "2018-12-31": "1325.93800", "2017-12-31": "1271.51400", "2016-12-31": "1167.18200", "2015-12-31": "1084.85100", "2014-12-31": "976.66690", "2013-12-31": "867.12240", "2012-12-31": "865.10430", "2011-12-31": "792.39410", "2010-12-31": "625.29140", "2009-12-31": "449.90390", "2008-12-31": "514.98690", "2007-12-31": "515.11740", "2006-12-31": "445.82010", "2005-12-31": "400.18940"}, "Operating Income": {"2020-12-31": "399.55620", "2019-12-31": "488.53770", "2018-12-31": "508.12550", "2017-12-31": "523.35830", "2016-12-31": "511.74290", "2015-12-31": "458.76640", "2014-12-31": "398.83420", "2013-12-31": "304.74180", "2012-12-31": "234.45530", "2011-12-31": "231.36790", "2010-12-31": "190.97200", "2009-12-31": "94.61910", "2008-12-31": "108.81290", "2007-12-31": "138.81580", "2006-12-31": "126.44700", "2005-12-31": "136.29450"}, "Total Non-Operating Income/Expense": {"2020-12-31": "12.25680", "2019-12-31": "11.87770", "2018-12-31": "13.92140", "2017-12-31": "8.43840", "2016-12-31": "-1.18220", "2015-12-31": "4.82500", "2014-12-31": "16.49230", "2013-12-31": "23.32220", "2012-12-31": "15.17040", "2011-12-31": "13.06390", "2010-12-31": "12.46800", "2009-12-31": "1.73320", "2008-12-31": "-16.61810", "2007-12-31": "40.92300", "2006-12-31": "32.52660", "2005-12-31": "23.60000"}, "Pre-Tax Income": {"2020-12-31": "411.81290", "2019-12-31": "500.41530", "2018-12-31": "522.04690", "2017-12-31": "531.79670", "2016-12-31": "510.56080", "2015-12-31": "463.59150", "2014-12-31": "415.32650", "2013-12-31": "328.06410", "2012-12-31": "249.62560", "2011-12-31": "244.43180", "2010-12-31": "203.44000", "2009-12-31": "96.35230", "2008-12-31": "92.19490", "2007-12-31": "179.73880", "2006-12-31": "158.97360", "2005-12-31": "159.89450"}, "Income Taxes": {"2020-12-31": "64.24930", "2019-12-31": "75.73140", "2018-12-31": "84.16390", "2017-12-31": "125.00480", "2016-12-31": "162.96950", "2015-12-31": "145.12160", "2014-12-31": "126.72190", "2013-12-31": "105.13410", "2012-12-31": "81.03880", "2011-12-31": "79.76360", "2010-12-31": "65.70610", "2009-12-31": "31.71520", "2008-12-31": "30.10690", "2007-12-31": "57.60880", "2006-12-31": "50.21260", "2005-12-31": "50.36700"}, "Income After Taxes": {"2020-12-31": "347.56360", "2019-12-31": "424.68400", "2018-12-31": "437.88310", "2017-12-31": "406.79190", "2016-12-31": "347.59120", "2015-12-31": "318.46980", "2014-12-31": "288.60460", "2013-12-31": "222.93000", "2012-12-31": "168.58680", "2011-12-31": "164.66820", "2010-12-31": "137.73400", "2009-12-31": "64.63710", "2008-12-31": "62.08800", "2007-12-31": "122.13000", "2006-12-31": "108.76100", "2005-12-31": "109.52750"}, "Other Income": {"2020-12-31": "", "2019-12-31": "", "2018-12-31": "", "2017-12-31": "", "2016-12-31": "", "2015-12-31": "", "2014-12-31": "", "2013-12-31": "", "2012-12-31": "", "2011-12-31": "", "2010-12-31": "", "2009-12-31": "", "2008-12-31": "", "2007-12-31": "", "2006-12-31": "", "2005-12-31": ""}, "Income From Continuous Operations": {"2020-12-31": "347.56360", "2019-12-31": "424.68400", "2018-12-31": "437.88310", "2017-12-31": "406.79190", "2016-12-31": "347.59120", "2015-12-31": "318.46980", "2014-12-31": "288.60460", "2013-12-31": "222.93000", "2012-12-31": "168.58680", "2011-12-31": "164.66820", "2010-12-31": "137.73400", "2009-12-31": "64.63710", "2008-12-31": "62.08800", "2007-12-31": "122.13000", "2006-12-31": "108.76100", "2005-12-31": "109.52750"}, "Income From Discontinued Operations": {"2020-12-31": "", "2019-12-31": "", "2018-12-31": "", "2017-12-31": "", "2016-12-31": "", "2015-12-31": "", "2014-12-31": "", "2013-12-31": "", "2012-12-31": "", "2011-12-31": "", "2010-12-31": "", "2009-12-31": "", "2008-12-31": "", "2007-12-31": "", "2006-12-31": "", "2005-12-31": ""}, "Net Income": {"2020-12-31": "347.56360", "2019-12-31": "419.65510", "2018-12-31": "437.88310", "2017-12-31": "406.79190", "2016-12-31": "347.59130", "2015-12-31": "318.46980", "2014-12-31": "288.60460", "2013-12-31": "222.92990", "2012-12-31": "168.58680", "2011-12-31": "164.66820", "2010-12-31": "137.73400", "2009-12-31": "64.63710", "2008-12-31": "62.08800", "2007-12-31": "122.13000", "2006-12-31": "108.76100", "2005-12-31": "109.52750"}, "EBITDA": {"2020-12-31": "399.55620", "2019-12-31": "593.24070", "2018-12-31": "610.31230", "2017-12-31": "622.92920", "2016-12-31": "600.33030", "2015-12-31": "539.36550", "2014-12-31": "476.21050", "2013-12-31": "367.59590", "2012-12-31": "284.63510", "2011-12-31": "274.00260", "2010-12-31": "229.59270", "2009-12-31": "132.98360", "2008-12-31": "144.70390", "2007-12-31": "171.25110", "2006-12-31": "154.20970", "2005-12-31": "160.11780"}, "EBIT": {"2020-12-31": "399.55620", "2019-12-31": "488.53770", "2018-12-31": "508.12550", "2017-12-31": "523.35830", "2016-12-31": "511.74290", "2015-12-31": "458.76640", "2014-12-31": "398.83420", "2013-12-31": "304.74180", "2012-12-31": "234.45530", "2011-12-31": "231.36790", "2010-12-31": "190.97200", "2009-12-31": "94.61910", "2008-12-31": "108.81290", "2007-12-31": "138.81580", "2006-12-31": "126.44700", "2005-12-31": "136.29450"}, "Basic Shares Outstanding": {"2020-12-31": "246.49900", "2019-12-31": "251.76640", "2018-12-31": "267.79480", "2017-12-31": "285.86500", "2016-12-31": "288.43380", "2015-12-31": "293.09620", "2014-12-31": "290.95200", "2013-12-31": "286.92000", "2012-12-31": "286.19500", "2011-12-31": "284.98600", "2010-12-31": "278.71400", "2009-12-31": "274.45600", "2008-12-31": "281.80400", "2007-12-31": "286.11400", "2006-12-31": "295.90200", "2005-12-31": "310.87800"}, "Shares Outstanding": {"2020-12-31": "246.49900", "2019-12-31": "253.27300", "2018-12-31": "269.87730", "2017-12-31": "288.22610", "2016-12-31": "291.07230", "2015-12-31": "296.23790", "2014-12-31": "294.29900", "2013-12-31": "288.54800", "2012-12-31": "287.93600", "2011-12-31": "288.55400", "2010-12-31": "281.47200", "2009-12-31": "275.29000", "2008-12-31": "282.01000", "2007-12-31": "288.14000", "2006-12-31": "296.98800", "2005-12-31": "314.06200"}, "Basic EPS": {"2020-12-31": "1.41000", "2019-12-31": "1.67000", "2018-12-31": "1.64000", "2017-12-31": "1.42000", "2016-12-31": "1.21000", "2015-12-31": "1.09000", "2014-12-31": "0.99000", "2013-12-31": "0.78000", "2012-12-31": "0.59000", "2011-12-31": "0.58000", "2010-12-31": "0.49500", "2009-12-31": "0.23500", "2008-12-31": "0.22000", "2007-12-31": "0.42500", "2006-12-31": "0.37000", "2005-12-31": "0.35000"}, "EPS - Earnings Per Share": {"2020-12-31": "1.41000", "2019-12-31": "1.66000", "2018-12-31": "1.62000", "2017-12-31": "1.41000", "2016-12-31": "1.19000", "2015-12-31": "1.08000", "2014-12-31": "0.98000", "2013-12-31": "0.77000", "2012-12-31": "0.59000", "2011-12-31": "0.57000", "2010-12-31": "0.49000", "2009-12-31": "0.23500", "2008-12-31": "0.22000", "2007-12-31": "0.42500", "2006-12-31": "0.36500", "2005-12-31": "0.35000"}}, "income statement, quarterly": {"Revenue": {"2020-12-31": "529.86350", "2020-09-30": "474.63860", "2020-06-30": "229.92560", "2020-03-31": "453.76170", "2019-12-31": "443.83560", "2019-09-30": "477.76140", "2019-06-30": "468.71140", "2019-03-31": "468.58900", "2018-12-31": "453.40880", "2018-09-30": "460.25340", "2018-06-30": "454.98140", "2018-03-31": "465.42010", "2017-12-31": "459.57050", "2017-09-30": "438.62780", "2017-06-30": "443.13910", "2017-03-31": "453.53520", "2016-12-31": "419.91290", "2016-09-30": "429.64330", "2016-06-30": "423.80080", "2016-03-31": "405.56780", "2015-12-31": "405.59260", "2015-09-30": "389.82910", "2015-06-30": "379.25850", "2015-03-31": "368.93750", "2014-12-31": "350.41090", "2014-09-30": "350.91390", "2014-06-30": "338.43700", "2014-03-31": "335.73930", "2013-12-31": "326.76970", "2013-09-30": "288.62160", "2013-06-30": "286.97390", "2013-03-31": "269.49900", "2012-12-31": "260.34920", "2012-09-30": "268.24810", "2012-06-30": "280.25560", "2012-03-31": "290.70680", "2011-12-31": "260.34660", "2011-09-30": "269.46800", "2011-06-30": "243.00150", "2011-03-31": "250.94590", "2010-12-31": "222.10060", "2010-09-30": "206.83290", "2010-06-30": "201.56100", "2010-03-31": "185.76890", "2009-12-31": "177.60790", "2009-09-30": "155.74190", "2009-06-30": "117.34180", "2009-03-31": "93.83150", "2008-12-31": "122.28140", "2008-09-30": "153.05660", "2008-06-30": "170.49150", "2008-03-31": "177.97030", "2007-12-31": "170.72270", "2007-09-30": "162.52480", "2007-06-30": "163.47980", "2007-03-31": "157.20600", "2006-12-31": "149.58970", "2006-09-30": "141.26560", "2006-06-30": "142.39120", "2006-03-31": "139.02060", "2005-12-31": "138.34290", "2005-09-30": "138.11490", "2005-06-30": "132.38440", "2005-03-31": "127.64170"}, "Cost Of Goods Sold": {"2020-12-31": "313.18900", "2020-09-30": "286.40190", "2020-06-30": "185.98070", "2020-03-31": "297.17430", "2019-12-31": "282.03110", "2019-09-30": "297.44010", "2019-06-30": "292.17370", "2019-03-31": "298.94450", "2018-12-31": "281.36510", "2018-09-30": "287.26320", "2018-06-30": "282.17700", "2018-03-31": "292.79170", "2017-12-31": "279.28050", "2017-09-30": "267.39810", "2017-06-30": "275.93130", "2017-03-31": "277.73450", "2016-12-31": "250.74590", "2016-09-30": "255.82140", "2016-06-30": "257.02820", "2016-03-31": "246.87700", "2015-12-31": "242.34920", "2015-09-30": "237.93240", "2015-06-30": "233.71500", "2015-03-31": "225.84500", "2014-12-31": "215.73800", "2014-09-30": "212.28820", "2014-06-30": "204.14470", "2014-03-31": "204.44050", "2013-12-31": "198.07540", "2013-09-30": "182.65910", "2013-06-30": "184.36130", "2013-03-31": "176.03550", "2012-12-31": "171.23050", "2012-09-30": "178.13200", "2012-06-30": "187.49820", "2012-03-31": "189.88030", "2011-12-31": "169.99290", "2011-09-30": "174.18260", "2011-06-30": "157.37700", "2011-03-31": "160.62920", "2010-12-31": "142.63220", "2010-09-30": "133.07320", "2010-06-30": "127.66710", "2010-03-31": "117.20060", "2009-12-31": "112.51380", "2009-09-30": "101.38600", "2009-06-30": "81.54730", "2009-03-31": "71.52110", "2008-12-31": "87.57840", "2008-09-30": "106.35990", "2008-06-30": "111.41130", "2008-03-31": "115.32330", "2007-12-31": "112.30310", "2007-09-30": "105.52290", "2007-06-30": "105.78300", "2007-03-31": "102.62720", "2006-12-31": "97.49370", "2006-09-30": "93.38710", "2006-06-30": "91.49480", "2006-03-31": "90.78790", "2005-12-31": "88.51740", "2005-09-30": "86.91850", "2005-06-30": "82.81890", "2005-03-31": "79.58890"}, "Gross Profit": {"2020-12-31": "216.67450", "2020-09-30": "188.23670", "2020-06-30": "43.94480", "2020-03-31": "156.58750", "2019-12-31": "161.80450", "2019-09-30": "180.32130", "2019-06-30": "176.53760", "2019-03-31": "169.64450", "2018-12-31": "172.04360", "2018-09-30": "172.99030", "2018-06-30": "172.80450", "2018-03-31": "172.62840", "2017-12-31": "180.29000", "2017-09-30": "171.22960", "2017-06-30": "167.20780", "2017-03-31": "175.80080", "2016-12-31": "169.16700", "2016-09-30": "173.82190", "2016-06-30": "166.77260", "2016-03-31": "158.69080", "2015-12-31": "163.24350", "2015-09-30": "151.89670", "2015-06-30": "145.54340", "2015-03-31": "143.09240", "2014-12-31": "134.67290", "2014-09-30": "138.62570", "2014-06-30": "134.29220", "2014-03-31": "131.29880", "2013-12-31": "128.69430", "2013-09-30": "105.96250", "2013-06-30": "102.61260", "2013-03-31": "93.46350", "2012-12-31": "89.11880", "2012-09-30": "90.11610", "2012-06-30": "92.75730", "2012-03-31": "100.82650", "2011-12-31": "90.35370", "2011-09-30": "95.28530", "2011-06-30": "85.62460", "2011-03-31": "90.31670", "2010-12-31": "79.46830", "2010-09-30": "73.75980", "2010-06-30": "73.89380", "2010-03-31": "68.56840", "2009-12-31": "65.09410", "2009-09-30": "54.35590", "2009-06-30": "35.79450", "2009-03-31": "22.31040", "2008-12-31": "34.70300", "2008-09-30": "46.69670", "2008-06-30": "59.08020", "2008-03-31": "62.64700", "2007-12-31": "58.41950", "2007-09-30": "57.00190", "2007-06-30": "57.69680", "2007-03-31": "54.57880", "2006-12-31": "52.09600", "2006-09-30": "47.87850", "2006-06-30": "50.89650", "2006-03-31": "48.23270", "2005-12-31": "49.82550", "2005-09-30": "51.19650", "2005-06-30": "49.56550", "2005-03-31": "48.05280"}, "Research And Development Expenses": {"2020-12-31": "29.51390", "2020-09-30": "27.81270", "2020-06-30": "28.99300", "2020-03-31": "29.61540", "2019-12-31": "28.84010", "2019-09-30": "29.39870", "2019-06-30": "28.35930", "2019-03-31": "28.08920", "2018-12-31": "26.99620", "2018-09-30": "26.88900", "2018-06-30": "27.20050", "2018-03-31": "26.04930", "2017-12-31": "24.56050", "2017-09-30": "24.77030", "2017-06-30": "25.24340", "2017-03-31": "25.15230", "2016-12-31": "24.48990", "2016-09-30": "23.58510", "2016-06-30": "23.07180", "2016-03-31": "23.09120", "2015-12-31": "22.98470", "2015-09-30": "21.50550", "2015-06-30": "22.31520", "2015-03-31": "21.58760", "2014-12-31": "21.78050", "2014-09-30": "21.67190", "2014-06-30": "20.23410", "2014-03-31": "20.48920", "2013-12-31": "19.84060", "2013-09-30": "19.10670", "2013-06-30": "18.86420", "2013-03-31": "18.68360", "2012-12-31": "18.56200", "2012-09-30": "20.43400", "2012-06-30": "22.79250", "2012-03-31": "23.21510", "2011-12-31": "21.80510", "2011-09-30": "20.66850", "2011-06-30": "20.24580", "2011-03-31": "18.91480", "2010-12-31": "18.07550", "2010-09-30": "16.46380", "2010-06-30": "15.22260", "2010-03-31": "14.33850", "2009-12-31": "12.57030", "2009-09-30": "11.95590", "2009-06-30": "11.22170", "2009-03-31": "11.38020", "2008-12-31": "12.65280", "2008-09-30": "13.10140", "2008-06-30": "13.39850", "2008-03-31": "12.73630", "2007-12-31": "12.74100", "2007-09-30": "13.25190", "2007-06-30": "12.44650", "2007-03-31": "12.27570", "2006-12-31": "11.11570", "2006-09-30": "10.53630", "2006-06-30": "9.96260", "2006-03-31": "10.15920", "2005-12-31": "9.14340", "2005-09-30": "9.14020", "2005-06-30": "8.79840", "2005-03-31": "7.97740"}, "SG&A Expenses": {"2020-12-31": "24.74630", "2020-09-30": "21.57110", "2020-06-30": "21.69010", "2020-03-31": "21.94490", "2019-12-31": "22.06390", "2019-09-30": "22.78690", "2019-06-30": "20.27330", "2019-03-31": "19.95900", "2018-12-31": "19.54810", "2018-09-30": "18.67340", "2018-06-30": "18.92100", "2018-03-31": "18.06380", "2017-12-31": "21.73550", "2017-09-30": "17.38670", "2017-06-30": "16.09990", "2017-03-31": "16.22140", "2016-12-31": "16.74110", "2016-09-30": "16.02450", "2016-06-30": "14.95510", "2016-03-31": "14.75060", "2015-12-31": "13.59640", "2015-09-30": "14.12860", "2015-06-30": "15.09540", "2015-03-31": "13.79640", "2014-12-31": "14.27710", "2014-09-30": "13.74790", "2014-06-30": "14.22270", "2014-03-31": "13.63200", "2013-12-31": "13.21800", "2013-09-30": "13.19960", "2013-06-30": "12.15220", "2013-03-31": "10.92630", "2012-12-31": "11.73810", "2012-09-30": "12.05870", "2012-06-30": "12.45260", "2012-03-31": "12.11040", "2011-12-31": "12.76520", "2011-09-30": "12.37000", "2011-06-30": "12.13190", "2011-03-31": "11.31110", "2010-12-31": "10.78770", "2010-09-30": "10.32370", "2010-06-30": "9.88440", "2010-03-31": "9.62200", "2009-12-31": "9.28550", "2009-09-30": "9.29650", "2009-06-30": "8.49450", "2009-03-31": "8.73110", "2008-12-31": "12.28520", "2008-09-30": "10.32420", "2008-06-30": "9.89210", "2008-03-31": "9.92350", "2007-12-31": "9.06880", "2007-09-30": "9.11280", "2007-06-30": "8.73260", "2007-03-31": "8.36660", "2006-12-31": "7.84140", "2006-09-30": "7.73740", "2006-06-30": "7.51300", "2006-03-31": "7.79110", "2005-12-31": "6.67240", "2005-09-30": "6.76280", "2005-06-30": "7.01130", "2005-03-31": "6.83980"}, "Other Operating Income Or Expenses": {"2020-12-31": "", "2020-09-30": "", "2020-06-30": "", "2020-03-31": "", "2019-12-31": "", "2019-09-30": "", "2019-06-30": "", "2019-03-31": "", "2018-12-31": "", "2018-09-30": "", "2018-06-30": "", "2018-03-31": "", "2017-12-31": "", "2017-09-30": "", "2017-06-30": "", "2017-03-31": "", "2016-12-31": "", "2016-09-30": "", "2016-06-30": "", "2016-03-31": "", "2015-12-31": "", "2015-09-30": "", "2015-06-30": "", "2015-03-31": "", "2014-12-31": "", "2014-09-30": "", "2014-06-30": "", "2014-03-31": "", "2013-12-31": "", "2013-09-30": "", "2013-06-30": "", "2013-03-31": "", "2012-12-31": "", "2012-09-30": "", "2012-06-30": "", "2012-03-31": "", "2011-12-31": "", "2011-09-30": "", "2011-06-30": "", "2011-03-31": "", "2010-12-31": "", "2010-09-30": "", "2010-06-30": "", "2010-03-31": "", "2009-12-31": "", "2009-09-30": "", "2009-06-30": "", "2009-03-31": "", "2008-12-31": "", "2008-09-30": "", "2008-06-30": "", "2008-03-31": "", "2007-12-31": "", "2007-09-30": "", "2007-06-30": "", "2007-03-31": "", "2006-12-31": "", "2006-09-30": "", "2006-06-30": "", "2006-03-31": "", "2005-12-31": "", "2005-09-30": "", "2005-06-30": "", "2005-03-31": ""}, "Operating Expenses": {"2020-12-31": "367.44920", "2020-09-30": "335.78570", "2020-06-30": "236.66380", "2020-03-31": "348.73460", "2019-12-31": "332.93500", "2019-09-30": "349.62570", "2019-06-30": "340.80640", "2019-03-31": "346.99260", "2018-12-31": "327.90940", "2018-09-30": "332.82550", "2018-06-30": "328.29840", "2018-03-31": "336.90480", "2017-12-31": "325.57640", "2017-09-30": "309.55510", "2017-06-30": "317.27460", "2017-03-31": "319.10810", "2016-12-31": "291.97700", "2016-09-30": "295.43100", "2016-06-30": "295.05510", "2016-03-31": "284.71880", "2015-12-31": "278.93020", "2015-09-30": "273.56650", "2015-06-30": "271.12560", "2015-03-31": "261.22890", "2014-12-31": "251.79560", "2014-09-30": "247.70810", "2014-06-30": "238.60150", "2014-03-31": "238.56180", "2013-12-31": "231.13400", "2013-09-30": "214.96540", "2013-06-30": "215.37760", "2013-03-31": "205.64530", "2012-12-31": "206.53050", "2012-09-30": "210.62470", "2012-06-30": "222.74330", "2012-03-31": "225.20580", "2011-12-31": "204.56320", "2011-09-30": "207.22120", "2011-06-30": "189.75470", "2011-03-31": "190.85500", "2010-12-31": "171.49550", "2010-09-30": "159.86070", "2010-06-30": "152.77420", "2010-03-31": "141.16100", "2009-12-31": "134.36960", "2009-09-30": "122.63840", "2009-06-30": "101.26350", "2009-03-31": "91.63240", "2008-12-31": "112.51640", "2008-09-30": "129.78560", "2008-06-30": "134.70180", "2008-03-31": "137.98310", "2007-12-31": "136.99820", "2007-09-30": "127.88770", "2007-06-30": "126.96210", "2007-03-31": "123.26950", "2006-12-31": "116.45080", "2006-09-30": "111.66080", "2006-06-30": "108.97030", "2006-03-31": "108.73810", "2005-12-31": "104.33320", "2005-09-30": "102.82150", "2005-06-30": "98.62860", "2005-03-31": "94.40610"}, "Operating Income": {"2020-12-31": "162.41430", "2020-09-30": "138.85280", "2020-06-30": "-6.73830", "2020-03-31": "105.02720", "2019-12-31": "110.90070", "2019-09-30": "128.13570", "2019-06-30": "127.90500", "2019-03-31": "121.59630", "2018-12-31": "125.49930", "2018-09-30": "127.42790", "2018-06-30": "126.68300", "2018-03-31": "128.51530", "2017-12-31": "133.99400", "2017-09-30": "129.07270", "2017-06-30": "125.86450", "2017-03-31": "134.42710", "2016-12-31": "127.93590", "2016-09-30": "134.21230", "2016-06-30": "128.74570", "2016-03-31": "120.84900", "2015-12-31": "126.66240", "2015-09-30": "116.26260", "2015-06-30": "108.13280", "2015-03-31": "107.70850", "2014-12-31": "98.61530", "2014-09-30": "103.20580", "2014-06-30": "99.83540", "2014-03-31": "97.17760", "2013-12-31": "95.63570", "2013-09-30": "73.65630", "2013-06-30": "71.59630", "2013-03-31": "63.85360", "2012-12-31": "53.81870", "2012-09-30": "57.62340", "2012-06-30": "57.51220", "2012-03-31": "65.50100", "2011-12-31": "55.78340", "2011-09-30": "62.24680", "2011-06-30": "53.24690", "2011-03-31": "60.09090", "2010-12-31": "50.60510", "2010-09-30": "46.97230", "2010-06-30": "48.78680", "2010-03-31": "44.60790", "2009-12-31": "43.23830", "2009-09-30": "33.10340", "2009-06-30": "16.07830", "2009-03-31": "2.19910", "2008-12-31": "9.76500", "2008-09-30": "23.27100", "2008-06-30": "35.78970", "2008-03-31": "39.98720", "2007-12-31": "33.72440", "2007-09-30": "34.63710", "2007-06-30": "36.51770", "2007-03-31": "33.93650", "2006-12-31": "33.13890", "2006-09-30": "29.60480", "2006-06-30": "33.42090", "2006-03-31": "30.28250", "2005-12-31": "34.00970", "2005-09-30": "35.29340", "2005-06-30": "33.75580", "2005-03-31": "33.23560"}, "Total Non-Operating Income/Expense": {"2020-12-31": "3.09900", "2020-09-30": "4.04410", "2020-06-30": "2.86620", "2020-03-31": "2.24750", "2019-12-31": "2.74410", "2019-09-30": "3.44380", "2019-06-30": "2.37760", "2019-03-31": "3.31220", "2018-12-31": "5.28030", "2018-09-30": "3.10670", "2018-06-30": "2.28980", "2018-03-31": "3.24460", "2017-12-31": "4.16190", "2017-09-30": "1.75940", "2017-06-30": "2.07920", "2017-03-31": "0.43780", "2016-12-31": "1.11850", "2016-09-30": "0.11570", "2016-06-30": "-1.13700", "2016-03-31": "-1.27940", "2015-12-31": "2.01320", "2015-09-30": "-0.21490", "2015-06-30": "2.31730", "2015-03-31": "0.70940", "2014-12-31": "5.40440", "2014-09-30": "0.78680", "2014-06-30": "5.78660", "2014-03-31": "4.51450", "2013-12-31": "8.50230", "2013-09-30": "7.38700", "2013-06-30": "5.53270", "2013-03-31": "1.90030", "2012-12-31": "4.65380", "2012-09-30": "4.06270", "2012-06-30": "3.16750", "2012-03-31": "3.28640", "2011-12-31": "2.94650", "2011-09-30": "2.25180", "2011-06-30": "4.50120", "2011-03-31": "3.36440", "2010-12-31": "4.63730", "2010-09-30": "3.19900", "2010-06-30": "1.55430", "2010-03-31": "3.07740", "2009-12-31": "1.61560", "2009-09-30": "2.47900", "2009-06-30": "2.22390", "2009-03-31": "-4.58530", "2008-12-31": "-25.75770", "2008-09-30": "-0.56620", "2008-06-30": "4.23030", "2008-03-31": "5.47550", "2007-12-31": "13.72570", "2007-09-30": "9.21600", "2007-06-30": "8.44730", "2007-03-31": "9.53400", "2006-12-31": "11.75670", "2006-09-30": "6.10330", "2006-06-30": "6.67830", "2006-03-31": "7.98840", "2005-12-31": "9.22700", "2005-09-30": "5.48940", "2005-06-30": "4.26020", "2005-03-31": "4.62340"}, "Pre-Tax Income": {"2020-12-31": "165.51330", "2020-09-30": "142.89700", "2020-06-30": "-3.87200", "2020-03-31": "107.27470", "2019-12-31": "113.64470", "2019-09-30": "131.57950", "2019-06-30": "130.28250", "2019-03-31": "124.90850", "2018-12-31": "130.77960", "2018-09-30": "130.53460", "2018-06-30": "128.97280", "2018-03-31": "131.75990", "2017-12-31": "138.15600", "2017-09-30": "130.83200", "2017-06-30": "127.94380", "2017-03-31": "134.86490", "2016-12-31": "129.05450", "2016-09-30": "134.32800", "2016-06-30": "127.60870", "2016-03-31": "119.56960", "2015-12-31": "128.67560", "2015-09-30": "116.04770", "2015-06-30": "110.45020", "2015-03-31": "108.41790", "2014-12-31": "104.01980", "2014-09-30": "103.99260", "2014-06-30": "105.62200", "2014-03-31": "101.69210", "2013-12-31": "104.13800", "2013-09-30": "81.04330", "2013-06-30": "77.12890", "2013-03-31": "65.75390", "2012-12-31": "58.47250", "2012-09-30": "61.68610", "2012-06-30": "60.67970", "2012-03-31": "68.78730", "2011-12-31": "58.72990", "2011-09-30": "64.49860", "2011-06-30": "57.74810", "2011-03-31": "63.45530", "2010-12-31": "55.24240", "2010-09-30": "50.17130", "2010-06-30": "50.34110", "2010-03-31": "47.68530", "2009-12-31": "44.85390", "2009-09-30": "35.58240", "2009-06-30": "18.30220", "2009-03-31": "-2.38620", "2008-12-31": "-15.99260", "2008-09-30": "22.70480", "2008-06-30": "40.02000", "2008-03-31": "45.46260", "2007-12-31": "47.45010", "2007-09-30": "43.85310", "2007-06-30": "44.96500", "2007-03-31": "43.47060", "2006-12-31": "44.89550", "2006-09-30": "35.70810", "2006-06-30": "40.09920", "2006-03-31": "38.27090", "2005-12-31": "43.23670", "2005-09-30": "40.78280", "2005-06-30": "38.01610", "2005-03-31": "37.85900"}, "Income Taxes": {"2020-12-31": "22.17410", "2020-09-30": "25.80440", "2020-06-30": "-1.49800", "2020-03-31": "17.76890", "2019-12-31": "14.09770", "2019-09-30": "19.68170", "2019-06-30": "21.32390", "2019-03-31": "20.62810", "2018-12-31": "24.50510", "2018-09-30": "19.19880", "2018-06-30": "19.94880", "2018-03-31": "20.51120", "2017-12-31": "7.68710", "2017-09-30": "40.60170", "2017-06-30": "39.40780", "2017-03-31": "37.30820", "2016-12-31": "40.29310", "2016-09-30": "42.26330", "2016-06-30": "41.12350", "2016-03-31": "39.28960", "2015-12-31": "40.28010", "2015-09-30": "37.71530", "2015-06-30": "35.89170", "2015-03-31": "31.23450", "2014-12-31": "33.04490", "2014-09-30": "31.65570", "2014-06-30": "28.89530", "2014-03-31": "33.12600", "2013-12-31": "34.25690", "2013-09-30": "25.52230", "2013-06-30": "25.03150", "2013-03-31": "20.32340", "2012-12-31": "18.87390", "2012-09-30": "19.80900", "2012-06-30": "19.91320", "2012-03-31": "22.44270", "2011-12-31": "18.26380", "2011-09-30": "21.10160", "2011-06-30": "19.27590", "2011-03-31": "21.12240", "2010-12-31": "18.31910", "2010-09-30": "15.88010", "2010-06-30": "16.28370", "2010-03-31": "15.22310", "2009-12-31": "14.80600", "2009-09-30": "11.64560", "2009-06-30": "6.09290", "2009-03-31": "-0.82920", "2008-12-31": "-5.62750", "2008-09-30": "7.55830", "2008-06-30": "13.16170", "2008-03-31": "15.01450", "2007-12-31": "15.60040", "2007-09-30": "14.02660", "2007-06-30": "14.00890", "2007-03-31": "13.97280", "2006-12-31": "14.07950", "2006-09-30": "11.37020", "2006-06-30": "12.86310", "2006-03-31": "11.89980", "2005-12-31": "13.61900", "2005-09-30": "12.84700", "2005-06-30": "11.97500", "2005-03-31": "11.92600"}, "Income After Taxes": {"2020-12-31": "143.33920", "2020-09-30": "117.09260", "2020-06-30": "-2.37400", "2020-03-31": "89.50580", "2019-12-31": "99.54710", "2019-09-30": "111.89790", "2019-06-30": "108.95860", "2019-03-31": "104.28040", "2018-12-31": "106.27450", "2018-09-30": "111.33580", "2018-06-30": "109.02400", "2018-03-31": "111.24870", "2017-12-31": "130.46890", "2017-09-30": "90.23030", "2017-06-30": "88.53600", "2017-03-31": "97.55670", "2016-12-31": "88.76140", "2016-09-30": "92.06470", "2016-06-30": "86.48520", "2016-03-31": "80.28000", "2015-12-31": "88.39550", "2015-09-30": "78.33240", "2015-06-30": "74.55840", "2015-03-31": "77.18340", "2014-12-31": "70.97490", "2014-09-30": "72.33690", "2014-06-30": "76.72680", "2014-03-31": "68.56610", "2013-12-31": "69.88100", "2013-09-30": "55.52100", "2013-06-30": "52.09740", "2013-03-31": "45.43060", "2012-12-31": "39.59860", "2012-09-30": "41.87710", "2012-06-30": "40.76650", "2012-03-31": "46.34460", "2011-12-31": "40.46610", "2011-09-30": "43.39710", "2011-06-30": "38.47220", "2011-03-31": "42.33290", "2010-12-31": "36.92330", "2010-09-30": "34.29120", "2010-06-30": "34.05730", "2010-03-31": "32.46210", "2009-12-31": "30.04790", "2009-09-30": "23.93690", "2009-06-30": "12.20930", "2009-03-31": "-1.55690", "2008-12-31": "-10.36510", "2008-09-30": "15.14660", "2008-06-30": "26.85840", "2008-03-31": "30.44810", "2007-12-31": "31.84970", "2007-09-30": "29.82650", "2007-06-30": "30.95610", "2007-03-31": "29.49770", "2006-12-31": "30.81600", "2006-09-30": "24.33790", "2006-06-30": "27.23610", "2006-03-31": "26.37110", "2005-12-31": "29.61770", "2005-09-30": "27.93580", "2005-06-30": "26.04110", "2005-03-31": "25.93300"}, "Other Income": {"2020-12-31": "", "2020-09-30": "", "2020-06-30": "", "2020-03-31": "", "2019-12-31": "", "2019-09-30": "", "2019-06-30": "", "2019-03-31": "", "2018-12-31": "", "2018-09-30": "", "2018-06-30": "", "2018-03-31": "", "2017-12-31": "", "2017-09-30": "", "2017-06-30": "", "2017-03-31": "", "2016-12-31": "", "2016-09-30": "", "2016-06-30": "", "2016-03-31": "", "2015-12-31": "", "2015-09-30": "", "2015-06-30": "", "2015-03-31": "", "2014-12-31": "", "2014-09-30": "", "2014-06-30": "", "2014-03-31": "", "2013-12-31": "", "2013-09-30": "", "2013-06-30": "", "2013-03-31": "", "2012-12-31": "", "2012-09-30": "", "2012-06-30": "", "2012-03-31": "", "2011-12-31": "", "2011-09-30": "", "2011-06-30": "", "2011-03-31": "", "2010-12-31": "", "2010-09-30": "", "2010-06-30": "", "2010-03-31": "", "2009-12-31": "", "2009-09-30": "", "2009-06-30": "", "2009-03-31": "", "2008-12-31": "", "2008-09-30": "", "2008-06-30": "", "2008-03-31": "", "2007-12-31": "", "2007-09-30": "", "2007-06-30": "", "2007-03-31": "", "2006-12-31": "", "2006-09-30": "", "2006-06-30": "", "2006-03-31": "", "2005-12-31": "", "2005-09-30": "", "2005-06-30": "", "2005-03-31": ""}, "Income From Continuous Operations": {"2020-12-31": "143.33920", "2020-09-30": "117.09260", "2020-06-30": "-2.37400", "2020-03-31": "89.50580", "2019-12-31": "99.54710", "2019-09-30": "111.89790", "2019-06-30": "108.95860", "2019-03-31": "104.28040", "2018-12-31": "106.27450", "2018-09-30": "111.33580", "2018-06-30": "109.02400", "2018-03-31": "111.24870", "2017-12-31": "130.46890", "2017-09-30": "90.23030", "2017-06-30": "88.53600", "2017-03-31": "97.55670", "2016-12-31": "88.76140", "2016-09-30": "92.06470", "2016-06-30": "86.48520", "2016-03-31": "80.28000", "2015-12-31": "88.39550", "2015-09-30": "78.33240", "2015-06-30": "74.55840", "2015-03-31": "77.18340", "2014-12-31": "70.97490", "2014-09-30": "72.33690", "2014-06-30": "76.72680", "2014-03-31": "68.56610", "2013-12-31": "69.88100", "2013-09-30": "55.52100", "2013-06-30": "52.09740", "2013-03-31": "45.43060", "2012-12-31": "39.59860", "2012-09-30": "41.87710", "2012-06-30": "40.76650", "2012-03-31": "46.34460", "2011-12-31": "40.46610", "2011-09-30": "43.39710", "2011-06-30": "38.47220", "2011-03-31": "42.33290", "2010-12-31": "36.92330", "2010-09-30": "34.29120", "2010-06-30": "34.05730", "2010-03-31": "32.46210", "2009-12-31": "30.04790", "2009-09-30": "23.93690", "2009-06-30": "12.20930", "2009-03-31": "-1.55690", "2008-12-31": "-10.36510", "2008-09-30": "15.14660", "2008-06-30": "26.85840", "2008-03-31": "30.44810", "2007-12-31": "31.84970", "2007-09-30": "29.82650", "2007-06-30": "30.95610", "2007-03-31": "29.49770", "2006-12-31": "30.81600", "2006-09-30": "24.33790", "2006-06-30": "27.23610", "2006-03-31": "26.37110", "2005-12-31": "29.61770", "2005-09-30": "27.93580", "2005-06-30": "26.04110", "2005-03-31": "25.93300"}, "Income From Discontinued Operations": {"2020-12-31": "", "2020-09-30": "", "2020-06-30": "", "2020-03-31": "", "2019-12-31": "", "2019-09-30": "", "2019-06-30": "", "2019-03-31": "", "2018-12-31": "", "2018-09-30": "", "2018-06-30": "", "2018-03-31": "", "2017-12-31": "", "2017-09-30": "", "2017-06-30": "", "2017-03-31": "", "2016-12-31": "", "2016-09-30": "", "2016-06-30": "", "2016-03-31": "", "2015-12-31": "", "2015-09-30": "", "2015-06-30": "", "2015-03-31": "", "2014-12-31": "", "2014-09-30": "", "2014-06-30": "", "2014-03-31": "", "2013-12-31": "", "2013-09-30": "", "2013-06-30": "", "2013-03-31": "", "2012-12-31": "", "2012-09-30": "", "2012-06-30": "", "2012-03-31": "", "2011-12-31": "", "2011-09-30": "", "2011-06-30": "", "2011-03-31": "", "2010-12-31": "", "2010-09-30": "", "2010-06-30": "", "2010-03-31": "", "2009-12-31": "", "2009-09-30": "", "2009-06-30": "", "2009-03-31": "", "2008-12-31": "", "2008-09-30": "", "2008-06-30": "", "2008-03-31": "", "2007-12-31": "", "2007-09-30": "", "2007-06-30": "", "2007-03-31": "", "2006-12-31": "", "2006-09-30": "", "2006-06-30": "", "2006-03-31": "", "2005-12-31": "", "2005-09-30": "", "2005-06-30": "", "2005-03-31": ""}, "Net Income": {"2020-12-31": "143.33920", "2020-09-30": "117.09260", "2020-06-30": "-2.81340", "2020-03-31": "88.28480", "2019-12-31": "96.85640", "2019-09-30": "111.89790", "2019-06-30": "107.70240", "2019-03-31": "103.19850", "2018-12-31": "106.27450", "2018-09-30": "111.33580", "2018-06-30": "109.02400", "2018-03-31": "111.24870", "2017-12-31": "130.46890", "2017-09-30": "90.23030", "2017-06-30": "88.53600", "2017-03-31": "97.55670", "2016-12-31": "88.76140", "2016-09-30": "92.06460", "2016-06-30": "86.48520", "2016-03-31": "80.28000", "2015-12-31": "88.39550", "2015-09-30": "78.33240", "2015-06-30": "74.55840", "2015-03-31": "77.18340", "2014-12-31": "70.97490", "2014-09-30": "72.33690", "2014-06-30": "76.72680", "2014-03-31": "68.56610", "2013-12-31": "69.88100", "2013-09-30": "55.52100", "2013-06-30": "52.09740", "2013-03-31": "45.43060", "2012-12-31": "39.59860", "2012-09-30": "41.87710", "2012-06-30": "40.76650", "2012-03-31": "46.34460", "2011-12-31": "40.46610", "2011-09-30": "43.39710", "2011-06-30": "38.47220", "2011-03-31": "42.33290", "2010-12-31": "36.92330", "2010-09-30": "34.29120", "2010-06-30": "34.05730", "2010-03-31": "32.46210", "2009-12-31": "30.04790", "2009-09-30": "23.93690", "2009-06-30": "12.20930", "2009-03-31": "-1.55690", "2008-12-31": "-10.36510", "2008-09-30": "15.14660", "2008-06-30": "26.85840", "2008-03-31": "30.44810", "2007-12-31": "31.84970", "2007-09-30": "29.82650", "2007-06-30": "30.95610", "2007-03-31": "29.49770", "2006-12-31": "30.81600", "2006-09-30": "24.33790", "2006-06-30": "27.23610", "2006-03-31": "26.37110", "2005-12-31": "29.61770", "2005-09-30": "27.93580", "2005-06-30": "26.04110", "2005-03-31": "25.93300"}, "EBITDA": {"2020-12-31": "", "2020-09-30": "163.90420", "2020-06-30": "20.40430", "2020-03-31": "131.32230", "2019-12-31": "136.27210", "2019-09-30": "154.17080", "2019-06-30": "153.10260", "2019-03-31": "149.69510", "2018-12-31": "146.93790", "2018-09-30": "152.26750", "2018-06-30": "154.54530", "2018-03-31": "156.56180", "2017-12-31": "158.70640", "2017-09-30": "153.50290", "2017-06-30": "151.11100", "2017-03-31": "159.60900", "2016-12-31": "147.66960", "2016-09-30": "157.27620", "2016-06-30": "151.69650", "2016-03-31": "143.68800", "2015-12-31": "143.55250", "2015-09-30": "137.50050", "2015-06-30": "129.32500", "2015-03-31": "128.98760", "2014-12-31": "116.24400", "2014-09-30": "123.36090", "2014-06-30": "119.60260", "2014-03-31": "117.00300", "2013-12-31": "116.15490", "2013-09-30": "88.42460", "2013-06-30": "85.35700", "2013-03-31": "77.65960", "2012-12-31": "66.37800", "2012-09-30": "70.10490", "2012-06-30": "69.97650", "2012-03-31": "78.17570", "2011-12-31": "65.10780", "2011-09-30": "74.27380", "2011-06-30": "63.97780", "2011-03-31": "70.64320", "2010-12-31": "59.63470", "2010-09-30": "57.01030", "2010-06-30": "58.66430", "2010-03-31": "54.28350", "2009-12-31": "52.70720", "2009-09-30": "42.78500", "2009-06-30": "25.66650", "2009-03-31": "11.82490", "2008-12-31": "18.46310", "2008-09-30": "33.03150", "2008-06-30": "44.47860", "2008-03-31": "48.73080", "2007-12-31": "41.94620", "2007-09-30": "43.11250", "2007-06-30": "44.36900", "2007-03-31": "41.82330", "2006-12-31": "40.28820", "2006-09-30": "36.83900", "2006-06-30": "40.11030", "2006-03-31": "36.97220", "2005-12-31": "39.70920", "2005-09-30": "41.61370", "2005-06-30": "39.66530", "2005-03-31": "39.12960"}, "EBIT": {"2020-12-31": "162.41430", "2020-09-30": "138.85280", "2020-06-30": "-6.73830", "2020-03-31": "105.02720", "2019-12-31": "110.90070", "2019-09-30": "128.13570", "2019-06-30": "127.90500", "2019-03-31": "121.59630", "2018-12-31": "125.49930", "2018-09-30": "127.42790", "2018-06-30": "126.68300", "2018-03-31": "128.51530", "2017-12-31": "133.99400", "2017-09-30": "129.07270", "2017-06-30": "125.86450", "2017-03-31": "134.42710", "2016-12-31": "127.93590", "2016-09-30": "134.21230", "2016-06-30": "128.74570", "2016-03-31": "120.84900", "2015-12-31": "126.66240", "2015-09-30": "116.26260", "2015-06-30": "108.13280", "2015-03-31": "107.70850", "2014-12-31": "98.61540", "2014-09-30": "103.20580", "2014-06-30": "99.83540", "2014-03-31": "97.17760", "2013-12-31": "95.63560", "2013-09-30": "73.65630", "2013-06-30": "71.59630", "2013-03-31": "63.85360", "2012-12-31": "53.81870", "2012-09-30": "57.62340", "2012-06-30": "57.51220", "2012-03-31": "65.50100", "2011-12-31": "55.78340", "2011-09-30": "62.24680", "2011-06-30": "53.24690", "2011-03-31": "60.09090", "2010-12-31": "50.60510", "2010-09-30": "46.97230", "2010-06-30": "48.78680", "2010-03-31": "44.60790", "2009-12-31": "43.23830", "2009-09-30": "33.10340", "2009-06-30": "16.07830", "2009-03-31": "2.19910", "2008-12-31": "9.76500", "2008-09-30": "23.27100", "2008-06-30": "35.78970", "2008-03-31": "39.98720", "2007-12-31": "33.72440", "2007-09-30": "34.63710", "2007-06-30": "36.51770", "2007-03-31": "33.93650", "2006-12-31": "33.13890", "2006-09-30": "29.60480", "2006-06-30": "33.42090", "2006-03-31": "30.28250", "2005-12-31": "34.00970", "2005-09-30": "35.29340", "2005-06-30": "33.75580", "2005-03-31": "33.23560"}, "Basic Shares Outstanding": {"2020-12-31": "242.94790", "2020-09-30": "241.89810", "2020-06-30": "241.68430", "2020-03-31": "246.30990", "2019-12-31": "251.76640", "2019-09-30": "251.07590", "2019-06-30": "255.21990", "2019-03-31": "257.82280", "2018-12-31": "267.79480", "2018-09-30": "252.81200", "2018-06-30": "256.35060", "2018-03-31": "274.75950", "2017-12-31": "285.86500", "2017-09-30": "284.66190", "2017-06-30": "286.72250", "2017-03-31": "287.40900", "2016-12-31": "288.43380", "2016-09-30": "287.73700", "2016-06-30": "288.80300", "2016-03-31": "289.21100", "2015-12-31": "293.09620", "2015-09-30": "292.59000", "2015-06-30": "293.95800", "2015-03-31": "295.03100", "2014-12-31": "290.95200", "2014-09-30": "290.96900", "2014-06-30": "290.43000", "2014-03-31": "289.83700", "2013-12-31": "286.92000", "2013-09-30": "287.39600", "2013-06-30": "286.48000", "2013-03-31": "285.07000", "2012-12-31": "286.19500", "2012-09-30": "286.05600", "2012-06-30": "287.44400", "2012-03-31": "287.00600", "2011-12-31": "284.98600", "2011-09-30": "285.36200", "2011-06-30": "284.55800", "2011-03-31": "283.72200", "2010-12-31": "278.71400", "2010-09-30": "279.01400", "2010-06-30": "278.25000", "2010-03-31": "276.50800", "2009-12-31": "274.45600", "2009-09-30": "274.43400", "2009-06-30": "274.32800", "2009-03-31": "274.19000", "2008-12-31": "281.80400", "2008-09-30": "280.46600", "2008-06-30": "284.47800", "2008-03-31": "286.57200", "2007-12-31": "286.11400", "2007-09-30": "286.99200", "2007-06-30": "285.08800", "2007-03-31": "284.33200", "2006-12-31": "295.90200", "2006-09-30": "289.76000", "2006-06-30": "301.18600", "2006-03-31": "308.44600", "2005-12-31": "310.87800", "2005-09-30": "311.63600", "2005-06-30": "311.13790", "2005-03-31": "310.43200"}, "Shares Outstanding": {"2020-12-31": "247.13660", "2020-09-30": "242.81710", "2020-06-30": "241.68430", "2020-03-31": "247.61640", "2019-12-31": "253.27300", "2019-09-30": "252.57900", "2019-06-30": "256.57960", "2019-03-31": "259.10520", "2018-12-31": "269.87730", "2018-09-30": "254.26790", "2018-06-30": "257.69490", "2018-03-31": "277.50940", "2017-12-31": "288.22610", "2017-09-30": "287.02090", "2017-06-30": "289.84290", "2017-03-31": "291.48000", "2016-12-31": "291.07230", "2016-09-30": "290.45400", "2016-06-30": "291.46400", "2016-03-31": "291.31600", "2015-12-31": "296.23790", "2015-09-30": "295.37700", "2015-06-30": "297.46200", "2015-03-31": "298.59400", "2014-12-31": "294.29900", "2014-09-30": "292.87600", "2014-06-30": "292.99900", "2014-03-31": "293.43700", "2013-12-31": "288.54800", "2013-09-30": "289.03800", "2013-06-30": "288.02200", "2013-03-31": "286.15000", "2012-12-31": "287.93600", "2012-09-30": "287.16800", "2012-06-30": "289.48200", "2012-03-31": "289.97600", "2011-12-31": "288.55400", "2011-09-30": "288.63000", "2011-06-30": "288.39400", "2011-03-31": "287.97200", "2010-12-31": "281.47200", "2010-09-30": "281.11800", "2010-06-30": "281.09200", "2010-03-31": "279.03000", "2009-12-31": "275.29000", "2009-09-30": "275.42200", "2009-06-30": "275.09400", "2009-03-31": "274.19000", "2008-12-31": "282.01000", "2008-09-30": "280.88800", "2008-06-30": "285.15200", "2008-03-31": "287.13200", "2007-12-31": "288.14000", "2007-09-30": "289.68600", "2007-06-30": "286.95600", "2007-03-31": "285.44800", "2006-12-31": "296.98800", "2006-09-30": "290.18400", "2006-06-30": "302.09000", "2006-03-31": "311.50400", "2005-12-31": "314.06200", "2005-09-30": "314.91600", "2005-06-30": "314.42000", "2005-03-31": "313.42800"}, "Basic EPS": {"2020-12-31": "0.59000", "2020-09-30": "0.48000", "2020-06-30": "-0.01000", "2020-03-31": "0.36000", "2019-12-31": "0.41000", "2019-09-30": "0.44000", "2019-06-30": "0.42000", "2019-03-31": "0.40000", "2018-12-31": "0.42000", "2018-09-30": "0.42000", "2018-06-30": "0.40000", "2018-03-31": "0.40000", "2017-12-31": "0.45000", "2017-09-30": "0.32000", "2017-06-30": "0.31000", "2017-03-31": "0.34000", "2016-12-31": "0.31000", "2016-09-30": "0.32000", "2016-06-30": "0.30000", "2016-03-31": "0.28000", "2015-12-31": "0.31000", "2015-09-30": "0.27000", "2015-06-30": "0.25000", "2015-03-31": "0.26000", "2014-12-31": "0.24000", "2014-09-30": "0.25000", "2014-06-30": "0.26000", "2014-03-31": "0.24000", "2013-12-31": "0.24500", "2013-09-30": "0.19500", "2013-06-30": "0.18000", "2013-03-31": "0.16000", "2012-12-31": "0.14500", "2012-09-30": "0.14500", "2012-06-30": "0.14000", "2012-03-31": "0.16000", "2011-12-31": "0.14500", "2011-09-30": "0.15000", "2011-06-30": "0.13500", "2011-03-31": "0.15000", "2010-12-31": "0.13500", "2010-09-30": "0.12500", "2010-06-30": "0.12000", "2010-03-31": "0.11500", "2009-12-31": "0.11000", "2009-09-30": "0.08500", "2009-06-30": "0.04500", "2009-03-31": "-0.00500", "2008-12-31": "-0.03500", "2008-09-30": "0.05500", "2008-06-30": "0.09500", "2008-03-31": "0.10500", "2007-12-31": "0.10500", "2007-09-30": "0.10500", "2007-06-30": "0.11000", "2007-03-31": "0.10500", "2006-12-31": "0.11000", "2006-09-30": "0.08500", "2006-06-30": "0.09000", "2006-03-31": "0.08500", "2005-12-31": "0.09000", "2005-09-30": "0.09000", "2005-06-30": "0.08500", "2005-03-31": "0.08500"}, "EPS - Earnings Per Share": {"2020-12-31": "0.58000", "2020-09-30": "0.48000", "2020-06-30": "-0.01000", "2020-03-31": "0.36000", "2019-12-31": "0.40000", "2019-09-30": "0.44000", "2019-06-30": "0.42000", "2019-03-31": "0.40000", "2018-12-31": "0.40000", "2018-09-30": "0.42000", "2018-06-30": "0.40000", "2018-03-31": "0.40000", "2017-12-31": "0.46000", "2017-09-30": "0.31000", "2017-06-30": "0.31000", "2017-03-31": "0.33000", "2016-12-31": "0.29000", "2016-09-30": "0.32000", "2016-06-30": "0.30000", "2016-03-31": "0.28000", "2015-12-31": "0.30000", "2015-09-30": "0.27000", "2015-06-30": "0.25000", "2015-03-31": "0.26000", "2014-12-31": "0.24000", "2014-09-30": "0.25000", "2014-06-30": "0.26000", "2014-03-31": "0.23000", "2013-12-31": "0.24000", "2013-09-30": "0.19000", "2013-06-30": "0.18000", "2013-03-31": "0.16000", "2012-12-31": "0.14500", "2012-09-30": "0.14500", "2012-06-30": "0.14000", "2012-03-31": "0.16000", "2011-12-31": "0.14000", "2011-09-30": "0.15000", "2011-06-30": "0.13500", "2011-03-31": "0.14500", "2010-12-31": "0.13500", "2010-09-30": "0.12000", "2010-06-30": "0.12000", "2010-03-31": "0.11500", "2009-12-31": "0.11000", "2009-09-30": "0.08500", "2009-06-30": "0.04500", "2009-03-31": "-0.00500", "2008-12-31": "-0.03500", "2008-09-30": "0.05500", "2008-06-30": "0.09500", "2008-03-31": "0.10500", "2007-12-31": "0.10500", "2007-09-30": "0.10500", "2007-06-30": "0.11000", "2007-03-31": "0.10500", "2006-12-31": "0.10500", "2006-09-30": "0.08500", "2006-06-30": "0.09000", "2006-03-31": "0.08500", "2005-12-31": "0.09000", "2005-09-30": "0.09000", "2005-06-30": "0.08500", "2005-03-31": "0.08500"}}, "balance sheet": {"Cash On Hand": {"2020-12-31": "450.53540", "2019-12-31": "436.70570", "2018-12-31": "386.43830", "2017-12-31": "722.27260", "2016-12-31": "723.49820", "2015-12-31": "556.10490", "2014-12-31": "497.42980", "2013-12-31": "309.59170", "2012-12-31": "450.48150", "2011-12-31": "418.79500", "2010-12-31": "434.79740", "2009-12-31": "353.23210", "2008-12-31": "323.48380", "2007-12-31": "397.98880", "2006-12-31": "328.22770", "2005-12-31": "507.01360"}, "Receivables": {"2020-12-31": "284.92530", "2019-12-31": "235.41030", "2018-12-31": "213.53780", "2017-12-31": "231.12180", "2016-12-31": "211.59180", "2015-12-31": "195.96940", "2014-12-31": "168.00870", "2013-12-31": "143.04660", "2012-12-31": "109.57970", "2011-12-31": "110.38970", "2010-12-31": "95.64760", "2009-12-31": "71.15950", "2008-12-31": "44.52880", "2007-12-31": "64.18150", "2006-12-31": "58.33740", "2005-12-31": "60.92440"}, "Inventory": {"2020-12-31": "226.29180", "2019-12-31": "248.94180", "2018-12-31": "225.28160", "2017-12-31": "216.76560", "2016-12-31": "189.31140", "2015-12-31": "174.69540", "2014-12-31": "141.75790", "2013-12-31": "120.07420", "2012-12-31": "159.93030", "2011-12-31": "188.75330", "2010-12-31": "100.72870", "2009-12-31": "53.60900", "2008-12-31": "54.99390", "2007-12-31": "48.04960", "2006-12-31": "48.80540", "2005-12-31": "39.83680"}, "Pre-Paid Expenses": {"2020-12-31": "", "2019-12-31": "29.31900", "2018-12-31": "25.67260", "2017-12-31": "14.40390", "2016-12-31": "30.58760", "2015-12-31": "57.23910", "2014-12-31": "49.44130", "2013-12-31": "28.47380", "2012-12-31": "24.67160", "2011-12-31": "34.35500", "2010-12-31": "24.09560", "2009-12-31": "27.41290", "2008-12-31": "34.14550", "2007-12-31": "18.27410", "2006-12-31": "11.50760", "2005-12-31": "11.21270"}, "Other Current Assets": {"2020-12-31": "17.57800", "2019-12-31": "", "2018-12-31": "", "2017-12-31": "", "2016-12-31": "", "2015-12-31": "", "2014-12-31": "", "2013-12-31": "", "2012-12-31": "", "2011-12-31": "", "2010-12-31": "", "2009-12-31": "", "2008-12-31": "", "2007-12-31": "", "2006-12-31": "", "2005-12-31": ""}, "Total Current Assets": {"2020-12-31": "979.33060", "2019-12-31": "950.37690", "2018-12-31": "850.93020", "2017-12-31": "1184.56400", "2016-12-31": "1154.98900", "2015-12-31": "984.00880", "2014-12-31": "856.63770", "2013-12-31": "601.18620", "2012-12-31": "744.66300", "2011-12-31": "752.29300", "2010-12-31": "655.26930", "2009-12-31": "505.41350", "2008-12-31": "457.15190", "2007-12-31": "528.49400", "2006-12-31": "446.87810", "2005-12-31": "618.98750"}, "Property, Plant, And Equipment": {"2020-12-31": "468.13510", "2019-12-31": "498.31610", "2018-12-31": "498.47380", "2017-12-31": "492.47930", "2016-12-31": "465.82250", "2015-12-31": "412.72030", "2014-12-31": "373.39100", "2013-12-31": "357.02120", "2012-12-31": "349.93820", "2011-12-31": "282.54160", "2010-12-31": "205.10780", "2009-12-31": "197.53020", "2008-12-31": "214.95170", "2007-12-31": "205.60970", "2006-12-31": "184.13440", "2005-12-31": "164.03030"}, "Long-Term Investments": {"2020-12-31": "162.02810", "2019-12-31": "139.90930", "2018-12-31": "137.97910", "2017-12-31": "57.78240", "2016-12-31": "49.89440", "2015-12-31": "95.15650", "2014-12-31": "114.64260", "2013-12-31": "107.00550", "2012-12-31": "141.83400", "2011-12-31": "128.16820", "2010-12-31": "129.09120", "2009-12-31": "109.15530", "2008-12-31": "81.34900", "2007-12-31": "155.38400", "2006-12-31": "146.21590", "2005-12-31": "132.52500"}, "Goodwill And Intangible Assets": {"2020-12-31": "588.44740", "2019-12-31": "580.20090", "2018-12-31": "598.05100", "2017-12-31": "617.22830", "2016-12-31": "638.91390", "2015-12-31": "656.78740", "2014-12-31": "677.86880", "2013-12-31": "698.87540", "2012-12-31": "29.25610", "2011-12-31": "13.02430", "2010-12-31": "13.22240", "2009-12-31": "10.50450", "2008-12-31": "9.65080", "2007-12-31": "8.53510", "2006-12-31": "7.80000", "2005-12-31": "7.10300"}, "Other Long-Term Assets": {"2020-12-31": "", "2019-12-31": "", "2018-12-31": "", "2017-12-31": "", "2016-12-31": "", "2015-12-31": "", "2014-12-31": "", "2013-12-31": "", "2012-12-31": "", "2011-12-31": "", "2010-12-31": "", "2009-12-31": "", "2008-12-31": "", "2007-12-31": "", "2006-12-31": "", "2005-12-31": ""}, "Total Long-Term Assets": {"2020-12-31": "1218.61100", "2019-12-31": "1218.42600", "2018-12-31": "1234.50400", "2017-12-31": "1167.49000", "2016-12-31": "1154.63100", "2015-12-31": "1164.66400", "2014-12-31": "1165.90200", "2013-12-31": "1162.90200", "2012-12-31": "521.02830", "2011-12-31": "423.73400", "2010-12-31": "347.42140", "2009-12-31": "317.18990", "2008-12-31": "305.95140", "2007-12-31": "369.52870", "2006-12-31": "338.15030", "2005-12-31": "303.65830"}, "Total Assets": {"2020-12-31": "2197.94100", "2019-12-31": "2168.80300", "2018-12-31": "2085.43400", "2017-12-31": "2352.05400", "2016-12-31": "2309.62000", "2015-12-31": "2148.67300", "2014-12-31": "2022.54000", "2013-12-31": "1764.08800", "2012-12-31": "1265.69100", "2011-12-31": "1176.02700", "2010-12-31": "1002.69100", "2009-12-31": "822.60350", "2008-12-31": "763.10340", "2007-12-31": "898.02270", "2006-12-31": "785.02840", "2005-12-31": "922.64580"}, "Total Current Liabilities": {"2020-12-31": "177.73690", "2019-12-31": "171.84680", "2018-12-31": "169.16090", "2017-12-31": "243.64700", "2016-12-31": "149.85800", "2015-12-31": "131.00650", "2014-12-31": "133.43120", "2013-12-31": "119.98040", "2012-12-31": "87.95740", "2011-12-31": "100.69450", "2010-12-31": "72.08860", "2009-12-31": "58.63780", "2008-12-31": "49.47240", "2007-12-31": "68.36270", "2006-12-31": "57.36300", "2005-12-31": "58.08830"}, "Long Term Debt": {"2020-12-31": "", "2019-12-31": "", "2018-12-31": "", "2017-12-31": "", "2016-12-31": "178.12500", "2015-12-31": "225.62500", "2014-12-31": "258.12500", "2013-12-31": "265.62500", "2012-12-31": "", "2011-12-31": "", "2010-12-31": "", "2009-12-31": "", "2008-12-31": "", "2007-12-31": "", "2006-12-31": "", "2005-12-31": ""}, "Other Non-Current Liabilities": {"2020-12-31": "17.30040", "2019-12-31": "7.41440", "2018-12-31": "", "2017-12-31": "", "2016-12-31": "", "2015-12-31": "", "2014-12-31": "", "2013-12-31": "", "2012-12-31": "", "2011-12-31": "", "2010-12-31": "", "2009-12-31": "", "2008-12-31": "", "2007-12-31": "", "2006-12-31": "", "2005-12-31": ""}, "Total Long Term Liabilities": {"2020-12-31": "56.26120", "2019-12-31": "58.86860", "2018-12-31": "54.52150", "2017-12-31": "58.88870", "2016-12-31": "249.33760", "2015-12-31": "295.14960", "2014-12-31": "317.69640", "2013-12-31": "316.50430", "2012-12-31": "56.77330", "2011-12-31": "48.21400", "2010-12-31": "37.07120", "2009-12-31": "28.03700", "2008-12-31": "15.03460", "2007-12-31": "22.84780", "2006-12-31": "24.97110", "2005-12-31": "22.96220"}, "Total Liabilities": {"2020-12-31": "233.99800", "2019-12-31": "230.71540", "2018-12-31": "223.68240", "2017-12-31": "302.53560", "2016-12-31": "399.19560", "2015-12-31": "426.15620", "2014-12-31": "451.12760", "2013-12-31": "436.48470", "2012-12-31": "144.73080", "2011-12-31": "148.90850", "2010-12-31": "109.15980", "2009-12-31": "86.67470", "2008-12-31": "64.50710", "2007-12-31": "91.21050", "2006-12-31": "82.33410", "2005-12-31": "81.05040"}, "Common Stock Net": {"2020-12-31": "", "2019-12-31": "15.07670", "2018-12-31": "15.55970", "2017-12-31": "16.81690", "2016-12-31": "17.26430", "2015-12-31": "17.48030", "2014-12-31": "17.71490", "2013-12-31": "17.46940", "2012-12-31": "8.58460", "2011-12-31": "8.64420", "2010-12-31": "8.53750", "2009-12-31": "8.30040", "2008-12-31": "8.25800", "2007-12-31": "8.68530", "2006-12-31": "8.54860", "2005-12-31": "9.36260"}, "Retained Earnings (Accumulated Deficit)": {"2020-12-31": "", "2019-12-31": "1116.37200", "2018-12-31": "1102.46800", "2017-12-31": "1301.99700", "2016-12-31": "1210.98500", "2015-12-31": "1109.38500", "2014-12-31": "988.54810", "2013-12-31": "818.02780", "2012-12-31": "676.03920", "2011-12-31": "610.70230", "2010-12-31": "514.84220", "2009-12-31": "438.93730", "2008-12-31": "434.97550", "2007-12-31": "530.29030", "2006-12-31": "472.19240", "2005-12-31": "623.30180"}, "Comprehensive Income": {"2020-12-31": "", "2019-12-31": "1.09550", "2018-12-31": "0.07450", "2017-12-31": "6.54840", "2016-12-31": "1.59170", "2015-12-31": "-1.08590", "2014-12-31": "9.90910", "2013-12-31": "19.46740", "2012-12-31": "15.11180", "2011-12-31": "10.41230", "2010-12-31": "21.75000", "2009-12-31": "15.59560", "2008-12-31": "0.38340", "2007-12-31": "19.52740", "2006-12-31": "23.24680", "2005-12-31": "18.79540"}, "Other Share Holders Equity": {"2020-12-31": "", "2019-12-31": "-2.38460", "2018-12-31": "-1.67490", "2017-12-31": "0.64500", "2016-12-31": "-2.86300", "2015-12-31": "-0.04490", "2014-12-31": "1.40390", "2013-12-31": "2.50790", "2012-12-31": "2.45890", "2011-12-31": "2.13000", "2010-12-31": "0.56690", "2009-12-31": "2.74380", "2008-12-31": "1.15800", "2007-12-31": "2.80630", "2006-12-31": "1.80500", "2005-12-31": "0.50700"}, "Share Holder Equity": {"2020-12-31": "1963.94300", "2019-12-31": "1938.08800", "2018-12-31": "1861.75200", "2017-12-31": "2049.51800", "2016-12-31": "1910.42400", "2015-12-31": "1722.51700", "2014-12-31": "1571.41200", "2013-12-31": "1327.60400", "2012-12-31": "1120.96100", "2011-12-31": "1027.11900", "2010-12-31": "893.53080", "2009-12-31": "735.92880", "2008-12-31": "698.59630", "2007-12-31": "806.81220", "2006-12-31": "702.69430", "2005-12-31": "841.59540"}, "Total Liabilities And Share Holders Equity": {"2020-12-31": "2197.94100", "2019-12-31": "2168.80300", "2018-12-31": "2085.43400", "2017-12-31": "2352.05400", "2016-12-31": "2309.62000", "2015-12-31": "2148.67300", "2014-12-31": "2022.54000", "2013-12-31": "1764.08800", "2012-12-31": "1265.69100", "2011-12-31": "1176.02700", "2010-12-31": "1002.69100", "2009-12-31": "822.60350", "2008-12-31": "763.10340", "2007-12-31": "898.02270", "2006-12-31": "785.02840", "2005-12-31": "922.64580"}}, "balance sheet, quarterly": {"Cash On Hand": {"2020-12-31": "450.53540", "2020-09-30": "453.07800", "2020-06-30": "413.82670", "2020-03-31": "409.60300", "2019-12-31": "436.70570", "2019-09-30": "467.30740", "2019-06-30": "450.89790", "2019-03-31": "402.00180", "2018-12-31": "386.43830", "2018-09-30": "337.64060", "2018-06-30": "467.71990", "2018-03-31": "676.50290", "2017-12-31": "722.27260", "2017-09-30": "740.65070", "2017-06-30": "765.13260", "2017-03-31": "736.28140", "2016-12-31": "723.49820", "2016-09-30": "686.75400", "2016-06-30": "644.82950", "2016-03-31": "636.06600", "2015-12-31": "556.10490", "2015-09-30": "564.52820", "2015-06-30": "569.89650", "2015-03-31": "549.91160", "2014-12-31": "497.42980", "2014-09-30": "433.48660", "2014-06-30": "391.65050", "2014-03-31": "374.68830", "2013-12-31": "309.59170", "2013-09-30": "226.67700", "2013-06-30": "595.23800", "2013-03-31": "518.50490", "2012-12-31": "450.48150", "2012-09-30": "402.62430", "2012-06-30": "421.65410", "2012-03-31": "422.79460", "2011-12-31": "418.79500", "2011-09-30": "456.25070", "2011-06-30": "468.73670", "2011-03-31": "481.97090", "2010-12-31": "434.79740", "2010-09-30": "389.38930", "2010-06-30": "380.84870", "2010-03-31": "396.07220", "2009-12-31": "353.23210", "2009-09-30": "350.00030", "2009-06-30": "335.60330", "2009-03-31": "333.38090", "2008-12-31": "323.48380", "2008-09-30": "338.24730", "2008-06-30": "376.91940", "2008-03-31": "400.37990", "2007-12-31": "397.98880", "2007-09-30": "380.94410", "2007-06-30": "364.68400", "2007-03-31": "354.71220", "2006-12-31": "328.22770", "2006-09-30": "333.06660", "2006-06-30": "382.52960", "2006-03-31": "479.35470", "2005-12-31": "507.01360", "2005-09-30": "481.24290", "2005-06-30": "511.81210", "2005-03-31": "516.89030"}, "Receivables": {"2020-12-31": "284.92530", "2020-09-30": "268.45790", "2020-06-30": "170.64300", "2020-03-31": "233.57810", "2019-12-31": "235.41030", "2019-09-30": "253.10870", "2019-06-30": "226.42630", "2019-03-31": "244.26630", "2018-12-31": "213.53780", "2018-09-30": "247.32210", "2018-06-30": "239.40640", "2018-03-31": "246.42720", "2017-12-31": "231.12180", "2017-09-30": "240.50580", "2017-06-30": "229.25030", "2017-03-31": "249.45790", "2016-12-31": "211.59180", "2016-09-30": "229.23680", "2016-06-30": "219.44290", "2016-03-31": "223.98950", "2015-12-31": "195.96940", "2015-09-30": "208.20360", "2015-06-30": "196.05970", "2015-03-31": "201.78210", "2014-12-31": "168.00870", "2014-09-30": "186.41200", "2014-06-30": "178.28100", "2014-03-31": "171.33730", "2013-12-31": "143.04660", "2013-09-30": "152.43720", "2013-06-30": "120.18700", "2013-03-31": "121.92710", "2012-12-31": "109.57970", "2012-09-30": "126.27250", "2012-06-30": "129.94850", "2012-03-31": "139.29680", "2011-12-31": "110.38970", "2011-09-30": "130.03920", "2011-06-30": "111.85900", "2011-03-31": "116.33020", "2010-12-31": "95.64760", "2010-09-30": "106.68190", "2010-06-30": "93.45390", "2010-03-31": "83.82690", "2009-12-31": "71.15950", "2009-09-30": "74.33670", "2009-06-30": "51.44990", "2009-03-31": "47.22090", "2008-12-31": "44.52880", "2008-09-30": "70.94450", "2008-06-30": "71.34530", "2008-03-31": "69.90820", "2007-12-31": "64.18150", "2007-09-30": "75.66600", "2007-06-30": "74.35860", "2007-03-31": "71.43460", "2006-12-31": "58.33740", "2006-09-30": "71.09830", "2006-06-30": "70.50800", "2006-03-31": "70.41570", "2005-12-31": "60.92440", "2005-09-30": "76.45120", "2005-06-30": "61.98020", "2005-03-31": "63.37840"}, "Inventory": {"2020-12-31": "226.29180", "2020-09-30": "233.35810", "2020-06-30": "259.72820", "2020-03-31": "251.00640", "2019-12-31": "248.94180", "2019-09-30": "238.67680", "2019-06-30": "225.09450", "2019-03-31": "225.30300", "2018-12-31": "225.28160", "2018-09-30": "213.39400", "2018-06-30": "212.37570", "2018-03-31": "207.23300", "2017-12-31": "216.76560", "2017-09-30": "206.65780", "2017-06-30": "196.54020", "2017-03-31": "197.08830", "2016-12-31": "189.31140", "2016-09-30": "179.35360", "2016-06-30": "176.22660", "2016-03-31": "188.62480", "2015-12-31": "174.69540", "2015-09-30": "164.60410", "2015-06-30": "150.77250", "2015-03-31": "145.56390", "2014-12-31": "141.75790", "2014-09-30": "135.59790", "2014-06-30": "125.21190", "2014-03-31": "128.34950", "2013-12-31": "120.07420", "2013-09-30": "117.40660", "2013-06-30": "116.00200", "2013-03-31": "130.06970", "2012-12-31": "159.93030", "2012-09-30": "177.11950", "2012-06-30": "192.33000", "2012-03-31": "200.75120", "2011-12-31": "188.75330", "2011-09-30": "151.13080", "2011-06-30": "119.45750", "2011-03-31": "104.03630", "2010-12-31": "100.72870", "2010-09-30": "92.10640", "2010-06-30": "79.28070", "2010-03-31": "67.74640", "2009-12-31": "53.60900", "2009-09-30": "46.67840", "2009-06-30": "48.38100", "2009-03-31": "54.12240", "2008-12-31": "54.99390", "2008-09-30": "55.89850", "2008-06-30": "51.22640", "2008-03-31": "47.03740", "2007-12-31": "48.04960", "2007-09-30": "47.40350", "2007-06-30": "42.07120", "2007-03-31": "44.35230", "2006-12-31": "48.80540", "2006-09-30": "44.35370", "2006-06-30": "40.82250", "2006-03-31": "39.12070", "2005-12-31": "39.83680", "2005-09-30": "36.91470", "2005-06-30": "34.50220", "2005-03-31": "31.63860"}, "Pre-Paid Expenses": {"2020-12-31": "", "2020-09-30": "20.42460", "2020-06-30": "15.12880", "2020-03-31": "16.54000", "2019-12-31": "29.31900", "2019-09-30": "28.40250", "2019-06-30": "27.98420", "2019-03-31": "14.82490", "2018-12-31": "25.67260", "2018-09-30": "29.20190", "2018-06-30": "", "2018-03-31": "11.53100", "2017-12-31": "14.40390", "2017-09-30": "16.04720", "2017-06-30": "13.77540", "2017-03-31": "11.73010", "2016-12-31": "30.58760", "2016-09-30": "13.47170", "2016-06-30": "15.10490", "2016-03-31": "11.46530", "2015-12-31": "57.23910", "2015-09-30": "41.86730", "2015-06-30": "38.48340", "2015-03-31": "33.50920", "2014-12-31": "49.44130", "2014-09-30": "44.48320", "2014-06-30": "38.56480", "2014-03-31": "29.22590", "2013-12-31": "28.47380", "2013-09-30": "27.33090", "2013-06-30": "24.04460", "2013-03-31": "24.75570", "2012-12-31": "24.67160", "2012-09-30": "33.72520", "2012-06-30": "32.80850", "2012-03-31": "23.42530", "2011-12-31": "34.35500", "2011-09-30": "20.78180", "2011-06-30": "25.59140", "2011-03-31": "20.49820", "2010-12-31": "24.09560", "2010-09-30": "20.34770", "2010-06-30": "23.77000", "2010-03-31": "23.93770", "2009-12-31": "27.41290", "2009-09-30": "23.98390", "2009-06-30": "22.70430", "2009-03-31": "30.22150", "2008-12-31": "34.14550", "2008-09-30": "19.37460", "2008-06-30": "18.66610", "2008-03-31": "18.83550", "2007-12-31": "18.27410", "2007-09-30": "15.73750", "2007-06-30": "14.61060", "2007-03-31": "13.36350", "2006-12-31": "11.50760", "2006-09-30": "11.46350", "2006-06-30": "12.03770", "2006-03-31": "11.27980", "2005-12-31": "11.21270", "2005-09-30": "11.87000", "2005-06-30": "10.74060", "2005-03-31": "11.43060"}, "Other Current Assets": {"2020-12-31": "17.57800", "2020-09-30": "", "2020-06-30": "", "2020-03-31": "", "2019-12-31": "", "2019-09-30": "", "2019-06-30": "", "2019-03-31": "", "2018-12-31": "", "2018-09-30": "", "2018-06-30": "23.57540", "2018-03-31": "", "2017-12-31": "", "2017-09-30": "", "2017-06-30": "", "2017-03-31": "", "2016-12-31": "", "2016-09-30": "", "2016-06-30": "", "2016-03-31": "", "2015-12-31": "", "2015-09-30": "", "2015-06-30": "", "2015-03-31": "", "2014-12-31": "", "2014-09-30": "", "2014-06-30": "", "2014-03-31": "", "2013-12-31": "", "2013-09-30": "", "2013-06-30": "", "2013-03-31": "", "2012-12-31": "", "2012-09-30": "", "2012-06-30": "", "2012-03-31": "", "2011-12-31": "", "2011-09-30": "", "2011-06-30": "", "2011-03-31": "", "2010-12-31": "", "2010-09-30": "", "2010-06-30": "", "2010-03-31": "", "2009-12-31": "", "2009-09-30": "", "2009-06-30": "", "2009-03-31": "", "2008-12-31": "", "2008-09-30": "", "2008-06-30": "", "2008-03-31": "", "2007-12-31": "", "2007-09-30": "", "2007-06-30": "", "2007-03-31": "", "2006-12-31": "", "2006-09-30": "", "2006-06-30": "", "2006-03-31": "", "2005-12-31": "", "2005-09-30": "", "2005-06-30": "", "2005-03-31": ""}, "Total Current Assets": {"2020-12-31": "979.33060", "2020-09-30": "975.31850", "2020-06-30": "859.32670", "2020-03-31": "910.72750", "2019-12-31": "950.37690", "2019-09-30": "987.49540", "2019-06-30": "930.40290", "2019-03-31": "886.39600", "2018-12-31": "850.93020", "2018-09-30": "827.55860", "2018-06-30": "943.07740", "2018-03-31": "1141.69400", "2017-12-31": "1184.56400", "2017-09-30": "1203.86100", "2017-06-30": "1204.69900", "2017-03-31": "1194.55800", "2016-12-31": "1154.98900", "2016-09-30": "1108.81600", "2016-06-30": "1055.60400", "2016-03-31": "1060.14600", "2015-12-31": "984.00880", "2015-09-30": "979.20320", "2015-06-30": "955.21210", "2015-03-31": "930.76680", "2014-12-31": "856.63770", "2014-09-30": "799.97980", "2014-06-30": "733.70820", "2014-03-31": "703.60100", "2013-12-31": "601.18620", "2013-09-30": "523.85160", "2013-06-30": "855.47160", "2013-03-31": "795.25740", "2012-12-31": "744.66300", "2012-09-30": "739.74150", "2012-06-30": "776.74110", "2012-03-31": "786.26790", "2011-12-31": "752.29300", "2011-09-30": "758.20260", "2011-06-30": "725.64470", "2011-03-31": "722.83560", "2010-12-31": "655.26930", "2010-09-30": "608.52530", "2010-06-30": "577.35320", "2010-03-31": "571.58320", "2009-12-31": "505.41350", "2009-09-30": "494.99940", "2009-06-30": "458.13840", "2009-03-31": "464.94570", "2008-12-31": "457.15190", "2008-09-30": "484.46490", "2008-06-30": "518.15730", "2008-03-31": "536.16100", "2007-12-31": "528.49400", "2007-09-30": "519.75110", "2007-06-30": "495.72450", "2007-03-31": "483.86260", "2006-12-31": "446.87810", "2006-09-30": "459.98210", "2006-06-30": "505.89780", "2006-03-31": "600.17080", "2005-12-31": "618.98750", "2005-09-30": "606.47880", "2005-06-30": "619.03510", "2005-03-31": "623.33780"}, "Property, Plant, And Equipment": {"2020-12-31": "468.13510", "2020-09-30": "474.01940", "2020-06-30": "485.31490", "2020-03-31": "493.11450", "2019-12-31": "498.31610", "2019-09-30": "491.96860", "2019-06-30": "501.39840", "2019-03-31": "492.61310", "2018-12-31": "498.47380", "2018-09-30": "497.30560", "2018-06-30": "499.67340", "2018-03-31": "496.27450", "2017-12-31": "492.47930", "2017-09-30": "493.66360", "2017-06-30": "482.58830", "2017-03-31": "473.15190", "2016-12-31": "465.82250", "2016-09-30": "450.78140", "2016-06-30": "431.69540", "2016-03-31": "414.69550", "2015-12-31": "412.72030", "2015-09-30": "388.18900", "2015-06-30": "375.32080", "2015-03-31": "372.61620", "2014-12-31": "373.39100", "2014-09-30": "363.38510", "2014-06-30": "358.31610", "2014-03-31": "358.92050", "2013-12-31": "357.02120", "2013-09-30": "351.06660", "2013-06-30": "345.93170", "2013-03-31": "348.05550", "2012-12-31": "349.93820", "2012-09-30": "341.85400", "2012-06-30": "326.84240", "2012-03-31": "309.66370", "2011-12-31": "282.54160", "2011-09-30": "256.56230", "2011-06-30": "232.71620", "2011-03-31": "213.68850", "2010-12-31": "205.10780", "2010-09-30": "196.54570", "2010-06-30": "196.74440", "2010-03-31": "198.50890", "2009-12-31": "197.53020", "2009-09-30": "202.45430", "2009-06-30": "207.03260", "2009-03-31": "211.14040", "2008-12-31": "214.95170", "2008-09-30": "216.24340", "2008-06-30": "216.32280", "2008-03-31": "211.05850", "2007-12-31": "205.60970", "2007-09-30": "198.13520", "2007-06-30": "191.96980", "2007-03-31": "183.98590", "2006-12-31": "184.13440", "2006-09-30": "183.66450", "2006-06-30": "180.69520", "2006-03-31": "170.33580", "2005-12-31": "164.03030", "2005-09-30": "158.92660", "2005-06-30": "152.50520", "2005-03-31": "140.77560"}, "Long-Term Investments": {"2020-12-31": "162.02810", "2020-09-30": "159.01140", "2020-06-30": "171.13470", "2020-03-31": "177.79480", "2019-12-31": "139.90930", "2019-09-30": "103.02550", "2019-06-30": "121.06120", "2019-03-31": "126.52850", "2018-12-31": "137.97910", "2018-09-30": "141.63150", "2018-06-30": "141.30570", "2018-03-31": "3.24000", "2017-12-31": "57.78240", "2017-09-30": "51.66340", "2017-06-30": "49.26040", "2017-03-31": "61.51220", "2016-12-31": "49.89440", "2016-09-30": "57.45850", "2016-06-30": "73.45740", "2016-03-31": "71.06370", "2015-12-31": "95.15650", "2015-09-30": "94.42460", "2015-06-30": "114.74060", "2015-03-31": "115.49710", "2014-12-31": "114.64260", "2014-09-30": "104.10870", "2014-06-30": "109.79780", "2014-03-31": "108.96760", "2013-12-31": "107.00550", "2013-09-30": "114.27060", "2013-06-30": "136.97790", "2013-03-31": "158.21140", "2012-12-31": "141.83400", "2012-09-30": "145.08790", "2012-06-30": "137.55640", "2012-03-31": "146.15540", "2011-12-31": "128.16820", "2011-09-30": "106.91590", "2011-06-30": "142.68480", "2011-03-31": "142.32500", "2010-12-31": "129.09120", "2010-09-30": "123.80360", "2010-06-30": "112.61980", "2010-03-31": "122.95320", "2009-12-31": "109.15530", "2009-09-30": "92.84460", "2009-06-30": "80.74480", "2009-03-31": "59.01160", "2008-12-31": "81.34900", "2008-09-30": "106.62120", "2008-06-30": "127.17940", "2008-03-31": "131.46930", "2007-12-31": "155.38400", "2007-09-30": "161.59950", "2007-06-30": "156.60860", "2007-03-31": "149.24240", "2006-12-31": "146.21590", "2006-09-30": "135.52310", "2006-06-30": "130.54300", "2006-03-31": "137.04530", "2005-12-31": "132.52500", "2005-09-30": "132.86720", "2005-06-30": "128.19080", "2005-03-31": "119.61350"}, "Goodwill And Intangible Assets": {"2020-12-31": "588.44740", "2020-09-30": "584.12570", "2020-06-30": "585.26530", "2020-03-31": "576.46630", "2019-12-31": "580.20090", "2019-09-30": "584.80690", "2019-06-30": "589.94040", "2019-03-31": "594.82800", "2018-12-31": "598.05100", "2018-09-30": "602.89320", "2018-06-30": "608.05280", "2018-03-31": "613.14380", "2017-12-31": "617.22830", "2017-09-30": "622.44260", "2017-06-30": "627.54660", "2017-03-31": "634.07100", "2016-12-31": "638.91390", "2016-09-30": "641.21770", "2016-06-30": "646.50260", "2016-03-31": "651.40730", "2015-12-31": "656.78740", "2015-09-30": "662.19460", "2015-06-30": "667.26750", "2015-03-31": "672.55490", "2014-12-31": "677.86880", "2014-09-30": "682.95890", "2014-06-30": "688.21200", "2014-03-31": "693.56390", "2013-12-31": "698.87540", "2013-09-30": "707.93930", "2013-06-30": "27.89580", "2013-03-31": "28.60790", "2012-12-31": "29.25610", "2012-09-30": "28.22100", "2012-06-30": "12.88610", "2012-03-31": "13.06020", "2011-12-31": "13.02430", "2011-09-30": "12.86270", "2011-06-30": "12.97430", "2011-03-31": "13.06390", "2010-12-31": "13.22240", "2010-09-30": "13.40810", "2010-06-30": "13.68560", "2010-03-31": "11.64070", "2009-12-31": "10.50450", "2009-09-30": "10.38730", "2009-06-30": "10.17610", "2009-03-31": "9.95010", "2008-12-31": "9.65080", "2008-09-30": "9.04820", "2008-06-30": "8.81170", "2008-03-31": "8.68240", "2007-12-31": "8.53510", "2007-09-30": "8.70450", "2007-06-30": "8.21560", "2007-03-31": "7.90110", "2006-12-31": "7.80000", "2006-09-30": "7.55130", "2006-06-30": "7.35770", "2006-03-31": "7.45710", "2005-12-31": "7.10300", "2005-09-30": "6.73540", "2005-06-30": "6.55010", "2005-03-31": "6.24660"}, "Other Long-Term Assets": {"2020-12-31": "", "2020-09-30": "", "2020-06-30": "", "2020-03-31": "", "2019-12-31": "", "2019-09-30": "", "2019-06-30": "", "2019-03-31": "", "2018-12-31": "", "2018-09-30": "", "2018-06-30": "", "2018-03-31": "", "2017-12-31": "", "2017-09-30": "", "2017-06-30": "", "2017-03-31": "", "2016-12-31": "", "2016-09-30": "", "2016-06-30": "", "2016-03-31": "", "2015-12-31": "", "2015-09-30": "", "2015-06-30": "", "2015-03-31": "", "2014-12-31": "", "2014-09-30": "", "2014-06-30": "", "2014-03-31": "", "2013-12-31": "", "2013-09-30": "", "2013-06-30": "", "2013-03-31": "", "2012-12-31": "", "2012-09-30": "", "2012-06-30": "", "2012-03-31": "", "2011-12-31": "", "2011-09-30": "", "2011-06-30": "", "2011-03-31": "", "2010-12-31": "", "2010-09-30": "", "2010-06-30": "", "2010-03-31": "", "2009-12-31": "", "2009-09-30": "", "2009-06-30": "", "2009-03-31": "", "2008-12-31": "", "2008-09-30": "", "2008-06-30": "", "2008-03-31": "", "2007-12-31": "", "2007-09-30": "", "2007-06-30": "", "2007-03-31": "", "2006-12-31": "", "2006-09-30": "", "2006-06-30": "", "2006-03-31": "", "2005-12-31": "", "2005-09-30": "", "2005-06-30": "", "2005-03-31": ""}, "Total Long-Term Assets": {"2020-12-31": "1218.61100", "2020-09-30": "1217.15600", "2020-06-30": "1241.71500", "2020-03-31": "1247.37500", "2019-12-31": "1218.42600", "2019-09-30": "1179.80100", "2019-06-30": "1212.40000", "2019-03-31": "1213.97000", "2018-12-31": "1234.50400", "2018-09-30": "1241.83000", "2018-06-30": "1249.03200", "2018-03-31": "1112.65800", "2017-12-31": "1167.49000", "2017-09-30": "1167.77000", "2017-06-30": "1159.39500", "2017-03-31": "1168.73500", "2016-12-31": "1154.63100", "2016-09-30": "1149.45800", "2016-06-30": "1151.65500", "2016-03-31": "1137.16700", "2015-12-31": "1164.66400", "2015-09-30": "1144.80800", "2015-06-30": "1157.32900", "2015-03-31": "1160.66800", "2014-12-31": "1165.90200", "2014-09-30": "1150.45300", "2014-06-30": "1156.32600", "2014-03-31": "1161.45200", "2013-12-31": "1162.90200", "2013-09-30": "1173.27600", "2013-06-30": "510.80540", "2013-03-31": "534.87480", "2012-12-31": "521.02830", "2012-09-30": "515.16280", "2012-06-30": "477.28490", "2012-03-31": "468.87920", "2011-12-31": "423.73400", "2011-09-30": "376.34090", "2011-06-30": "388.37520", "2011-03-31": "369.07740", "2010-12-31": "347.42140", "2010-09-30": "333.75740", "2010-06-30": "323.04980", "2010-03-31": "333.10280", "2009-12-31": "317.18990", "2009-09-30": "305.68620", "2009-06-30": "297.95350", "2009-03-31": "280.10210", "2008-12-31": "305.95140", "2008-09-30": "331.91280", "2008-06-30": "352.31380", "2008-03-31": "351.21020", "2007-12-31": "369.52870", "2007-09-30": "368.43920", "2007-06-30": "356.79390", "2007-03-31": "341.12940", "2006-12-31": "338.15030", "2006-09-30": "326.73890", "2006-06-30": "318.59590", "2006-03-31": "314.83830", "2005-12-31": "303.65830", "2005-09-30": "298.52920", "2005-06-30": "287.24610", "2005-03-31": "266.63570"}, "Total Assets": {"2020-12-31": "2197.94100", "2020-09-30": "2192.47500", "2020-06-30": "2101.04200", "2020-03-31": "2158.10300", "2019-12-31": "2168.80300", "2019-09-30": "2167.29600", "2019-06-30": "2142.80300", "2019-03-31": "2100.36600", "2018-12-31": "2085.43400", "2018-09-30": "2069.38900", "2018-06-30": "2192.10900", "2018-03-31": "2254.35300", "2017-12-31": "2352.05400", "2017-09-30": "2371.63100", "2017-06-30": "2364.09400", "2017-03-31": "2363.29300", "2016-12-31": "2309.62000", "2016-09-30": "2258.27400", "2016-06-30": "2207.25900", "2016-03-31": "2197.31200", "2015-12-31": "2148.67300", "2015-09-30": "2124.01100", "2015-06-30": "2112.54100", "2015-03-31": "2091.43500", "2014-12-31": "2022.54000", "2014-09-30": "1950.43200", "2014-06-30": "1890.03400", "2014-03-31": "1865.05300", "2013-12-31": "1764.08800", "2013-09-30": "1697.12800", "2013-06-30": "1366.27700", "2013-03-31": "1330.13200", "2012-12-31": "1265.69100", "2012-09-30": "1254.90400", "2012-06-30": "1254.02600", "2012-03-31": "1255.14700", "2011-12-31": "1176.02700", "2011-09-30": "1134.54300", "2011-06-30": "1114.02000", "2011-03-31": "1091.91300", "2010-12-31": "1002.69100", "2010-09-30": "942.28270", "2010-06-30": "900.40300", "2010-03-31": "904.68600", "2009-12-31": "822.60350", "2009-09-30": "800.68550", "2009-06-30": "756.09190", "2009-03-31": "745.04780", "2008-12-31": "763.10340", "2008-09-30": "816.37770", "2008-06-30": "870.47110", "2008-03-31": "887.37120", "2007-12-31": "898.02270", "2007-09-30": "888.19030", "2007-06-30": "852.51840", "2007-03-31": "824.99200", "2006-12-31": "785.02840", "2006-09-30": "786.72100", "2006-06-30": "824.49370", "2006-03-31": "915.00910", "2005-12-31": "922.64580", "2005-09-30": "905.00800", "2005-06-30": "906.28120", "2005-03-31": "889.97360"}, "Total Current Liabilities": {"2020-12-31": "177.73690", "2020-09-30": "236.48920", "2020-06-30": "217.63110", "2020-03-31": "263.95790", "2019-12-31": "171.84680", "2019-09-30": "182.30410", "2019-06-30": "177.56080", "2019-03-31": "184.49390", "2018-12-31": "169.16090", "2018-09-30": "172.88650", "2018-06-30": "214.43470", "2018-03-31": "228.16960", "2017-12-31": "243.64700", "2017-09-30": "264.92290", "2017-06-30": "271.14050", "2017-03-31": "274.35590", "2016-12-31": "149.85800", "2016-09-30": "156.47930", "2016-06-30": "169.08380", "2016-03-31": "195.32320", "2015-12-31": "131.00650", "2015-09-30": "181.62990", "2015-06-30": "155.30870", "2015-03-31": "163.70240", "2014-12-31": "133.43120", "2014-09-30": "143.11320", "2014-06-30": "128.81330", "2014-03-31": "167.12100", "2013-12-31": "119.98040", "2013-09-30": "120.59040", "2013-06-30": "103.88370", "2013-03-31": "109.65530", "2012-12-31": "87.95740", "2012-09-30": "104.25760", "2012-06-30": "106.01230", "2012-03-31": "130.10460", "2011-12-31": "100.69450", "2011-09-30": "116.74810", "2011-06-30": "103.80150", "2011-03-31": "115.33860", "2010-12-31": "72.08860", "2010-09-30": "83.36870", "2010-06-30": "83.50890", "2010-03-31": "102.21830", "2009-12-31": "58.63780", "2009-09-30": "73.40820", "2009-06-30": "51.28710", "2009-03-31": "50.14230", "2008-12-31": "49.47240", "2008-09-30": "61.94420", "2008-06-30": "69.81600", "2008-03-31": "87.55260", "2007-12-31": "68.36270", "2007-09-30": "70.31480", "2007-06-30": "65.26670", "2007-03-31": "79.14750", "2006-12-31": "57.36300", "2006-09-30": "70.44860", "2006-06-30": "72.81300", "2006-03-31": "72.98830", "2005-12-31": "58.08830", "2005-09-30": "67.40100", "2005-06-30": "68.10260", "2005-03-31": "71.78000"}, "Long Term Debt": {"2020-12-31": "", "2020-09-30": "", "2020-06-30": "", "2020-03-31": "", "2019-12-31": "", "2019-09-30": "", "2019-06-30": "", "2019-03-31": "", "2018-12-31": "", "2018-09-30": "", "2018-06-30": "", "2018-03-31": "", "2017-12-31": "", "2017-09-30": "", "2017-06-30": "9.37500", "2017-03-31": "36.25000", "2016-12-31": "178.12500", "2016-09-30": "195.00000", "2016-06-30": "206.87500", "2016-03-31": "208.75000", "2015-12-31": "225.62500", "2015-09-30": "227.50000", "2015-06-30": "254.37500", "2015-03-31": "256.25000", "2014-12-31": "258.12500", "2014-09-30": "260.00000", "2014-06-30": "261.87500", "2014-03-31": "263.75000", "2013-12-31": "265.62500", "2013-09-30": "267.50000", "2013-06-30": "", "2013-03-31": "", "2012-12-31": "", "2012-09-30": "", "2012-06-30": "", "2012-03-31": "", "2011-12-31": "", "2011-09-30": "", "2011-06-30": "", "2011-03-31": "", "2010-12-31": "", "2010-09-30": "", "2010-06-30": "", "2010-03-31": "", "2009-12-31": "", "2009-09-30": "", "2009-06-30": "", "2009-03-31": "", "2008-12-31": "", "2008-09-30": "", "2008-06-30": "", "2008-03-31": "", "2007-12-31": "", "2007-09-30": "", "2007-06-30": "", "2007-03-31": "", "2006-12-31": "", "2006-09-30": "", "2006-06-30": "", "2006-03-31": "", "2005-12-31": "", "2005-09-30": "", "2005-06-30": "", "2005-03-31": ""}, "Other Non-Current Liabilities": {"2020-12-31": "17.30040", "2020-09-30": "15.07170", "2020-06-30": "10.30690", "2020-03-31": "9.09150", "2019-12-31": "7.41440", "2019-09-30": "6.95270", "2019-06-30": "6.19020", "2019-03-31": "5.50940", "2018-12-31": "", "2018-09-30": "", "2018-06-30": "", "2018-03-31": "", "2017-12-31": "", "2017-09-30": "", "2017-06-30": "", "2017-03-31": "", "2016-12-31": "", "2016-09-30": "", "2016-06-30": "", "2016-03-31": "", "2015-12-31": "", "2015-09-30": "", "2015-06-30": "", "2015-03-31": "", "2014-12-31": "", "2014-09-30": "", "2014-06-30": "", "2014-03-31": "", "2013-12-31": "", "2013-09-30": "", "2013-06-30": "", "2013-03-31": "", "2012-12-31": "", "2012-09-30": "", "2012-06-30": "", "2012-03-31": "", "2011-12-31": "", "2011-09-30": "", "2011-06-30": "", "2011-03-31": "", "2010-12-31": "", "2010-09-30": "", "2010-06-30": "", "2010-03-31": "", "2009-12-31": "", "2009-09-30": "", "2009-06-30": "", "2009-03-31": "", "2008-12-31": "", "2008-09-30": "", "2008-06-30": "", "2008-03-31": "", "2007-12-31": "", "2007-09-30": "", "2007-06-30": "", "2007-03-31": "", "2006-12-31": "", "2006-09-30": "", "2006-06-30": "", "2006-03-31": "", "2005-12-31": "", "2005-09-30": "", "2005-06-30": "", "2005-03-31": ""}, "Total Long Term Liabilities": {"2020-12-31": "56.26120", "2020-09-30": "60.37360", "2020-06-30": "60.80300", "2020-03-31": "59.53960", "2019-12-31": "58.86860", "2019-09-30": "63.66400", "2019-06-30": "60.90780", "2019-03-31": "58.79700", "2018-12-31": "54.52150", "2018-09-30": "53.39820", "2018-06-30": "56.17530", "2018-03-31": "56.20540", "2017-12-31": "58.88870", "2017-09-30": "80.44320", "2017-06-30": "89.01690", "2017-03-31": "114.16530", "2016-12-31": "249.33760", "2016-09-30": "245.52900", "2016-06-30": "253.25220", "2016-03-31": "253.03380", "2015-12-31": "295.14960", "2015-09-30": "271.28590", "2015-06-30": "310.22760", "2015-03-31": "314.25020", "2014-12-31": "317.69640", "2014-09-30": "309.80410", "2014-06-30": "313.48250", "2014-03-31": "313.00880", "2013-12-31": "316.50430", "2013-09-30": "321.23030", "2013-06-30": "55.38360", "2013-03-31": "58.02910", "2012-12-31": "56.77330", "2012-09-30": "58.00150", "2012-06-30": "53.32370", "2012-03-31": "54.77140", "2011-12-31": "48.21400", "2011-09-30": "34.17680", "2011-06-30": "46.51740", "2011-03-31": "41.61590", "2010-12-31": "37.07120", "2010-09-30": "29.06550", "2010-06-30": "23.67590", "2010-03-31": "28.35860", "2009-12-31": "28.03700", "2009-09-30": "18.51490", "2009-06-30": "15.11870", "2009-03-31": "11.97640", "2008-12-31": "15.03460", "2008-09-30": "15.69070", "2008-06-30": "18.71540", "2008-03-31": "17.02620", "2007-12-31": "22.84780", "2007-09-30": "26.62970", "2007-06-30": "26.07950", "2007-03-31": "24.04210", "2006-12-31": "24.97110", "2006-09-30": "22.88800", "2006-06-30": "21.89840", "2006-03-31": "23.85580", "2005-12-31": "22.96220", "2005-09-30": "22.29880", "2005-06-30": "21.02070", "2005-03-31": "21.11910"}, "Total Liabilities": {"2020-12-31": "233.99800", "2020-09-30": "296.86280", "2020-06-30": "278.43410", "2020-03-31": "323.49750", "2019-12-31": "230.71540", "2019-09-30": "245.96810", "2019-06-30": "238.46860", "2019-03-31": "243.29090", "2018-12-31": "223.68240", "2018-09-30": "226.28470", "2018-06-30": "270.61000", "2018-03-31": "284.37500", "2017-12-31": "302.53560", "2017-09-30": "345.36600", "2017-06-30": "360.15740", "2017-03-31": "388.52110", "2016-12-31": "399.19560", "2016-09-30": "402.00830", "2016-06-30": "422.33600", "2016-03-31": "448.35700", "2015-12-31": "426.15620", "2015-09-30": "452.91580", "2015-06-30": "465.53630", "2015-03-31": "477.95260", "2014-12-31": "451.12760", "2014-09-30": "452.91730", "2014-06-30": "442.29580", "2014-03-31": "480.12990", "2013-12-31": "436.48470", "2013-09-30": "441.82070", "2013-06-30": "159.26730", "2013-03-31": "167.68440", "2012-12-31": "144.73080", "2012-09-30": "162.25910", "2012-06-30": "159.33600", "2012-03-31": "184.87600", "2011-12-31": "148.90850", "2011-09-30": "150.92490", "2011-06-30": "150.31890", "2011-03-31": "156.95460", "2010-12-31": "109.15980", "2010-09-30": "112.43410", "2010-06-30": "107.18480", "2010-03-31": "130.57690", "2009-12-31": "86.67470", "2009-09-30": "91.92310", "2009-06-30": "66.40580", "2009-03-31": "62.11870", "2008-12-31": "64.50710", "2008-09-30": "77.63490", "2008-06-30": "88.53130", "2008-03-31": "104.57880", "2007-12-31": "91.21050", "2007-09-30": "96.94450", "2007-06-30": "91.34610", "2007-03-31": "103.18960", "2006-12-31": "82.33410", "2006-09-30": "93.33670", "2006-06-30": "94.71140", "2006-03-31": "96.84410", "2005-12-31": "81.05040", "2005-09-30": "89.69980", "2005-06-30": "89.12330", "2005-03-31": "92.89910"}, "Common Stock Net": {"2020-12-31": "", "2020-09-30": "14.70370", "2020-06-30": "14.74650", "2020-03-31": "14.69190", "2019-12-31": "15.07670", "2019-09-30": "15.17890", "2019-06-30": "15.28680", "2019-03-31": "15.33510", "2018-12-31": "15.55970", "2018-09-30": "15.72700", "2018-06-30": "16.13540", "2018-03-31": "16.43130", "2017-12-31": "16.81690", "2017-09-30": "17.03880", "2017-06-30": "17.17250", "2017-03-31": "17.26650", "2016-12-31": "17.26430", "2016-09-30": "17.27580", "2016-06-30": "17.25550", "2016-03-31": "17.34710", "2015-12-31": "17.48030", "2015-09-30": "17.53430", "2015-06-30": "17.61770", "2015-03-31": "17.68060", "2014-12-31": "17.71490", "2014-09-30": "8.78350", "2014-06-30": "8.77540", "2014-03-31": "8.75460", "2013-12-31": "17.46940", "2013-09-30": "8.68370", "2013-06-30": "8.65560", "2013-03-31": "8.61500", "2012-12-31": "8.58460", "2012-09-30": "8.56520", "2012-06-30": "8.67400", "2012-03-31": "8.65300", "2011-12-31": "8.64420", "2011-09-30": "8.60830", "2011-06-30": "8.58710", "2011-03-31": "8.56440", "2010-12-31": "8.53750", "2010-09-30": "8.42160", "2010-06-30": "8.39750", "2010-03-31": "8.36830", "2009-12-31": "8.30040", "2009-09-30": "8.27020", "2009-06-30": "8.26460", "2009-03-31": "8.26050", "2008-12-31": "8.25800", "2008-09-30": "8.38120", "2008-06-30": "8.51650", "2008-03-31": "8.56820", "2007-12-31": "8.68530", "2007-09-30": "8.67050", "2007-06-30": "8.62470", "2007-03-31": "8.56270", "2006-12-31": "8.54860", "2006-09-30": "8.59430", "2006-06-30": "8.80970", "2006-03-31": "9.22550", "2005-12-31": "9.36260", "2005-09-30": "9.32260", "2005-06-30": "9.39060", "2005-03-31": "9.35750"}, "Retained Earnings (Accumulated Deficit)": {"2020-12-31": "", "2020-09-30": "1046.05300", "2020-06-30": "986.44270", "2020-03-31": "1018.31000", "2019-12-31": "1116.37200", "2019-09-30": "1107.45000", "2019-06-30": "1111.31000", "2019-03-31": "1093.37400", "2018-12-31": "1102.46800", "2018-09-30": "1086.00300", "2018-06-30": "1157.04800", "2018-03-31": "1208.84200", "2017-12-31": "1301.99700", "2017-09-30": "1289.59700", "2017-06-30": "1276.90200", "2017-03-31": "1254.77900", "2016-12-31": "1210.98500", "2016-09-30": "1184.14200", "2016-06-30": "1132.80700", "2016-03-31": "1126.22100", "2015-12-31": "1109.38500", "2015-09-30": "1070.89900", "2015-06-30": "1046.56800", "2015-03-31": "1019.52800", "2014-12-31": "988.54810", "2014-09-30": "959.48580", "2014-06-30": "919.49210", "2014-03-31": "866.16650", "2013-12-31": "818.02780", "2013-09-30": "768.52780", "2013-06-30": "733.26810", "2013-03-31": "701.36800", "2012-12-31": "676.03920", "2012-09-30": "655.04050", "2012-06-30": "660.27200", "2012-03-31": "638.29910", "2011-12-31": "610.70230", "2011-09-30": "587.52450", "2011-06-30": "561.34410", "2011-03-31": "540.04610", "2010-12-31": "514.84220", "2010-09-30": "493.57100", "2010-06-30": "474.71930", "2010-03-31": "456.05750", "2009-12-31": "438.93730", "2009-09-30": "424.10670", "2009-06-30": "415.33180", "2009-03-31": "418.27440", "2008-12-31": "434.97550", "2008-09-30": "474.56200", "2008-06-30": "510.01150", "2008-03-31": "514.94780", "2007-12-31": "530.29030", "2007-09-30": "513.57780", "2007-06-30": "498.86140", "2007-03-31": "481.50550", "2006-12-31": "472.19240", "2006-09-30": "472.63100", "2006-06-30": "512.02610", "2006-03-31": "592.40750", "2005-12-31": "623.30180", "2005-09-30": "607.68200", "2005-06-30": "617.05280", "2005-03-31": "604.26960"}, "Comprehensive Income": {"2020-12-31": "", "2020-09-30": "", "2020-06-30": "", "2020-03-31": "", "2019-12-31": "", "2019-09-30": "", "2019-06-30": "", "2019-03-31": "-0.27570", "2018-12-31": "0.07450", "2018-09-30": "-2.12200", "2018-06-30": "-0.47910", "2018-03-31": "2.21300", "2017-12-31": "6.54840", "2017-09-30": "6.00540", "2017-06-30": "3.18120", "2017-03-31": "0.74520", "2016-12-31": "1.59170", "2016-09-30": "-0.44280", "2016-06-30": "-3.47560", "2016-03-31": "-1.89210", "2015-12-31": "-1.08590", "2015-09-30": "-1.76160", "2015-06-30": "7.13990", "2015-03-31": "8.80390", "2014-12-31": "9.90910", "2014-09-30": "14.13780", "2014-06-30": "17.51770", "2014-03-31": "19.48380", "2013-12-31": "19.46740", "2013-09-30": "22.09890", "2013-06-30": "20.78640", "2013-03-31": "22.94560", "2012-12-31": "15.11180", "2012-09-30": "", "2012-06-30": "", "2012-03-31": "", "2011-12-31": "10.41230", "2011-09-30": "", "2011-06-30": "", "2011-03-31": "", "2010-12-31": "21.75000", "2010-09-30": "", "2010-06-30": "", "2010-03-31": "", "2009-12-31": "15.59560", "2009-09-30": "", "2009-06-30": "", "2009-03-31": "", "2008-12-31": "0.38340", "2008-09-30": "", "2008-06-30": "", "2008-03-31": "", "2007-12-31": "19.52740", "2007-09-30": "", "2007-06-30": "", "2007-03-31": "", "2006-12-31": "23.24680", "2006-09-30": "", "2006-06-30": "", "2006-03-31": "", "2005-12-31": "18.79540", "2005-09-30": "", "2005-06-30": "", "2005-03-31": ""}, "Other Share Holders Equity": {"2020-12-31": "", "2020-09-30": "4.44710", "2020-06-30": "2.73920", "2020-03-31": "0.21480", "2019-12-31": "-1.28910", "2019-09-30": "-0.76250", "2019-06-30": "0.49920", "2019-03-31": "", "2018-12-31": "-1.67490", "2018-09-30": "", "2018-06-30": "", "2018-03-31": "", "2017-12-31": "0.64500", "2017-09-30": "", "2017-06-30": "", "2017-03-31": "", "2016-12-31": "-2.86300", "2016-09-30": "", "2016-06-30": "", "2016-03-31": "", "2015-12-31": "-0.04490", "2015-09-30": "", "2015-06-30": "", "2015-03-31": "", "2014-12-31": "1.40390", "2014-09-30": "", "2014-06-30": "", "2014-03-31": "", "2013-12-31": "2.50790", "2013-09-30": "", "2013-06-30": "", "2013-03-31": "", "2012-12-31": "2.45890", "2012-09-30": "18.11690", "2012-06-30": "15.11240", "2012-03-31": "21.67120", "2011-12-31": "2.13000", "2011-09-30": "7.72180", "2011-06-30": "24.79010", "2011-03-31": "27.29680", "2010-12-31": "0.56690", "2010-09-30": "18.22070", "2010-06-30": "9.58380", "2010-03-31": "19.75630", "2009-12-31": "2.74380", "2009-09-30": "15.21170", "2009-06-30": "7.61040", "2009-03-31": "0.29320", "2008-12-31": "1.15800", "2008-09-30": "0.96210", "2008-06-30": "10.55840", "2008-03-31": "11.69050", "2007-12-31": "2.80630", "2007-09-30": "29.79770", "2007-06-30": "28.46850", "2007-03-31": "24.05840", "2006-12-31": "1.80500", "2006-09-30": "16.45820", "2006-06-30": "14.25810", "2006-03-31": "21.82760", "2005-12-31": "0.50700", "2005-09-30": "14.16350", "2005-06-30": "10.00460", "2005-03-31": "9.88700"}, "Share Holder Equity": {"2020-12-31": "1963.94300", "2020-09-30": "1895.61200", "2020-06-30": "1822.60700", "2020-03-31": "1834.60600", "2019-12-31": "1938.08800", "2019-09-30": "1921.32800", "2019-06-30": "1904.33400", "2019-03-31": "1857.07500", "2018-12-31": "1861.75200", "2018-09-30": "1843.10400", "2018-06-30": "1921.49900", "2018-03-31": "1969.97800", "2017-12-31": "2049.51800", "2017-09-30": "2026.26500", "2017-06-30": "2003.93600", "2017-03-31": "1974.77100", "2016-12-31": "1910.42400", "2016-09-30": "1856.26500", "2016-06-30": "1784.92300", "2016-03-31": "1748.95500", "2015-12-31": "1722.51700", "2015-09-30": "1671.09600", "2015-06-30": "1647.00500", "2015-03-31": "1613.48200", "2014-12-31": "1571.41200", "2014-09-30": "1497.51500", "2014-06-30": "1447.73800", "2014-03-31": "1384.92300", "2013-12-31": "1327.60400", "2013-09-30": "1255.30700", "2013-06-30": "1207.01000", "2013-03-31": "1162.44800", "2012-12-31": "1120.96100", "2012-09-30": "1092.64500", "2012-06-30": "1094.69000", "2012-03-31": "1070.27100", "2011-12-31": "1027.11900", "2011-09-30": "983.61860", "2011-06-30": "963.70100", "2011-03-31": "934.95840", "2010-12-31": "893.53080", "2010-09-30": "829.84850", "2010-06-30": "793.21810", "2010-03-31": "774.10910", "2009-12-31": "735.92880", "2009-09-30": "708.76250", "2009-06-30": "689.68610", "2009-03-31": "682.92910", "2008-12-31": "698.59630", "2008-09-30": "738.74280", "2008-06-30": "781.93980", "2008-03-31": "782.79240", "2007-12-31": "806.81220", "2007-09-30": "791.24570", "2007-06-30": "761.17220", "2007-03-31": "721.80240", "2006-12-31": "702.69430", "2006-09-30": "693.38430", "2006-06-30": "729.78220", "2006-03-31": "818.16500", "2005-12-31": "841.59540", "2005-09-30": "815.30820", "2005-06-30": "817.15790", "2005-03-31": "797.07450"}, "Total Liabilities And Share Holders Equity": {"2020-12-31": "2197.94100", "2020-09-30": "2192.47500", "2020-06-30": "2101.04200", "2020-03-31": "2158.10300", "2019-12-31": "2168.80300", "2019-09-30": "2167.29600", "2019-06-30": "2142.80300", "2019-03-31": "2100.36600", "2018-12-31": "2085.43400", "2018-09-30": "2069.38900", "2018-06-30": "2192.10900", "2018-03-31": "2254.35300", "2017-12-31": "2352.05400", "2017-09-30": "2371.63100", "2017-06-30": "2364.09400", "2017-03-31": "2363.29300", "2016-12-31": "2309.62000", "2016-09-30": "2258.27400", "2016-06-30": "2207.25900", "2016-03-31": "2197.31200", "2015-12-31": "2148.67300", "2015-09-30": "2124.01100", "2015-06-30": "2112.54100", "2015-03-31": "2091.43500", "2014-12-31": "2022.54000", "2014-09-30": "1950.43200", "2014-06-30": "1890.03400", "2014-03-31": "1865.05300", "2013-12-31": "1764.08800", "2013-09-30": "1697.12800", "2013-06-30": "1366.27700", "2013-03-31": "1330.13200", "2012-12-31": "1265.69100", "2012-09-30": "1254.90400", "2012-06-30": "1254.02600", "2012-03-31": "1255.14700", "2011-12-31": "1176.02700", "2011-09-30": "1134.54300", "2011-06-30": "1114.02000", "2011-03-31": "1091.91300", "2010-12-31": "1002.69100", "2010-09-30": "942.28270", "2010-06-30": "900.40300", "2010-03-31": "904.68600", "2009-12-31": "822.60350", "2009-09-30": "800.68550", "2009-06-30": "756.09190", "2009-03-31": "745.04780", "2008-12-31": "763.10340", "2008-09-30": "816.37770", "2008-06-30": "870.47110", "2008-03-31": "887.37120", "2007-12-31": "898.02270", "2007-09-30": "888.19030", "2007-06-30": "852.51840", "2007-03-31": "824.99200", "2006-12-31": "785.02840", "2006-09-30": "786.72100", "2006-06-30": "824.49370", "2006-03-31": "915.00910", "2005-12-31": "922.64580", "2005-09-30": "905.00800", "2005-06-30": "906.28120", "2005-03-31": "889.97360"}}, "cash flow statement": {"Net Income/Loss": {"2020-12-31": "0.00000", "2019-12-31": "424.68390", "2018-12-31": "437.88310", "2017-12-31": "406.79190", "2016-12-31": "347.59130", "2015-12-31": "318.46980", "2014-12-31": "288.60460", "2013-12-31": "222.92990", "2012-12-31": "168.58680", "2011-12-31": "164.66820", "2010-12-31": "137.73400", "2009-12-31": "64.63710", "2008-12-31": "62.08800", "2007-12-31": "122.13000", "2006-12-31": "108.76100", "2005-12-31": "109.52750"}, "Total Depreciation And Amortization - Cash Flow": {"2020-12-31": "", "2019-12-31": "104.70300", "2018-12-31": "102.18680", "2017-12-31": "99.57090", "2016-12-31": "88.58740", "2015-12-31": "80.59920", "2014-12-31": "77.37630", "2013-12-31": "62.85420", "2012-12-31": "50.17980", "2011-12-31": "42.63470", "2010-12-31": "38.62070", "2009-12-31": "38.36450", "2008-12-31": "35.89110", "2007-12-31": "32.43530", "2006-12-31": "27.76270", "2005-12-31": "23.82330"}, "Other Non-Cash Items": {"2020-12-31": "", "2019-12-31": "18.26220", "2018-12-31": "11.41670", "2017-12-31": "2.55800", "2016-12-31": "42.30510", "2015-12-31": "27.97360", "2014-12-31": "15.59620", "2013-12-31": "-10.76610", "2012-12-31": "8.62620", "2011-12-31": "17.11710", "2010-12-31": "11.72410", "2009-12-31": "11.57850", "2008-12-31": "41.19000", "2007-12-31": "-6.36920", "2006-12-31": "0.24290", "2005-12-31": "-0.14180"}, "Total Non-Cash Items": {"2020-12-31": "", "2019-12-31": "122.96510", "2018-12-31": "113.60360", "2017-12-31": "102.12890", "2016-12-31": "130.89250", "2015-12-31": "108.57280", "2014-12-31": "92.97250", "2013-12-31": "52.08810", "2012-12-31": "58.80600", "2011-12-31": "59.75180", "2010-12-31": "50.34470", "2009-12-31": "49.94300", "2008-12-31": "77.08110", "2007-12-31": "26.06600", "2006-12-31": "28.00570", "2005-12-31": "23.68160"}, "Change In Accounts Receivable": {"2020-12-31": "", "2019-12-31": "-21.87250", "2018-12-31": "17.58400", "2017-12-31": "-19.53000", "2016-12-31": "-15.62230", "2015-12-31": "-27.96070", "2014-12-31": "-24.96210", "2013-12-31": "-22.34750", "2012-12-31": "0.81000", "2011-12-31": "-14.74210", "2010-12-31": "-24.48810", "2009-12-31": "-26.63070", "2008-12-31": "19.65270", "2007-12-31": "-5.84410", "2006-12-31": "2.58700", "2005-12-31": "-4.83210"}, "Change In Inventories": {"2020-12-31": "", "2019-12-31": "-23.66030", "2018-12-31": "-8.51600", "2017-12-31": "-27.45420", "2016-12-31": "-14.61600", "2015-12-31": "-32.93750", "2014-12-31": "-21.68370", "2013-12-31": "39.85610", "2012-12-31": "28.82310", "2011-12-31": "-88.02460", "2010-12-31": "-47.11970", "2009-12-31": "1.38490", "2008-12-31": "-6.94430", "2007-12-31": "0.75580", "2006-12-31": "-8.96860", "2005-12-31": "-9.23600"}, "Change In Accounts Payable": {"2020-12-31": "", "2019-12-31": "4.74360", "2018-12-31": "2.91180", "2017-12-31": "9.93480", "2016-12-31": "13.60990", "2015-12-31": "-5.10320", "2014-12-31": "14.94670", "2013-12-31": "13.31030", "2012-12-31": "-22.27060", "2011-12-31": "25.17510", "2010-12-31": "12.83870", "2009-12-31": "7.75060", "2008-12-31": "-10.82550", "2007-12-31": "6.64970", "2006-12-31": "0.27400", "2005-12-31": "3.75840"}, "Change In Assets/Liabilities": {"2020-12-31": "", "2019-12-31": "-3.64650", "2018-12-31": "-11.26870", "2017-12-31": "16.18370", "2016-12-31": "4.39940", "2015-12-31": "-9.53000", "2014-12-31": "-21.94660", "2013-12-31": "-2.37490", "2012-12-31": "14.86870", "2011-12-31": "-6.95430", "2010-12-31": "-1.35320", "2009-12-31": "12.23240", "2008-12-31": "-12.53330", "2007-12-31": "-3.96020", "2006-12-31": "1.07130", "2005-12-31": "0.49150"}, "Total Change In Assets/Liabilities": {"2020-12-31": "", "2019-12-31": "-41.68220", "2018-12-31": "0.93200", "2017-12-31": "-7.91810", "2016-12-31": "-1.43560", "2015-12-31": "-72.62650", "2014-12-31": "-54.35400", "2013-12-31": "42.32080", "2012-12-31": "30.45320", "2011-12-31": "-82.75130", "2010-12-31": "-59.94500", "2009-12-31": "-3.92570", "2008-12-31": "-18.53680", "2007-12-31": "0.52460", "2006-12-31": "-5.32650", "2005-12-31": "-6.96460"}, "Cash Flow From Operating Activities": {"2020-12-31": "", "2019-12-31": "505.96690", "2018-12-31": "552.41860", "2017-12-31": "501.00280", "2016-12-31": "477.04820", "2015-12-31": "354.41610", "2014-12-31": "327.22310", "2013-12-31": "317.33880", "2012-12-31": "257.84600", "2011-12-31": "141.66870", "2010-12-31": "128.13370", "2009-12-31": "110.65430", "2008-12-31": "120.63220", "2007-12-31": "148.72060", "2006-12-31": "131.44020", "2005-12-31": "126.24450"}, "Net Change In Property, Plant, And Equipment": {"2020-12-31": "", "2019-12-31": "-82.57890", "2018-12-31": "-85.25250", "2017-12-31": "-103.79120", "2016-12-31": "-120.29040", "2015-12-31": "-97.89820", "2014-12-31": "-72.29520", "2013-12-31": "-54.99410", "2012-12-31": "-116.40980", "2011-12-31": "-119.99850", "2010-12-31": "-46.39200", "2009-12-31": "-21.10440", "2008-12-31": "-45.51350", "2007-12-31": "-54.15630", "2006-12-31": "-47.69240", "2005-12-31": "-52.39220"}, "Net Change In Intangible Assets": {"2020-12-31": "", "2019-12-31": "", "2018-12-31": "", "2017-12-31": "", "2016-12-31": "", "2015-12-31": "", "2014-12-31": "", "2013-12-31": "", "2012-12-31": "", "2011-12-31": "", "2010-12-31": "", "2009-12-31": "", "2008-12-31": "", "2007-12-31": "", "2006-12-31": "", "2005-12-31": ""}, "Net Acquisitions/Divestitures": {"2020-12-31": "", "2019-12-31": "", "2018-12-31": "", "2017-12-31": "", "2016-12-31": "", "2015-12-31": "", "2014-12-31": "", "2013-12-31": "-698.15090", "2012-12-31": "", "2011-12-31": "", "2010-12-31": "", "2009-12-31": "", "2008-12-31": "", "2007-12-31": "", "2006-12-31": "", "2005-12-31": ""}, "Net Change In Short-term Investments": {"2020-12-31": "", "2019-12-31": "", "2018-12-31": "", "2017-12-31": "", "2016-12-31": "", "2015-12-31": "", "2014-12-31": "", "2013-12-31": "", "2012-12-31": "", "2011-12-31": "", "2010-12-31": "", "2009-12-31": "", "2008-12-31": "", "2007-12-31": "", "2006-12-31": "", "2005-12-31": ""}, "Net Change In Long-Term Investments": {"2020-12-31": "", "2019-12-31": "28.89510", "2018-12-31": "-94.96570", "2017-12-31": "23.43260", "2016-12-31": "-123.87750", "2015-12-31": "11.00320", "2014-12-31": "-5.27360", "2013-12-31": "120.46190", "2012-12-31": "1.93780", "2011-12-31": "15.77320", "2010-12-31": "-72.42300", "2009-12-31": "5.09630", "2008-12-31": "64.49920", "2007-12-31": "0.56200", "2006-12-31": "-15.87140", "2005-12-31": "29.83860"}, "Net Change In Investments - Total": {"2020-12-31": "", "2019-12-31": "28.89510", "2018-12-31": "-94.96570", "2017-12-31": "23.43260", "2016-12-31": "-123.87750", "2015-12-31": "11.00320", "2014-12-31": "-5.27360", "2013-12-31": "120.46190", "2012-12-31": "1.93780", "2011-12-31": "15.77320", "2010-12-31": "-72.42300", "2009-12-31": "5.09630", "2008-12-31": "64.49920", "2007-12-31": "0.56200", "2006-12-31": "-15.87140", "2005-12-31": "29.83860"}, "Investing Activities - Other": {"2020-12-31": "", "2019-12-31": "-3.02730", "2018-12-31": "-5.60300", "2017-12-31": "2.64600", "2016-12-31": "-7.27820", "2015-12-31": "-2.84260", "2014-12-31": "-2.14480", "2013-12-31": "-0.57360", "2012-12-31": "-17.60220", "2011-12-31": "0.69840", "2010-12-31": "-5.77150", "2009-12-31": "0.23370", "2008-12-31": "-3.18380", "2007-12-31": "-0.08690", "2006-12-31": "0.30890", "2005-12-31": "-2.04690"}, "Cash Flow From Investing Activities": {"2020-12-31": "", "2019-12-31": "-56.71110", "2018-12-31": "-185.82120", "2017-12-31": "-77.71260", "2016-12-31": "-251.44610", "2015-12-31": "-89.73770", "2014-12-31": "-79.71350", "2013-12-31": "-633.25660", "2012-12-31": "-132.07420", "2011-12-31": "-103.52700", "2010-12-31": "-124.58650", "2009-12-31": "-15.77450", "2008-12-31": "15.80200", "2007-12-31": "-53.68130", "2006-12-31": "-63.25500", "2005-12-31": "-24.60050"}, "Net Long-Term Debt": {"2020-12-31": "", "2019-12-31": "", "2018-12-31": "-78.00000", "2017-12-31": "-107.62500", "2016-12-31": "-47.50000", "2015-12-31": "-32.50000", "2014-12-31": "-7.50000", "2013-12-31": "273.12500", "2012-12-31": "", "2011-12-31": "", "2010-12-31": "", "2009-12-31": "", "2008-12-31": "", "2007-12-31": "", "2006-12-31": "", "2005-12-31": ""}, "Net Current Debt": {"2020-12-31": "", "2019-12-31": "", "2018-12-31": "", "2017-12-31": "", "2016-12-31": "", "2015-12-31": "", "2014-12-31": "", "2013-12-31": "", "2012-12-31": "", "2011-12-31": "", "2010-12-31": "", "2009-12-31": "", "2008-12-31": "", "2007-12-31": "", "2006-12-31": "", "2005-12-31": ""}, "Debt Issuance/Retirement Net - Total": {"2020-12-31": "", "2019-12-31": "", "2018-12-31": "-78.00000", "2017-12-31": "-107.62500", "2016-12-31": "-47.50000", "2015-12-31": "-32.50000", "2014-12-31": "-7.50000", "2013-12-31": "273.12500", "2012-12-31": "", "2011-12-31": "", "2010-12-31": "", "2009-12-31": "", "2008-12-31": "", "2007-12-31": "", "2006-12-31": "", "2005-12-31": ""}, "Net Common Equity Issued/Repurchased": {"2020-12-31": "", "2019-12-31": "-253.65030", "2018-12-31": "-524.74010", "2017-12-31": "-183.59280", "2016-12-31": "-82.05120", "2015-12-31": "-81.06030", "2014-12-31": "29.95810", "2013-12-31": "38.37760", "2012-12-31": "-21.50780", "2011-12-31": "33.30480", "2010-12-31": "67.06740", "2009-12-31": "7.48790", "2008-12-31": "-99.44430", "2007-12-31": "32.76150", "2006-12-31": "-207.89810", "2005-12-31": "-3.72330"}, "Net Total Equity Issued/Repurchased": {"2020-12-31": "", "2019-12-31": "-253.65030", "2018-12-31": "-524.74010", "2017-12-31": "-183.59280", "2016-12-31": "-82.05120", "2015-12-31": "-81.06030", "2014-12-31": "29.95810", "2013-12-31": "38.37760", "2012-12-31": "-21.50780", "2011-12-31": "33.30480", "2010-12-31": "67.06740", "2009-12-31": "7.48790", "2008-12-31": "-99.44430", "2007-12-31": "32.76150", "2006-12-31": "-207.89810", "2005-12-31": "-3.72330"}, "Total Common And Preferred Stock Dividends Paid": {"2020-12-31": "", "2019-12-31": "-116.30920", "2018-12-31": "-116.56660", "2017-12-31": "-108.81500", "2016-12-31": "-101.13140", "2015-12-31": "-96.99040", "2014-12-31": "-87.63200", "2013-12-31": "-79.16040", "2012-12-31": "-73.38770", "2011-12-31": "-67.17190", "2010-12-31": "-61.39420", "2009-12-31": "-60.59770", "2008-12-31": "-60.46310", "2007-12-31": "-55.92220", "2006-12-31": "-54.70440", "2005-12-31": "-53.77760"}, "Financial Activities - Other": {"2020-12-31": "", "2019-12-31": "", "2018-12-31": "", "2017-12-31": "", "2016-12-31": "", "2015-12-31": "", "2014-12-31": "5.50230", "2013-12-31": "3.48860", "2012-12-31": "0.81570", "2011-12-31": "5.36250", "2010-12-31": "3.02100", "2009-12-31": "0.03200", "2008-12-31": "0.06260", "2007-12-31": "0.33860", "2006-12-31": "0.23540", "2005-12-31": ""}, "Cash Flow From Financial Activities": {"2020-12-31": "", "2019-12-31": "-369.95940", "2018-12-31": "-719.30660", "2017-12-31": "-400.03280", "2016-12-31": "-230.68250", "2015-12-31": "-210.55080", "2014-12-31": "-59.67160", "2013-12-31": "235.83090", "2012-12-31": "-94.07990", "2011-12-31": "-28.50470", "2010-12-31": "8.69410", "2009-12-31": "-53.07790", "2008-12-31": "-159.84480", "2007-12-31": "-22.82210", "2006-12-31": "-262.36710", "2005-12-31": "-57.50100"}, "Net Cash Flow": {"2020-12-31": "", "2019-12-31": "79.29630", "2018-12-31": "-352.70920", "2017-12-31": "23.25740", "2016-12-31": "-5.08050", "2015-12-31": "54.12770", "2014-12-31": "187.83810", "2013-12-31": "-80.08690", "2012-12-31": "31.69190", "2011-12-31": "9.63700", "2010-12-31": "12.24130", "2009-12-31": "41.80190", "2008-12-31": "-23.41060", "2007-12-31": "72.21730", "2006-12-31": "-194.18190", "2005-12-31": "44.14300"}, "Stock-Based Compensation": {"2020-12-31": "", "2019-12-31": "21.67120", "2018-12-31": "18.30600", "2017-12-31": "18.37700", "2016-12-31": "19.19270", "2015-12-31": "21.43100", "2014-12-31": "21.27700", "2013-12-31": "17.42720", "2012-12-31": "16.43380", "2011-12-31": "14.19760", "2010-12-31": "10.65220", "2009-12-31": "9.08490", "2008-12-31": "10.21750", "2007-12-31": "9.29340", "2006-12-31": "8.48190", "2005-12-31": "1.62970"}, "Common Stock Dividends Paid": {"2020-12-31": "", "2019-12-31": "-116.30920", "2018-12-31": "-116.56660", "2017-12-31": "-108.81500", "2016-12-31": "-101.13140", "2015-12-31": "-96.99040", "2014-12-31": "-87.63200", "2013-12-31": "-79.16040", "2012-12-31": "-73.38770", "2011-12-31": "-67.17190", "2010-12-31": "-61.39420", "2009-12-31": "-60.59770", "2008-12-31": "-60.46310", "2007-12-31": "-55.92220", "2006-12-31": "-54.70440", "2005-12-31": "-53.77760"}}, "cash flow statement, quarterly": {"Net Income/Loss": {"2020-12-31": -204.2244, "2020-09-30": 117.0926, "2020-06-30": -2.374, "2020-03-31": "89.50580", "2019-12-31": 99.547, "2019-09-30": 111.8979, "2019-06-30": 108.9586, "2019-03-31": "104.28040", "2018-12-31": 106.2745, "2018-09-30": 111.3359, "2018-06-30": 109.024, "2018-03-31": "111.24870", "2017-12-31": 130.4689, "2017-09-30": 90.2303, "2017-06-30": 88.536, "2017-03-31": "97.55670", "2016-12-31": 88.7614, "2016-09-30": 92.0647, "2016-06-30": 86.4852, "2016-03-31": "80.28000", "2015-12-31": 88.3955, "2015-09-30": 78.3324, "2015-06-30": 74.5585, "2015-03-31": "77.18340", "2014-12-31": 70.9749, "2014-09-30": 72.3369, "2014-06-30": 76.7267, "2014-03-31": "68.56610", "2013-12-31": 69.881, "2013-09-30": 55.5209, "2013-06-30": 52.0974, "2013-03-31": "45.43060", "2012-12-31": 39.5986, "2012-09-30": 41.8771, "2012-06-30": 40.7665, "2012-03-31": "46.34460", "2011-12-31": 40.4661, "2011-09-30": 43.397, "2011-06-30": 38.4722, "2011-03-31": "42.33290", "2010-12-31": 36.9233, "2010-09-30": 34.2912, "2010-06-30": 34.0574, "2010-03-31": "32.46210", "2009-12-31": 30.0479, "2009-09-30": 23.9368, "2009-06-30": 12.2093, "2009-03-31": "-1.55690", "2008-12-31": -10.3651, "2008-09-30": 15.1466, "2008-06-30": 26.8584, "2008-03-31": "30.44810", "2007-12-31": 31.8497, "2007-09-30": 29.8265, "2007-06-30": 30.9561, "2007-03-31": "29.49770", "2006-12-31": 30.816, "2006-09-30": 24.3379, "2006-06-30": 27.236, "2006-03-31": "26.37110", "2005-12-31": 29.6177, "2005-09-30": 27.9358, "2005-06-30": 26.041, "2005-03-31": "25.93300"}, "Total Depreciation And Amortization - Cash Flow": {"2020-12-31": -78.489, "2020-09-30": 25.0513, "2020-06-30": 27.1425, "2020-03-31": "26.29520", "2019-12-31": 25.3715, "2019-09-30": 26.0351, "2019-06-30": 25.1976, "2019-03-31": "28.09880", "2018-12-31": 21.4385, "2018-09-30": 24.8396, "2018-06-30": 27.8623, "2018-03-31": "28.04640", "2017-12-31": 24.7123, "2017-09-30": 24.4303, "2017-06-30": 25.2464, "2017-03-31": "25.18190", "2016-12-31": 19.7336, "2016-09-30": 23.064, "2016-06-30": 22.9508, "2016-03-31": "22.83900", "2015-12-31": 16.8901, "2015-09-30": 21.2379, "2015-06-30": 21.1921, "2015-03-31": "21.27910", "2014-12-31": 17.6287, "2014-09-30": 20.1551, "2014-06-30": 19.7671, "2014-03-31": "19.82540", "2013-12-31": 20.5192, "2013-09-30": 14.7684, "2013-06-30": 13.7606, "2013-03-31": "13.80600", "2012-12-31": 12.5593, "2012-09-30": 12.4816, "2012-06-30": 12.4642, "2012-03-31": "12.67470", "2011-12-31": 9.3244, "2011-09-30": 12.027, "2011-06-30": 10.7309, "2011-03-31": "10.55240", "2010-12-31": 9.0296, "2010-09-30": 10.038, "2010-06-30": 9.8775, "2010-03-31": "9.67560", "2009-12-31": 9.469, "2009-09-30": 9.6815, "2009-06-30": 9.5881, "2009-03-31": "9.62590", "2008-12-31": 8.6981, "2008-09-30": 9.7605, "2008-06-30": 8.6889, "2008-03-31": "8.74360", "2007-12-31": 8.2218, "2007-09-30": 8.4754, "2007-06-30": 7.8513, "2007-03-31": "7.88680", "2006-12-31": 7.1493, "2006-09-30": 7.2342, "2006-06-30": 6.6895, "2006-03-31": "6.68970", "2005-12-31": 5.6994, "2005-09-30": 6.3204, "2005-06-30": 5.9094, "2005-03-31": "5.89410"}, "Other Non-Cash Items": {"2020-12-31": -12.2102, "2020-09-30": -0.556, "2020-06-30": 8.1346, "2020-03-31": "4.63160", "2019-12-31": 0.391, "2019-09-30": 7.5105, "2019-06-30": 6.7412, "2019-03-31": "3.61950", "2018-12-31": 4.491, "2018-09-30": 1.8523, "2018-06-30": 4.554, "2018-03-31": "0.51940", "2017-12-31": -16.5972, "2017-09-30": 3.6683, "2017-06-30": 5.3853, "2017-03-31": "10.10160", "2016-12-31": 24.4703, "2016-09-30": 7.2776, "2016-06-30": 6.9568, "2016-03-31": "3.60040", "2015-12-31": 30.9067, "2015-09-30": -5.76, "2015-06-30": 0.5368, "2015-03-31": "2.29010", "2014-12-31": 15.9231, "2014-09-30": 1.4876, "2014-06-30": 0.6199, "2014-03-31": "-2.43440", "2013-12-31": -2.5462, "2013-09-30": -5.9357, "2013-06-30": -2.2859, "2013-03-31": "0.00170", "2012-12-31": 1.2338, "2012-09-30": 2.0964, "2012-06-30": 2.1063, "2012-03-31": "3.18970", "2011-12-31": 13.8184, "2011-09-30": -3.2117, "2011-06-30": 4.5157, "2011-03-31": "1.99470", "2010-12-31": 4.1927, "2010-09-30": 5.881, "2010-06-30": 1.9092, "2010-03-31": "-0.25880", "2009-12-31": 6.1242, "2009-09-30": -0.2852, "2009-06-30": 1.3554, "2009-03-31": "4.38410", "2008-12-31": 29.2546, "2008-09-30": 6.045, "2008-06-30": 3.9487, "2008-03-31": "1.94170", "2007-12-31": -0.2767, "2007-09-30": -2.1922, "2007-06-30": -0.8725, "2007-03-31": "-3.02780", "2006-12-31": 0.1126, "2006-09-30": 1.0964, "2006-06-30": 0.045, "2006-03-31": "-1.01110", "2005-12-31": 1.2065, "2005-09-30": -0.6708, "2005-06-30": 0.888, "2005-03-31": "-1.56550"}, "Total Non-Cash Items": {"2020-12-31": -90.6992, "2020-09-30": 24.4953, "2020-06-30": 35.2771, "2020-03-31": "30.92680", "2019-12-31": 25.7624, "2019-09-30": 33.5456, "2019-06-30": 31.9388, "2019-03-31": "31.71830", "2018-12-31": 25.9297, "2018-09-30": 26.6918, "2018-06-30": 32.4163, "2018-03-31": "28.56580", "2017-12-31": 8.1151, "2017-09-30": 28.0985, "2017-06-30": 30.6318, "2017-03-31": "35.28350", "2016-12-31": 44.204, "2016-09-30": 30.3415, "2016-06-30": 29.9076, "2016-03-31": "26.43940", "2015-12-31": 47.7968, "2015-09-30": 15.4778, "2015-06-30": 21.729, "2015-03-31": "23.56920", "2014-12-31": 33.5517, "2014-09-30": 21.6427, "2014-06-30": 20.387, "2014-03-31": "17.39110", "2013-12-31": 17.973, "2013-09-30": 8.8327, "2013-06-30": 11.4747, "2013-03-31": "13.80770", "2012-12-31": 13.7931, "2012-09-30": 14.578, "2012-06-30": 14.5705, "2012-03-31": "15.86440", "2011-12-31": 23.1428, "2011-09-30": 8.8153, "2011-06-30": 15.2467, "2011-03-31": "12.54700", "2010-12-31": 13.2222, "2010-09-30": 15.919, "2010-06-30": 11.7867, "2010-03-31": "9.41680", "2009-12-31": 15.5932, "2009-09-30": 9.3963, "2009-06-30": 10.9436, "2009-03-31": "14.00990", "2008-12-31": 37.9527, "2008-09-30": 15.8055, "2008-06-30": 12.6376, "2008-03-31": "10.68530", "2007-12-31": 7.945, "2007-09-30": 6.2832, "2007-06-30": 6.9788, "2007-03-31": "4.85900", "2006-12-31": 7.262, "2006-09-30": 8.3306, "2006-06-30": 6.7345, "2006-03-31": "5.67860", "2005-12-31": 6.9061, "2005-09-30": 5.6495, "2005-06-30": 6.7974, "2005-03-31": "4.32860"}, "Change In Accounts Receivable": {"2020-12-31": 32.833, "2020-09-30": -97.8149, "2020-06-30": 63.1497, "2020-03-31": "1.83220", "2019-12-31": 17.6984, "2019-09-30": -26.6824, "2019-06-30": 17.84, "2019-03-31": "-30.72850", "2018-12-31": 33.7843, "2018-09-30": -7.9157, "2018-06-30": 7.0209, "2018-03-31": "-15.30550", "2017-12-31": 9.3841, "2017-09-30": -11.2555, "2017-06-30": 20.2076, "2017-03-31": "-37.86620", "2016-12-31": 17.6451, "2016-09-30": -9.7938, "2016-06-30": 4.5465, "2016-03-31": "-28.02010", "2015-12-31": 12.2342, "2015-09-30": -12.1439, "2015-06-30": 5.7224, "2015-03-31": "-33.77340", "2014-12-31": 18.4034, "2014-09-30": -8.1311, "2014-06-30": -6.9437, "2014-03-31": "-28.29070", "2013-12-31": 9.4077, "2013-09-30": -21.1479, "2013-06-30": 1.7401, "2013-03-31": "-12.34740", "2012-12-31": 16.6928, "2012-09-30": 3.676, "2012-06-30": 9.3483, "2012-03-31": "-28.90710", "2011-12-31": 19.6495, "2011-09-30": -18.1802, "2011-06-30": 4.4712, "2011-03-31": "-20.68260", "2010-12-31": 11.0343, "2010-09-30": -13.228, "2010-06-30": -9.627, "2010-03-31": "-12.66740", "2009-12-31": 3.1772, "2009-09-30": -22.8868, "2009-06-30": -4.229, "2009-03-31": "-2.69210", "2008-12-31": 26.4156, "2008-09-30": 0.4009, "2008-06-30": -1.4371, "2008-03-31": "-5.72670", "2007-12-31": 11.4845, "2007-09-30": -1.3074, "2007-06-30": -2.924, "2007-03-31": "-13.09720", "2006-12-31": 12.7609, "2006-09-30": -0.5903, "2006-06-30": -0.0923, "2006-03-31": "-9.49130", "2005-12-31": 15.5268, "2005-09-30": -14.4711, "2005-06-30": 1.3983, "2005-03-31": "-7.28610"}, "Change In Inventories": {"2020-12-31": -15.6595, "2020-09-30": 26.3701, "2020-06-30": -8.646, "2020-03-31": "-2.06460", "2019-12-31": -10.2651, "2019-09-30": -13.5823, "2019-06-30": 0.2085, "2019-03-31": "-0.02140", "2018-12-31": -11.8875, "2018-09-30": -1.0184, "2018-06-30": -5.1427, "2018-03-31": "9.53260", "2017-12-31": -10.1078, "2017-09-30": -10.1176, "2017-06-30": 0.548, "2017-03-31": "-7.77680", "2016-12-31": -9.9578, "2016-09-30": -3.127, "2016-06-30": 12.3982, "2016-03-31": "-13.92940", "2015-12-31": -10.0913, "2015-09-30": -13.8316, "2015-06-30": -5.2085, "2015-03-31": "-3.80610", "2014-12-31": -6.16, "2014-09-30": -10.386, "2014-06-30": 3.1376, "2014-03-31": "-8.27530", "2013-12-31": -2.6676, "2013-09-30": -1.4046, "2013-06-30": 14.0677, "2013-03-31": "29.86060", "2012-12-31": 17.1892, "2012-09-30": 15.2106, "2012-06-30": 8.4212, "2012-03-31": "-11.99790", "2011-12-31": -37.6225, "2011-09-30": -31.6733, "2011-06-30": -15.4213, "2011-03-31": "-3.30750", "2010-12-31": -8.6223, "2010-09-30": -12.8257, "2010-06-30": -11.5343, "2010-03-31": "-14.13740", "2009-12-31": -6.9305, "2009-09-30": 1.7025, "2009-06-30": 5.7414, "2009-03-31": "0.87150", "2008-12-31": 0.9046, "2008-09-30": -4.672, "2008-06-30": -4.189, "2008-03-31": "1.01210", "2007-12-31": -0.6461, "2007-09-30": -5.3323, "2007-06-30": 2.281, "2007-03-31": "4.45320", "2006-12-31": -4.4517, "2006-09-30": -3.5312, "2006-06-30": -1.7019, "2006-03-31": "0.71620", "2005-12-31": -2.9221, "2005-09-30": -2.4125, "2005-06-30": -2.8636, "2005-03-31": "-1.03780"}, "Change In Accounts Payable": {"2020-12-31": 7.3896, "2020-09-30": 30.0634, "2020-06-30": -39.9983, "2020-03-31": "2.54530", "2019-12-31": 2.2441, "2019-09-30": 5.2687, "2019-06-30": -0.0764, "2019-03-31": "-2.69280", "2018-12-31": 2.7683, "2018-09-30": -16.7425, "2018-06-30": 29.4766, "2018-03-31": "-12.59060", "2017-12-31": 9.9949, "2017-09-30": -3.0174, "2017-06-30": 5.2067, "2017-03-31": "-2.24940", "2016-12-31": 8.9629, "2016-09-30": -10.8224, "2016-06-30": 2.404, "2016-03-31": "13.06540", "2015-12-31": -17.5385, "2015-09-30": 13.9561, "2015-06-30": -3.3485, "2015-03-31": "1.82770", "2014-12-31": 2.8436, "2014-09-30": 12.7927, "2014-06-30": -8.579, "2014-03-31": "7.88940", "2013-12-31": 6.1709, "2013-09-30": 6.5498, "2013-06-30": 10.7877, "2013-03-31": "-10.19810", "2012-12-31": -9.0343, "2012-09-30": -1.2806, "2012-06-30": -19.4712, "2012-03-31": "7.51550", "2011-12-31": -4.687, "2011-09-30": 6.8746, "2011-06-30": 2.2099, "2011-03-31": "20.77760", "2010-12-31": -9.8103, "2010-09-30": 5.8421, "2010-06-30": -5.4947, "2010-03-31": "22.30160", "2009-12-31": -4.7647, "2009-09-30": 15.4787, "2009-06-30": -2.5412, "2009-03-31": "-0.42220", "2008-12-31": -10.8117, "2008-09-30": -3.7341, "2008-06-30": -0.1484, "2008-03-31": "3.86870", "2007-12-31": -4.0153, "2007-09-30": 4.6976, "2007-06-30": 2.1997, "2007-03-31": "3.76770", "2006-12-31": -8.6932, "2006-09-30": 3.1653, "2006-06-30": 7.0698, "2006-03-31": "-1.26790", "2005-12-31": -3.9104, "2005-09-30": -4.0059, "2005-06-30": 7.2405, "2005-03-31": "4.43420"}, "Change In Assets/Liabilities": {"2020-12-31": -8.9343, "2020-09-30": -5.2957, "2020-06-30": 1.4509, "2020-03-31": "12.77910", "2019-12-31": -0.9166, "2019-09-30": -0.4183, "2019-06-30": -13.1593, "2019-03-31": "10.84770", "2018-12-31": 3.5293, "2018-09-30": -5.6265, "2018-06-30": -12.0444, "2018-03-31": "2.87290", "2017-12-31": 1.6433, "2017-09-30": -2.2718, "2017-06-30": -2.0453, "2017-03-31": "18.85750", "2016-12-31": -17.1159, "2016-09-30": 1.6332, "2016-06-30": -3.6395, "2016-03-31": "23.52160", "2015-12-31": -18.6361, "2015-09-30": -2.5069, "2015-06-30": -3.6066, "2015-03-31": "15.21960", "2014-12-31": -8.5322, "2014-09-30": -5.6048, "2014-06-30": -8.3437, "2014-03-31": "0.53410", "2013-12-31": -2.3625, "2013-09-30": -0.3419, "2013-06-30": 0.1956, "2013-03-31": "0.13390", "2012-12-31": 10.4648, "2012-09-30": 1.0981, "2012-06-30": -8.5711, "2012-03-31": "11.87690", "2011-12-31": -13.274, "2011-09-30": 5.554, "2011-06-30": -3.9468, "2011-03-31": "4.71250", "2010-12-31": -5.0398, "2010-09-30": 1.0306, "2010-06-30": -0.122, "2010-03-31": "2.77800", "2009-12-31": -0.0318, "2009-09-30": -0.1733, "2009-06-30": 7.6717, "2009-03-31": "4.76580", "2008-12-31": -13.0366, "2008-09-30": 0.3279, "2008-06-30": 0.383, "2008-03-31": "-0.20760", "2007-12-31": -1.1947, "2007-09-30": -0.2551, "2007-06-30": -1.0284, "2007-03-31": "-1.48200", "2006-12-31": 0.4947, "2006-09-30": 0.5857, "2006-06-30": -0.0561, "2006-03-31": "0.04700", "2005-12-31": 1.2632, "2005-09-30": -0.8686, "2005-06-30": 0.2505, "2005-03-31": "-0.15360"}, "Total Change In Assets/Liabilities": {"2020-12-31": -34.1207, "2020-09-30": -2.9958, "2020-06-30": 6.2686, "2020-03-31": "30.84790", "2019-12-31": -3.2829, "2019-09-30": -34.9705, "2019-06-30": -1.2703, "2019-03-31": "-2.15850", "2018-12-31": 22.0072, "2018-09-30": -32.2049, "2018-06-30": 3.4952, "2018-03-31": "7.63450", "2017-12-31": 9.8626, "2017-09-30": -29.3305, "2017-06-30": 13.1989, "2017-03-31": "-1.64910", "2016-12-31": -12.3339, "2016-09-30": -21.1194, "2016-06-30": -13.1314, "2016-03-31": "45.14910", "2015-12-31": -64.9377, "2015-09-30": -2.5365, "2015-06-30": -12.3515, "2015-03-31": "7.19920", "2014-12-31": -4.7574, "2014-09-30": -8.6313, "2014-06-30": -52.7301, "2014-03-31": "11.76480", "2013-12-31": 5.8189, "2013-09-30": -12.9733, "2013-06-30": 11.2909, "2013-03-31": "38.18430", "2012-12-31": 28.0048, "2012-09-30": 18.4655, "2012-06-30": -14.9396, "2012-03-31": "-1.07750", "2011-12-31": -47.3722, "2011-09-30": -31.3954, "2011-06-30": -26.4793, "2011-03-31": "22.49560", "2010-12-31": -14.1205, "2010-09-30": -25.2074, "2010-06-30": -40.0462, "2010-03-31": "19.42910", "2009-12-31": -18.6109, "2009-09-30": 0.7533, "2009-06-30": 10.3216, "2009-03-31": "3.61030", "2008-12-31": 2.0378, "2008-09-30": -12.2767, "2008-06-30": -22.8305, "2008-03-31": "14.53260", "2007-12-31": 7.7279, "2007-09-30": -3.301, "2007-06-30": -15.5948, "2007-03-31": "11.69250", "2006-12-31": -4.1548, "2006-09-30": -6.2411, "2006-06-30": -1.3538, "2006-03-31": "6.42320", "2005-12-31": 4.5411, "2005-09-30": -19.086, "2005-06-30": -4.8936, "2005-03-31": "12.47390"}, "Cash Flow From Operating Activities": {"2020-12-31": -329.0443, "2020-09-30": 138.5921, "2020-06-30": 39.1717, "2020-03-31": "151.28050", "2019-12-31": 122.0266, "2019-09-30": 110.473, "2019-06-30": 139.6271, "2019-03-31": "133.84020", "2018-12-31": 154.2113, "2018-09-30": 105.8227, "2018-06-30": 144.9355, "2018-03-31": "147.44910", "2017-12-31": 148.4467, "2017-09-30": 88.9984, "2017-06-30": 132.3665, "2017-03-31": "131.19120", "2016-12-31": 120.6315, "2016-09-30": 101.2867, "2016-06-30": 103.2615, "2016-03-31": "151.86850", "2015-12-31": 71.2545, "2015-09-30": 91.2739, "2015-06-30": 83.9359, "2015-03-31": "107.95180", "2014-12-31": 99.7693, "2014-09-30": 85.3482, "2014-06-30": 44.3836, "2014-03-31": "97.72200", "2013-12-31": 93.6728, "2013-09-30": 51.3804, "2013-06-30": 74.8631, "2013-03-31": "97.42250", "2012-12-31": 81.3966, "2012-09-30": 74.9205, "2012-06-30": 40.3974, "2012-03-31": "61.13150", "2011-12-31": 16.2368, "2011-09-30": 20.8169, "2011-06-30": 27.2395, "2011-03-31": "77.37550", "2010-12-31": 36.025, "2010-09-30": 25.0029, "2010-06-30": 5.7978, "2010-03-31": "61.30800", "2009-12-31": 27.0301, "2009-09-30": 34.0864, "2009-06-30": 33.4744, "2009-03-31": "16.06340", "2008-12-31": 29.6254, "2008-09-30": 18.6754, "2008-06-30": 16.6654, "2008-03-31": "55.66600", "2007-12-31": 47.5226, "2007-09-30": 32.8087, "2007-06-30": 22.3401, "2007-03-31": "46.04920", "2006-12-31": 33.9232, "2006-09-30": 26.4274, "2006-06-30": 32.6168, "2006-03-31": "38.47280", "2005-12-31": 41.0649, "2005-09-30": 14.4993, "2005-06-30": 27.9448, "2005-03-31": "42.73550"}, "Net Change In Property, Plant, And Equipment": {"2020-12-31": 36.7166, "2020-09-30": -8.089, "2020-06-30": -13.2187, "2020-03-31": "-15.40890", "2019-12-31": -26.1936, "2019-09-30": -11.1084, "2019-06-30": -28.55, "2019-03-31": "-16.72690", "2018-12-31": -16.6755, "2018-09-30": -16.8962, "2018-06-30": -25.5003, "2018-03-31": "-26.18050", "2017-12-31": -17.8721, "2017-09-30": -29.7899, "2017-06-30": -29.0242, "2017-03-31": "-27.10500", "2016-12-31": -29.3098, "2016-09-30": -36.6647, "2016-06-30": -34.5035, "2016-03-31": "-19.81240", "2015-12-31": -35.6154, "2015-09-30": -28.693, "2015-06-30": -18.4294, "2015-03-31": "-15.16040", "2014-12-31": -22.3358, "2014-09-30": -19.7464, "2014-06-30": -13.8301, "2014-03-31": "-16.38290", "2013-12-31": -17.2838, "2013-09-30": -13.6588, "2013-06-30": -11.386, "2013-03-31": "-12.66550", "2012-12-31": -19.8251, "2012-09-30": -27.1711, "2012-06-30": -29.5887, "2012-03-31": "-39.82490", "2011-12-31": -35.1807, "2011-09-30": -35.8998, "2011-06-30": -29.5291, "2011-03-31": "-19.38890", "2010-12-31": -17.7461, "2010-09-30": -9.8119, "2010-06-30": -8.1348, "2010-03-31": "-10.69920", "2009-12-31": -4.6622, "2009-09-30": -4.987, "2009-06-30": -5.4683, "2009-03-31": "-5.98690", "2008-12-31": -7.3184, "2008-09-30": -9.6128, "2008-06-30": -14.4741, "2008-03-31": "-14.10820", "2007-12-31": -15.7491, "2007-09-30": -14.6331, "2007-06-30": -16.1895, "2007-03-31": "-7.58460", "2006-12-31": -7.5806, "2006-09-30": -10.2256, "2006-06-30": -16.9707, "2006-03-31": "-12.91550", "2005-12-31": -10.6573, "2005-09-30": -13.0306, "2005-06-30": -17.5963, "2005-03-31": "-11.10800"}, "Net Change In Intangible Assets": {"2020-12-31": 0, "2020-09-30": 0, "2020-06-30": 0, "2020-03-31": "", "2019-12-31": 0, "2019-09-30": 0, "2019-06-30": 0, "2019-03-31": "", "2018-12-31": 0, "2018-09-30": 0, "2018-06-30": 0, "2018-03-31": "", "2017-12-31": 0, "2017-09-30": 0, "2017-06-30": 0, "2017-03-31": "", "2016-12-31": 0, "2016-09-30": 0, "2016-06-30": 0, "2016-03-31": "", "2015-12-31": 0, "2015-09-30": 0, "2015-06-30": 0, "2015-03-31": "", "2014-12-31": 0, "2014-09-30": 0, "2014-06-30": 0, "2014-03-31": "", "2013-12-31": 0, "2013-09-30": 0, "2013-06-30": 0, "2013-03-31": "", "2012-12-31": 0, "2012-09-30": 0, "2012-06-30": 0, "2012-03-31": "", "2011-12-31": 0, "2011-09-30": 0, "2011-06-30": 0, "2011-03-31": "", "2010-12-31": 0, "2010-09-30": 0, "2010-06-30": 0, "2010-03-31": "", "2009-12-31": 0, "2009-09-30": 0, "2009-06-30": 0, "2009-03-31": "", "2008-12-31": 0, "2008-09-30": 0, "2008-06-30": 0, "2008-03-31": "", "2007-12-31": 0, "2007-09-30": 0, "2007-06-30": 0, "2007-03-31": "", "2006-12-31": 0, "2006-09-30": 0, "2006-06-30": 0, "2006-03-31": "", "2005-12-31": 0, "2005-09-30": 0, "2005-06-30": 0, "2005-03-31": ""}, "Net Acquisitions/Divestitures": {"2020-12-31": 8.0432, "2020-09-30": -1.0114, "2020-06-30": -7.0318, "2020-03-31": "", "2019-12-31": 0, "2019-09-30": 0, "2019-06-30": 0, "2019-03-31": "", "2018-12-31": 0, "2018-09-30": 0, "2018-06-30": 0, "2018-03-31": "", "2017-12-31": 0, "2017-09-30": 0, "2017-06-30": 0, "2017-03-31": "", "2016-12-31": 0, "2016-09-30": 0, "2016-06-30": 0, "2016-03-31": "", "2015-12-31": 0, "2015-09-30": 0, "2015-06-30": 0, "2015-03-31": "", "2014-12-31": 0, "2014-09-30": 0, "2014-06-30": 0, "2014-03-31": "", "2013-12-31": -0.0439, "2013-09-30": -698.107, "2013-06-30": 0, "2013-03-31": "", "2012-12-31": 0, "2012-09-30": 0, "2012-06-30": 0, "2012-03-31": "", "2011-12-31": 0, "2011-09-30": 0, "2011-06-30": 0, "2011-03-31": "", "2010-12-31": 0, "2010-09-30": 0, "2010-06-30": 0, "2010-03-31": "", "2009-12-31": 0, "2009-09-30": 0, "2009-06-30": 0, "2009-03-31": "", "2008-12-31": 0, "2008-09-30": 0, "2008-06-30": 0, "2008-03-31": "", "2007-12-31": 0, "2007-09-30": 0, "2007-06-30": 0, "2007-03-31": "", "2006-12-31": 0, "2006-09-30": 0, "2006-06-30": 0, "2006-03-31": "", "2005-12-31": 0, "2005-09-30": 0, "2005-06-30": 0, "2005-03-31": ""}, "Net Change In Short-term Investments": {"2020-12-31": 0, "2020-09-30": 0, "2020-06-30": 0, "2020-03-31": "", "2019-12-31": 0, "2019-09-30": 0, "2019-06-30": 0, "2019-03-31": "", "2018-12-31": 0, "2018-09-30": 0, "2018-06-30": 0, "2018-03-31": "", "2017-12-31": 0, "2017-09-30": -1.7836, "2017-06-30": 1.7836, "2017-03-31": "", "2016-12-31": 0, "2016-09-30": 0, "2016-06-30": 0, "2016-03-31": "", "2015-12-31": 0, "2015-09-30": 0, "2015-06-30": 0, "2015-03-31": "", "2014-12-31": 0, "2014-09-30": 0, "2014-06-30": 0, "2014-03-31": "", "2013-12-31": 0, "2013-09-30": 0, "2013-06-30": 0, "2013-03-31": "", "2012-12-31": 0, "2012-09-30": 0, "2012-06-30": 0, "2012-03-31": "", "2011-12-31": 0, "2011-09-30": 0, "2011-06-30": 0, "2011-03-31": "", "2010-12-31": 0, "2010-09-30": 0, "2010-06-30": 0, "2010-03-31": "", "2009-12-31": 0, "2009-09-30": 0, "2009-06-30": 0, "2009-03-31": "", "2008-12-31": 0, "2008-09-30": 0, "2008-06-30": 0, "2008-03-31": "", "2007-12-31": 0, "2007-09-30": 0, "2007-06-30": 0, "2007-03-31": "", "2006-12-31": 0, "2006-09-30": 0, "2006-06-30": 0, "2006-03-31": "", "2005-12-31": 0, "2005-09-30": 0, "2005-06-30": 0, "2005-03-31": ""}, "Net Change In Long-Term Investments": {"2020-12-31": -72.7982, "2020-09-30": 29.824, "2020-06-30": 68.7369, "2020-03-31": "-25.76270", "2019-12-31": 28.4538, "2019-09-30": 2.1803, "2019-06-30": -3.4035, "2019-03-31": "1.66450", "2018-12-31": -20.2788, "2018-09-30": 26.85, "2018-06-30": -157.1456, "2018-03-31": "55.60870", "2017-12-31": 20.5063, "2017-09-30": 5.863, "2017-06-30": 5.872, "2017-03-31": "-8.80870", "2016-12-31": -16.9541, "2016-09-30": 12.5899, "2016-06-30": -137.7761, "2016-03-31": "18.26280", "2015-12-31": -0.4037, "2015-09-30": 10.5412, "2015-06-30": -0.3144, "2015-03-31": "1.18010", "2014-12-31": -10.9219, "2014-09-30": 3.2209, "2014-06-30": 3.0588, "2014-03-31": "-0.63140", "2013-12-31": 10.6604, "2013-09-30": 123.2859, "2013-06-30": 6.025, "2013-03-31": "-19.50940", "2012-12-31": -36.8369, "2012-09-30": 24.4345, "2012-06-30": 8.5004, "2012-03-31": "5.83980", "2011-12-31": -15.5853, "2011-09-30": -22.1465, "2011-06-30": 15.4947, "2011-03-31": "38.01030", "2010-12-31": 5.7006, "2010-09-30": 0.8691, "2010-06-30": -32.8048, "2010-03-31": "-46.18790", "2009-12-31": -13.8562, "2009-09-30": -8.3366, "2009-06-30": 7.2767, "2009-03-31": "20.01240", "2008-12-31": 24.226, "2008-09-30": 24.2096, "2008-06-30": -0.6934, "2008-03-31": "16.75700", "2007-12-31": -13.5617, "2007-09-30": 6.7516, "2007-06-30": -2.7841, "2007-03-31": "10.15620", "2006-12-31": -5.1634, "2006-09-30": -26.1739, "2006-06-30": -6.1411, "2006-03-31": "21.60700", "2005-12-31": 16.3346, "2005-09-30": 19.7206, "2005-06-30": -15.9432, "2005-03-31": "9.72660"}, "Net Change In Investments - Total": {"2020-12-31": -72.7982, "2020-09-30": 29.824, "2020-06-30": 68.7369, "2020-03-31": "-25.76270", "2019-12-31": 28.4538, "2019-09-30": 2.1803, "2019-06-30": -3.4035, "2019-03-31": "1.66450", "2018-12-31": -20.2788, "2018-09-30": 26.85, "2018-06-30": -157.1456, "2018-03-31": "55.60870", "2017-12-31": 20.5063, "2017-09-30": 4.0794, "2017-06-30": 7.6556, "2017-03-31": "-8.80870", "2016-12-31": -16.9541, "2016-09-30": 12.5899, "2016-06-30": -137.7761, "2016-03-31": "18.26280", "2015-12-31": -0.4037, "2015-09-30": 10.5412, "2015-06-30": -0.3144, "2015-03-31": "1.18010", "2014-12-31": -10.9219, "2014-09-30": 3.2209, "2014-06-30": 3.0588, "2014-03-31": "-0.63140", "2013-12-31": 10.6604, "2013-09-30": 123.2859, "2013-06-30": 6.025, "2013-03-31": "-19.50940", "2012-12-31": -36.8369, "2012-09-30": 24.4345, "2012-06-30": 8.5004, "2012-03-31": "5.83980", "2011-12-31": -15.5853, "2011-09-30": -22.1465, "2011-06-30": 15.4947, "2011-03-31": "38.01030", "2010-12-31": 5.7006, "2010-09-30": 0.8691, "2010-06-30": -32.8048, "2010-03-31": "-46.18790", "2009-12-31": -13.8562, "2009-09-30": -8.3366, "2009-06-30": 7.2767, "2009-03-31": "20.01240", "2008-12-31": 24.226, "2008-09-30": 24.2096, "2008-06-30": -0.6934, "2008-03-31": "16.75700", "2007-12-31": -13.5617, "2007-09-30": 6.7516, "2007-06-30": -2.7841, "2007-03-31": "10.15620", "2006-12-31": -5.1634, "2006-09-30": -26.1739, "2006-06-30": -6.1411, "2006-03-31": "21.60700", "2005-12-31": 16.3346, "2005-09-30": 19.7206, "2005-06-30": -15.9432, "2005-03-31": "9.72660"}, "Investing Activities - Other": {"2020-12-31": 3.3268, "2020-09-30": 0.5597, "2020-06-30": -1.3419, "2020-03-31": "-2.54460", "2019-12-31": 0.0843, "2019-09-30": -2.0895, "2019-06-30": -1.1863, "2019-03-31": "0.16420", "2018-12-31": -1.0459, "2018-09-30": -1.5913, "2018-06-30": -3.0111, "2018-03-31": "0.04530", "2017-12-31": 0.2137, "2017-09-30": 2.4323, "2017-06-30": 0.5884, "2017-03-31": "-0.58840", "2016-12-31": -4.8616, "2016-09-30": -0.1289, "2016-06-30": -2.4236, "2016-03-31": "0.13590", "2015-12-31": -0.911, "2015-09-30": -0.8473, "2015-06-30": 0.0663, "2015-03-31": "-1.15060", "2014-12-31": -0.931, "2014-09-30": -0.5301, "2014-06-30": -0.3983, "2014-03-31": "-0.28540", "2013-12-31": 0.0284, "2013-09-30": -0.0705, "2013-06-30": 0.1754, "2013-03-31": "-0.70690", "2012-12-31": -1.5653, "2012-09-30": -15.3114, "2012-06-30": -0.9009, "2012-03-31": "0.17540", "2011-12-31": -0.862, "2011-09-30": -0.9136, "2011-06-30": 0.235, "2011-03-31": "2.23900", "2010-12-31": -1.6759, "2010-09-30": 1.3881, "2010-06-30": -3.4405, "2010-03-31": "-2.04320", "2009-12-31": -0.1028, "2009-09-30": 0.4474, "2009-06-30": 0.4404, "2009-03-31": "-0.55130", "2008-12-31": -2.4093, "2008-09-30": -1.1529, "2008-06-30": 0.0671, "2008-03-31": "0.31130", "2007-12-31": 0.6856, "2007-09-30": -0.4392, "2007-06-30": -0.1936, "2007-03-31": "-0.13970", "2006-12-31": 0.0491, "2006-09-30": -0.2933, "2006-06-30": 0.8301, "2006-03-31": "-0.27700", "2005-12-31": -0.9444, "2005-09-30": -0.1866, "2005-06-30": -1.0085, "2005-03-31": "0.09260"}, "Cash Flow From Investing Activities": {"2020-12-31": -24.7116, "2020-09-30": 21.2833, "2020-06-30": 47.1445, "2020-03-31": "-43.71620", "2019-12-31": 2.3445, "2019-09-30": -11.0176, "2019-06-30": -33.1399, "2019-03-31": "-14.89810", "2018-12-31": -38.0002, "2018-09-30": 8.3625, "2018-06-30": -185.657, "2018-03-31": "29.47350", "2017-12-31": 2.8478, "2017-09-30": -23.2781, "2017-06-30": -20.7802, "2017-03-31": "-36.50210", "2016-12-31": -51.1255, "2016-09-30": -24.2037, "2016-06-30": -174.7033, "2016-03-31": "-1.41360", "2015-12-31": -36.9302, "2015-09-30": -18.9991, "2015-06-30": -18.6775, "2015-03-31": "-15.13090", "2014-12-31": -34.1887, "2014-09-30": -17.0556, "2014-06-30": -11.1695, "2014-03-31": "-17.29970", "2013-12-31": -6.6388, "2013-09-30": -588.5504, "2013-06-30": -5.1856, "2013-03-31": "-32.88180", "2012-12-31": -58.2273, "2012-09-30": -18.0479, "2012-06-30": -21.9894, "2012-03-31": "-33.80960", "2011-12-31": -51.6281, "2011-09-30": -58.9599, "2011-06-30": -13.7994, "2011-03-31": "20.86040", "2010-12-31": -13.7214, "2010-09-30": -7.5548, "2010-06-30": -44.38, "2010-03-31": "-58.93030", "2009-12-31": -18.6213, "2009-09-30": -12.8762, "2009-06-30": 2.2487, "2009-03-31": "13.47430", "2008-12-31": 14.4983, "2008-09-30": 13.444, "2008-06-30": -15.1004, "2008-03-31": "2.96010", "2007-12-31": -28.6254, "2007-09-30": -8.3206, "2007-06-30": -19.1673, "2007-03-31": "2.43200", "2006-12-31": -12.695, "2006-09-30": -36.6929, "2006-06-30": -22.2816, "2006-03-31": "8.41450", "2005-12-31": 4.7329, "2005-09-30": 6.5034, "2005-06-30": -34.5481, "2005-03-31": "-1.28870"}, "Net Long-Term Debt": {"2020-12-31": -25, "2020-09-30": -50, "2020-06-30": 0, "2020-03-31": "75.00000", "2019-12-31": 0, "2019-09-30": 0, "2019-06-30": 0, "2019-03-31": "", "2018-12-31": 0, "2018-09-30": -23.125, "2018-06-30": -26.875, "2018-03-31": "-28.00000", "2017-12-31": -29.5, "2017-09-30": -9.375, "2017-06-30": -26.875, "2017-03-31": "-41.87500", "2016-12-31": -16.875, "2016-09-30": -11.875, "2016-06-30": -1.875, "2016-03-31": "-16.87500", "2015-12-31": -1.875, "2015-09-30": -26.875, "2015-06-30": -1.875, "2015-03-31": "-1.87500", "2014-12-31": -1.875, "2014-09-30": -1.875, "2014-06-30": -1.875, "2014-03-31": "-1.87500", "2013-12-31": -1.875, "2013-09-30": 275, "2013-06-30": 0, "2013-03-31": "", "2012-12-31": 0, "2012-09-30": 0, "2012-06-30": 0, "2012-03-31": "", "2011-12-31": 0, "2011-09-30": 0, "2011-06-30": 0, "2011-03-31": "", "2010-12-31": 0, "2010-09-30": 0, "2010-06-30": 0, "2010-03-31": "", "2009-12-31": 0, "2009-09-30": 0, "2009-06-30": 0, "2009-03-31": "", "2008-12-31": 0, "2008-09-30": 0, "2008-06-30": 0, "2008-03-31": "", "2007-12-31": 0, "2007-09-30": 0, "2007-06-30": 0, "2007-03-31": "", "2006-12-31": 0, "2006-09-30": 0, "2006-06-30": 0, "2006-03-31": "", "2005-12-31": 0, "2005-09-30": 0, "2005-06-30": 0, "2005-03-31": ""}, "Net Current Debt": {"2020-12-31": 0, "2020-09-30": 0, "2020-06-30": 0, "2020-03-31": "", "2019-12-31": 0, "2019-09-30": 0, "2019-06-30": 0, "2019-03-31": "", "2018-12-31": 0, "2018-09-30": 0, "2018-06-30": 0, "2018-03-31": "", "2017-12-31": 0, "2017-09-30": 0, "2017-06-30": 0, "2017-03-31": "", "2016-12-31": 0, "2016-09-30": 0, "2016-06-30": 0, "2016-03-31": "", "2015-12-31": 0, "2015-09-30": 0, "2015-06-30": 0, "2015-03-31": "", "2014-12-31": 0, "2014-09-30": 0, "2014-06-30": 0, "2014-03-31": "", "2013-12-31": 0, "2013-09-30": 0, "2013-06-30": 0, "2013-03-31": "", "2012-12-31": 0, "2012-09-30": 0, "2012-06-30": 0, "2012-03-31": "", "2011-12-31": 0, "2011-09-30": 0, "2011-06-30": 0, "2011-03-31": "", "2010-12-31": 0, "2010-09-30": 0, "2010-06-30": 0, "2010-03-31": "", "2009-12-31": 0, "2009-09-30": 0, "2009-06-30": 0, "2009-03-31": "", "2008-12-31": 0, "2008-09-30": 0, "2008-06-30": 0, "2008-03-31": "", "2007-12-31": 0, "2007-09-30": 0, "2007-06-30": 0, "2007-03-31": "", "2006-12-31": 0, "2006-09-30": 0, "2006-06-30": 0, "2006-03-31": "", "2005-12-31": 0, "2005-09-30": 0, "2005-06-30": 0, "2005-03-31": ""}, "Debt Issuance/Retirement Net - Total": {"2020-12-31": -25, "2020-09-30": -50, "2020-06-30": 0, "2020-03-31": "75.00000", "2019-12-31": 0, "2019-09-30": 0, "2019-06-30": 0, "2019-03-31": "", "2018-12-31": 0, "2018-09-30": -23.125, "2018-06-30": -26.875, "2018-03-31": "-28.00000", "2017-12-31": -29.5, "2017-09-30": -9.375, "2017-06-30": -26.875, "2017-03-31": "-41.87500", "2016-12-31": -16.875, "2016-09-30": -11.875, "2016-06-30": -1.875, "2016-03-31": "-16.87500", "2015-12-31": -1.875, "2015-09-30": -26.875, "2015-06-30": -1.875, "2015-03-31": "-1.87500", "2014-12-31": -1.875, "2014-09-30": -1.875, "2014-06-30": -1.875, "2014-03-31": "-1.87500", "2013-12-31": -1.875, "2013-09-30": 275, "2013-06-30": 0, "2013-03-31": "", "2012-12-31": 0, "2012-09-30": 0, "2012-06-30": 0, "2012-03-31": "", "2011-12-31": 0, "2011-09-30": 0, "2011-06-30": 0, "2011-03-31": "", "2010-12-31": 0, "2010-09-30": 0, "2010-06-30": 0, "2010-03-31": "", "2009-12-31": 0, "2009-09-30": 0, "2009-06-30": 0, "2009-03-31": "", "2008-12-31": 0, "2008-09-30": 0, "2008-06-30": 0, "2008-03-31": "", "2007-12-31": 0, "2007-09-30": 0, "2007-06-30": 0, "2007-03-31": "", "2006-12-31": 0, "2006-09-30": 0, "2006-06-30": 0, "2006-03-31": "", "2005-12-31": 0, "2005-09-30": 0, "2005-06-30": 0, "2005-03-31": ""}, "Net Common Equity Issued/Repurchased": {"2020-12-31": 186.8033, "2020-09-30": -23.6944, "2020-06-30": 8.3552, "2020-03-31": "-171.46410", "2019-12-31": -59.1088, "2019-09-30": -70.3379, "2019-06-30": -38.4509, "2019-03-31": "-85.75270", "2018-12-31": -64.3701, "2018-09-30": -164.1606, "2018-06-30": -129.9041, "2018-03-31": "-166.30530", "2017-12-31": -85.6619, "2017-09-30": -46.3039, "2017-06-30": -37.8778, "2017-03-31": "-13.74920", "2016-12-31": -14.7586, "2016-09-30": -4.3005, "2016-06-30": -29.0849, "2016-03-31": "-33.90720", "2015-12-31": -18.1682, "2015-09-30": -26.5943, "2015-06-30": -20.3798, "2015-03-31": "-15.91800", "2014-12-31": 20.7736, "2014-09-30": -2.3925, "2014-06-30": 5.3494, "2014-03-31": "6.22760", "2013-12-31": 15.8509, "2013-09-30": 6.4959, "2013-06-30": 9.4385, "2013-03-31": "6.59230", "2012-12-31": 3.7909, "2012-09-30": -32.7386, "2012-06-30": 4.9736, "2012-03-31": "2.46630", "2011-12-31": 11.4889, "2011-09-30": 7.0404, "2011-06-30": 6.6333, "2011-03-31": "8.14220", "2010-12-31": 35.3328, "2010-09-30": 6.3419, "2010-06-30": 8.0839, "2010-03-31": "17.30880", "2009-12-31": 6.9998, "2009-09-30": 0.2727, "2009-06-30": 0.1775, "2009-03-31": "0.03790", "2008-12-31": -17.7853, "2008-09-30": -36.0005, "2008-06-30": -14.2468, "2008-03-31": "-31.41170", "2007-12-31": 3.8105, "2007-09-30": 11.6048, "2007-06-30": 15.4597, "2007-03-31": "1.88650", "2006-12-31": -13.3663, "2006-09-30": -51.636, "2006-06-30": -102.2147, "2006-03-31": "-40.68110", "2005-12-31": 8.695, "2005-09-30": -20.8222, "2005-06-30": 5.8022, "2005-03-31": "2.60170"}, "Net Total Equity Issued/Repurchased": {"2020-12-31": 186.8033, "2020-09-30": -23.6944, "2020-06-30": 8.3552, "2020-03-31": "-171.46410", "2019-12-31": -59.1088, "2019-09-30": -70.3379, "2019-06-30": -38.4509, "2019-03-31": "-85.75270", "2018-12-31": -64.3701, "2018-09-30": -164.1606, "2018-06-30": -129.9041, "2018-03-31": "-166.30530", "2017-12-31": -85.6619, "2017-09-30": -46.3039, "2017-06-30": -37.8778, "2017-03-31": "-13.74920", "2016-12-31": -14.7586, "2016-09-30": -4.3005, "2016-06-30": -29.0849, "2016-03-31": "-33.90720", "2015-12-31": -18.1682, "2015-09-30": -26.5943, "2015-06-30": -20.3798, "2015-03-31": "-15.91800", "2014-12-31": 20.7736, "2014-09-30": -2.3925, "2014-06-30": 5.3494, "2014-03-31": "6.22760", "2013-12-31": 15.8509, "2013-09-30": 6.4959, "2013-06-30": 9.4385, "2013-03-31": "6.59230", "2012-12-31": 3.7909, "2012-09-30": -32.7386, "2012-06-30": 4.9736, "2012-03-31": "2.46630", "2011-12-31": 11.4889, "2011-09-30": 7.0404, "2011-06-30": 6.6333, "2011-03-31": "8.14220", "2010-12-31": 35.3328, "2010-09-30": 6.3419, "2010-06-30": 8.0839, "2010-03-31": "17.30880", "2009-12-31": 6.9998, "2009-09-30": 0.2727, "2009-06-30": 0.1775, "2009-03-31": "0.03790", "2008-12-31": -17.7853, "2008-09-30": -36.0005, "2008-06-30": -14.2468, "2008-03-31": "-31.41170", "2007-12-31": 3.8105, "2007-09-30": 11.6048, "2007-06-30": 15.4597, "2007-03-31": "1.88650", "2006-12-31": -13.3663, "2006-09-30": -51.636, "2006-06-30": -102.2147, "2006-03-31": "-40.68110", "2005-12-31": 8.695, "2005-09-30": -20.8222, "2005-06-30": 5.8022, "2005-03-31": "2.60170"}, "Total Common And Preferred Stock Dividends Paid": {"2020-12-31": 87.7746, "2020-09-30": -29.4929, "2020-06-30": -29.3848, "2020-03-31": "-28.89690", "2019-12-31": -29.0918, "2019-09-30": -29.2992, "2019-06-30": -29.392, "2019-03-31": "-28.52620", "2018-12-31": -28.8328, "2018-09-30": -29.5817, "2018-06-30": -30.124, "2018-03-31": "-28.02810", "2017-12-31": -28.3979, "2017-09-30": -28.6209, "2017-06-30": -25.8998, "2017-03-31": "-25.89640", "2016-12-31": -25.9137, "2016-09-30": -25.8832, "2016-06-30": -24.575, "2016-03-31": "-24.75950", "2015-12-31": -24.8403, "2015-09-30": -24.9562, "2015-06-30": -23.5741, "2015-03-31": "-23.61980", "2014-12-31": -23.4225, "2014-09-30": -23.4012, "2014-06-30": -20.4274, "2014-03-31": "-20.38090", "2013-12-31": -20.2624, "2013-09-30": -20.1963, "2013-06-30": -20.1018, "2013-03-31": "-18.59990", "2012-12-31": -18.558, "2012-09-30": -18.7936, "2012-06-30": -18.7477, "2012-03-31": "-17.28840", "2011-12-31": -17.2166, "2011-09-30": -17.1743, "2011-06-30": -17.1289, "2011-03-31": "-15.65210", "2010-12-31": -15.4395, "2010-09-30": -15.3955, "2010-06-30": -15.3419, "2010-03-31": "-15.21730", "2009-12-31": -15.1619, "2009-09-30": -15.1519, "2009-06-30": -15.1442, "2009-03-31": "-15.13970", "2008-12-31": -15.3656, "2008-09-30": -14.9039, "2008-06-30": -14.9944, "2008-03-31": "-15.19920", "2007-12-31": -15.1734, "2007-09-30": -13.6559, "2007-06-30": -13.5577, "2007-03-31": "-13.53520", "2006-12-31": -13.6076, "2006-09-30": -13.2146, "2006-06-30": -13.8382, "2006-03-31": "-14.04400", "2005-12-31": -13.9839, "2005-09-30": -13.2999, "2005-06-30": -13.2564, "2005-03-31": "-13.23740"}, "Financial Activities - Other": {"2020-12-31": 0, "2020-09-30": 0, "2020-06-30": 0, "2020-03-31": "", "2019-12-31": 0, "2019-09-30": 0, "2019-06-30": 0, "2019-03-31": "", "2018-12-31": 0, "2018-09-30": 0, "2018-06-30": 0, "2018-03-31": "", "2017-12-31": 0, "2017-09-30": 0, "2017-06-30": 0, "2017-03-31": "", "2016-12-31": 0, "2016-09-30": 0, "2016-06-30": 0, "2016-03-31": "", "2015-12-31": -2.4116, "2015-09-30": 0.7824, "2015-06-30": 0.5555, "2015-03-31": "1.07370", "2014-12-31": 2.8864, "2014-09-30": 1.2122, "2014-06-30": 0.7011, "2014-03-31": "0.70260", "2013-12-31": 2.1672, "2013-09-30": -0.1745, "2013-06-30": 1.1547, "2013-03-31": "0.34120", "2012-12-31": 0.1746, "2012-09-30": 0.0546, "2012-06-30": 0.2684, "2012-03-31": "0.31810", "2011-12-31": 2.0005, "2011-09-30": 0.7623, "2011-06-30": 1.3536, "2011-03-31": "1.24610", "2010-12-31": 2.435, "2010-09-30": 0.0886, "2010-06-30": 0.2211, "2010-03-31": "0.27630", "2009-12-31": 0.032, "2009-09-30": 0, "2009-06-30": 0, "2009-03-31": "", "2008-12-31": 0, "2008-09-30": 0, "2008-06-30": 0.0169, "2008-03-31": "0.04570", "2007-12-31": 0.0695, "2007-09-30": 0.1668, "2007-06-30": 0.0907, "2007-03-31": "0.01160", "2006-12-31": 0.0212, "2006-09-30": 0.0374, "2006-06-30": 0.1008, "2006-03-31": "0.07600", "2005-12-31": 0, "2005-09-30": 0, "2005-06-30": 0, "2005-03-31": ""}, "Cash Flow From Financial Activities": {"2020-12-31": 249.5779, "2020-09-30": -103.1873, "2020-06-30": -21.0296, "2020-03-31": "-125.36100", "2019-12-31": -88.2005, "2019-09-30": -99.6372, "2019-06-30": -67.8429, "2019-03-31": "-114.27880", "2018-12-31": -93.2028, "2018-09-30": -216.8673, "2018-06-30": -186.903, "2018-03-31": "-222.33350", "2017-12-31": -143.5598, "2017-09-30": -84.2998, "2017-06-30": -90.6527, "2017-03-31": "-81.52050", "2016-12-31": -57.5472, "2016-09-30": -42.0587, "2016-06-30": -55.5349, "2016-03-31": "-75.54170", "2015-12-31": -47.2952, "2015-09-30": -77.6431, "2015-06-30": -45.2734, "2015-03-31": "-40.33910", "2014-12-31": -1.6375, "2014-09-30": -26.4565, "2014-06-30": -16.2519, "2014-03-31": "-15.32570", "2013-12-31": -4.1192, "2013-09-30": 261.1252, "2013-06-30": -9.5087, "2013-03-31": "-11.66640", "2012-12-31": -14.5925, "2012-09-30": -51.4777, "2012-06-30": -13.5058, "2012-03-31": "-14.50390", "2011-12-31": -3.7273, "2011-09-30": -9.3715, "2011-06-30": -9.1421, "2011-03-31": "-6.26380", "2010-12-31": 22.3283, "2010-09-30": -8.9651, "2010-06-30": -7.0369, "2010-03-31": "2.36780", "2009-12-31": -8.1303, "2009-09-30": -14.8791, "2009-06-30": -14.9667, "2009-03-31": "-15.10180", "2008-12-31": -33.151, "2008-09-30": -50.9043, "2008-06-30": -29.2242, "2008-03-31": "-46.56530", "2007-12-31": -11.2934, "2007-09-30": -1.8843, "2007-06-30": 1.9928, "2007-03-31": "-11.63720", "2006-12-31": -26.9528, "2006-09-30": -64.8131, "2006-06-30": -115.9522, "2006-03-31": "-54.64900", "2005-12-31": -5.2889, "2005-09-30": -34.1221, "2005-06-30": -7.4544, "2005-03-31": "-10.63560"}, "Net Cash Flow": {"2020-12-31": -104.1779, "2020-09-30": 56.688, "2020-06-30": 65.2866, "2020-03-31": "-17.79670", "2019-12-31": 36.1705, "2019-09-30": -0.1818, "2019-06-30": 38.6443, "2019-03-31": "4.66330", "2018-12-31": 23.0083, "2018-09-30": -102.6821, "2018-06-30": -227.6245, "2018-03-31": "-45.41090", "2017-12-31": 7.7347, "2017-09-30": -18.5796, "2017-06-30": 20.9337, "2017-03-31": "13.16860", "2016-12-31": 11.9588, "2016-09-30": 35.0243, "2016-06-30": -126.9768, "2016-03-31": "74.91320", "2015-12-31": -12.9707, "2015-09-30": -5.3684, "2015-06-30": 19.9849, "2015-03-31": "52.48190", "2014-12-31": 63.9432, "2014-09-30": 41.8361, "2014-06-30": 16.9622, "2014-03-31": "65.09660", "2013-12-31": 82.9148, "2013-09-30": -276.0448, "2013-06-30": 60.1688, "2013-03-31": "52.87430", "2012-12-31": 8.5767, "2012-09-30": 5.3949, "2012-06-30": 4.9023, "2012-03-31": "12.81800", "2011-12-31": -39.1186, "2011-09-30": -47.5146, "2011-06-30": 4.2981, "2011-03-31": "91.97210", "2010-12-31": 44.6319, "2010-09-30": 8.483, "2010-06-30": -45.6191, "2010-03-31": "4.74550", "2009-12-31": 0.2785, "2009-09-30": 6.3312, "2009-06-30": 20.7563, "2009-03-31": "14.43590", "2008-12-31": 10.9728, "2008-09-30": -18.785, "2008-06-30": -27.6592, "2008-03-31": "12.06080", "2007-12-31": 7.6039, "2007-09-30": 22.6038, "2007-06-30": 5.1656, "2007-03-31": "36.84400", "2006-12-31": -5.7246, "2006-09-30": -75.0786, "2006-06-30": -105.617, "2006-03-31": "-7.76170", "2005-12-31": 40.5088, "2005-09-30": -13.1193, "2005-06-30": -14.0576, "2005-03-31": "30.81110"}, "Stock-Based Compensation": {"2020-12-31": -23.2669, "2020-09-30": 7.3065, "2020-06-30": 9.6043, "2020-03-31": "6.35610", "2019-12-31": 5.7438, "2019-09-30": 5.7882, "2019-06-30": 5.2763, "2019-03-31": "4.86290", "2018-12-31": 4.7474, "2018-09-30": 4.9057, "2018-06-30": 4.6754, "2018-03-31": "3.97750", "2017-12-31": 5.2862, "2017-09-30": 3.9761, "2017-06-30": 4.6917, "2017-03-31": "4.42300", "2016-12-31": 4.6894, "2016-09-30": 4.7259, "2016-06-30": 4.8029, "2016-03-31": "4.97450", "2015-12-31": 4.8964, "2015-09-30": 5.3101, "2015-06-30": 5.4105, "2015-03-31": "5.81400", "2014-12-31": 5.707, "2014-09-30": 5.4227, "2014-06-30": 5.4052, "2014-03-31": "4.74210", "2013-12-31": 4.8989, "2013-09-30": 4.4503, "2013-06-30": 4.2279, "2013-03-31": "3.85010", "2012-12-31": 4.0718, "2012-09-30": 4.3703, "2012-06-30": 4.0311, "2012-03-31": "3.96060", "2011-12-31": 4.0129, "2011-09-30": 3.7651, "2011-06-30": 3.3181, "2011-03-31": "3.10150", "2010-12-31": 2.9822, "2010-09-30": 2.7998, "2010-06-30": 2.5358, "2010-03-31": "2.33440", "2009-12-31": 2.2083, "2009-09-30": 2.4275, "2009-06-30": 2.2048, "2009-03-31": "2.24430", "2008-12-31": 2.5643, "2008-09-30": 2.6188, "2008-06-30": 2.513, "2008-03-31": "2.52140", "2007-12-31": 2.5075, "2007-09-30": 2.4231, "2007-06-30": 2.1442, "2007-03-31": "2.21860", "2006-12-31": 1.9272, "2006-09-30": 2.2444, "2006-06-30": 2.1633, "2006-03-31": "2.14700", "2005-12-31": 0.3263, "2005-09-30": 0.4267, "2005-06-30": 0.4305, "2005-03-31": "0.44620"}, "Common Stock Dividends Paid": {"2020-12-31": 87.7746, "2020-09-30": -29.4929, "2020-06-30": -29.3848, "2020-03-31": "-28.89690", "2019-12-31": -29.0918, "2019-09-30": -29.2992, "2019-06-30": -29.392, "2019-03-31": "-28.52620", "2018-12-31": -28.8328, "2018-09-30": -29.5817, "2018-06-30": -30.124, "2018-03-31": "-28.02810", "2017-12-31": -28.3979, "2017-09-30": -28.6209, "2017-06-30": -25.8998, "2017-03-31": "-25.89640", "2016-12-31": -25.9137, "2016-09-30": -25.8832, "2016-06-30": -24.575, "2016-03-31": "-24.75950", "2015-12-31": -24.8403, "2015-09-30": -24.9562, "2015-06-30": -23.5741, "2015-03-31": "-23.61980", "2014-12-31": -23.4225, "2014-09-30": -23.4012, "2014-06-30": -20.4274, "2014-03-31": "-20.38090", "2013-12-31": -20.2624, "2013-09-30": -20.1963, "2013-06-30": -20.1018, "2013-03-31": "-18.59990", "2012-12-31": -18.558, "2012-09-30": -18.7936, "2012-06-30": -18.7477, "2012-03-31": "-17.28840", "2011-12-31": -17.2166, "2011-09-30": -17.1743, "2011-06-30": -17.1289, "2011-03-31": "-15.65210", "2010-12-31": -15.4395, "2010-09-30": -15.3955, "2010-06-30": -15.3419, "2010-03-31": "-15.21730", "2009-12-31": -15.1619, "2009-09-30": -15.1519, "2009-06-30": -15.1442, "2009-03-31": "-15.13970", "2008-12-31": -15.3656, "2008-09-30": -14.9039, "2008-06-30": -14.9944, "2008-03-31": "-15.19920", "2007-12-31": -15.1734, "2007-09-30": -13.6559, "2007-06-30": -13.5577, "2007-03-31": "-13.53520", "2006-12-31": -13.6076, "2006-09-30": -13.2146, "2006-06-30": -13.8382, "2006-03-31": "-14.04400", "2005-12-31": -13.9839, "2005-09-30": -13.2999, "2005-06-30": -13.2564, "2005-03-31": "-13.23740"}}, "financial ratios": {"Current Ratio": {"2019-12-31": "5.53040", "2018-12-31": "5.03030", "2017-12-31": "4.86180", "2016-12-31": "7.70720", "2015-12-31": "7.51110", "2014-12-31": "6.42010", "2013-12-31": "5.01070", "2012-12-31": "8.46620", "2011-12-31": "7.47100", "2010-12-31": "9.08980", "2009-12-31": "8.61920", "2008-12-31": "9.24050", "2007-12-31": "7.73070", "2006-12-31": "7.79040", "2005-12-31": "10.65600"}, "Long-term Debt / Capital": {"2019-12-31": "", "2018-12-31": "", "2017-12-31": "", "2016-12-31": "0.08530", "2015-12-31": "0.11580", "2014-12-31": "0.14110", "2013-12-31": "0.16670", "2012-12-31": "", "2011-12-31": "", "2010-12-31": "", "2009-12-31": "", "2008-12-31": "", "2007-12-31": "", "2006-12-31": "", "2005-12-31": ""}, "Debt/Equity Ratio": {"2019-12-31": "", "2018-12-31": "", "2017-12-31": "0.03810", "2016-12-31": "0.09720", "2015-12-31": "0.13530", "2014-12-31": "0.16900", "2013-12-31": "0.20570", "2012-12-31": "", "2011-12-31": "", "2010-12-31": "", "2009-12-31": "", "2008-12-31": "", "2007-12-31": "", "2006-12-31": "", "2005-12-31": ""}, "Gross Margin": {"2019-12-31": "37.02780", "2018-12-31": "37.64680", "2017-12-31": "38.69510", "2016-12-31": "39.81430", "2015-12-31": "39.11440", "2014-12-31": "39.17770", "2013-12-31": "36.75620", "2012-12-31": "33.90620", "2011-12-31": "35.31880", "2010-12-31": "36.22490", "2009-12-31": "32.60740", "2008-12-31": "32.56280", "2007-12-31": "34.81960", "2006-12-31": "34.79210", "2005-12-31": "37.02630"}, "Operating Margin": {"2019-12-31": "26.28110", "2018-12-31": "27.70490", "2017-12-31": "29.15850", "2016-12-31": "30.48040", "2015-12-31": "29.72020", "2014-12-31": "28.99560", "2013-12-31": "26.00490", "2012-12-31": "21.32270", "2011-12-31": "22.59980", "2010-12-31": "23.39590", "2009-12-31": "17.37650", "2008-12-31": "17.44360", "2007-12-31": "21.22780", "2006-12-31": "22.09580", "2005-12-31": "25.40510"}, "EBIT Margin": {"2019-12-31": "26.28110", "2018-12-31": "27.70490", "2017-12-31": "29.15850", "2016-12-31": "30.48040", "2015-12-31": "29.72020", "2014-12-31": "28.99560", "2013-12-31": "26.00490", "2012-12-31": "21.32270", "2011-12-31": "22.59980", "2010-12-31": "23.39590", "2009-12-31": "17.37650", "2008-12-31": "17.44360", "2007-12-31": "21.22780", "2006-12-31": "22.09580", "2005-12-31": "25.40510"}, "EBITDA Margin": {"2019-12-31": "31.91360", "2018-12-31": "33.27650", "2017-12-31": "34.70600", "2016-12-31": "35.75680", "2015-12-31": "34.94170", "2014-12-31": "34.62090", "2013-12-31": "31.36850", "2012-12-31": "25.88630", "2011-12-31": "26.76430", "2010-12-31": "28.12730", "2009-12-31": "24.42200", "2008-12-31": "23.19720", "2007-12-31": "26.18790", "2006-12-31": "26.94720", "2005-12-31": "29.84580"}, "Pre-Tax Profit Margin": {"2019-12-31": "26.92000", "2018-12-31": "28.46400", "2017-12-31": "29.62870", "2016-12-31": "30.41000", "2015-12-31": "30.03280", "2014-12-31": "30.19460", "2013-12-31": "27.99510", "2012-12-31": "22.70230", "2011-12-31": "23.87580", "2010-12-31": "24.92330", "2009-12-31": "17.69480", "2008-12-31": "14.77960", "2007-12-31": "27.48580", "2006-12-31": "27.77960", "2005-12-31": "29.80420"}, "Net Profit Margin": {"2019-12-31": "22.57550", "2018-12-31": "23.87500", "2017-12-31": "22.66410", "2016-12-31": "20.70320", "2015-12-31": "20.63140", "2014-12-31": "20.98180", "2013-12-31": "19.02350", "2012-12-31": "15.33220", "2011-12-31": "16.08460", "2010-12-31": "16.87370", "2009-12-31": "11.87040", "2008-12-31": "9.95320", "2007-12-31": "18.67620", "2006-12-31": "19.00530", "2005-12-31": "20.41580"}, "Asset Turnover": {"2019-12-31": "0.85710", "2018-12-31": "0.87950", "2017-12-31": "0.76310", "2016-12-31": "0.72690", "2015-12-31": "0.71840", "2014-12-31": "0.68010", "2013-12-31": "0.66430", "2012-12-31": "0.86870", "2011-12-31": "0.87050", "2010-12-31": "0.81410", "2009-12-31": "0.66200", "2008-12-31": "0.81750", "2007-12-31": "0.72820", "2006-12-31": "0.72900", "2005-12-31": "0.58150"}, "Inventory Turnover Ratio": {"2019-12-31": "4.70230", "2018-12-31": "5.07630", "2017-12-31": "5.07620", "2016-12-31": "5.33760", "2015-12-31": "5.37990", "2014-12-31": "5.90170", "2013-12-31": "6.17230", "2012-12-31": "4.54410", "2011-12-31": "3.50820", "2010-12-31": "5.16810", "2009-12-31": "6.84530", "2008-12-31": "7.64950", "2007-12-31": "8.87080", "2006-12-31": "7.64590", "2005-12-31": "8.48070"}, "Receiveable Turnover": {"2019-12-31": "7.89640", "2018-12-31": "8.58890", "2017-12-31": "7.76590", "2016-12-31": "7.93470", "2015-12-31": "7.87680", "2014-12-31": "8.18710", "2013-12-31": "8.19220", "2012-12-31": "10.03430", "2011-12-31": "9.27410", "2010-12-31": "8.53410", "2009-12-31": "7.65210", "2008-12-31": "14.00890", "2007-12-31": "10.18880", "2006-12-31": "9.80960", "2005-12-31": "8.80570"}, "Days Sales In Receivables": {"2019-12-31": "46.22350", "2018-12-31": "42.49650", "2017-12-31": "47.00020", "2016-12-31": "46.00030", "2015-12-31": "46.33840", "2014-12-31": "44.58240", "2013-12-31": "44.55470", "2012-12-31": "36.37510", "2011-12-31": "39.35700", "2010-12-31": "42.76970", "2009-12-31": "47.69900", "2008-12-31": "26.05490", "2007-12-31": "35.82360", "2006-12-31": "37.20840", "2005-12-31": "41.45030"}, "ROE - Return On Equity": {"2019-12-31": "21.91250", "2018-12-31": "23.52000", "2017-12-31": "19.84820", "2016-12-31": "18.19450", "2015-12-31": "18.48860", "2014-12-31": "18.36590", "2013-12-31": "16.79190", "2012-12-31": "15.03950", "2011-12-31": "16.03210", "2010-12-31": "15.41460", "2009-12-31": "8.78310", "2008-12-31": "8.88750", "2007-12-31": "15.13740", "2006-12-31": "15.47770", "2005-12-31": "13.01430"}, "Return On Tangible Equity": {"2019-12-31": "31.27540", "2018-12-31": "34.65090", "2017-12-31": "28.40150", "2016-12-31": "27.33690", "2015-12-31": "29.88280", "2014-12-31": "32.29890", "2013-12-31": "35.45730", "2012-12-31": "15.44250", "2011-12-31": "16.23800", "2010-12-31": "15.64610", "2009-12-31": "8.91020", "2008-12-31": "9.01200", "2007-12-31": "15.29920", "2006-12-31": "15.65150", "2005-12-31": "13.12510"}, "ROA - Return On Assets": {"2019-12-31": "19.58150", "2018-12-31": "20.99720", "2017-12-31": "17.29520", "2016-12-31": "15.04970", "2015-12-31": "14.82170", "2014-12-31": "14.26940", "2013-12-31": "12.63710", "2012-12-31": "13.31980", "2011-12-31": "14.00210", "2010-12-31": "13.73640", "2009-12-31": "7.85760", "2008-12-31": "8.13620", "2007-12-31": "13.59990", "2006-12-31": "13.85440", "2005-12-31": "11.87100"}, "ROI - Return On Investment": {"2019-12-31": "21.91250", "2018-12-31": "23.52000", "2017-12-31": "19.84820", "2016-12-31": "16.64270", "2015-12-31": "16.34740", "2014-12-31": "15.77470", "2013-12-31": "13.99230", "2012-12-31": "15.03950", "2011-12-31": "16.03210", "2010-12-31": "15.41460", "2009-12-31": "8.78310", "2008-12-31": "8.88750", "2007-12-31": "15.13740", "2006-12-31": "15.47770", "2005-12-31": "13.01430"}, "Book Value Per Share": {"2019-12-31": "7.71290", "2018-12-31": "7.17910", "2017-12-31": "7.31240", "2016-12-31": "6.63950", "2015-12-31": "5.91240", "2014-12-31": "5.32230", "2013-12-31": "4.55980", "2012-12-31": "3.91740", "2011-12-31": "3.56470", "2010-12-31": "3.13980", "2009-12-31": "2.65990", "2008-12-31": "2.53790", "2007-12-31": "2.78680", "2006-12-31": "2.46600", "2005-12-31": "2.69670"}, "Operating Cash Flow Per Share": {"2019-12-31": -0.0492, "2018-12-31": 0.3087, "2017-12-31": 0.0993, "2016-12-31": 0.4425, "2015-12-31": 0.0845, "2014-12-31": 0.0121, "2013-12-31": 0.2043, "2012-12-31": 0.4045, "2011-12-31": 0.0358, "2010-12-31": 0.0532, "2009-12-31": -0.0258, "2008-12-31": -0.0883, "2007-12-31": 0.0735, "2006-12-31": 0.0406, "2005-12-31": 0.402}, "Free Cash Flow Per Share": {"2019-12-31": -0.0593, "2018-12-31": 0.3529, "2017-12-31": 0.1524, "2016-12-31": 0.3598, "2015-12-31": -0.0003, "2014-12-31": -0.043, "2013-12-31": 0.418, "2012-12-31": 0.4161, "2011-12-31": -0.2153, "2010-12-31": -0.0349, "2009-12-31": 0.0589, "2008-12-31": -0.0618, "2007-12-31": 0.0462, "2006-12-31": 0.0468, "2005-12-31": 0.2352}}, "financial ratios, quarterly": {"Current Ratio": {"2020-09-30": "4.12420", "2020-06-30": "3.94850", "2020-03-31": "3.45030", "2019-12-31": "5.53040", "2019-09-30": "5.41670", "2019-06-30": "5.23990", "2019-03-31": "4.80450", "2018-12-31": "5.03030", "2018-09-30": "4.78670", "2018-06-30": "4.39800", "2018-03-31": "5.00370", "2017-12-31": "4.86180", "2017-09-30": "4.54420", "2017-06-30": "4.44310", "2017-03-31": "4.35400", "2016-12-31": "7.70720", "2016-09-30": "7.08600", "2016-06-30": "6.24310", "2016-03-31": "5.42760", "2015-12-31": "7.51110", "2015-09-30": "5.39120", "2015-06-30": "6.15040", "2015-03-31": "5.68570", "2014-12-31": "6.42010", "2014-09-30": "5.58980", "2014-06-30": "5.69590", "2014-03-31": "4.21010", "2013-12-31": "5.01070", "2013-09-30": "4.34410", "2013-06-30": "8.23490", "2013-03-31": "7.25230", "2012-12-31": "8.46620", "2012-09-30": "7.09530", "2012-06-30": "7.32690", "2012-03-31": "6.04340", "2011-12-31": "7.47100", "2011-09-30": "6.49430", "2011-06-30": "6.99070", "2011-03-31": "6.26710", "2010-12-31": "9.08980", "2010-09-30": "7.29920", "2010-06-30": "6.91370", "2010-03-31": "5.59180", "2009-12-31": "8.61920", "2009-09-30": "6.74310", "2009-06-30": "8.93280", "2009-03-31": "9.27250", "2008-12-31": "9.24050", "2008-09-30": "7.82100", "2008-06-30": "7.42180", "2008-03-31": "6.12390", "2007-12-31": "7.73070", "2007-09-30": "7.39180", "2007-06-30": "7.59540", "2007-03-31": "6.11340", "2006-12-31": "7.79040", "2006-09-30": "6.52930", "2006-06-30": "6.94790", "2006-03-31": "8.22280", "2005-12-31": "10.65600", "2005-09-30": "8.99810", "2005-06-30": "9.08970", "2005-03-31": "8.68400"}, "Long-term Debt / Capital": {"2020-09-30": "", "2020-06-30": "", "2020-03-31": "", "2019-12-31": "", "2019-09-30": "", "2019-06-30": "", "2019-03-31": "", "2018-12-31": "", "2018-09-30": "", "2018-06-30": "", "2018-03-31": "", "2017-12-31": "", "2017-09-30": "", "2017-06-30": "0.00470", "2017-03-31": "0.01800", "2016-12-31": "0.08530", "2016-09-30": "0.09510", "2016-06-30": "0.10390", "2016-03-31": "0.10660", "2015-12-31": "0.11580", "2015-09-30": "0.11980", "2015-06-30": "0.13380", "2015-03-31": "0.13710", "2014-12-31": "0.14110", "2014-09-30": "0.14790", "2014-06-30": "0.15320", "2014-03-31": "0.16000", "2013-12-31": "0.16670", "2013-09-30": "0.17570", "2013-06-30": "", "2013-03-31": "", "2012-12-31": "", "2012-09-30": "", "2012-06-30": "", "2012-03-31": "", "2011-12-31": "", "2011-09-30": "", "2011-06-30": "", "2011-03-31": "", "2010-12-31": "", "2010-09-30": "", "2010-06-30": "", "2010-03-31": "", "2009-12-31": "", "2009-09-30": "", "2009-06-30": "", "2009-03-31": "", "2008-12-31": "", "2008-09-30": "", "2008-06-30": "", "2008-03-31": "", "2007-12-31": "", "2007-09-30": "", "2007-06-30": "", "2007-03-31": "", "2006-12-31": "", "2006-09-30": "", "2006-06-30": "", "2006-03-31": "", "2005-12-31": "", "2005-09-30": "", "2005-06-30": "", "2005-03-31": ""}, "Debt/Equity Ratio": {"2020-09-30": "0.01320", "2020-06-30": "0.04110", "2020-03-31": "0.04090", "2019-12-31": "", "2019-09-30": "", "2019-06-30": "", "2019-03-31": "", "2018-12-31": "", "2018-09-30": "", "2018-06-30": "0.01200", "2018-03-31": "0.02540", "2017-12-31": "0.03810", "2017-09-30": "", "2017-06-30": "0.00470", "2017-03-31": "0.01840", "2016-12-31": "0.09720", "2016-09-30": "0.10500", "2016-06-30": "0.11590", "2016-03-31": "0.11940", "2015-12-31": "0.13530", "2015-09-30": "0.13610", "2015-06-30": "0.15440", "2015-03-31": "0.15880", "2014-12-31": "0.16900", "2014-09-30": "0.17360", "2014-06-30": "0.18090", "2014-03-31": "0.19040", "2013-12-31": "0.20570", "2013-09-30": "0.21310", "2013-06-30": "", "2013-03-31": "", "2012-12-31": "", "2012-09-30": "", "2012-06-30": "", "2012-03-31": "", "2011-12-31": "", "2011-09-30": "", "2011-06-30": "", "2011-03-31": "", "2010-12-31": "", "2010-09-30": "", "2010-06-30": "", "2010-03-31": "", "2009-12-31": "", "2009-09-30": "", "2009-06-30": "", "2009-03-31": "", "2008-12-31": "", "2008-09-30": "", "2008-06-30": "", "2008-03-31": "", "2007-12-31": "", "2007-09-30": "", "2007-06-30": "", "2007-03-31": "", "2006-12-31": "", "2006-09-30": "", "2006-06-30": "", "2006-03-31": "", "2005-12-31": "", "2005-09-30": "", "2005-06-30": "", "2005-03-31": ""}, "Gross Margin": {"2020-09-30": "39.65900", "2020-06-30": "19.11260", "2020-03-31": "34.50880", "2019-12-31": "36.45600", "2019-09-30": "37.74300", "2019-06-30": "37.66450", "2019-03-31": "36.20330", "2018-12-31": "37.94450", "2018-09-30": "37.58590", "2018-06-30": "37.98060", "2018-03-31": "37.09090", "2017-12-31": "39.23010", "2017-09-30": "39.03760", "2017-06-30": "37.73260", "2017-03-31": "38.76230", "2016-12-31": "40.28620", "2016-09-30": "40.45730", "2016-06-30": "39.35160", "2016-03-31": "39.12810", "2015-12-31": "40.24820", "2015-09-30": "38.96490", "2015-06-30": "38.37580", "2015-03-31": "38.78500", "2014-12-31": "38.43290", "2014-09-30": "39.50420", "2014-06-30": "39.68010", "2014-03-31": "39.10740", "2013-12-31": "39.38380", "2013-09-30": "36.71330", "2013-06-30": "35.75680", "2013-03-31": "34.68050", "2012-12-31": "34.23050", "2012-09-30": "33.59430", "2012-06-30": "33.09740", "2012-03-31": "34.68320", "2011-12-31": "34.70520", "2011-09-30": "35.36050", "2011-06-30": "35.23620", "2011-03-31": "35.99050", "2010-12-31": "35.78040", "2010-09-30": "35.66150", "2010-06-30": "36.66080", "2010-03-31": "36.91060", "2009-12-31": "36.65040", "2009-09-30": "34.90130", "2009-06-30": "30.50450", "2009-03-31": "23.77710", "2008-12-31": "28.37960", "2008-09-30": "30.50940", "2008-06-30": "34.65290", "2008-03-31": "35.20080", "2007-12-31": "34.21900", "2007-09-30": "35.07270", "2007-06-30": "35.29290", "2007-03-31": "34.71800", "2006-12-31": "34.82590", "2006-09-30": "33.89250", "2006-06-30": "35.74410", "2006-03-31": "34.69470", "2005-12-31": "36.01600", "2005-09-30": "37.06800", "2005-06-30": "37.44060", "2005-03-31": "37.64660"}, "Operating Margin": {"2020-09-30": "29.25440", "2020-06-30": "-2.93060", "2020-03-31": "23.14590", "2019-12-31": "24.98690", "2019-09-30": "26.82000", "2019-06-30": "27.28870", "2019-03-31": "25.94950", "2018-12-31": "27.67910", "2018-09-30": "27.68650", "2018-06-30": "27.84360", "2018-03-31": "27.61280", "2017-12-31": "29.15640", "2017-09-30": "29.42650", "2017-06-30": "28.40290", "2017-03-31": "29.63980", "2016-12-31": "30.46730", "2016-09-30": "31.23810", "2016-06-30": "30.37880", "2016-03-31": "29.79750", "2015-12-31": "31.22900", "2015-09-30": "29.82400", "2015-06-30": "28.51170", "2015-03-31": "29.19430", "2014-12-31": "28.14280", "2014-09-30": "29.41060", "2014-06-30": "29.49900", "2014-03-31": "28.94430", "2013-12-31": "29.26700", "2013-09-30": "25.52000", "2013-06-30": "24.94870", "2013-03-31": "23.69350", "2012-12-31": "20.67170", "2012-09-30": "21.48140", "2012-06-30": "20.52140", "2012-03-31": "22.53160", "2011-12-31": "21.42660", "2011-09-30": "23.09990", "2011-06-30": "21.91220", "2011-03-31": "23.94580", "2010-12-31": "22.78480", "2010-09-30": "22.71030", "2010-06-30": "24.20450", "2010-03-31": "24.01260", "2009-12-31": "24.34480", "2009-09-30": "21.25530", "2009-06-30": "13.70210", "2009-03-31": "2.34360", "2008-12-31": "7.98570", "2008-09-30": "15.20420", "2008-06-30": "20.99210", "2008-03-31": "22.46850", "2007-12-31": "19.75390", "2007-09-30": "21.31190", "2007-06-30": "22.33780", "2007-03-31": "21.58730", "2006-12-31": "22.15320", "2006-09-30": "20.95680", "2006-06-30": "23.47120", "2006-03-31": "21.78270", "2005-12-31": "24.58360", "2005-09-30": "25.55360", "2005-06-30": "25.49830", "2005-03-31": "26.03820"}, "EBIT Margin": {"2020-09-30": "29.25440", "2020-06-30": "-2.93060", "2020-03-31": "23.14590", "2019-12-31": "24.98690", "2019-09-30": "26.82000", "2019-06-30": "27.28870", "2019-03-31": "25.94950", "2018-12-31": "27.67910", "2018-09-30": "27.68650", "2018-06-30": "27.84360", "2018-03-31": "27.61280", "2017-12-31": "29.15640", "2017-09-30": "29.42650", "2017-06-30": "28.40290", "2017-03-31": "29.63980", "2016-12-31": "30.46730", "2016-09-30": "31.23810", "2016-06-30": "30.37880", "2016-03-31": "29.79750", "2015-12-31": "31.22900", "2015-09-30": "29.82400", "2015-06-30": "28.51170", "2015-03-31": "29.19430", "2014-12-31": "28.14280", "2014-09-30": "29.41060", "2014-06-30": "29.49900", "2014-03-31": "28.94430", "2013-12-31": "29.26700", "2013-09-30": "25.52000", "2013-06-30": "24.94870", "2013-03-31": "23.69350", "2012-12-31": "20.67170", "2012-09-30": "21.48140", "2012-06-30": "20.52140", "2012-03-31": "22.53160", "2011-12-31": "21.42660", "2011-09-30": "23.09990", "2011-06-30": "21.91220", "2011-03-31": "23.94580", "2010-12-31": "22.78480", "2010-09-30": "22.71030", "2010-06-30": "24.20450", "2010-03-31": "24.01260", "2009-12-31": "24.34480", "2009-09-30": "21.25530", "2009-06-30": "13.70210", "2009-03-31": "2.34360", "2008-12-31": "7.98570", "2008-09-30": "15.20420", "2008-06-30": "20.99210", "2008-03-31": "22.46850", "2007-12-31": "19.75390", "2007-09-30": "21.31190", "2007-06-30": "22.33780", "2007-03-31": "21.58730", "2006-12-31": "22.15320", "2006-09-30": "20.95680", "2006-06-30": "23.47120", "2006-03-31": "21.78270", "2005-12-31": "24.58360", "2005-09-30": "25.55360", "2005-06-30": "25.49830", "2005-03-31": "26.03820"}, "EBITDA Margin": {"2020-09-30": "", "2020-06-30": "", "2020-03-31": "", "2019-12-31": "", "2019-09-30": "", "2019-06-30": "", "2019-03-31": "", "2018-12-31": "", "2018-09-30": "", "2018-06-30": "", "2018-03-31": "", "2017-12-31": "", "2017-09-30": "", "2017-06-30": "", "2017-03-31": "", "2016-12-31": "", "2016-09-30": "", "2016-06-30": "", "2016-03-31": "", "2015-12-31": "", "2015-09-30": "", "2015-06-30": "", "2015-03-31": "", "2014-12-31": "", "2014-09-30": "", "2014-06-30": "", "2014-03-31": "", "2013-12-31": "", "2013-09-30": "", "2013-06-30": "", "2013-03-31": "", "2012-12-31": "", "2012-09-30": "", "2012-06-30": "", "2012-03-31": "", "2011-12-31": "", "2011-09-30": "", "2011-06-30": "", "2011-03-31": "", "2010-12-31": "", "2010-09-30": "", "2010-06-30": "", "2010-03-31": "", "2009-12-31": "", "2009-09-30": "", "2009-06-30": "", "2009-03-31": "", "2008-12-31": "", "2008-09-30": "", "2008-06-30": "", "2008-03-31": "", "2007-12-31": "", "2007-09-30": "", "2007-06-30": "", "2007-03-31": "", "2006-12-31": "", "2006-09-30": "", "2006-06-30": "", "2006-03-31": "", "2005-12-31": "", "2005-09-30": "", "2005-06-30": "", "2005-03-31": ""}, "Pre-Tax Profit Margin": {"2020-09-30": "30.10650", "2020-06-30": "-1.68400", "2020-03-31": "23.64120", "2019-12-31": "25.60510", "2019-09-30": "27.54080", "2019-06-30": "27.79590", "2019-03-31": "26.65630", "2018-12-31": "28.84370", "2018-09-30": "28.36150", "2018-06-30": "28.34680", "2018-03-31": "28.30990", "2017-12-31": "30.06200", "2017-09-30": "29.82760", "2017-06-30": "28.87220", "2017-03-31": "29.73640", "2016-12-31": "30.73360", "2016-09-30": "31.26500", "2016-06-30": "30.11050", "2016-03-31": "29.48200", "2015-12-31": "31.72530", "2015-09-30": "29.76890", "2015-06-30": "29.12270", "2015-03-31": "29.38650", "2014-12-31": "29.68510", "2014-09-30": "29.63480", "2014-06-30": "31.20880", "2014-03-31": "30.28900", "2013-12-31": "31.86890", "2013-09-30": "28.07940", "2013-06-30": "26.87660", "2013-03-31": "24.39860", "2012-12-31": "22.45930", "2012-09-30": "22.99590", "2012-06-30": "21.65160", "2012-03-31": "23.66210", "2011-12-31": "22.55830", "2011-09-30": "23.93550", "2011-06-30": "23.76450", "2011-03-31": "25.28640", "2010-12-31": "24.87270", "2010-09-30": "24.25690", "2010-06-30": "24.97560", "2010-03-31": "25.66910", "2009-12-31": "25.25440", "2009-09-30": "22.84700", "2009-06-30": "15.59730", "2009-03-31": "-2.54300", "2008-12-31": "-13.07860", "2008-09-30": "14.83430", "2008-06-30": "23.47330", "2008-03-31": "25.54510", "2007-12-31": "27.79370", "2007-09-30": "26.98240", "2007-06-30": "27.50500", "2007-03-31": "27.65200", "2006-12-31": "30.01240", "2006-09-30": "25.27730", "2006-06-30": "28.16130", "2006-03-31": "27.52890", "2005-12-31": "31.25330", "2005-09-30": "29.52820", "2005-06-30": "28.71640", "2005-03-31": "29.66040"}, "Net Profit Margin": {"2020-09-30": "24.66990", "2020-06-30": "-1.22360", "2020-03-31": "19.45620", "2019-12-31": "21.82260", "2019-09-30": "23.42130", "2019-06-30": "22.97840", "2019-03-31": "22.02320", "2018-12-31": "23.43900", "2018-09-30": "24.19010", "2018-06-30": "23.96230", "2018-03-31": "23.90290", "2017-12-31": "28.38930", "2017-09-30": "20.57110", "2017-06-30": "19.97930", "2017-03-31": "21.51030", "2016-12-31": "21.13810", "2016-09-30": "21.42820", "2016-06-30": "20.40710", "2016-03-31": "19.79450", "2015-12-31": "21.79420", "2015-09-30": "20.09400", "2015-06-30": "19.65900", "2015-03-31": "20.92050", "2014-12-31": "20.25480", "2014-09-30": "20.61390", "2014-06-30": "22.67090", "2014-03-31": "20.42240", "2013-12-31": "21.38540", "2013-09-30": "19.23660", "2013-06-30": "18.15410", "2013-03-31": "16.85740", "2012-12-31": "15.20980", "2012-09-30": "15.61130", "2012-06-30": "14.54620", "2012-03-31": "15.94200", "2011-12-31": "15.54320", "2011-09-30": "16.10470", "2011-06-30": "15.83210", "2011-03-31": "16.86930", "2010-12-31": "16.62460", "2010-09-30": "16.57920", "2010-06-30": "16.89680", "2010-03-31": "17.47450", "2009-12-31": "16.91810", "2009-09-30": "15.36960", "2009-06-30": "10.40490", "2009-03-31": "-1.65930", "2008-12-31": "-8.47640", "2008-09-30": "9.89600", "2008-06-30": "15.75350", "2008-03-31": "17.10860", "2007-12-31": "18.65580", "2007-09-30": "18.35200", "2007-06-30": "18.93570", "2007-03-31": "18.76370", "2006-12-31": "20.60030", "2006-09-30": "17.22850", "2006-06-30": "19.12760", "2006-03-31": "18.96920", "2005-12-31": "21.40890", "2005-09-30": "20.22650", "2005-06-30": "19.67080", "2005-03-31": "20.31700"}, "Asset Turnover": {"2020-09-30": "0.21650", "2020-06-30": "0.10940", "2020-03-31": "0.21030", "2019-12-31": "0.20460", "2019-09-30": "0.22040", "2019-06-30": "0.21870", "2019-03-31": "0.22310", "2018-12-31": "0.21740", "2018-09-30": "0.22240", "2018-06-30": "0.20760", "2018-03-31": "0.20650", "2017-12-31": "0.19540", "2017-09-30": "0.18490", "2017-06-30": "0.18740", "2017-03-31": "0.19190", "2016-12-31": "0.18180", "2016-09-30": "0.19030", "2016-06-30": "0.19200", "2016-03-31": "0.18460", "2015-12-31": "0.18880", "2015-09-30": "0.18350", "2015-06-30": "0.17950", "2015-03-31": "0.17640", "2014-12-31": "0.17330", "2014-09-30": "0.17990", "2014-06-30": "0.17910", "2014-03-31": "0.18000", "2013-12-31": "0.18520", "2013-09-30": "0.17010", "2013-06-30": "0.21000", "2013-03-31": "0.20260", "2012-12-31": "0.20570", "2012-09-30": "0.21380", "2012-06-30": "0.22350", "2012-03-31": "0.23160", "2011-12-31": "0.22140", "2011-09-30": "0.23750", "2011-06-30": "0.21810", "2011-03-31": "0.22980", "2010-12-31": "0.22150", "2010-09-30": "0.21950", "2010-06-30": "0.22390", "2010-03-31": "0.20530", "2009-12-31": "0.21590", "2009-09-30": "0.19450", "2009-06-30": "0.15520", "2009-03-31": "0.12590", "2008-12-31": "0.16020", "2008-09-30": "0.18750", "2008-06-30": "0.19590", "2008-03-31": "0.20060", "2007-12-31": "0.19010", "2007-09-30": "0.18300", "2007-06-30": "0.19180", "2007-03-31": "0.19060", "2006-12-31": "0.19060", "2006-09-30": "0.17960", "2006-06-30": "0.17270", "2006-03-31": "0.15190", "2005-12-31": "0.14990", "2005-09-30": "0.15260", "2005-06-30": "0.14610", "2005-03-31": "0.14340"}, "Inventory Turnover Ratio": {"2020-09-30": "1.22730", "2020-06-30": "0.71610", "2020-03-31": "1.18390", "2019-12-31": "1.13290", "2019-09-30": "1.24620", "2019-06-30": "1.29800", "2019-03-31": "1.32690", "2018-12-31": "1.24890", "2018-09-30": "1.34620", "2018-06-30": "1.32870", "2018-03-31": "1.41290", "2017-12-31": "1.28840", "2017-09-30": "1.29390", "2017-06-30": "1.40390", "2017-03-31": "1.40920", "2016-12-31": "1.32450", "2016-09-30": "1.42640", "2016-06-30": "1.45850", "2016-03-31": "1.30880", "2015-12-31": "1.38730", "2015-09-30": "1.44550", "2015-06-30": "1.55010", "2015-03-31": "1.55150", "2014-12-31": "1.52190", "2014-09-30": "1.56560", "2014-06-30": "1.63040", "2014-03-31": "1.59280", "2013-12-31": "1.64960", "2013-09-30": "1.55580", "2013-06-30": "1.58930", "2013-03-31": "1.35340", "2012-12-31": "1.07070", "2012-09-30": "1.00570", "2012-06-30": "0.97490", "2012-03-31": "0.94580", "2011-12-31": "0.90060", "2011-09-30": "1.15250", "2011-06-30": "1.31740", "2011-03-31": "1.54400", "2010-12-31": "1.41600", "2010-09-30": "1.44480", "2010-06-30": "1.61030", "2010-03-31": "1.73000", "2009-12-31": "2.09880", "2009-09-30": "2.17200", "2009-06-30": "1.68550", "2009-03-31": "1.32150", "2008-12-31": "1.59250", "2008-09-30": "1.90270", "2008-06-30": "2.17490", "2008-03-31": "2.45170", "2007-12-31": "2.33720", "2007-09-30": "2.22610", "2007-06-30": "2.51440", "2007-03-31": "2.31390", "2006-12-31": "1.99760", "2006-09-30": "2.10550", "2006-06-30": "2.24130", "2006-03-31": "2.32070", "2005-12-31": "2.22200", "2005-09-30": "2.35460", "2005-06-30": "2.40040", "2005-03-31": "2.51560"}, "Receiveable Turnover": {"2020-09-30": "1.76800", "2020-06-30": "1.34740", "2020-03-31": "1.94270", "2019-12-31": "1.88540", "2019-09-30": "1.88760", "2019-06-30": "2.07000", "2019-03-31": "1.91840", "2018-12-31": "2.12330", "2018-09-30": "1.86090", "2018-06-30": "1.90050", "2018-03-31": "1.88870", "2017-12-31": "1.98840", "2017-09-30": "1.82380", "2017-06-30": "1.93300", "2017-03-31": "1.81810", "2016-12-31": "1.98450", "2016-09-30": "1.87420", "2016-06-30": "1.93130", "2016-03-31": "1.81070", "2015-12-31": "2.06970", "2015-09-30": "1.87230", "2015-06-30": "1.93440", "2015-03-31": "1.82840", "2014-12-31": "2.08570", "2014-09-30": "1.88250", "2014-06-30": "1.89830", "2014-03-31": "1.95950", "2013-12-31": "2.28440", "2013-09-30": "1.89340", "2013-06-30": "2.38770", "2013-03-31": "2.21030", "2012-12-31": "2.37590", "2012-09-30": "2.12440", "2012-06-30": "2.15670", "2012-03-31": "2.08700", "2011-12-31": "2.35840", "2011-09-30": "2.07220", "2011-06-30": "2.17240", "2011-03-31": "2.15720", "2010-12-31": "2.32210", "2010-09-30": "1.93880", "2010-06-30": "2.15680", "2010-03-31": "2.21610", "2009-12-31": "2.49590", "2009-09-30": "2.09510", "2009-06-30": "2.28070", "2009-03-31": "1.98710", "2008-12-31": "2.74610", "2008-09-30": "2.15740", "2008-06-30": "2.38970", "2008-03-31": "2.54580", "2007-12-31": "2.66000", "2007-09-30": "2.14790", "2007-06-30": "2.19850", "2007-03-31": "2.20070", "2006-12-31": "2.56420", "2006-09-30": "1.98690", "2006-06-30": "2.01950", "2006-03-31": "1.97430", "2005-12-31": "2.27070", "2005-09-30": "1.80660", "2005-06-30": "2.13590", "2005-03-31": "2.01400"}, "Days Sales In Receivables": {"2020-09-30": "50.90440", "2020-06-30": "66.79500", "2020-03-31": "46.32840", "2019-12-31": "47.73600", "2019-09-30": "47.68030", "2019-06-30": "43.47740", "2019-03-31": "46.91520", "2018-12-31": "42.38650", "2018-09-30": "48.36250", "2018-06-30": "47.35700", "2018-03-31": "47.65260", "2017-12-31": "45.26180", "2017-09-30": "49.34830", "2017-06-30": "46.55990", "2017-03-31": "49.50270", "2016-12-31": "45.35050", "2016-09-30": "48.01960", "2016-06-30": "46.60180", "2016-03-31": "49.70580", "2015-12-31": "43.48510", "2015-09-30": "48.06810", "2015-06-30": "46.52600", "2015-03-31": "49.22350", "2014-12-31": "43.15160", "2014-09-30": "47.80970", "2014-06-30": "47.41000", "2014-03-31": "45.92960", "2013-12-31": "39.39840", "2013-09-30": "47.53400", "2013-06-30": "37.69270", "2013-03-31": "40.71790", "2012-12-31": "37.88060", "2012-09-30": "42.36570", "2012-06-30": "41.73110", "2012-03-31": "43.12500", "2011-12-31": "38.16100", "2011-09-30": "43.43200", "2011-06-30": "41.42900", "2011-03-31": "41.72100", "2010-12-31": "38.75850", "2010-09-30": "46.42090", "2010-06-30": "41.72860", "2010-03-31": "40.61190", "2009-12-31": "36.05900", "2009-09-30": "42.95770", "2009-06-30": "39.46160", "2009-03-31": "45.29270", "2008-12-31": "32.77350", "2008-09-30": "41.71660", "2008-06-30": "37.66220", "2008-03-31": "35.35270", "2007-12-31": "33.83460", "2007-09-30": "41.90090", "2007-06-30": "40.93640", "2007-03-31": "40.89610", "2006-12-31": "35.09850", "2006-09-30": "45.29660", "2006-06-30": "44.56540", "2006-03-31": "45.58620", "2005-12-31": "39.63490", "2005-09-30": "49.81800", "2005-06-30": "42.13650", "2005-03-31": "44.68810"}, "ROE - Return On Equity": {"2020-09-30": "6.17700", "2020-06-30": "-0.13030", "2020-03-31": "4.87870", "2019-12-31": "5.13640", "2019-09-30": "5.82400", "2019-06-30": "5.72160", "2019-03-31": "5.61530", "2018-12-31": "5.70830", "2018-09-30": "6.04070", "2018-06-30": "5.67390", "2018-03-31": "5.64720", "2017-12-31": "6.36580", "2017-09-30": "4.45300", "2017-06-30": "4.41810", "2017-03-31": "4.94020", "2016-12-31": "4.64620", "2016-09-30": "4.95970", "2016-06-30": "4.84530", "2016-03-31": "4.59020", "2015-12-31": "5.13180", "2015-09-30": "4.68750", "2015-06-30": "4.52690", "2015-03-31": "4.78370", "2014-12-31": "4.51660", "2014-09-30": "4.83050", "2014-06-30": "5.29980", "2014-03-31": "4.95090", "2013-12-31": "5.26370", "2013-09-30": "4.42290", "2013-06-30": "4.31620", "2013-03-31": "3.90820", "2012-12-31": "3.53260", "2012-09-30": "3.83260", "2012-06-30": "3.72400", "2012-03-31": "4.33020", "2011-12-31": "3.93980", "2011-09-30": "4.41200", "2011-06-30": "3.99210", "2011-03-31": "4.52780", "2010-12-31": "4.13230", "2010-09-30": "4.13220", "2010-06-30": "4.29360", "2010-03-31": "4.19350", "2009-12-31": "4.08300", "2009-09-30": "3.37730", "2009-06-30": "1.77030", "2009-03-31": "-0.22800", "2008-12-31": "-1.48370", "2008-09-30": "2.05030", "2008-06-30": "3.43480", "2008-03-31": "3.88970", "2007-12-31": "3.94760", "2007-09-30": "3.76960", "2007-06-30": "4.06690", "2007-03-31": "4.08670", "2006-12-31": "4.38540", "2006-09-30": "3.51000", "2006-06-30": "3.73210", "2006-03-31": "3.22320", "2005-12-31": "3.51920", "2005-09-30": "3.42640", "2005-06-30": "3.18680", "2005-03-31": "3.25350"}, "Return On Tangible Equity": {"2020-09-30": "8.92820", "2020-06-30": "-0.19190", "2020-03-31": "7.11410", "2019-12-31": "7.33100", "2019-09-30": "8.37230", "2019-06-30": "8.28960", "2019-03-31": "8.26150", "2018-12-31": "8.40980", "2018-09-30": "8.97720", "2018-06-30": "8.30060", "2018-03-31": "8.19910", "2017-12-31": "9.10910", "2017-09-30": "6.42750", "2017-06-30": "6.43250", "2017-03-31": "7.27650", "2016-12-31": "6.98080", "2016-09-30": "7.57700", "2016-06-30": "7.59700", "2016-03-31": "7.31450", "2015-12-31": "8.29440", "2015-09-30": "7.76410", "2015-06-30": "7.61000", "2015-03-31": "8.20290", "2014-12-31": "7.94310", "2014-09-30": "8.88050", "2014-06-30": "10.10190", "2014-03-31": "9.91760", "2013-12-31": "11.11470", "2013-09-30": "10.14330", "2013-06-30": "4.41840", "2013-03-31": "4.00680", "2012-12-31": "3.62720", "2012-09-30": "3.93420", "2012-06-30": "3.76840", "2012-03-31": "4.38370", "2011-12-31": "3.99040", "2011-09-30": "4.47040", "2011-06-30": "4.04660", "2011-03-31": "4.59190", "2010-12-31": "4.19440", "2010-09-30": "4.20010", "2010-06-30": "4.36890", "2010-03-31": "4.25750", "2009-12-31": "4.14210", "2009-09-30": "3.42750", "2009-06-30": "1.79680", "2009-03-31": "-0.23130", "2008-12-31": "-1.50450", "2008-09-30": "2.07570", "2008-06-30": "3.47400", "2008-03-31": "3.93330", "2007-12-31": "3.98980", "2007-09-30": "3.81150", "2007-06-30": "4.11130", "2007-03-31": "4.13190", "2006-12-31": "4.43460", "2006-09-30": "3.54870", "2006-06-30": "3.77010", "2006-03-31": "3.25280", "2005-12-31": "3.54920", "2005-09-30": "3.45500", "2005-06-30": "3.21250", "2005-03-31": "3.27920"}, "ROA - Return On Assets": {"2020-09-30": "5.34070", "2020-06-30": "-0.11300", "2020-03-31": "4.14740", "2019-12-31": "4.59000", "2019-09-30": "5.16300", "2019-06-30": "5.08490", "2019-03-31": "4.96490", "2018-12-31": "5.09600", "2018-09-30": "5.38010", "2018-06-30": "4.97350", "2018-03-31": "4.93480", "2017-12-31": "5.54700", "2017-09-30": "3.80460", "2017-06-30": "3.74500", "2017-03-31": "4.12800", "2016-12-31": "3.84310", "2016-09-30": "4.07680", "2016-06-30": "3.91820", "2016-03-31": "3.65360", "2015-12-31": "4.11400", "2015-09-30": "3.68790", "2015-06-30": "3.52930", "2015-03-31": "3.69050", "2014-12-31": "3.50920", "2014-09-30": "3.70880", "2014-06-30": "4.05950", "2014-03-31": "3.67640", "2013-12-31": "3.96130", "2013-09-30": "3.27150", "2013-06-30": "3.81310", "2013-03-31": "3.41550", "2012-12-31": "3.12860", "2012-09-30": "3.33710", "2012-06-30": "3.25090", "2012-03-31": "3.69240", "2011-12-31": "3.44090", "2011-09-30": "3.82510", "2011-06-30": "3.45350", "2011-03-31": "3.87690", "2010-12-31": "3.68240", "2010-09-30": "3.63920", "2010-06-30": "3.78250", "2010-03-31": "3.58820", "2009-12-31": "3.65280", "2009-09-30": "2.98950", "2009-06-30": "1.61480", "2009-03-31": "-0.20900", "2008-12-31": "-1.35830", "2008-09-30": "1.85530", "2008-06-30": "3.08550", "2008-03-31": "3.43130", "2007-12-31": "3.54670", "2007-09-30": "3.35810", "2007-06-30": "3.63110", "2007-03-31": "3.57550", "2006-12-31": "3.92550", "2006-09-30": "3.09360", "2006-06-30": "3.30340", "2006-03-31": "2.88210", "2005-12-31": "3.21010", "2005-09-30": "3.08680", "2005-06-30": "2.87340", "2005-03-31": "2.91390"}, "ROI - Return On Investment": {"2020-09-30": "6.17700", "2020-06-30": "-0.13030", "2020-03-31": "4.87870", "2019-12-31": "5.13640", "2019-09-30": "5.82400", "2019-06-30": "5.72160", "2019-03-31": "5.61530", "2018-12-31": "5.70830", "2018-09-30": "6.04070", "2018-06-30": "5.67390", "2018-03-31": "5.64720", "2017-12-31": "6.36580", "2017-09-30": "4.45300", "2017-06-30": "4.39750", "2017-03-31": "4.85110", "2016-12-31": "4.24990", "2016-09-30": "4.48820", "2016-06-30": "4.34210", "2016-03-31": "4.10070", "2015-12-31": "4.53740", "2015-09-30": "4.12580", "2015-06-30": "3.92130", "2015-03-31": "4.12800", "2014-12-31": "3.87940", "2014-09-30": "4.11590", "2014-06-30": "4.48800", "2014-03-31": "4.15890", "2013-12-31": "4.38610", "2013-09-30": "3.64600", "2013-06-30": "4.31620", "2013-03-31": "3.90820", "2012-12-31": "3.53260", "2012-09-30": "3.83260", "2012-06-30": "3.72400", "2012-03-31": "4.33020", "2011-12-31": "3.93980", "2011-09-30": "4.41200", "2011-06-30": "3.99210", "2011-03-31": "4.52780", "2010-12-31": "4.13230", "2010-09-30": "4.13220", "2010-06-30": "4.29360", "2010-03-31": "4.19350", "2009-12-31": "4.08300", "2009-09-30": "3.37730", "2009-06-30": "1.77030", "2009-03-31": "-0.22800", "2008-12-31": "-1.48370", "2008-09-30": "2.05030", "2008-06-30": "3.43480", "2008-03-31": "3.88970", "2007-12-31": "3.94760", "2007-09-30": "3.76960", "2007-06-30": "4.06690", "2007-03-31": "4.08670", "2006-12-31": "4.38540", "2006-09-30": "3.51000", "2006-06-30": "3.73210", "2006-03-31": "3.22320", "2005-12-31": "3.51920", "2005-09-30": "3.42640", "2005-06-30": "3.18680", "2005-03-31": "3.25350"}, "Book Value Per Share": {"2020-09-30": "7.73540", "2020-06-30": "7.41560", "2020-03-31": "7.49210", "2019-12-31": "7.71290", "2019-09-30": "7.59480", "2019-06-30": "7.47460", "2019-03-31": "7.26610", "2018-12-31": "7.17910", "2018-09-30": "7.03160", "2018-06-30": "7.14540", "2018-03-31": "7.19350", "2017-12-31": "7.31240", "2017-09-30": "7.13720", "2017-06-30": "7.01780", "2017-03-31": "6.87430", "2016-12-31": "6.63950", "2016-09-30": "6.47890", "2016-06-30": "6.22380", "2016-03-31": "6.05520", "2015-12-31": "5.91240", "2015-09-30": "5.73230", "2015-06-30": "5.62380", "2015-03-31": "5.48450", "2014-12-31": "5.32230", "2014-09-30": "5.11480", "2014-06-30": "4.95100", "2014-03-31": "4.74580", "2013-12-31": "4.55980", "2013-09-30": "4.33670", "2013-06-30": "4.18350", "2013-03-31": "4.04800", "2012-12-31": "3.91740", "2012-09-30": "3.82700", "2012-06-30": "3.78610", "2012-03-31": "3.71070", "2011-12-31": "3.56470", "2011-09-30": "3.42790", "2011-06-30": "3.36680", "2011-03-31": "3.27500", "2010-12-31": "3.13980", "2010-09-30": "2.95620", "2010-06-30": "2.83380", "2010-03-31": "2.77510", "2009-12-31": "2.65990", "2009-09-30": "2.57100", "2009-06-30": "2.50350", "2009-03-31": "2.48020", "2008-12-31": "2.53790", "2008-09-30": "2.64430", "2008-06-30": "2.75440", "2008-03-31": "2.74080", "2007-12-31": "2.78680", "2007-09-30": "2.73770", "2007-06-30": "2.64760", "2007-03-31": "2.52890", "2006-12-31": "2.46600", "2006-09-30": "2.42040", "2006-06-30": "2.48510", "2006-03-31": "2.66060", "2005-12-31": "2.69670", "2005-09-30": "2.62360", "2005-06-30": "2.61060", "2005-03-31": "2.55540"}, "Operating Cash Flow Per Share": {"2020-09-30": 0.5671, "2020-06-30": 0.1771, "2020-03-31": "0.61090", "2019-12-31": 0.4776, "2019-09-30": 0.4543, "2019-06-30": 0.5493, "2019-03-31": "0.51650", "2018-12-31": 0.4808, "2018-09-30": 0.4315, "2018-06-30": 0.6033, "2018-03-31": "0.53130", "2017-12-31": 0.5099, "2017-09-30": 0.319, "2017-06-30": 0.4592, "2017-03-31": "0.45010", "2016-12-31": 0.4118, "2016-09-30": 0.3518, "2016-06-30": 0.354, "2016-03-31": "0.52130", "2015-12-31": 0.2378, "2015-09-30": 0.3135, "2015-06-30": 0.2836, "2015-03-31": "0.36150", "2014-12-31": 0.3353, "2014-09-30": 0.2916, "2014-06-30": 0.152, "2014-03-31": "0.33300", "2013-12-31": 0.326, "2013-09-30": 0.1756, "2013-06-30": 0.2577, "2013-03-31": "0.34050", "2012-12-31": 0.2811, "2012-09-30": 0.2637, "2012-06-30": 0.1399, "2012-03-31": "0.21080", "2011-12-31": 0.0564, "2011-09-30": 0.0718, "2011-06-30": 0.0941, "2011-03-31": "0.26870", "2010-12-31": 0.1275, "2010-09-30": 0.089, "2010-06-30": 0.019, "2010-03-31": "0.21970", "2009-12-31": 0.0984, "2009-09-30": 0.1235, "2009-06-30": 0.1215, "2009-03-31": "0.05860", "2008-12-31": 0.1038, "2008-09-30": 0.0703, "2008-06-30": 0.0598, "2008-03-31": "0.19390", "2007-12-31": 0.1668, "2007-09-30": 0.111, "2007-06-30": 0.077, "2007-03-31": "0.16130", "2006-12-31": 0.1065, "2006-09-30": 0.1008, "2006-06-30": 0.1118, "2006-03-31": "0.12350", "2005-12-31": 0.1315, "2005-09-30": 0.0457, "2005-06-30": 0.0885, "2005-03-31": "0.13630"}, "Free Cash Flow Per Share": {"2020-09-30": 0.5343, "2020-06-30": 0.1209, "2020-03-31": "0.54870", "2019-12-31": 0.3749, "2019-09-30": 0.4074, "2019-06-30": 0.4374, "2019-03-31": "0.45200", "2018-12-31": 0.4346, "2018-09-30": 0.3623, "2018-06-30": 0.4971, "2018-03-31": "0.43700", "2017-12-31": 0.4491, "2017-09-30": 0.2133, "2017-06-30": 0.3586, "2017-03-31": "0.35710", "2016-12-31": 0.3118, "2016-09-30": 0.2249, "2016-06-30": 0.2357, "2016-03-31": "0.45330", "2015-12-31": 0.1181, "2015-09-30": 0.2156, "2015-06-30": 0.2214, "2015-03-31": "0.31080", "2014-12-31": 0.2602, "2014-09-30": 0.2241, "2014-06-30": 0.1047, "2014-03-31": "0.27720", "2013-12-31": 0.2658, "2013-09-30": 0.1287, "2013-06-30": 0.2185, "2013-03-31": "0.29620", "2012-12-31": 0.2131, "2012-09-30": 0.1672, "2012-06-30": 0.0374, "2012-03-31": "0.07350", "2011-12-31": -0.0656, "2011-09-30": -0.0524, "2011-06-30": -0.0083, "2011-03-31": "0.20140", "2010-12-31": 0.0646, "2010-09-30": 0.0541, "2010-06-30": -0.0097, "2010-03-31": "0.18140", "2009-12-31": 0.0814, "2009-09-30": 0.1055, "2009-06-30": 0.1017, "2009-03-31": "0.03670", "2008-12-31": 0.0784, "2008-09-30": 0.0346, "2008-06-30": 0.0087, "2008-03-31": "0.14470", "2007-12-31": 0.1114, "2007-09-30": 0.0613, "2007-06-30": 0.0207, "2007-03-31": "0.13480", "2006-12-31": 0.0842, "2006-09-30": 0.0614, "2006-06-30": 0.0544, "2006-03-31": "0.08200", "2005-12-31": 0.0972, "2005-09-30": 0.0045, "2005-06-30": 0.0326, "2005-03-31": "0.10090"}}, "revenue": {"Gentex Annual Revenue (Millions of US $)": {"2020": "$1,688", "2019": "$1,859", "2018": "$1,834", "2017": "$1,795", "2016": "$1,679", "2015": "$1,544", "2014": "$1,376", "2013": "$1,172", "2012": "$1,100", "2011": "$1,024", "2010": "$816", "2009": "$545", "2008": "$624", "2007": "$654", "2006": "$572", "2005": "$536"}, "Gentex Quarterly Revenue (Millions of US $)": {"2020-12-31": "$530", "2020-09-30": "$475", "2020-06-30": "$230", "2020-03-31": "$454", "2019-12-31": "$444", "2019-09-30": "$478", "2019-06-30": "$469", "2019-03-31": "$469", "2018-12-31": "$453", "2018-09-30": "$460", "2018-06-30": "$455", "2018-03-31": "$465", "2017-12-31": "$460", "2017-09-30": "$439", "2017-06-30": "$443", "2017-03-31": "$454", "2016-12-31": "$420", "2016-09-30": "$430", "2016-06-30": "$424", "2016-03-31": "$406", "2015-12-31": "$406", "2015-09-30": "$390", "2015-06-30": "$379", "2015-03-31": "$369", "2014-12-31": "$350", "2014-09-30": "$351", "2014-06-30": "$338", "2014-03-31": "$336", "2013-12-31": "$327", "2013-09-30": "$289", "2013-06-30": "$287", "2013-03-31": "$269", "2012-12-31": "$260", "2012-09-30": "$268", "2012-06-30": "$280", "2012-03-31": "$291", "2011-12-31": "$260", "2011-09-30": "$269", "2011-06-30": "$243", "2011-03-31": "$251", "2010-12-31": "$222", "2010-09-30": "$207", "2010-06-30": "$202", "2010-03-31": "$186", "2009-12-31": "$178", "2009-09-30": "$156", "2009-06-30": "$117", "2009-03-31": "$94", "2008-12-31": "$122", "2008-09-30": "$153", "2008-06-30": "$170", "2008-03-31": "$178", "2007-12-31": "$171", "2007-09-30": "$163", "2007-06-30": "$163", "2007-03-31": "$157", "2006-12-31": "$150", "2006-09-30": "$141", "2006-06-30": "$142", "2006-03-31": "$139", "2005-12-31": "$138", "2005-09-30": "$138", "2005-06-30": "$132", "2005-03-31": "$128"}}, "gross-profit": {"Gentex Annual Gross Profit (Millions of US $)": {"2020": "$605", "2019": "$688", "2018": "$690", "2017": "$695", "2016": "$668", "2015": "$604", "2014": "$539", "2013": "$431", "2012": "$373", "2011": "$362", "2010": "$296", "2009": "$178", "2008": "$203", "2007": "$228", "2006": "$199", "2005": "$199"}, "Gentex Quarterly Gross Profit (Millions of US $)": {"2020-12-31": "$217", "2020-09-30": "$188", "2020-06-30": "$44", "2020-03-31": "$157", "2019-12-31": "$162", "2019-09-30": "$180", "2019-06-30": "$177", "2019-03-31": "$170", "2018-12-31": "$172", "2018-09-30": "$173", "2018-06-30": "$173", "2018-03-31": "$173", "2017-12-31": "$180", "2017-09-30": "$171", "2017-06-30": "$167", "2017-03-31": "$176", "2016-12-31": "$169", "2016-09-30": "$174", "2016-06-30": "$167", "2016-03-31": "$159", "2015-12-31": "$163", "2015-09-30": "$152", "2015-06-30": "$146", "2015-03-31": "$143", "2014-12-31": "$135", "2014-09-30": "$139", "2014-06-30": "$134", "2014-03-31": "$131", "2013-12-31": "$129", "2013-09-30": "$106", "2013-06-30": "$103", "2013-03-31": "$93", "2012-12-31": "$89", "2012-09-30": "$90", "2012-06-30": "$93", "2012-03-31": "$101", "2011-12-31": "$90", "2011-09-30": "$95", "2011-06-30": "$86", "2011-03-31": "$90", "2010-12-31": "$79", "2010-09-30": "$74", "2010-06-30": "$74", "2010-03-31": "$69", "2009-12-31": "$65", "2009-09-30": "$54", "2009-06-30": "$36", "2009-03-31": "$22", "2008-12-31": "$35", "2008-09-30": "$47", "2008-06-30": "$59", "2008-03-31": "$63", "2007-12-31": "$58", "2007-09-30": "$57", "2007-06-30": "$58", "2007-03-31": "$55", "2006-12-31": "$52", "2006-09-30": "$48", "2006-06-30": "$51", "2006-03-31": "$48", "2005-12-31": "$50", "2005-09-30": "$51", "2005-06-30": "$50", "2005-03-31": "$48"}}, "operating-income": {"Gentex Annual Operating Income (Millions of US $)": {"2020": "$400", "2019": "$489", "2018": "$508", "2017": "$523", "2016": "$512", "2015": "$459", "2014": "$399", "2013": "$305", "2012": "$234", "2011": "$231", "2010": "$191", "2009": "$95", "2008": "$109", "2007": "$139", "2006": "$126", "2005": "$136"}, "Gentex Quarterly Operating Income (Millions of US $)": {"2020-12-31": "$162", "2020-09-30": "$139", "2020-06-30": "$-7", "2020-03-31": "$105", "2019-12-31": "$111", "2019-09-30": "$128", "2019-06-30": "$128", "2019-03-31": "$122", "2018-12-31": "$125", "2018-09-30": "$127", "2018-06-30": "$127", "2018-03-31": "$129", "2017-12-31": "$134", "2017-09-30": "$129", "2017-06-30": "$126", "2017-03-31": "$134", "2016-12-31": "$128", "2016-09-30": "$134", "2016-06-30": "$129", "2016-03-31": "$121", "2015-12-31": "$127", "2015-09-30": "$116", "2015-06-30": "$108", "2015-03-31": "$108", "2014-12-31": "$99", "2014-09-30": "$103", "2014-06-30": "$100", "2014-03-31": "$97", "2013-12-31": "$96", "2013-09-30": "$74", "2013-06-30": "$72", "2013-03-31": "$64", "2012-12-31": "$54", "2012-09-30": "$58", "2012-06-30": "$58", "2012-03-31": "$66", "2011-12-31": "$56", "2011-09-30": "$62", "2011-06-30": "$53", "2011-03-31": "$60", "2010-12-31": "$51", "2010-09-30": "$47", "2010-06-30": "$49", "2010-03-31": "$45", "2009-12-31": "$43", "2009-09-30": "$33", "2009-06-30": "$16", "2009-03-31": "$2", "2008-12-31": "$10", "2008-09-30": "$23", "2008-06-30": "$36", "2008-03-31": "$40", "2007-12-31": "$34", "2007-09-30": "$35", "2007-06-30": "$37", "2007-03-31": "$34", "2006-12-31": "$33", "2006-09-30": "$30", "2006-06-30": "$33", "2006-03-31": "$30", "2005-12-31": "$34", "2005-09-30": "$35", "2005-06-30": "$34", "2005-03-31": "$33"}}, "ebitda": {"Gentex Annual EBITDA (Millions of US $)": {"2019": "$593", "2018": "$610", "2017": "$623", "2016": "$600", "2015": "$539", "2014": "$476", "2013": "$368", "2012": "$285", "2011": "$274", "2010": "$230", "2009": "$133", "2008": "$145", "2007": "$171", "2006": "$154", "2005": "$160"}, "Gentex Quarterly EBITDA (Millions of US $)": {"2020-09-30": "$164", "2020-06-30": "$20", "2020-03-31": "$131", "2019-12-31": "$136", "2019-09-30": "$154", "2019-06-30": "$153", "2019-03-31": "$150", "2018-12-31": "$147", "2018-09-30": "$152", "2018-06-30": "$155", "2018-03-31": "$157", "2017-12-31": "$159", "2017-09-30": "$154", "2017-06-30": "$151", "2017-03-31": "$160", "2016-12-31": "$148", "2016-09-30": "$157", "2016-06-30": "$152", "2016-03-31": "$144", "2015-12-31": "$144", "2015-09-30": "$138", "2015-06-30": "$129", "2015-03-31": "$129", "2014-12-31": "$116", "2014-09-30": "$123", "2014-06-30": "$120", "2014-03-31": "$117", "2013-12-31": "$116", "2013-09-30": "$88", "2013-06-30": "$85", "2013-03-31": "$78", "2012-12-31": "$66", "2012-09-30": "$70", "2012-06-30": "$70", "2012-03-31": "$78", "2011-12-31": "$65", "2011-09-30": "$74", "2011-06-30": "$64", "2011-03-31": "$71", "2010-12-31": "$60", "2010-09-30": "$57", "2010-06-30": "$59", "2010-03-31": "$54", "2009-12-31": "$53", "2009-09-30": "$43", "2009-06-30": "$26", "2009-03-31": "$12", "2008-12-31": "$18", "2008-09-30": "$33", "2008-06-30": "$44", "2008-03-31": "$49", "2007-12-31": "$42", "2007-09-30": "$43", "2007-06-30": "$44", "2007-03-31": "$42", "2006-12-31": "$40", "2006-09-30": "$37", "2006-06-30": "$40", "2006-03-31": "$37", "2005-12-31": "$40", "2005-09-30": "$42", "2005-06-30": "$40", "2005-03-31": "$39"}}, "net-income": {"Gentex Annual Net Income (Millions of US $)": {"2020": "$348", "2019": "$420", "2018": "$438", "2017": "$407", "2016": "$348", "2015": "$318", "2014": "$289", "2013": "$223", "2012": "$169", "2011": "$165", "2010": "$138", "2009": "$65", "2008": "$62", "2007": "$122", "2006": "$109", "2005": "$110"}, "Gentex Quarterly Net Income (Millions of US $)": {"2020-12-31": "$143", "2020-09-30": "$117", "2020-06-30": "$-3", "2020-03-31": "$88", "2019-12-31": "$97", "2019-09-30": "$112", "2019-06-30": "$108", "2019-03-31": "$103", "2018-12-31": "$106", "2018-09-30": "$111", "2018-06-30": "$109", "2018-03-31": "$111", "2017-12-31": "$130", "2017-09-30": "$90", "2017-06-30": "$89", "2017-03-31": "$98", "2016-12-31": "$89", "2016-09-30": "$92", "2016-06-30": "$86", "2016-03-31": "$80", "2015-12-31": "$88", "2015-09-30": "$78", "2015-06-30": "$75", "2015-03-31": "$77", "2014-12-31": "$71", "2014-09-30": "$72", "2014-06-30": "$77", "2014-03-31": "$69", "2013-12-31": "$70", "2013-09-30": "$56", "2013-06-30": "$52", "2013-03-31": "$45", "2012-12-31": "$40", "2012-09-30": "$42", "2012-06-30": "$41", "2012-03-31": "$46", "2011-12-31": "$40", "2011-09-30": "$43", "2011-06-30": "$38", "2011-03-31": "$42", "2010-12-31": "$37", "2010-09-30": "$34", "2010-06-30": "$34", "2010-03-31": "$32", "2009-12-31": "$30", "2009-09-30": "$24", "2009-06-30": "$12", "2009-03-31": "$-2", "2008-12-31": "$-10", "2008-09-30": "$15", "2008-06-30": "$27", "2008-03-31": "$30", "2007-12-31": "$32", "2007-09-30": "$30", "2007-06-30": "$31", "2007-03-31": "$29", "2006-12-31": "$31", "2006-09-30": "$24", "2006-06-30": "$27", "2006-03-31": "$26", "2005-12-31": "$30", "2005-09-30": "$28", "2005-06-30": "$26", "2005-03-31": "$26"}}, "eps-earnings-per-share-diluted": {"Gentex Annual EPS": {"2020": "$1.41", "2019": "$1.66", "2018": "$1.62", "2017": "$1.41", "2016": "$1.19", "2015": "$1.08", "2014": "$0.98", "2013": "$0.77", "2012": "$0.59", "2011": "$0.57", "2010": "$0.49", "2009": "$0.24", "2008": "$0.22", "2007": "$0.43", "2006": "$0.37", "2005": "$0.35"}, "Gentex Quarterly EPS": {"2020-12-31": "$0.58", "2020-09-30": "$0.48", "2020-06-30": "$-0.01", "2020-03-31": "$0.36", "2019-12-31": "$0.40", "2019-09-30": "$0.44", "2019-06-30": "$0.42", "2019-03-31": "$0.40", "2018-12-31": "$0.40", "2018-09-30": "$0.42", "2018-06-30": "$0.40", "2018-03-31": "$0.40", "2017-12-31": "$0.46", "2017-09-30": "$0.31", "2017-06-30": "$0.31", "2017-03-31": "$0.33", "2016-12-31": "$0.29", "2016-09-30": "$0.32", "2016-06-30": "$0.30", "2016-03-31": "$0.28", "2015-12-31": "$0.30", "2015-09-30": "$0.27", "2015-06-30": "$0.25", "2015-03-31": "$0.26", "2014-12-31": "$0.24", "2014-09-30": "$0.25", "2014-06-30": "$0.26", "2014-03-31": "$0.23", "2013-12-31": "$0.24", "2013-09-30": "$0.19", "2013-06-30": "$0.18", "2013-03-31": "$0.16", "2012-12-31": "$0.15", "2012-09-30": "$0.15", "2012-06-30": "$0.14", "2012-03-31": "$0.16", "2011-12-31": "$0.14", "2011-09-30": "$0.15", "2011-06-30": "$0.14", "2011-03-31": "$0.15", "2010-12-31": "$0.14", "2010-09-30": "$0.12", "2010-06-30": "$0.12", "2010-03-31": "$0.12", "2009-12-31": "$0.11", "2009-09-30": "$0.09", "2009-06-30": "$0.05", "2009-03-31": "$-0.01", "2008-12-31": "$-0.04", "2008-09-30": "$0.06", "2008-06-30": "$0.10", "2008-03-31": "$0.11", "2007-12-31": "$0.11", "2007-09-30": "$0.11", "2007-06-30": "$0.11", "2007-03-31": "$0.11", "2006-12-31": "$0.11", "2006-09-30": "$0.09", "2006-06-30": "$0.09", "2006-03-31": "$0.09", "2005-12-31": "$0.09", "2005-09-30": "$0.09", "2005-06-30": "$0.09", "2005-03-31": "$0.09"}}, "shares-outstanding": {"Gentex Annual Shares Outstanding (Millions of Shares)": {"2020": "246", "2019": "253", "2018": "270", "2017": "288", "2016": "291", "2015": "296", "2014": "294", "2013": "289", "2012": "288", "2011": "289", "2010": "281", "2009": "275", "2008": "282", "2007": "288", "2006": "297", "2005": "314"}, "Gentex Quarterly Shares Outstanding (Millions of Shares)": {"2020-12-31": "247", "2020-09-30": "243", "2020-06-30": "242", "2020-03-31": "248", "2019-12-31": "253", "2019-09-30": "253", "2019-06-30": "257", "2019-03-31": "259", "2018-12-31": "270", "2018-09-30": "254", "2018-06-30": "258", "2018-03-31": "278", "2017-12-31": "288", "2017-09-30": "287", "2017-06-30": "290", "2017-03-31": "291", "2016-12-31": "291", "2016-09-30": "290", "2016-06-30": "291", "2016-03-31": "291", "2015-12-31": "296", "2015-09-30": "295", "2015-06-30": "297", "2015-03-31": "299", "2014-12-31": "294", "2014-09-30": "293", "2014-06-30": "293", "2014-03-31": "293", "2013-12-31": "289", "2013-09-30": "289", "2013-06-30": "288", "2013-03-31": "286", "2012-12-31": "288", "2012-09-30": "287", "2012-06-30": "289", "2012-03-31": "290", "2011-12-31": "289", "2011-09-30": "289", "2011-06-30": "288", "2011-03-31": "288", "2010-12-31": "281", "2010-09-30": "281", "2010-06-30": "281", "2010-03-31": "279", "2009-12-31": "275", "2009-09-30": "275", "2009-06-30": "275", "2009-03-31": "274", "2008-12-31": "282", "2008-09-30": "281", "2008-06-30": "285", "2008-03-31": "287", "2007-12-31": "288", "2007-09-30": "290", "2007-06-30": "287", "2007-03-31": "285", "2006-12-31": "297", "2006-09-30": "290", "2006-06-30": "302", "2006-03-31": "312", "2005-12-31": "314", "2005-09-30": "315", "2005-06-30": "314", "2005-03-31": "313"}}, "total-assets": {"Gentex Annual Total Assets (Millions of US $)": {"2019": "$2,169", "2018": "$2,085", "2017": "$2,352", "2016": "$2,310", "2015": "$2,149", "2014": "$2,023", "2013": "$1,764", "2012": "$1,266", "2011": "$1,176", "2010": "$1,003", "2009": "$823", "2008": "$763", "2007": "$898", "2006": "$785", "2005": "$923"}, "Gentex Quarterly Total Assets (Millions of US $)": {"2020-09-30": "$2,192", "2020-06-30": "$2,101", "2020-03-31": "$2,158", "2019-12-31": "$2,169", "2019-09-30": "$2,167", "2019-06-30": "$2,143", "2019-03-31": "$2,100", "2018-12-31": "$2,085", "2018-09-30": "$2,069", "2018-06-30": "$2,192", "2018-03-31": "$2,254", "2017-12-31": "$2,352", "2017-09-30": "$2,372", "2017-06-30": "$2,364", "2017-03-31": "$2,363", "2016-12-31": "$2,310", "2016-09-30": "$2,258", "2016-06-30": "$2,207", "2016-03-31": "$2,197", "2015-12-31": "$2,149", "2015-09-30": "$2,124", "2015-06-30": "$2,113", "2015-03-31": "$2,091", "2014-12-31": "$2,023", "2014-09-30": "$1,950", "2014-06-30": "$1,890", "2014-03-31": "$1,865", "2013-12-31": "$1,764", "2013-09-30": "$1,697", "2013-06-30": "$1,366", "2013-03-31": "$1,330", "2012-12-31": "$1,266", "2012-09-30": "$1,255", "2012-06-30": "$1,254", "2012-03-31": "$1,255", "2011-12-31": "$1,176", "2011-09-30": "$1,135", "2011-06-30": "$1,114", "2011-03-31": "$1,092", "2010-12-31": "$1,003", "2010-09-30": "$942", "2010-06-30": "$900", "2010-03-31": "$905", "2009-12-31": "$823", "2009-09-30": "$801", "2009-06-30": "$756", "2009-03-31": "$745", "2008-12-31": "$763", "2008-09-30": "$816", "2008-06-30": "$870", "2008-03-31": "$887", "2007-12-31": "$898", "2007-09-30": "$888", "2007-06-30": "$853", "2007-03-31": "$825", "2006-12-31": "$785", "2006-09-30": "$787", "2006-06-30": "$824", "2006-03-31": "$915", "2005-12-31": "$923", "2005-09-30": "$905", "2005-06-30": "$906", "2005-03-31": "$890"}}, "cash-on-hand": {"Gentex Annual Cash on Hand (Millions of US $)": {"2019": "$437", "2018": "$386", "2017": "$722", "2016": "$723", "2015": "$556", "2014": "$497", "2013": "$310", "2012": "$450", "2011": "$419", "2010": "$435", "2009": "$353", "2008": "$323", "2007": "$398", "2006": "$328", "2005": "$507"}, "Gentex Quarterly Cash on Hand (Millions of US $)": {"2020-09-30": "$453", "2020-06-30": "$414", "2020-03-31": "$410", "2019-12-31": "$437", "2019-09-30": "$467", "2019-06-30": "$451", "2019-03-31": "$402", "2018-12-31": "$386", "2018-09-30": "$338", "2018-06-30": "$468", "2018-03-31": "$677", "2017-12-31": "$722", "2017-09-30": "$741", "2017-06-30": "$765", "2017-03-31": "$736", "2016-12-31": "$723", "2016-09-30": "$687", "2016-06-30": "$645", "2016-03-31": "$636", "2015-12-31": "$556", "2015-09-30": "$565", "2015-06-30": "$570", "2015-03-31": "$550", "2014-12-31": "$497", "2014-09-30": "$433", "2014-06-30": "$392", "2014-03-31": "$375", "2013-12-31": "$310", "2013-09-30": "$227", "2013-06-30": "$595", "2013-03-31": "$519", "2012-12-31": "$450", "2012-09-30": "$403", "2012-06-30": "$422", "2012-03-31": "$423", "2011-12-31": "$419", "2011-09-30": "$456", "2011-06-30": "$469", "2011-03-31": "$482", "2010-12-31": "$435", "2010-09-30": "$389", "2010-06-30": "$381", "2010-03-31": "$396", "2009-12-31": "$353", "2009-09-30": "$350", "2009-06-30": "$336", "2009-03-31": "$333", "2008-12-31": "$323", "2008-09-30": "$338", "2008-06-30": "$377", "2008-03-31": "$400", "2007-12-31": "$398", "2007-09-30": "$381", "2007-06-30": "$365", "2007-03-31": "$355", "2006-12-31": "$328", "2006-09-30": "$333", "2006-06-30": "$383", "2006-03-31": "$479", "2005-12-31": "$507", "2005-09-30": "$481", "2005-06-30": "$512", "2005-03-31": "$517"}}, "long-term-debt": {"Gentex Annual Long Term Debt (Millions of US $)": {"2019": "$", "2018": "$", "2017": "$", "2016": "$178", "2015": "$226", "2014": "$258", "2013": "$266", "2012": "$", "2011": "$", "2010": "$", "2009": "$", "2008": "$", "2007": "$", "2006": "$", "2005": "$"}, "Gentex Quarterly Long Term Debt (Millions of US $)": {"2020-09-30": "", "2020-06-30": "", "2020-03-31": "", "2019-12-31": "", "2019-09-30": "", "2019-06-30": "", "2019-03-31": "", "2018-12-31": "", "2018-09-30": "", "2018-06-30": "", "2018-03-31": "", "2017-12-31": "", "2017-09-30": "", "2017-06-30": "$9", "2017-03-31": "$36", "2016-12-31": "$178", "2016-09-30": "$195", "2016-06-30": "$207", "2016-03-31": "$209", "2015-12-31": "$226", "2015-09-30": "$228", "2015-06-30": "$254", "2015-03-31": "$256", "2014-12-31": "$258", "2014-09-30": "$260", "2014-06-30": "$262", "2014-03-31": "$264", "2013-12-31": "$266", "2013-09-30": "$268", "2013-06-30": "", "2013-03-31": "", "2012-12-31": "", "2012-09-30": "", "2012-06-30": "", "2012-03-31": "", "2011-12-31": "", "2011-09-30": "", "2011-06-30": "", "2011-03-31": "", "2010-12-31": "", "2010-09-30": "", "2010-06-30": "", "2010-03-31": "", "2009-12-31": "", "2009-09-30": "", "2009-06-30": "", "2009-03-31": "", "2008-12-31": "", "2008-09-30": "", "2008-06-30": "", "2008-03-31": "", "2007-12-31": "", "2007-09-30": "", "2007-06-30": "", "2007-03-31": "", "2006-12-31": "", "2006-09-30": "", "2006-06-30": "", "2006-03-31": "", "2005-12-31": "", "2005-09-30": "", "2005-06-30": "", "2005-03-31": ""}}, "total-liabilities": {"Gentex Annual Total Liabilities (Millions of US $)": {"2019": "$231", "2018": "$224", "2017": "$303", "2016": "$399", "2015": "$426", "2014": "$451", "2013": "$436", "2012": "$145", "2011": "$149", "2010": "$109", "2009": "$87", "2008": "$65", "2007": "$91", "2006": "$82", "2005": "$81"}, "Gentex Quarterly Total Liabilities (Millions of US $)": {"2020-09-30": "$297", "2020-06-30": "$278", "2020-03-31": "$323", "2019-12-31": "$231", "2019-09-30": "$246", "2019-06-30": "$238", "2019-03-31": "$243", "2018-12-31": "$224", "2018-09-30": "$226", "2018-06-30": "$271", "2018-03-31": "$284", "2017-12-31": "$303", "2017-09-30": "$345", "2017-06-30": "$360", "2017-03-31": "$389", "2016-12-31": "$399", "2016-09-30": "$402", "2016-06-30": "$422", "2016-03-31": "$448", "2015-12-31": "$426", "2015-09-30": "$453", "2015-06-30": "$466", "2015-03-31": "$478", "2014-12-31": "$451", "2014-09-30": "$453", "2014-06-30": "$442", "2014-03-31": "$480", "2013-12-31": "$436", "2013-09-30": "$442", "2013-06-30": "$159", "2013-03-31": "$168", "2012-12-31": "$145", "2012-09-30": "$162", "2012-06-30": "$159", "2012-03-31": "$185", "2011-12-31": "$149", "2011-09-30": "$151", "2011-06-30": "$150", "2011-03-31": "$157", "2010-12-31": "$109", "2010-09-30": "$112", "2010-06-30": "$107", "2010-03-31": "$131", "2009-12-31": "$87", "2009-09-30": "$92", "2009-06-30": "$66", "2009-03-31": "$62", "2008-12-31": "$65", "2008-09-30": "$78", "2008-06-30": "$89", "2008-03-31": "$105", "2007-12-31": "$91", "2007-09-30": "$97", "2007-06-30": "$91", "2007-03-31": "$103", "2006-12-31": "$82", "2006-09-30": "$93", "2006-06-30": "$95", "2006-03-31": "$97", "2005-12-31": "$81", "2005-09-30": "$90", "2005-06-30": "$89", "2005-03-31": "$93"}}, "total-share-holder-equity": {"Gentex Annual Share Holder Equity (Millions of US $)": {"2019": "$1,938", "2018": "$1,862", "2017": "$2,050", "2016": "$1,910", "2015": "$1,723", "2014": "$1,571", "2013": "$1,328", "2012": "$1,121", "2011": "$1,027", "2010": "$894", "2009": "$736", "2008": "$699", "2007": "$807", "2006": "$703", "2005": "$842"}, "Gentex Quarterly Share Holder Equity (Millions of US $)": {"2020-09-30": "$1,896", "2020-06-30": "$1,823", "2020-03-31": "$1,835", "2019-12-31": "$1,938", "2019-09-30": "$1,921", "2019-06-30": "$1,904", "2019-03-31": "$1,857", "2018-12-31": "$1,862", "2018-09-30": "$1,843", "2018-06-30": "$1,921", "2018-03-31": "$1,970", "2017-12-31": "$2,050", "2017-09-30": "$2,026", "2017-06-30": "$2,004", "2017-03-31": "$1,975", "2016-12-31": "$1,910", "2016-09-30": "$1,856", "2016-06-30": "$1,785", "2016-03-31": "$1,749", "2015-12-31": "$1,723", "2015-09-30": "$1,671", "2015-06-30": "$1,647", "2015-03-31": "$1,613", "2014-12-31": "$1,571", "2014-09-30": "$1,498", "2014-06-30": "$1,448", "2014-03-31": "$1,385", "2013-12-31": "$1,328", "2013-09-30": "$1,255", "2013-06-30": "$1,207", "2013-03-31": "$1,162", "2012-12-31": "$1,121", "2012-09-30": "$1,093", "2012-06-30": "$1,095", "2012-03-31": "$1,070", "2011-12-31": "$1,027", "2011-09-30": "$984", "2011-06-30": "$964", "2011-03-31": "$935", "2010-12-31": "$894", "2010-09-30": "$830", "2010-06-30": "$793", "2010-03-31": "$774", "2009-12-31": "$736", "2009-09-30": "$709", "2009-06-30": "$690", "2009-03-31": "$683", "2008-12-31": "$699", "2008-09-30": "$739", "2008-06-30": "$782", "2008-03-31": "$783", "2007-12-31": "$807", "2007-09-30": "$791", "2007-06-30": "$761", "2007-03-31": "$722", "2006-12-31": "$703", "2006-09-30": "$693", "2006-06-30": "$730", "2006-03-31": "$818", "2005-12-31": "$842", "2005-09-30": "$815", "2005-06-30": "$817", "2005-03-31": "$797"}}, "profit-margins": {"current": "20.59%"}, "gross margin": {"2020-12-31": "35.88%", "2020-09-30": "34.37%", "2020-06-30": "33.81%", "2020-03-31": "36.64%", "2019-12-31": "37.04%", "2019-09-30": "37.40%", "2019-06-30": "37.39%", "2019-03-31": "37.45%", "2018-12-31": "37.70%", "2018-09-30": "37.99%", "2018-06-30": "38.32%", "2018-03-31": "38.24%", "2017-12-31": "38.64%", "2017-09-30": "38.90%", "2017-06-30": "39.27%", "2017-03-31": "39.70%", "2016-12-31": "39.82%", "2016-09-30": "39.80%", "2016-06-30": "39.42%", "2016-03-31": "39.22%", "2015-12-31": "39.12%", "2015-09-30": "38.71%", "2015-06-30": "38.85%", "2015-03-31": "39.13%", "2014-12-31": "39.20%", "2014-09-30": "39.42%", "2014-06-30": "38.76%", "2014-03-31": "37.85%", "2013-12-31": "36.77%", "2013-09-30": "35.38%", "2013-06-30": "34.59%", "2013-03-31": "33.89%", "2012-12-31": "33.94%", "2012-09-30": "34.03%", "2012-06-30": "34.45%", "2012-03-31": "35.00%", "2011-12-31": "35.29%", "2011-09-30": "35.53%", "2011-06-30": "35.64%", "2011-03-31": "35.94%", "2010-12-31": "36.23%", "2010-09-30": "36.48%", "2010-06-30": "36.29%", "2010-03-31": "35.16%", "2009-12-31": "32.48%", "2009-09-30": "30.06%", "2009-06-30": "28.81%", "2009-03-31": "30.24%", "2008-12-31": "32.74%", "2008-09-30": "33.78%", "2008-06-30": "34.75%", "2008-03-31": "34.96%", "2007-12-31": "34.86%", "2007-09-30": "35.07%", "2007-06-30": "34.86%", "2007-03-31": "34.92%", "2006-12-31": "34.79%", "2006-09-30": "35.18%", "2006-06-30": "35.91%", "2006-03-31": "36.38%", "2005-12-31": "37.13%"}, "operating margin": {"2020-12-31": "23.62%", "2020-09-30": "21.71%", "2020-06-30": "20.98%", "2020-03-31": "25.58%", "2019-12-31": "26.29%", "2019-09-30": "26.91%", "2019-06-30": "27.12%", "2019-03-31": "27.27%", "2018-12-31": "27.71%", "2018-09-30": "28.10%", "2018-06-30": "28.53%", "2018-03-31": "28.67%", "2017-12-31": "29.12%", "2017-09-30": "29.44%", "2017-06-30": "29.88%", "2017-03-31": "30.38%", "2016-12-31": "30.48%", "2016-09-30": "30.67%", "2016-06-30": "30.32%", "2016-03-31": "29.85%", "2015-12-31": "29.73%", "2015-09-30": "28.97%", "2015-06-30": "28.85%", "2015-03-31": "29.12%", "2014-12-31": "29.02%", "2014-09-30": "29.29%", "2014-06-30": "28.45%", "2014-03-31": "27.36%", "2013-12-31": "26.11%", "2013-09-30": "23.89%", "2013-06-30": "22.88%", "2013-03-31": "21.73%", "2012-12-31": "21.47%", "2012-09-30": "21.66%", "2012-06-30": "22.00%", "2012-03-31": "22.30%", "2011-12-31": "22.58%", "2011-09-30": "22.94%", "2011-06-30": "22.86%", "2011-03-31": "23.47%", "2010-12-31": "23.50%", "2010-09-30": "23.80%", "2010-06-30": "23.55%", "2010-03-31": "21.51%", "2009-12-31": "17.25%", "2009-09-30": "12.47%", "2009-06-30": "10.49%", "2009-03-31": "13.17%", "2008-12-31": "17.50%", "2008-09-30": "19.79%", "2008-06-30": "21.26%", "2008-03-31": "21.63%", "2007-12-31": "21.41%", "2007-09-30": "21.96%", "2007-06-30": "21.93%", "2007-03-31": "22.03%", "2006-12-31": "22.03%", "2006-09-30": "22.68%", "2006-06-30": "23.70%", "2006-03-31": "24.31%", "2005-12-31": "25.37%"}, "ebitda margin": {"2020-09-30": "28.13%", "2020-06-30": "27.46%", "2020-03-31": "31.11%", "2019-12-31": "31.88%", "2019-09-30": "32.32%", "2019-06-30": "32.52%", "2019-03-31": "32.88%", "2018-12-31": "33.33%", "2018-09-30": "33.86%", "2018-06-30": "34.36%", "2018-03-31": "34.37%", "2017-12-31": "34.74%", "2017-09-30": "34.91%", "2017-06-30": "35.26%", "2017-03-31": "35.71%", "2016-12-31": "35.77%", "2016-09-30": "35.83%", "2016-06-30": "35.55%", "2016-03-31": "35.10%", "2015-12-31": "34.97%", "2015-09-30": "34.41%", "2015-06-30": "34.30%", "2015-03-31": "34.66%", "2014-12-31": "34.62%", "2014-09-30": "35.21%", "2014-06-30": "34.19%", "2014-03-31": "32.77%", "2013-12-31": "31.31%", "2013-09-30": "28.69%", "2013-06-30": "27.58%", "2013-03-31": "26.37%", "2012-12-31": "25.84%", "2012-09-30": "25.75%", "2012-06-30": "26.09%", "2012-03-31": "26.43%", "2011-12-31": "26.78%", "2011-09-30": "27.31%", "2011-06-30": "27.30%", "2011-03-31": "28.00%", "2010-12-31": "28.15%", "2010-09-30": "28.85%", "2010-06-30": "28.95%", "2010-03-31": "27.63%", "2009-12-31": "24.59%", "2009-09-30": "20.25%", "2009-06-30": "18.31%", "2009-03-31": "19.85%", "2008-12-31": "23.11%", "2008-09-30": "25.00%", "2008-06-30": "26.10%", "2008-03-31": "26.37%", "2007-12-31": "26.15%", "2007-09-30": "26.70%", "2007-06-30": "26.68%", "2007-03-31": "26.95%", "2006-12-31": "26.92%", "2006-09-30": "27.50%", "2006-06-30": "28.55%", "2006-03-31": "29.07%", "2005-12-31": "30.04%"}, "pre tax profit margin": {"2020-12-31": "24.39%", "2020-09-30": "22.46%", "2020-06-30": "21.73%", "2020-03-31": "26.18%", "2019-12-31": "26.94%", "2019-09-30": "27.72%", "2019-06-30": "27.93%", "2019-03-31": "28.09%", "2018-12-31": "28.53%", "2018-09-30": "28.80%", "2018-06-30": "29.14%", "2018-03-31": "29.28%", "2017-12-31": "29.62%", "2017-09-30": "29.78%", "2017-06-30": "30.11%", "2017-03-31": "30.44%", "2016-12-31": "30.42%", "2016-09-30": "30.67%", "2016-06-30": "30.32%", "2016-03-31": "30.04%", "2015-12-31": "29.99%", "2015-09-30": "29.44%", "2015-06-30": "29.40%", "2015-03-31": "29.97%", "2014-12-31": "30.25%", "2014-09-30": "30.77%", "2014-06-30": "30.47%", "2014-03-31": "29.38%", "2013-12-31": "27.99%", "2013-09-30": "25.52%", "2013-06-30": "24.26%", "2013-03-31": "22.93%", "2012-12-31": "22.75%", "2012-09-30": "22.84%", "2012-06-30": "23.00%", "2012-03-31": "23.52%", "2011-12-31": "23.85%", "2011-09-30": "24.37%", "2011-06-30": "24.49%", "2011-03-31": "24.72%", "2010-12-31": "24.85%", "2010-09-30": "24.97%", "2010-06-30": "24.79%", "2010-03-31": "23.08%", "2009-12-31": "17.80%", "2009-09-30": "7.36%", "2009-06-30": "4.73%", "2009-03-31": "8.35%", "2008-12-31": "14.77%", "2008-09-30": "23.07%", "2008-06-30": "25.81%", "2008-03-31": "26.81%", "2007-12-31": "27.37%", "2007-09-30": "27.96%", "2007-06-30": "27.66%", "2007-03-31": "27.80%", "2006-12-31": "27.80%", "2006-09-30": "28.04%", "2006-06-30": "29.08%", "2006-03-31": "29.25%", "2005-12-31": "29.85%"}, "net profit margin": {"2020-12-31": "20.43%", "2020-09-30": "18.65%", "2020-06-30": "18.31%", "2020-03-31": "21.95%", "2019-12-31": "22.58%", "2019-09-30": "22.95%", "2019-06-30": "23.12%", "2019-03-31": "23.35%", "2018-12-31": "23.84%", "2018-09-30": "25.05%", "2018-06-30": "24.19%", "2018-03-31": "23.24%", "2017-12-31": "22.66%", "2017-09-30": "20.84%", "2017-06-30": "21.06%", "2017-03-31": "21.12%", "2016-12-31": "20.65%", "2016-09-30": "20.77%", "2016-06-30": "20.42%", "2016-03-31": "20.30%", "2015-12-31": "20.60%", "2015-09-30": "20.23%", "2015-06-30": "20.36%", "2015-03-31": "21.09%", "2014-12-31": "21.02%", "2014-09-30": "21.30%", "2014-06-30": "21.09%", "2014-03-31": "19.94%", "2013-12-31": "19.03%", "2013-09-30": "17.47%", "2013-06-30": "16.51%", "2013-03-31": "15.60%", "2012-12-31": "15.38%", "2012-09-30": "15.38%", "2012-06-30": "15.45%", "2012-03-31": "15.71%", "2011-12-31": "15.93%", "2011-09-30": "16.24%", "2011-06-30": "16.36%", "2011-03-31": "16.67%", "2010-12-31": "16.77%", "2010-09-30": "16.82%", "2010-06-30": "16.62%", "2010-03-31": "15.38%", "2009-12-31": "11.74%", "2009-09-30": "4.91%", "2009-06-30": "3.09%", "2009-03-31": "5.57%", "2008-12-31": "9.95%", "2008-09-30": "15.48%", "2008-06-30": "17.45%", "2008-03-31": "18.22%", "2007-12-31": "18.65%", "2007-09-30": "19.12%", "2007-06-30": "18.82%", "2007-03-31": "18.81%", "2006-12-31": "18.88%", "2006-09-30": "19.11%", "2006-06-30": "19.93%", "2006-03-31": "20.11%", "2005-12-31": "20.52%"}, "pe ratio": {"current": "24.22", "2021-02-05": "42.02", "2020-12-31": "40.75", "2020-09-30": "20.95", "2020-06-30": "21.57", "2020-03-31": "13.53", "2019-12-31": "17.19", "2019-09-30": "16.07", "2019-06-30": "14.46", "2019-03-31": "12.24", "2018-12-31": "11.90", "2018-09-30": "12.19", "2018-06-30": "13.93", "2018-03-31": "14.71", "2017-12-31": "13.98", "2017-09-30": "14.72", "2017-06-30": "13.92", "2017-03-31": "15.70", "2016-12-31": "15.03", "2016-09-30": "13.45", "2016-06-30": "12.27", "2016-03-31": "12.95", "2015-12-31": "13.39", "2015-09-30": "13.65", "2015-06-30": "14.75", "2015-03-31": "16.20", "2014-12-31": "16.33", "2014-09-30": "12.03", "2014-06-30": "13.77", "2014-03-31": "16.27", "2013-12-31": "18.59", "2013-09-30": "16.49", "2013-06-30": "15.83", "2013-03-31": "14.58", "2012-12-31": "13.64", "2012-09-30": "12.20", "2012-06-30": "14.77", "2012-03-31": "17.40", "2011-12-31": "21.48", "2011-09-30": "17.68", "2011-06-30": "23.40", "2011-03-31": "24.00", "2010-12-31": "24.81", "2010-09-30": "17.00", "2010-06-30": "16.82", "2010-03-31": "21.89", "2009-12-31": "30.21", "2009-09-30": "65.71", "2009-06-30": "82.41", "2009-03-31": "36.71", "2008-12-31": "15.70", "2008-09-30": "14.84", "2008-06-30": "13.08", "2008-03-31": "14.91", "2007-12-31": "15.35", "2007-09-30": "18.43", "2007-06-30": "17.67", "2007-03-31": "15.24", "2006-12-31": "15.29"}, "price sales": {"2021-02-05": "5.07", "2020-12-31": "4.91", "2020-09-30": "3.94", "2020-06-30": "3.96", "2020-03-31": "2.98", "2019-12-31": "3.90", "2019-09-30": "3.72", "2019-06-30": "3.35", "2019-03-31": "2.82", "2018-12-31": "2.80", "2018-09-30": "2.99", "2018-06-30": "3.33", "2018-03-31": "3.44", "2017-12-31": "3.18", "2017-09-30": "3.06", "2017-06-30": "2.94", "2017-03-31": "3.34", "2016-12-31": "3.15", "2016-09-30": "2.83", "2016-06-30": "2.55", "2016-03-31": "2.66", "2015-12-31": "2.78", "2015-09-30": "2.77", "2015-06-30": "3.00", "2015-03-31": "3.41", "2014-12-31": "3.41", "2014-09-30": "2.55", "2014-06-30": "2.88", "2014-03-31": "3.22", "2013-12-31": "3.52", "2013-09-30": "2.88", "2013-06-30": "2.62", "2013-03-31": "2.27", "2012-12-31": "2.09", "2012-09-30": "1.87", "2012-06-30": "2.29", "2012-03-31": "2.76", "2011-12-31": "3.45", "2011-09-30": "2.88", "2011-06-30": "3.83", "2011-03-31": "3.97", "2010-12-31": "4.14", "2010-09-30": "2.86", "2010-06-30": "2.79", "2010-03-31": "3.37", "2009-12-31": "3.59", "2009-09-30": "3.16", "2009-06-30": "2.59", "2009-03-31": "2.01", "2008-12-31": "1.54", "2008-09-30": "2.30", "2008-06-30": "2.29", "2008-03-31": "2.74", "2007-12-31": "2.90", "2007-09-30": "3.63", "2007-06-30": "3.43", "2007-03-31": "2.95", "2006-12-31": "2.96"}, "price book": {"current": "4.35", "2021-02-05": "4.51", "2020-09-30": "3.30", "2020-06-30": "3.43", "2020-03-31": "2.91", "2019-12-31": "3.68", "2019-09-30": "3.53", "2019-06-30": "3.19", "2019-03-31": "2.74", "2018-12-31": "2.70", "2018-09-30": "2.91", "2018-06-30": "3.06", "2018-03-31": "3.03", "2017-12-31": "2.70", "2017-09-30": "2.60", "2017-06-30": "2.52", "2017-03-31": "2.88", "2016-12-31": "2.74", "2016-09-30": "2.49", "2016-06-30": "2.27", "2016-03-31": "2.35", "2015-12-31": "2.45", "2015-09-30": "2.43", "2015-06-30": "2.61", "2015-03-31": "2.97", "2014-12-31": "3.01", "2014-09-30": "2.30", "2014-06-30": "2.57", "2014-03-31": "2.90", "2013-12-31": "3.14", "2013-09-30": "2.55", "2013-06-30": "2.36", "2013-03-31": "2.11", "2012-12-31": "2.04", "2012-09-30": "1.87", "2012-06-30": "2.30", "2012-03-31": "2.74", "2011-12-31": "3.43", "2011-09-30": "2.89", "2011-06-30": "3.68", "2011-03-31": "3.77", "2010-12-31": "3.83", "2010-09-30": "2.67", "2010-06-30": "2.55", "2010-03-31": "2.80", "2009-12-31": "2.67", "2009-09-30": "2.17", "2009-06-30": "1.81", "2009-03-31": "1.55", "2008-12-31": "1.33", "2008-09-30": "2.05", "2008-06-30": "1.97", "2008-03-31": "2.34", "2007-12-31": "2.37", "2007-09-30": "2.89", "2007-06-30": "2.74", "2007-03-31": "2.35", "2006-12-31": "2.29", "2006-09-30": "2.12", "2006-06-30": "2.02", "2006-03-31": "2.34"}, "price fcf": {"2021-02-05": "", "2020-09-30": "$1.58", "2020-06-30": "$1.45", "2020-03-31": "$1.77", "2019-12-31": "$1.67", "2019-09-30": "$1.73", "2019-06-30": "$1.69", "2019-03-31": "$1.75", "2018-12-31": "$1.73", "2018-09-30": "$1.75", "2018-06-30": "$1.60", "2018-03-31": "$1.46", "2017-12-31": "$1.38", "2017-09-30": "$1.24", "2017-06-30": "$1.25", "2017-03-31": "$1.13", "2016-12-31": "$1.23", "2016-09-30": "$1.03", "2016-06-30": "$1.02", "2016-03-31": "$1.01", "2015-12-31": "$0.87", "2015-09-30": "$1.01", "2015-06-30": "$1.02", "2015-03-31": "$0.90", "2014-12-31": "$0.87", "2014-09-30": "$0.87", "2014-06-30": "$0.78", "2014-03-31": "$0.89", "2013-12-31": "$0.91", "2013-09-30": "$0.86", "2013-06-30": "$0.90", "2013-03-31": "$0.71", "2012-12-31": "$0.49", "2012-09-30": "$0.21", "2012-06-30": "$-0.01", "2012-03-31": "$-0.05", "2011-12-31": "$0.08", "2011-09-30": "$0.21", "2011-06-30": "$0.31", "2011-03-31": "$0.31", "2010-12-31": "$0.29", "2010-09-30": "$0.31", "2010-06-30": "$0.36", "2010-03-31": "$0.47", "2009-12-31": "$0.33", "2009-09-30": "$0.32", "2009-06-30": "$0.25", "2009-03-31": "$0.16", "2008-12-31": "$0.27", "2008-09-30": "$0.30", "2008-06-30": "$0.33", "2008-03-31": "$0.34", "2007-12-31": "$0.33", "2007-09-30": "$0.30", "2007-06-30": "$0.30", "2007-03-31": "$0.33", "2006-12-31": "$0.28"}, "net worth": {"value": "$8.55B"}, "current ratio": {"2020-12-31": "5.51", "2020-09-30": "4.12", "2020-06-30": "3.95", "2020-03-31": "3.45", "2019-12-31": "5.53", "2019-09-30": "5.42", "2019-06-30": "5.24", "2019-03-31": "4.80", "2018-12-31": "5.03", "2018-09-30": "4.79", "2018-06-30": "4.40", "2018-03-31": "5.00", "2017-12-31": "4.86", "2017-09-30": "4.54", "2017-06-30": "4.44", "2017-03-31": "4.35", "2016-12-31": "7.71", "2016-09-30": "7.09", "2016-06-30": "6.24", "2016-03-31": "5.43", "2015-12-31": "7.51", "2015-09-30": "5.39", "2015-06-30": "6.15", "2015-03-31": "5.69", "2014-12-31": "6.42", "2014-09-30": "5.59", "2014-06-30": "5.70", "2014-03-31": "4.21", "2013-12-31": "5.01", "2013-09-30": "4.34", "2013-06-30": "8.24", "2013-03-31": "7.25", "2012-12-31": "8.47", "2012-09-30": "7.10", "2012-06-30": "7.33", "2012-03-31": "6.04", "2011-12-31": "7.47", "2011-09-30": "6.49", "2011-06-30": "6.99", "2011-03-31": "6.27", "2010-12-31": "9.09", "2010-09-30": "7.30", "2010-06-30": "6.91", "2010-03-31": "5.59", "2009-12-31": "8.62", "2009-09-30": "6.74", "2009-06-30": "8.93", "2009-03-31": "9.27", "2008-12-31": "9.24", "2008-09-30": "7.82", "2008-06-30": "7.42", "2008-03-31": "6.12", "2007-12-31": "7.73", "2007-09-30": "7.39", "2007-06-30": "7.60", "2007-03-31": "6.11", "2006-12-31": "7.79", "2006-09-30": "6.53", "2006-06-30": "6.95", "2006-03-31": "8.22", "2005-12-31": "10.66", "2005-09-30": "9.00", "2005-06-30": "9.09", "2005-03-31": "8.68"}, "quick ratio": {"2020-12-31": "4.24", "2020-09-30": "3.14", "2020-06-30": "2.76", "2020-03-31": "2.50", "2019-12-31": "4.08", "2019-09-30": "4.11", "2019-06-30": "3.97", "2019-03-31": "3.58", "2018-12-31": "3.70", "2018-09-30": "3.55", "2018-06-30": "3.41", "2018-03-31": "4.10", "2017-12-31": "3.97", "2017-09-30": "3.76", "2017-06-30": "3.72", "2017-03-31": "3.64", "2016-12-31": "6.44", "2016-09-30": "5.94", "2016-06-30": "5.20", "2016-03-31": "4.46", "2015-12-31": "6.18", "2015-09-30": "4.49", "2015-06-30": "5.18", "2015-03-31": "4.80", "2014-12-31": "5.36", "2014-09-30": "4.64", "2014-06-30": "4.72", "2014-03-31": "3.44", "2013-12-31": "4.01", "2013-09-30": "3.37", "2013-06-30": "7.12", "2013-03-31": "6.07", "2012-12-31": "6.65", "2012-09-30": "5.40", "2012-06-30": "5.51", "2012-03-31": "4.50", "2011-12-31": "5.60", "2011-09-30": "5.20", "2011-06-30": "5.84", "2011-03-31": "5.37", "2010-12-31": "7.69", "2010-09-30": "6.19", "2010-06-30": "5.96", "2010-03-31": "4.93", "2009-12-31": "7.71", "2009-09-30": "6.11", "2009-06-30": "7.99", "2009-03-31": "8.19", "2008-12-31": "8.13", "2008-09-30": "6.92", "2008-06-30": "6.69", "2008-03-31": "5.59", "2007-12-31": "7.03", "2007-09-30": "6.72", "2007-06-30": "6.95", "2007-03-31": "5.55", "2006-12-31": "6.94", "2006-09-30": "5.90", "2006-06-30": "6.39", "2006-03-31": "7.69", "2005-12-31": "9.97", "2005-09-30": "8.45", "2005-06-30": "8.58", "2005-03-31": "8.24"}, "debt equity ratio": {"current": "0.00", "2020-12-31": "0.12", "2020-09-30": "0.16", "2020-06-30": "0.15", "2020-03-31": "0.18", "2019-12-31": "0.12", "2019-09-30": "0.13", "2019-06-30": "0.13", "2019-03-31": "0.13", "2018-12-31": "0.12", "2018-09-30": "0.12", "2018-06-30": "0.14", "2018-03-31": "0.14", "2017-12-31": "0.15", "2017-09-30": "0.17", "2017-06-30": "0.18", "2017-03-31": "0.20", "2016-12-31": "0.21", "2016-09-30": "0.22", "2016-06-30": "0.24", "2016-03-31": "0.26", "2015-12-31": "0.25", "2015-09-30": "0.27", "2015-06-30": "0.28", "2015-03-31": "0.30", "2014-12-31": "0.29", "2014-09-30": "0.30", "2014-06-30": "0.31", "2014-03-31": "0.35", "2013-12-31": "0.33", "2013-09-30": "0.35", "2013-06-30": "0.13", "2013-03-31": "0.14", "2012-12-31": "0.13", "2012-09-30": "0.15", "2012-06-30": "0.15", "2012-03-31": "0.17", "2011-12-31": "0.15", "2011-09-30": "0.15", "2011-06-30": "0.16", "2011-03-31": "0.17", "2010-12-31": "0.12", "2010-09-30": "0.14", "2010-06-30": "0.14", "2010-03-31": "0.17", "2009-12-31": "0.12", "2009-09-30": "0.13", "2009-06-30": "0.10", "2009-03-31": "0.09", "2008-12-31": "0.09", "2008-09-30": "0.11", "2008-06-30": "0.11", "2008-03-31": "0.13", "2007-12-31": "0.11", "2007-09-30": "0.12", "2007-06-30": "0.12", "2007-03-31": "0.14", "2006-12-31": "0.12", "2006-09-30": "0.14", "2006-06-30": "0.13", "2006-03-31": "0.12", "2005-12-31": "0.10", "2005-09-30": "0.11", "2005-06-30": "0.11", "2005-03-31": "0.12"}, "return on equity": {"2020-12-31": "18.36%", "2020-09-30": "15.96%", "2020-06-30": "15.64%", "2020-03-31": "21.32%", "2019-12-31": "22.05%", "2019-09-30": "22.75%", "2019-06-30": "22.93%", "2019-03-31": "22.93%", "2018-12-31": "23.01%", "2018-09-30": "23.69%", "2018-06-30": "22.09%", "2018-03-31": "20.87%", "2017-12-31": "20.21%", "2017-09-30": "18.50%", "2017-06-30": "19.01%", "2017-03-31": "19.40%", "2016-12-31": "19.01%", "2016-09-30": "19.46%", "2016-06-30": "19.17%", "2016-03-31": "18.91%", "2015-12-31": "19.12%", "2015-09-30": "18.52%", "2015-06-30": "18.64%", "2015-03-31": "19.38%", "2014-12-31": "19.59%", "2014-09-30": "20.36%", "2014-06-30": "20.09%", "2014-03-31": "19.09%", "2013-12-31": "18.01%", "2013-09-30": "16.27%", "2013-06-30": "15.62%", "2013-03-31": "15.03%", "2012-12-31": "15.44%", "2012-09-30": "15.78%", "2012-06-30": "16.28%", "2012-03-31": "16.51%", "2011-12-31": "16.68%", "2011-09-30": "16.94%", "2011-06-30": "16.67%", "2011-03-31": "17.03%", "2010-12-31": "16.65%", "2010-09-30": "16.60%", "2010-06-30": "15.94%", "2010-03-31": "13.48%", "2009-12-31": "9.08%", "2009-09-30": "3.45%", "2009-06-30": "2.13%", "2009-03-31": "4.13%", "2008-12-31": "8.26%", "2008-09-30": "13.37%", "2008-06-30": "15.05%", "2008-03-31": "15.66%", "2007-12-31": "15.84%", "2007-09-30": "16.26%", "2007-06-30": "15.98%", "2007-03-31": "15.59%", "2006-12-31": "14.67%", "2006-09-30": "13.88%", "2006-06-30": "13.85%", "2006-03-31": "13.37%", "2005-12-31": "13.45%"}, "return on assets": {"2020-12-31": "15.96%", "2020-09-30": "13.87%", "2020-06-30": "13.68%", "2020-03-31": "18.76%", "2019-12-31": "19.58%", "2019-09-30": "20.20%", "2019-06-30": "20.39%", "2019-03-31": "20.32%", "2018-12-31": "20.33%", "2018-09-30": "20.80%", "2018-06-30": "19.19%", "2018-03-31": "17.98%", "2017-12-31": "17.23%", "2017-09-30": "15.56%", "2017-06-30": "15.84%", "2017-03-31": "15.98%", "2016-12-31": "15.47%", "2016-09-30": "15.71%", "2016-06-30": "15.30%", "2016-03-31": "14.96%", "2015-12-31": "15.01%", "2015-09-30": "14.42%", "2015-06-30": "14.43%", "2015-03-31": "14.94%", "2014-12-31": "14.96%", "2014-09-30": "15.42%", "2014-06-30": "15.08%", "2014-03-31": "14.76%", "2013-12-31": "14.49%", "2013-09-30": "13.64%", "2013-06-30": "13.72%", "2013-03-31": "13.16%", "2012-12-31": "13.44%", "2012-09-30": "13.68%", "2012-06-30": "14.11%", "2012-03-31": "14.27%", "2011-12-31": "14.43%", "2011-09-30": "14.73%", "2011-06-30": "14.55%", "2011-03-31": "14.94%", "2010-12-31": "14.61%", "2010-09-30": "14.57%", "2010-06-30": "14.00%", "2010-03-31": "11.93%", "2009-12-31": "8.19%", "2009-09-30": "3.13%", "2009-06-30": "1.95%", "2009-03-31": "3.76%", "2008-12-31": "7.43%", "2008-09-30": "11.99%", "2008-06-30": "13.43%", "2008-03-31": "13.95%", "2007-12-31": "14.09%", "2007-09-30": "14.44%", "2007-06-30": "14.15%", "2007-03-31": "13.78%", "2006-12-31": "13.05%", "2006-09-30": "12.41%", "2006-06-30": "12.45%", "2006-03-31": "12.06%", "2005-12-31": "12.14%"}, "return on investments": {"2020-12-31": "inf%", "2020-09-30": "inf%", "2020-06-30": "inf%", "2020-03-31": "inf%", "2019-12-31": "inf%", "2019-09-30": "inf%", "2019-06-30": "inf%", "2019-03-31": "inf%", "2018-12-31": "inf%", "2018-09-30": "inf%", "2018-06-30": "inf%", "2018-03-31": "102.93%", "2017-12-31": "51.99%", "2017-09-30": "33.83%", "2017-06-30": "25.58%", "2017-03-31": "25.79%", "2016-12-31": "25.32%", "2016-09-30": "25.71%", "2016-06-30": "25.29%", "2016-03-31": "24.50%", "2015-12-31": "24.10%", "2015-09-30": "22.99%", "2015-06-30": "22.72%", "2015-03-31": "22.88%", "2014-12-31": "22.97%", "2014-09-30": "23.61%", "2014-06-30": "22.67%", "2014-03-31": "28.46%", "2013-12-31": "39.28%", "2013-09-30": "69.34%", "2013-06-30": "inf%", "2013-03-31": "inf%", "2012-12-31": "inf%", "2012-09-30": "inf%", "2012-06-30": "inf%", "2012-03-31": "inf%", "2011-12-31": "inf%", "2011-09-30": "inf%", "2011-06-30": "inf%", "2011-03-31": "inf%", "2010-12-31": "inf%", "2010-09-30": "inf%", "2010-06-30": "inf%", "2010-03-31": "inf%", "2009-12-31": "inf%", "2009-09-30": "inf%", "2009-06-30": "inf%", "2009-03-31": "inf%", "2008-12-31": "inf%", "2008-09-30": "inf%", "2008-06-30": "inf%", "2008-03-31": "inf%", "2007-12-31": "inf%", "2007-09-30": "inf%", "2007-06-30": "inf%", "2007-03-31": "inf%", "2006-12-31": "inf%", "2006-09-30": "inf%", "2006-06-30": "inf%", "2006-03-31": "inf%", "2005-12-31": "inf%"}, "return on tangible equity": {"2020-09-30": "23.16%", "2020-06-30": "22.66%", "2020-03-31": "30.76%", "2019-12-31": "31.87%", "2019-09-30": "33.15%", "2019-06-30": "33.70%", "2019-03-31": "33.79%", "2018-12-31": "33.78%", "2018-09-30": "34.52%", "2018-06-30": "31.97%", "2018-03-31": "30.17%", "2017-12-31": "29.32%", "2017-09-30": "27.15%", "2017-06-30": "28.29%", "2017-03-31": "29.40%", "2016-12-31": "29.39%", "2016-09-30": "30.64%", "2016-06-30": "30.80%", "2016-03-31": "30.92%", "2015-12-31": "31.83%", "2015-09-30": "31.49%", "2015-06-30": "32.51%", "2015-03-31": "34.84%", "2014-12-31": "36.58%", "2014-09-30": "39.79%", "2014-06-30": "41.42%", "2014-03-31": "32.44%", "2013-12-31": "25.57%", "2013-09-30": "19.53%", "2013-06-30": "16.02%", "2013-03-31": "15.37%", "2012-12-31": "15.74%", "2012-09-30": "16.03%", "2012-06-30": "16.49%", "2012-03-31": "16.73%", "2011-12-31": "16.90%", "2011-09-30": "17.19%", "2011-06-30": "16.92%", "2011-03-31": "17.30%", "2010-12-31": "16.92%", "2010-09-30": "16.87%", "2010-06-30": "16.19%", "2010-03-31": "13.68%", "2009-12-31": "9.22%", "2009-09-30": "3.50%", "2009-06-30": "2.16%", "2009-03-31": "4.19%", "2008-12-31": "8.36%", "2008-09-30": "13.53%", "2008-06-30": "15.22%", "2008-03-31": "15.83%", "2007-12-31": "16.01%", "2007-09-30": "16.43%", "2007-06-30": "16.15%", "2007-03-31": "15.76%", "2006-12-31": "14.82%", "2006-09-30": "14.02%", "2006-06-30": "13.98%", "2006-03-31": "13.48%", "2005-12-31": "13.56%"}, "dividend yield history": {"last payout": "$0.48", "last yield": "1.38%"}}