{"ticker": "GIS", "price": {"title": "General Mills Historical Annual Stock Price Data", "value": 56.91, "historical": {"2021": {"Average Stock Price": "57.2339", "Year Open": "59.0300", "Year High": "60.4000", "Year Low": "54.3700", "Year Close": "56.9100", "Annual % Change": "-3.21%"}, "2020": {"Average Stock Price": "59.0604", "Year Open": "52.1300", "Year High": "65.7400", "Year Low": "47.2800", "Year Close": "58.8000", "Annual % Change": "9.78%"}, "2019": {"Average Stock Price": "50.9493", "Year Open": "38.4300", "Year High": "55.5900", "Year Low": "38.4300", "Year Close": "53.5600", "Annual % Change": "37.54%"}, "2018": {"Average Stock Price": "46.3096", "Year Open": "59.0400", "Year High": "60.2000", "Year Low": "36.7000", "Year Close": "38.9400", "Annual % Change": "-34.32%"}, "2017": {"Average Stock Price": "56.7578", "Year Open": "62.0900", "Year High": "63.1900", "Year Low": "50.1000", "Year Close": "59.2900", "Annual % Change": "-4.01%"}, "2016": {"Average Stock Price": "63.3940", "Year Open": "57.4600", "Year High": "72.6400", "Year Low": "54.1200", "Year Close": "61.7700", "Annual % Change": "7.13%"}, "2015": {"Average Stock Price": "56.0766", "Year Open": "53.1100", "Year High": "59.5500", "Year Low": "51.7000", "Year Close": "57.6600", "Annual % Change": "8.12%"}, "2014": {"Average Stock Price": "51.7655", "Year Open": "49.4000", "Year High": "55.5600", "Year Low": "46.8600", "Year Close": "53.3300", "Annual % Change": "6.85%"}, "2013": {"Average Stock Price": "48.3898", "Year Open": "41.3200", "Year High": "52.7300", "Year Low": "40.6200", "Year Close": "49.9100", "Annual % Change": "23.48%"}, "2012": {"Average Stock Price": "39.3212", "Year Open": "40.3000", "Year High": "41.7700", "Year Low": "37.5500", "Year Close": "40.4200", "Annual % Change": "0.02%"}, "2011": {"Average Stock Price": "37.7611", "Year Open": "35.5000", "Year High": "40.6600", "Year Low": "34.6000", "Year Close": "40.4100", "Annual % Change": "13.54%"}, "2010": {"Average Stock Price": "35.9855", "Year Open": "35.4500", "Year High": "38.9300", "Year Low": "33.5700", "Year Close": "35.5900", "Annual % Change": "0.52%"}, "2009": {"Average Stock Price": "29.3522", "Year Open": "30.1800", "Year High": "35.9700", "Year Low": "23.6100", "Year Close": "35.4050", "Annual % Change": "16.56%"}, "2008": {"Average Stock Price": "30.9875", "Year Open": "28.2700", "Year High": "35.0800", "Year Low": "26.4300", "Year Close": "30.3750", "Annual % Change": "6.58%"}, "2007": {"Average Stock Price": "28.9677", "Year Open": "28.7150", "Year High": "30.7350", "Year Low": "27.4200", "Year Close": "28.5000", "Annual % Change": "-1.04%"}, "2006": {"Average Stock Price": "26.1431", "Year Open": "24.7900", "Year High": "29.4750", "Year Low": "23.6200", "Year Close": "28.8000", "Annual % Change": "16.79%"}, "2005": {"Average Stock Price": "24.5537", "Year Open": "24.4500", "Year High": "26.6800", "Year Low": "22.3400", "Year Close": "24.6600", "Annual % Change": "-0.78%"}, "2004": {"Average Stock Price": "23.0695", "Year Open": "22.5050", "Year High": "24.9100", "Year Low": "21.6500", "Year Close": "24.8550", "Annual % Change": "9.74%"}, "2003": {"Average Stock Price": "22.9425", "Year Open": "23.8250", "Year High": "24.8300", "Year Low": "20.9150", "Year Close": "22.6500", "Annual % Change": "-3.51%"}, "2002": {"Average Stock Price": "22.4029", "Year Open": "25.4750", "Year High": "25.4850", "Year Low": "19.2000", "Year Close": "23.4750", "Annual % Change": "-9.73%"}, "2001": {"Average Stock Price": "22.0159", "Year Open": "22.0000", "Year High": "26.4300", "Year Low": "18.7700", "Year Close": "26.0050", "Annual % Change": "16.72%"}, "2000": {"Average Stock Price": "18.1123", "Year Open": "17.2200", "Year High": "22.2800", "Year Low": "15.0300", "Year Close": "22.2800", "Annual % Change": "24.64%"}, "1999": {"Average Stock Price": "19.9440", "Year Open": "19.6725", "Year High": "21.7975", "Year Low": "16.3750", "Year Close": "17.8750", "Annual % Change": "-8.04%"}, "1998": {"Average Stock Price": "17.6461", "Year Open": "18.0775", "Year High": "19.7825", "Year Low": "15.0325", "Year Close": "19.4375", "Annual % Change": "8.54%"}, "1997": {"Average Stock Price": "16.6680", "Year Open": "15.7200", "Year High": "19.5150", "Year Low": "14.6250", "Year Close": "17.9075", "Annual % Change": "12.59%"}, "1996": {"Average Stock Price": "14.3302", "Year Open": "14.7200", "Year High": "16.6250", "Year Low": "13.0625", "Year Close": "15.9050", "Annual % Change": "10.16%"}, "1995": {"Average Stock Price": "14.1077", "Year Open": "14.1875", "Year High": "15.9375", "Year Low": "12.5000", "Year Close": "14.4375", "Annual % Change": "1.09%"}, "1994": {"Average Stock Price": "13.7859", "Year Open": "15.4700", "Year High": "15.4700", "Year Low": "12.3450", "Year Close": "14.2825", "Annual % Change": "-5.96%"}, "1993": {"Average Stock Price": "16.1784", "Year Open": "17.0625", "Year High": "18.5000", "Year Low": "14.3125", "Year Close": "15.1875", "Annual % Change": "-11.31%"}, "1992": {"Average Stock Price": "16.8470", "Year Open": "18.6875", "Year High": "18.9700", "Year Low": "14.7825", "Year Close": "17.1250", "Annual % Change": "-6.97%"}, "1991": {"Average Stock Price": "14.6636", "Year Open": "11.8125", "Year High": "18.4075", "Year Low": "10.9700", "Year Close": "18.4075", "Annual % Change": "50.27%"}, "1990": {"Average Stock Price": "10.1089", "Year Open": "9.1250", "Year High": "12.4700", "Year Low": "7.9063", "Year Close": "12.2500", "Annual % Change": "35.40%"}, "1989": {"Average Stock Price": "8.1499", "Year Open": "6.3900", "Year High": "9.5938", "Year Low": "6.3900", "Year Close": "9.0475", "Annual % Change": "39.51%"}, "1988": {"Average Stock Price": "6.1629", "Year Open": "6.2650", "Year High": "7.2188", "Year Low": "5.3900", "Year Close": "6.4850", "Annual % Change": "4.55%"}, "1987": {"Average Stock Price": "6.4138", "Year Open": "5.5000", "Year High": "7.6725", "Year Low": "5.2500", "Year Close": "6.2025", "Annual % Change": "15.07%"}, "1986": {"Average Stock Price": "4.8466", "Year Open": "3.7813", "Year High": "5.8200", "Year Low": "3.5469", "Year Close": "5.3900", "Annual % Change": "41.10%"}, "1985": {"Average Stock Price": "3.6279", "Year Open": "3.1563", "Year High": "4.3281", "Year Low": "3.0075", "Year Close": "3.8200", "Annual % Change": "20.13%"}, "1984": {"Average Stock Price": "3.2075", "Year Open": "3.2575", "Year High": "3.7344", "Year Low": "2.7813", "Year Close": "3.1800", "Annual % Change": "-2.62%"}}}, "market cap": {"value": "$35.26B"}, "income statement": {"Revenue": {"2020-05-31": "17626.60000", "2019-05-31": "16865.20000", "2018-05-31": "15740.40000", "2017-05-31": "15619.80000", "2016-05-31": "16563.10000", "2015-05-31": "17630.30000", "2014-05-31": "17909.60000", "2013-05-31": "17774.10000", "2012-05-31": "16657.90000", "2011-05-31": "14880.20000", "2010-05-31": "14635.60000", "2009-05-31": "14555.80000", "2008-05-31": "13652.10000", "2007-05-31": "12441.50000", "2006-05-31": "11711.30000", "2005-05-31": "11308.00000"}, "Cost Of Goods Sold": {"2020-05-31": "11496.70000", "2019-05-31": "11108.40000", "2018-05-31": "10304.80000", "2017-05-31": "10052.00000", "2016-05-31": "10733.60000", "2015-05-31": "11681.10000", "2014-05-31": "11539.80000", "2013-05-31": "11350.20000", "2012-05-31": "10613.20000", "2011-05-31": "8926.70000", "2010-05-31": "8835.40000", "2009-05-31": "9380.90000", "2008-05-31": "8778.30000", "2007-05-31": "7955.10000", "2006-05-31": "7544.80000", "2005-05-31": "7326.00000"}, "Gross Profit": {"2020-05-31": "6129.89900", "2019-05-31": "5756.79900", "2018-05-31": "5435.60100", "2017-05-31": "5567.80000", "2016-05-31": "5829.50000", "2015-05-31": "5949.20100", "2014-05-31": "6369.80000", "2013-05-31": "6423.89900", "2012-05-31": "6044.70000", "2011-05-31": "5953.50000", "2010-05-31": "5800.19900", "2009-05-31": "5174.89900", "2008-05-31": "4873.80000", "2007-05-31": "4486.40000", "2006-05-31": "4166.50000", "2005-05-31": "3982.00000"}, "Research And Development Expenses": {"2020-05-31": "", "2019-05-31": "", "2018-05-31": "", "2017-05-31": "", "2016-05-31": "", "2015-05-31": "", "2014-05-31": "", "2013-05-31": "", "2012-05-31": "", "2011-05-31": "", "2010-05-31": "", "2009-05-31": "", "2008-05-31": "", "2007-05-31": "", "2006-05-31": "", "2005-05-31": ""}, "SG&A Expenses": {"2020-05-31": "3151.60000", "2019-05-31": "2935.80000", "2018-05-31": "2850.10000", "2017-05-31": "2888.80000", "2016-05-31": "3118.90000", "2015-05-31": "3328.00000", "2014-05-31": "3474.30000", "2013-05-31": "3552.30000", "2012-05-31": "3380.70000", "2011-05-31": "3192.00000", "2010-05-31": "3162.70000", "2009-05-31": "2893.20000", "2008-05-31": "2623.60000", "2007-05-31": "2389.30000", "2006-05-31": "2177.70000", "2005-05-31": "1998.00000"}, "Other Operating Income Or Expenses": {"2020-05-31": "", "2019-05-31": "-30.00000", "2018-05-31": "", "2017-05-31": "-6.50000", "2016-05-31": "148.20000", "2015-05-31": "", "2014-05-31": "65.50000", "2013-05-31": "", "2012-05-31": "", "2011-05-31": "17.40000", "2010-05-31": "", "2009-05-31": "84.90000", "2008-05-31": "", "2007-05-31": "", "2006-05-31": "", "2005-05-31": "499.00000"}, "Operating Expenses": {"2020-05-31": "14672.70000", "2019-05-31": "14349.30000", "2018-05-31": "13320.50000", "2017-05-31": "13127.70000", "2016-05-31": "13855.70000", "2015-05-31": "15553.00000", "2014-05-31": "14952.20000", "2013-05-31": "14922.30000", "2012-05-31": "14095.50000", "2011-05-31": "12105.70000", "2010-05-31": "12029.50000", "2009-05-31": "12230.80000", "2008-05-31": "11422.90000", "2007-05-31": "10383.70000", "2006-05-31": "9752.30000", "2005-05-31": "8909.00000"}, "Operating Income": {"2020-05-31": "2953.89800", "2019-05-31": "2515.89900", "2018-05-31": "2419.90000", "2017-05-31": "2492.10000", "2016-05-31": "2707.39900", "2015-05-31": "2077.30100", "2014-05-31": "2957.40000", "2013-05-31": "2851.80000", "2012-05-31": "2562.40000", "2011-05-31": "2774.50000", "2010-05-31": "2606.09900", "2009-05-31": "2325.00000", "2008-05-31": "2229.19900", "2007-05-31": "2057.80000", "2006-05-31": "1959.00000", "2005-05-31": "2399.00000"}, "Total Non-Operating Income/Expense": {"2020-05-31": "-353.70000", "2019-05-31": "-433.90000", "2018-05-31": "-284.30000", "2017-05-31": "-220.80000", "2016-05-31": "-303.80000", "2015-05-31": "-315.40000", "2014-05-31": "-302.40000", "2013-05-31": "-316.90000", "2012-05-31": "-351.90000", "2011-05-31": "-346.30000", "2010-05-31": "-401.60000", "2009-05-31": "-382.80000", "2008-05-31": "-399.70000", "2007-05-31": "-426.50000", "2006-05-31": "-399.60000", "2005-05-31": "-592.00000"}, "Pre-Tax Income": {"2020-05-31": "2600.20000", "2019-05-31": "2082.00000", "2018-05-31": "2135.60000", "2017-05-31": "2271.30000", "2016-05-31": "2403.60000", "2015-05-31": "1761.90000", "2014-05-31": "2655.00000", "2013-05-31": "2534.90000", "2012-05-31": "2210.50000", "2011-05-31": "2428.20000", "2010-05-31": "2204.50000", "2009-05-31": "1942.20000", "2008-05-31": "1829.50000", "2007-05-31": "1631.30000", "2006-05-31": "1559.40000", "2005-05-31": "1807.00000"}, "Income Taxes": {"2020-05-31": "480.50000", "2019-05-31": "367.80000", "2018-05-31": "57.30000", "2017-05-31": "655.20000", "2016-05-31": "755.20000", "2015-05-31": "586.80000", "2014-05-31": "883.30000", "2013-05-31": "741.20000", "2012-05-31": "709.60000", "2011-05-31": "721.10000", "2010-05-31": "771.20000", "2009-05-31": "720.40000", "2008-05-31": "622.20000", "2007-05-31": "560.10000", "2006-05-31": "538.30000", "2005-05-31": "661.00000"}, "Income After Taxes": {"2020-05-31": "2119.70000", "2019-05-31": "1714.20000", "2018-05-31": "2078.30000", "2017-05-31": "1616.10000", "2016-05-31": "1648.40000", "2015-05-31": "1175.10000", "2014-05-31": "1771.70000", "2013-05-31": "1793.70000", "2012-05-31": "1500.90000", "2011-05-31": "1707.10000", "2010-05-31": "1433.30000", "2009-05-31": "1221.80000", "2008-05-31": "1207.30000", "2007-05-31": "1071.20000", "2006-05-31": "1021.10000", "2005-05-31": "1146.00000"}, "Other Income": {"2020-05-31": "", "2019-05-31": "", "2018-05-31": "", "2017-05-31": "", "2016-05-31": "", "2015-05-31": "", "2014-05-31": "", "2013-05-31": "", "2012-05-31": "", "2011-05-31": "", "2010-05-31": "", "2009-05-31": "", "2008-05-31": "", "2007-05-31": "", "2006-05-31": "", "2005-05-31": ""}, "Income From Continuous Operations": {"2020-05-31": "2210.80000", "2019-05-31": "1786.20000", "2018-05-31": "2163.00000", "2017-05-31": "1701.10000", "2016-05-31": "1736.80000", "2015-05-31": "1259.40000", "2014-05-31": "1861.30000", "2013-05-31": "1892.50000", "2012-05-31": "1589.10000", "2011-05-31": "1803.50000", "2010-05-31": "1535.00000", "2009-05-31": "1313.70000", "2008-05-31": "1318.10000", "2007-05-31": "1143.90000", "2006-05-31": "1090.30000", "2005-05-31": "1240.00000"}, "Income From Discontinued Operations": {"2020-05-31": "", "2019-05-31": "", "2018-05-31": "", "2017-05-31": "", "2016-05-31": "", "2015-05-31": "", "2014-05-31": "", "2013-05-31": "", "2012-05-31": "", "2011-05-31": "", "2010-05-31": "", "2009-05-31": "", "2008-05-31": "", "2007-05-31": "", "2006-05-31": "", "2005-05-31": ""}, "Net Income": {"2020-05-31": "2181.20000", "2019-05-31": "1752.70000", "2018-05-31": "2131.00000", "2017-05-31": "1657.50000", "2016-05-31": "1697.40000", "2015-05-31": "1221.30000", "2014-05-31": "1824.40000", "2013-05-31": "1855.20000", "2012-05-31": "1567.30000", "2011-05-31": "1798.30000", "2010-05-31": "1530.50000", "2009-05-31": "1304.40000", "2008-05-31": "1294.70000", "2007-05-31": "1143.90000", "2006-05-31": "1090.30000", "2005-05-31": "1240.00000"}, "EBITDA": {"2020-05-31": "3548.59800", "2019-05-31": "3136.00000", "2018-05-31": "3038.70000", "2017-05-31": "3095.70000", "2016-05-31": "3315.50000", "2015-05-31": "2665.60100", "2014-05-31": "3542.80000", "2013-05-31": "3439.80000", "2012-05-31": "3103.90000", "2011-05-31": "3247.10000", "2010-05-31": "3063.19900", "2009-05-31": "2778.60000", "2008-05-31": "2688.39900", "2007-05-31": "2475.60000", "2006-05-31": "2382.90000", "2005-05-31": "2842.00000"}, "EBIT": {"2020-05-31": "2953.89800", "2019-05-31": "2515.89900", "2018-05-31": "2419.90000", "2017-05-31": "2492.10000", "2016-05-31": "2707.39900", "2015-05-31": "2077.30100", "2014-05-31": "2957.40000", "2013-05-31": "2851.80000", "2012-05-31": "2562.40000", "2011-05-31": "2774.50000", "2010-05-31": "2606.09900", "2009-05-31": "2325.00000", "2008-05-31": "2229.19900", "2007-05-31": "2057.80000", "2006-05-31": "1959.00000", "2005-05-31": "2399.00000"}, "Basic Shares Outstanding": {"2020-05-31": "608.10000", "2019-05-31": "600.40000", "2018-05-31": "576.80000", "2017-05-31": "587.10000", "2016-05-31": "598.90000", "2015-05-31": "603.30000", "2014-05-31": "628.60000", "2013-05-31": "648.60000", "2012-05-31": "648.10000", "2011-05-31": "642.70000", "2010-05-31": "659.60000", "2009-05-31": "663.70000", "2008-05-31": "665.90000", "2007-05-31": "693.00000", "2006-05-31": "715.40000", "2005-05-31": "742.00000"}, "Shares Outstanding": {"2020-05-31": "613.30000", "2019-05-31": "605.40000", "2018-05-31": "585.70000", "2017-05-31": "598.00000", "2016-05-31": "611.90000", "2015-05-31": "618.80000", "2014-05-31": "645.70000", "2013-05-31": "665.60000", "2012-05-31": "666.70000", "2011-05-31": "664.80000", "2010-05-31": "659.60000", "2009-05-31": "687.10000", "2008-05-31": "693.80000", "2007-05-31": "720.40000", "2006-05-31": "757.60000", "2005-05-31": "818.00000"}, "Basic EPS": {"2020-05-31": "3.59000", "2019-05-31": "2.92000", "2018-05-31": "3.69000", "2017-05-31": "2.82000", "2016-05-31": "2.83000", "2015-05-31": "2.02000", "2014-05-31": "2.90000", "2013-05-31": "2.86000", "2012-05-31": "2.42000", "2011-05-31": "2.80000", "2010-05-31": "2.32000", "2009-05-31": "1.96000", "2008-05-31": "1.93000", "2007-05-31": "1.65000", "2006-05-31": "1.52500", "2005-05-31": "1.67000"}, "EPS - Earnings Per Share": {"2020-05-31": "3.56000", "2019-05-31": "2.90000", "2018-05-31": "3.64000", "2017-05-31": "2.77000", "2016-05-31": "2.77000", "2015-05-31": "1.97000", "2014-05-31": "2.83000", "2013-05-31": "2.79000", "2012-05-31": "2.35000", "2011-05-31": "2.70000", "2010-05-31": "2.24000", "2009-05-31": "1.90000", "2008-05-31": "1.85000", "2007-05-31": "1.59000", "2006-05-31": "1.45000", "2005-05-31": "1.54000"}}, "income statement, quarterly": {"Revenue": {"2020-11-30": "4719.40000", "2020-08-31": "4364.00000", "2020-05-31": "5023.00000", "2020-02-29": "4180.30000", "2019-11-30": "4420.80000", "2019-08-31": "4002.50000", "2019-05-31": "4161.69900", "2019-02-28": "4198.30000", "2018-11-30": "4411.20000", "2018-08-31": "4094.00000", "2018-05-31": "3890.20000", "2018-02-28": "3882.30000", "2017-11-30": "4198.70000", "2017-08-31": "3769.20000", "2017-05-31": "3806.60000", "2017-02-28": "3793.20000", "2016-11-30": "4112.10000", "2016-08-31": "3907.90000", "2016-05-31": "3927.89900", "2016-02-29": "4002.40000", "2015-11-30": "4424.90000", "2015-08-31": "4207.90000", "2015-05-31": "4298.80000", "2015-02-28": "4350.90000", "2014-11-30": "4712.20000", "2014-08-31": "4268.40000", "2014-05-31": "4283.79900", "2014-02-28": "4377.40000", "2013-11-30": "4875.70000", "2013-08-31": "4372.70000", "2013-05-31": "4410.70000", "2013-02-28": "4430.60000", "2012-11-30": "4881.80000", "2012-08-31": "4051.00000", "2012-05-31": "4066.40100", "2012-02-29": "4120.10000", "2011-11-30": "4623.80000", "2011-08-31": "3847.60000", "2011-05-31": "3634.30000", "2011-02-28": "3646.20000", "2010-11-30": "4066.60000", "2010-08-31": "3533.10000", "2010-05-31": "3529.20000", "2010-02-28": "3589.30000", "2009-11-30": "4034.70000", "2009-08-31": "3482.40000", "2009-05-31": "3510.30100", "2009-02-28": "3537.40000", "2008-11-30": "4010.80000", "2008-08-31": "3497.30000", "2008-05-31": "3471.10000", "2008-02-29": "3405.60000", "2007-11-30": "3703.40000", "2007-08-31": "3072.00000", "2007-05-31": "3060.90000", "2007-02-28": "3053.60000", "2006-11-30": "3466.60000", "2006-08-31": "2860.40000", "2006-05-31": "2862.30000", "2006-02-28": "2877.00000", "2005-11-30": "3293.00000", "2005-08-31": "2679.00000", "2005-05-31": "2783.00000", "2005-02-28": "2772.00000"}, "Cost Of Goods Sold": {"2020-11-30": "2998.30000", "2020-08-31": "2773.60000", "2020-05-31": "3254.89900", "2020-02-29": "2777.10000", "2019-11-30": "2851.70000", "2019-08-31": "2613.00000", "2019-05-31": "2700.40100", "2019-02-28": "2755.30000", "2018-11-30": "2901.50000", "2018-08-31": "2751.20000", "2018-05-31": "2470.60000", "2018-02-28": "2625.80000", "2017-11-30": "2752.50000", "2017-08-31": "2455.90000", "2017-05-31": "2482.90000", "2017-02-28": "2485.50000", "2016-11-30": "2592.60000", "2016-08-31": "2491.00000", "2016-05-31": "2551.09900", "2016-02-29": "2644.90000", "2015-11-30": "2884.30000", "2015-08-31": "2653.30000", "2015-05-31": "2783.30000", "2015-02-28": "2975.00000", "2014-11-30": "3093.10000", "2014-08-31": "2829.70000", "2014-05-31": "2801.40000", "2014-02-28": "2864.70000", "2013-11-30": "3114.00000", "2013-08-31": "2759.70000", "2013-05-31": "2880.10100", "2013-02-28": "2907.90000", "2012-11-30": "3139.50000", "2012-08-31": "2422.70000", "2012-05-31": "2570.30000", "2012-02-29": "2612.70000", "2011-11-30": "3029.10000", "2011-08-31": "2401.10000", "2011-05-31": "2269.90000", "2011-02-28": "2215.40000", "2010-11-30": "2432.60000", "2010-08-31": "2008.80000", "2010-05-31": "2257.90000", "2010-02-28": "2229.50000", "2009-11-30": "2306.40000", "2009-08-31": "2041.60000", "2009-05-31": "2024.20100", "2009-02-28": "2259.90000", "2008-11-30": "2791.20000", "2008-08-31": "2305.60000", "2008-05-31": "2438.90000", "2008-02-29": "2051.40000", "2007-11-30": "2372.20000", "2007-08-31": "1915.80000", "2007-05-31": "1989.50000", "2007-02-28": "1981.90000", "2006-11-30": "2187.00000", "2006-08-31": "1796.70000", "2006-05-31": "1877.80000", "2006-02-28": "1891.00000", "2005-11-30": "2090.00000", "2005-08-31": "1686.00000", "2005-05-31": "2161.00000", "2005-02-28": "1695.00000"}, "Gross Profit": {"2020-11-30": "1721.10000", "2020-08-31": "1590.40000", "2020-05-31": "1768.10100", "2020-02-29": "1403.20000", "2019-11-30": "1569.10000", "2019-08-31": "1389.50000", "2019-05-31": "1461.29900", "2019-02-28": "1443.00000", "2018-11-30": "1509.70000", "2018-08-31": "1342.80000", "2018-05-31": "1419.60000", "2018-02-28": "1256.50000", "2017-11-30": "1446.20000", "2017-08-31": "1313.30000", "2017-05-31": "1323.70000", "2017-02-28": "1307.70000", "2016-11-30": "1519.50000", "2016-08-31": "1416.90000", "2016-05-31": "1376.80000", "2016-02-29": "1357.50000", "2015-11-30": "1540.60000", "2015-08-31": "1554.60000", "2015-05-31": "1515.50100", "2015-02-28": "1375.90000", "2014-11-30": "1619.10000", "2014-08-31": "1438.70000", "2014-05-31": "1482.39900", "2014-02-28": "1512.70000", "2013-11-30": "1761.70000", "2013-08-31": "1613.00000", "2013-05-31": "1530.59900", "2013-02-28": "1522.70000", "2012-11-30": "1742.30000", "2012-08-31": "1628.30000", "2012-05-31": "1496.10100", "2012-02-29": "1507.40000", "2011-11-30": "1594.70000", "2011-08-31": "1446.50000", "2011-05-31": "1364.40000", "2011-02-28": "1430.80000", "2010-11-30": "1634.00000", "2010-08-31": "1524.30000", "2010-05-31": "1271.29900", "2010-02-28": "1359.80000", "2009-11-30": "1728.30000", "2009-08-31": "1440.80000", "2009-05-31": "1486.10000", "2009-02-28": "1277.50000", "2008-11-30": "1219.60000", "2008-08-31": "1191.70000", "2008-05-31": "1032.20000", "2008-02-29": "1354.20000", "2007-11-30": "1331.20000", "2007-08-31": "1156.20000", "2007-05-31": "1071.40000", "2007-02-28": "1071.70000", "2006-11-30": "1279.60000", "2006-08-31": "1063.70000", "2006-05-31": "984.50000", "2006-02-28": "986.00000", "2005-11-30": "1203.00000", "2005-08-31": "993.00000", "2005-05-31": "622.00000", "2005-02-28": "1077.00000"}, "Research And Development Expenses": {"2020-11-30": "", "2020-08-31": "", "2020-05-31": "", "2020-02-29": "", "2019-11-30": "", "2019-08-31": "", "2019-05-31": "", "2019-02-28": "", "2018-11-30": "", "2018-08-31": "", "2018-05-31": "", "2018-02-28": "", "2017-11-30": "", "2017-08-31": "", "2017-05-31": "", "2017-02-28": "", "2016-11-30": "", "2016-08-31": "", "2016-05-31": "", "2016-02-29": "", "2015-11-30": "", "2015-08-31": "", "2015-05-31": "", "2015-02-28": "", "2014-11-30": "", "2014-08-31": "", "2014-05-31": "", "2014-02-28": "", "2013-11-30": "", "2013-08-31": "", "2013-05-31": "", "2013-02-28": "", "2012-11-30": "", "2012-08-31": "", "2012-05-31": "", "2012-02-29": "", "2011-11-30": "", "2011-08-31": "", "2011-05-31": "", "2011-02-28": "", "2010-11-30": "", "2010-08-31": "", "2010-05-31": "", "2010-02-28": "", "2009-11-30": "", "2009-08-31": "", "2009-05-31": "", "2009-02-28": "", "2008-11-30": "", "2008-08-31": "", "2008-05-31": "", "2008-02-29": "", "2007-11-30": "", "2007-08-31": "", "2007-05-31": "", "2007-02-28": "", "2006-11-30": "", "2006-08-31": "", "2006-05-31": "", "2006-02-28": "", "2005-11-30": "", "2005-08-31": "", "2005-05-31": "", "2005-02-28": ""}, "SG&A Expenses": {"2020-11-30": "804.10000", "2020-08-31": "736.20000", "2020-05-31": "927.10000", "2020-02-29": "746.60000", "2019-11-30": "759.00000", "2019-08-31": "718.90000", "2019-05-31": "743.20010", "2019-02-28": "696.60000", "2018-11-30": "753.30000", "2018-08-31": "742.70000", "2018-05-31": "732.20010", "2018-02-28": "679.50000", "2017-11-30": "735.60000", "2017-08-31": "702.80000", "2017-05-31": "780.90020", "2017-02-28": "687.60000", "2016-11-30": "708.10000", "2016-08-31": "712.20000", "2016-05-31": "779.19990", "2016-02-29": "755.80000", "2015-11-30": "772.70000", "2015-08-31": "811.20000", "2015-05-31": "825.90010", "2015-02-28": "789.40000", "2014-11-30": "845.50000", "2014-08-31": "867.20000", "2014-05-31": "865.90010", "2014-02-28": "842.10000", "2013-11-30": "890.90000", "2013-08-31": "875.40000", "2013-05-31": "928.20010", "2013-02-28": "874.50000", "2012-11-30": "910.60000", "2012-08-31": "839.00000", "2012-05-31": "857.40000", "2012-02-29": "838.70000", "2011-11-30": "877.10000", "2011-08-31": "807.50000", "2011-05-31": "828.80000", "2011-02-28": "790.20000", "2010-11-30": "810.10000", "2010-08-31": "762.90000", "2010-05-31": "797.39980", "2010-02-28": "791.90000", "2009-11-30": "824.70000", "2009-08-31": "748.70000", "2009-05-31": "775.00010", "2009-02-28": "670.60000", "2008-11-30": "729.60000", "2008-08-31": "718.00000", "2008-05-31": "696.90000", "2008-02-29": "653.80000", "2007-11-30": "641.30000", "2007-08-31": "631.60000", "2007-05-31": "624.10000", "2007-02-28": "584.90000", "2006-11-30": "605.50000", "2006-08-31": "574.80000", "2006-05-31": "558.70000", "2006-02-28": "528.00000", "2005-11-30": "559.00000", "2005-08-31": "532.00000", "2005-05-31": "170.00000", "2005-02-28": "580.00000"}, "Other Operating Income Or Expenses": {"2020-11-30": "", "2020-08-31": "", "2020-05-31": "", "2020-02-29": "", "2019-11-30": "", "2019-08-31": "", "2019-05-31": "5.40000", "2019-02-28": "-35.40000", "2018-11-30": "", "2018-08-31": "", "2018-05-31": "", "2018-02-28": "", "2017-11-30": "", "2017-08-31": "", "2017-05-31": "7.00000", "2017-02-28": "", "2016-11-30": "-13.50000", "2016-08-31": "", "2016-05-31": "-52.40000", "2016-02-29": "1.50000", "2015-11-30": "199.10000", "2015-08-31": "", "2015-05-31": "", "2015-02-28": "", "2014-11-30": "", "2014-08-31": "", "2014-05-31": "", "2014-02-28": "", "2013-11-30": "", "2013-08-31": "", "2013-05-31": "", "2013-02-28": "", "2012-11-30": "", "2012-08-31": "", "2012-05-31": "", "2012-02-29": "", "2011-11-30": "", "2011-08-31": "", "2011-05-31": "3.10000", "2011-02-28": "14.30000", "2010-11-30": "", "2010-08-31": "", "2010-05-31": "", "2010-02-28": "0.00000", "2009-11-30": "", "2009-08-31": "", "2009-05-31": "-43.90000", "2009-02-28": "", "2008-11-30": "128.80000", "2008-08-31": "", "2008-05-31": "", "2008-02-29": "", "2007-11-30": "", "2007-08-31": "", "2007-05-31": "", "2007-02-28": "", "2006-11-30": "", "2006-08-31": "", "2006-05-31": "", "2006-02-28": "", "2005-11-30": "", "2005-08-31": "", "2005-05-31": "", "2005-02-28": ""}, "Operating Expenses": {"2020-11-30": "3802.80000", "2020-08-31": "3510.30000", "2020-05-31": "4193.50200", "2020-02-29": "3529.50000", "2019-11-30": "3609.60000", "2019-08-31": "3340.10000", "2019-05-31": "3445.60000", "2019-02-28": "3547.00000", "2018-11-30": "3864.20000", "2018-08-31": "3492.50000", "2018-05-31": "3354.10000", "2018-02-28": "3312.80000", "2017-11-30": "3489.70000", "2017-08-31": "3163.90000", "2017-05-31": "3271.70000", "2017-02-28": "3250.70000", "2016-11-30": "3343.20000", "2016-08-31": "3262.10000", "2016-05-31": "3395.80000", "2016-02-29": "3416.10000", "2015-11-30": "3519.20000", "2015-08-31": "3524.60000", "2015-05-31": "3875.20000", "2015-02-28": "3813.70000", "2014-11-30": "4153.20000", "2014-08-31": "3710.90000", "2014-05-31": "3601.90000", "2014-02-28": "3706.80000", "2013-11-30": "4005.60000", "2013-08-31": "3637.90000", "2013-05-31": "3810.10000", "2013-02-28": "3788.50000", "2012-11-30": "4052.80000", "2012-08-31": "3270.90000", "2012-05-31": "3528.39900", "2012-02-29": "3451.50000", "2011-11-30": "3906.90000", "2011-08-31": "3208.70000", "2011-05-31": "3097.90000", "2011-02-28": "2991.40000", "2010-11-30": "3243.70000", "2010-08-31": "2772.70000", "2010-05-31": "3056.30100", "2010-02-28": "3027.70000", "2009-11-30": "3156.00000", "2009-08-31": "2789.50000", "2009-05-31": "2878.30000", "2009-02-28": "2931.70000", "2008-11-30": "3394.50000", "2008-08-31": "3026.30000", "2008-05-31": "3134.50000", "2008-02-29": "2710.20000", "2007-11-30": "3016.30000", "2007-08-31": "2561.90000", "2007-05-31": "2655.20000", "2007-02-28": "2567.50000", "2006-11-30": "2791.40000", "2006-08-31": "2369.60000", "2006-05-31": "2450.30000", "2006-02-28": "2424.00000", "2005-11-30": "2651.00000", "2005-08-31": "2227.00000", "2005-05-31": "1870.00000", "2005-02-28": "2278.00000"}, "Operating Income": {"2020-11-30": "916.60010", "2020-08-31": "853.70000", "2020-05-31": "829.49800", "2020-02-29": "650.79960", "2019-11-30": "811.20000", "2019-08-31": "662.40010", "2019-05-31": "716.09960", "2019-02-28": "651.30000", "2018-11-30": "547.00020", "2018-08-31": "601.50000", "2018-05-31": "536.10030", "2018-02-28": "569.50000", "2017-11-30": "709.00000", "2017-08-31": "605.30000", "2017-05-31": "534.89970", "2017-02-28": "542.49980", "2016-11-30": "768.89990", "2016-08-31": "645.80000", "2016-05-31": "532.09910", "2016-02-29": "586.30000", "2015-11-30": "905.70000", "2015-08-31": "683.29980", "2015-05-31": "423.60060", "2015-02-28": "537.20000", "2014-11-30": "559.00000", "2014-08-31": "557.50000", "2014-05-31": "681.89920", "2014-02-28": "670.60010", "2013-11-30": "870.10030", "2013-08-31": "734.80000", "2013-05-31": "600.60010", "2013-02-28": "642.10010", "2012-11-30": "828.99980", "2012-08-31": "780.10010", "2012-05-31": "538.00150", "2012-02-29": "668.60010", "2011-11-30": "716.89970", "2011-08-31": "638.89990", "2011-05-31": "536.39940", "2011-02-28": "654.80000", "2010-11-30": "822.89990", "2010-08-31": "760.39990", "2010-05-31": "472.89890", "2010-02-28": "561.60010", "2009-11-30": "878.70020", "2009-08-31": "692.89990", "2009-05-31": "632.00100", "2009-02-28": "605.70000", "2008-11-30": "616.30030", "2008-08-31": "471.00000", "2008-05-31": "336.59960", "2008-02-29": "695.40010", "2007-11-30": "687.09990", "2007-08-31": "510.10010", "2007-05-31": "405.70020", "2007-02-28": "486.10010", "2006-11-30": "675.20020", "2006-08-31": "490.79980", "2006-05-31": "412.00000", "2006-02-28": "453.00000", "2005-11-30": "642.00000", "2005-08-31": "452.00000", "2005-05-31": "913.00000", "2005-02-28": "494.00000"}, "Total Non-Operating Income/Expense": {"2020-11-30": "-67.70000", "2020-08-31": "-77.80000", "2020-05-31": "-96.50000", "2020-02-29": "-79.50000", "2019-11-30": "-89.20000", "2019-08-31": "-88.50000", "2019-05-31": "-100.20000", "2019-02-28": "-109.40000", "2018-11-30": "-111.70000", "2018-08-31": "-112.60000", "2018-05-31": "-112.20000", "2018-02-28": "-66.10000", "2017-11-30": "-54.10000", "2017-08-31": "-51.90000", "2017-05-31": "5.00000", "2017-02-28": "-76.40000", "2016-11-30": "-75.50000", "2016-08-31": "-73.90000", "2016-05-31": "-77.50000", "2016-02-29": "-77.20000", "2015-11-30": "-73.80000", "2015-08-31": "-75.30000", "2015-05-31": "-79.60000", "2015-02-28": "-80.00000", "2014-11-30": "-77.30000", "2014-08-31": "-78.50000", "2014-05-31": "-79.40000", "2014-02-28": "-75.50000", "2013-11-30": "-68.70000", "2013-08-31": "-78.80000", "2013-05-31": "-81.80000", "2013-02-28": "-76.60000", "2012-11-30": "-75.50000", "2012-08-31": "-83.00000", "2012-05-31": "-83.30000", "2012-02-29": "-96.00000", "2011-11-30": "-87.20000", "2011-08-31": "-85.40000", "2011-05-31": "-89.40000", "2011-02-28": "-85.00000", "2010-11-30": "-81.60000", "2010-08-31": "-90.30000", "2010-05-31": "-127.00000", "2010-02-28": "-94.20000", "2009-11-30": "-88.50000", "2009-08-31": "-91.90000", "2009-05-31": "-101.30000", "2009-02-28": "-98.60000", "2008-11-30": "-96.30000", "2008-08-31": "-86.60000", "2008-05-31": "-67.90000", "2008-02-29": "-102.60000", "2007-11-30": "-115.90000", "2007-08-31": "-113.30000", "2007-05-31": "-104.20000", "2007-02-28": "-106.80000", "2006-11-30": "-110.50000", "2006-08-31": "-105.00000", "2006-05-31": "-105.60000", "2006-02-28": "-100.00000", "2005-11-30": "-104.00000", "2005-08-31": "-90.00000", "2005-05-31": "-247.00000", "2005-02-28": "-107.00000"}, "Pre-Tax Income": {"2020-11-30": "848.90000", "2020-08-31": "775.90000", "2020-05-31": "732.99990", "2020-02-29": "571.30000", "2019-11-30": "722.00000", "2019-08-31": "573.90000", "2019-05-31": "615.90000", "2019-02-28": "541.90000", "2018-11-30": "435.30000", "2018-08-31": "488.90000", "2018-05-31": "423.90000", "2018-02-28": "503.40000", "2017-11-30": "654.90000", "2017-08-31": "553.40000", "2017-05-31": "539.90000", "2017-02-28": "466.10000", "2016-11-30": "693.40000", "2016-08-31": "571.90000", "2016-05-31": "454.60010", "2016-02-29": "509.10000", "2015-11-30": "831.90000", "2015-08-31": "608.00000", "2015-05-31": "343.99990", "2015-02-28": "457.20000", "2014-11-30": "481.70000", "2014-08-31": "479.00000", "2014-05-31": "602.49990", "2014-02-28": "595.10000", "2013-11-30": "801.40000", "2013-08-31": "656.00000", "2013-05-31": "518.79990", "2013-02-28": "565.50000", "2012-11-30": "753.50000", "2012-08-31": "697.10000", "2012-05-31": "454.70000", "2012-02-29": "572.60000", "2011-11-30": "629.70000", "2011-08-31": "553.50000", "2011-05-31": "446.99990", "2011-02-28": "569.80000", "2010-11-30": "741.30000", "2010-08-31": "670.10000", "2010-05-31": "345.90000", "2010-02-28": "467.40000", "2009-11-30": "790.20000", "2009-08-31": "601.00000", "2009-05-31": "530.70000", "2009-02-28": "507.10000", "2008-11-30": "520.00000", "2008-08-31": "384.40000", "2008-05-31": "268.70000", "2008-02-29": "592.80000", "2007-11-30": "571.20000", "2007-08-31": "396.80000", "2007-05-31": "301.50000", "2007-02-28": "379.30000", "2006-11-30": "564.70000", "2006-08-31": "385.80000", "2006-05-31": "306.40000", "2006-02-28": "353.00000", "2005-11-30": "538.00000", "2005-08-31": "362.00000", "2005-05-31": "666.00000", "2005-02-28": "387.00000"}, "Income Taxes": {"2020-11-30": "189.40000", "2020-08-31": "170.80000", "2020-05-31": "139.60000", "2020-02-29": "118.20000", "2019-11-30": "155.50000", "2019-08-31": "67.20000", "2019-05-31": "54.70000", "2019-02-28": "95.80000", "2018-11-30": "106.60000", "2018-08-31": "110.70000", "2018-05-31": "86.40000", "2018-02-28": "-432.50000", "2017-11-30": "234.90000", "2017-08-31": "168.50000", "2017-05-31": "144.20000", "2017-02-28": "107.00000", "2016-11-30": "227.40000", "2016-08-31": "176.60000", "2016-05-31": "87.50000", "2016-02-29": "157.60000", "2015-11-30": "311.50000", "2015-08-31": "198.60000", "2015-05-31": "164.30000", "2015-02-28": "116.50000", "2014-11-30": "153.40000", "2014-08-31": "152.60000", "2014-05-31": "203.70000", "2014-02-28": "200.90000", "2013-11-30": "266.70000", "2013-08-31": "212.00000", "2013-05-31": "163.50000", "2013-02-28": "174.20000", "2012-11-30": "245.40000", "2012-08-31": "158.10000", "2012-05-31": "135.40000", "2012-02-29": "187.30000", "2011-11-30": "209.40000", "2011-08-31": "177.50000", "2011-05-31": "155.70000", "2011-02-28": "181.70000", "2010-11-30": "160.70000", "2010-08-31": "223.00000", "2010-05-31": "148.50000", "2010-02-28": "157.90000", "2009-11-30": "261.60000", "2009-08-31": "203.20000", "2009-05-31": "182.40000", "2009-02-28": "231.70000", "2008-11-30": "173.10000", "2008-08-31": "133.20000", "2008-05-31": "91.20000", "2008-02-29": "192.40000", "2007-11-30": "208.30000", "2007-08-31": "130.30000", "2007-05-31": "92.00000", "2007-02-28": "127.40000", "2006-11-30": "202.70000", "2006-08-31": "138.00000", "2006-05-31": "96.30000", "2006-02-28": "123.00000", "2005-11-30": "190.00000", "2005-08-31": "129.00000", "2005-05-31": "227.00000", "2005-02-28": "180.00000"}, "Income After Taxes": {"2020-11-30": "659.50000", "2020-08-31": "605.10000", "2020-05-31": "593.40000", "2020-02-29": "453.10000", "2019-11-30": "566.50000", "2019-08-31": "506.70000", "2019-05-31": "561.19990", "2019-02-28": "446.10000", "2018-11-30": "328.70000", "2018-08-31": "378.20000", "2018-05-31": "337.50000", "2018-02-28": "935.90000", "2017-11-30": "420.00000", "2017-08-31": "384.90000", "2017-05-31": "395.70010", "2017-02-28": "359.10000", "2016-11-30": "466.00000", "2016-08-31": "395.30000", "2016-05-31": "367.10010", "2016-02-29": "351.50000", "2015-11-30": "520.40000", "2015-08-31": "409.40000", "2015-05-31": "179.70010", "2015-02-28": "340.70000", "2014-11-30": "328.30000", "2014-08-31": "326.40000", "2014-05-31": "398.80000", "2014-02-28": "394.20000", "2013-11-30": "534.70000", "2013-08-31": "444.00000", "2013-05-31": "355.29990", "2013-02-28": "391.30000", "2012-11-30": "508.10000", "2012-08-31": "539.00000", "2012-05-31": "319.30000", "2012-02-29": "385.30000", "2011-11-30": "420.30000", "2011-08-31": "376.00000", "2011-05-31": "291.30000", "2011-02-28": "388.10000", "2010-11-30": "580.60000", "2010-08-31": "447.10000", "2010-05-31": "197.40010", "2010-02-28": "309.50000", "2009-11-30": "528.60000", "2009-08-31": "397.80000", "2009-05-31": "348.29990", "2009-02-28": "275.40000", "2008-11-30": "346.90000", "2008-08-31": "251.20000", "2008-05-31": "177.50000", "2008-02-29": "400.40000", "2007-11-30": "362.90000", "2007-08-31": "266.50000", "2007-05-31": "209.50010", "2007-02-28": "251.90000", "2006-11-30": "362.00000", "2006-08-31": "247.80000", "2006-05-31": "210.10000", "2006-02-28": "230.00000", "2005-11-30": "348.00000", "2005-08-31": "233.00000", "2005-05-31": "439.00000", "2005-02-28": "207.00000"}, "Other Income": {"2020-11-30": "", "2020-08-31": "", "2020-05-31": "", "2020-02-29": "", "2019-11-30": "", "2019-08-31": "", "2019-05-31": "", "2019-02-28": "", "2018-11-30": "", "2018-08-31": "", "2018-05-31": "", "2018-02-28": "", "2017-11-30": "", "2017-08-31": "", "2017-05-31": "", "2017-02-28": "", "2016-11-30": "", "2016-08-31": "", "2016-05-31": "", "2016-02-29": "", "2015-11-30": "", "2015-08-31": "", "2015-05-31": "", "2015-02-28": "", "2014-11-30": "", "2014-08-31": "", "2014-05-31": "", "2014-02-28": "", "2013-11-30": "", "2013-08-31": "", "2013-05-31": "", "2013-02-28": "", "2012-11-30": "", "2012-08-31": "", "2012-05-31": "", "2012-02-29": "", "2011-11-30": "", "2011-08-31": "", "2011-05-31": "", "2011-02-28": "", "2010-11-30": "", "2010-08-31": "", "2010-05-31": "", "2010-02-28": "", "2009-11-30": "", "2009-08-31": "", "2009-05-31": "", "2009-02-28": "", "2008-11-30": "", "2008-08-31": "", "2008-05-31": "", "2008-02-29": "", "2007-11-30": "", "2007-08-31": "", "2007-05-31": "", "2007-02-28": "", "2006-11-30": "", "2006-08-31": "", "2006-05-31": "", "2006-02-28": "", "2005-11-30": "", "2005-08-31": "", "2005-05-31": "", "2005-02-28": ""}, "Income From Continuous Operations": {"2020-11-30": "695.90000", "2020-08-31": "646.40000", "2020-05-31": "627.00010", "2020-02-29": "463.90000", "2019-11-30": "591.40000", "2019-08-31": "528.50000", "2019-05-31": "581.20000", "2019-02-28": "457.90000", "2018-11-30": "351.20000", "2018-08-31": "395.90000", "2018-05-31": "358.09990", "2018-02-28": "952.50000", "2017-11-30": "443.80000", "2017-08-31": "408.60000", "2017-05-31": "415.60010", "2017-02-28": "370.20000", "2016-11-30": "495.80000", "2016-08-31": "419.50000", "2016-05-31": "390.40010", "2016-02-29": "367.70000", "2015-11-30": "543.60000", "2015-08-31": "435.10000", "2015-05-31": "197.80010", "2015-02-28": "353.80000", "2014-11-30": "355.40000", "2014-08-31": "352.40000", "2014-05-31": "415.39990", "2014-02-28": "417.00000", "2013-11-30": "560.80000", "2013-08-31": "468.10000", "2013-05-31": "376.80000", "2013-02-28": "412.60000", "2012-11-30": "541.00000", "2012-08-31": "562.10000", "2012-05-31": "334.80000", "2012-02-29": "400.80000", "2011-11-30": "449.20000", "2011-08-31": "404.30000", "2011-05-31": "321.10000", "2011-02-28": "393.50000", "2010-11-30": "615.30000", "2010-08-31": "473.60000", "2010-05-31": "212.70000", "2010-02-28": "333.50000", "2009-11-30": "566.80000", "2009-08-31": "422.00000", "2009-05-31": "360.39990", "2009-02-28": "291.10000", "2008-11-30": "380.20000", "2008-08-31": "282.00000", "2008-05-31": "208.60010", "2008-02-29": "430.10000", "2007-11-30": "390.50000", "2007-08-31": "288.90000", "2007-05-31": "224.10000", "2007-02-28": "267.50000", "2006-11-30": "385.40000", "2006-08-31": "266.90000", "2006-05-31": "222.30000", "2006-02-28": "246.00000", "2005-11-30": "370.00000", "2005-08-31": "252.00000", "2005-05-31": "460.00000", "2005-02-28": "230.00000"}, "Income From Discontinued Operations": {"2020-11-30": "", "2020-08-31": "", "2020-05-31": "", "2020-02-29": "", "2019-11-30": "", "2019-08-31": "", "2019-05-31": "", "2019-02-28": "", "2018-11-30": "", "2018-08-31": "", "2018-05-31": "", "2018-02-28": "", "2017-11-30": "", "2017-08-31": "", "2017-05-31": "", "2017-02-28": "", "2016-11-30": "", "2016-08-31": "", "2016-05-31": "", "2016-02-29": "", "2015-11-30": "", "2015-08-31": "", "2015-05-31": "", "2015-02-28": "", "2014-11-30": "", "2014-08-31": "", "2014-05-31": "", "2014-02-28": "", "2013-11-30": "", "2013-08-31": "", "2013-05-31": "", "2013-02-28": "", "2012-11-30": "", "2012-08-31": "", "2012-05-31": "", "2012-02-29": "", "2011-11-30": "", "2011-08-31": "", "2011-05-31": "", "2011-02-28": "", "2010-11-30": "", "2010-08-31": "", "2010-05-31": "", "2010-02-28": "", "2009-11-30": "", "2009-08-31": "", "2009-05-31": "", "2009-02-28": "", "2008-11-30": "", "2008-08-31": "", "2008-05-31": "", "2008-02-29": "", "2007-11-30": "", "2007-08-31": "", "2007-05-31": "", "2007-02-28": "", "2006-11-30": "", "2006-08-31": "", "2006-05-31": "", "2006-02-28": "", "2005-11-30": "", "2005-08-31": "", "2005-05-31": "", "2005-02-28": ""}, "Net Income": {"2020-11-30": "688.40000", "2020-08-31": "638.90000", "2020-05-31": "625.70010", "2020-02-29": "454.10000", "2019-11-30": "580.80000", "2019-08-31": "520.60000", "2019-05-31": "570.19990", "2019-02-28": "446.80000", "2018-11-30": "343.40000", "2018-08-31": "392.30000", "2018-05-31": "354.40000", "2018-02-28": "941.40000", "2017-11-30": "430.50000", "2017-08-31": "404.70000", "2017-05-31": "408.90000", "2017-02-28": "357.80000", "2016-11-30": "481.80000", "2016-08-31": "409.00000", "2016-05-31": "379.59990", "2016-02-29": "361.70000", "2015-11-30": "529.50000", "2015-08-31": "426.60000", "2015-05-31": "186.80000", "2015-02-28": "343.20000", "2014-11-30": "346.10000", "2014-08-31": "345.20000", "2014-05-31": "404.60000", "2014-02-28": "410.60000", "2013-11-30": "549.90000", "2013-08-31": "459.30000", "2013-05-31": "366.29990", "2013-02-28": "398.40000", "2012-11-30": "541.60000", "2012-08-31": "548.90000", "2012-05-31": "325.40010", "2012-02-29": "391.50000", "2011-11-30": "444.80000", "2011-08-31": "405.60000", "2011-05-31": "320.20000", "2011-02-28": "392.10000", "2010-11-30": "613.90000", "2010-08-31": "472.10000", "2010-05-31": "211.90000", "2010-02-28": "332.50000", "2009-11-30": "565.50000", "2009-08-31": "420.60000", "2009-05-31": "358.80000", "2009-02-28": "288.90000", "2008-11-30": "378.20000", "2008-08-31": "278.50000", "2008-05-31": "185.20000", "2008-02-29": "430.10000", "2007-11-30": "390.50000", "2007-08-31": "288.90000", "2007-05-31": "224.10000", "2007-02-28": "267.50000", "2006-11-30": "385.40000", "2006-08-31": "266.90000", "2006-05-31": "222.30000", "2006-02-28": "246.00000", "2005-11-30": "370.00000", "2005-08-31": "252.00000", "2005-05-31": "460.00000", "2005-02-28": "230.00000"}, "EBITDA": {"2020-11-30": "1065.60000", "2020-08-31": "999.79990", "2020-05-31": "967.79810", "2020-02-29": "799.49950", "2019-11-30": "964.79990", "2019-08-31": "816.50010", "2019-05-31": "871.59960", "2019-02-28": "805.80000", "2018-11-30": "701.90030", "2018-08-31": "756.70000", "2018-05-31": "720.20030", "2018-02-28": "713.40000", "2017-11-30": "854.70000", "2017-08-31": "750.40000", "2017-05-31": "690.19960", "2017-02-28": "689.69970", "2016-11-30": "917.49990", "2016-08-31": "798.30000", "2016-05-31": "698.99910", "2016-02-29": "735.00010", "2015-11-30": "1054.30000", "2015-08-31": "827.19980", "2015-05-31": "568.20060", "2015-02-28": "690.50000", "2014-11-30": "699.10000", "2014-08-31": "707.80000", "2014-05-31": "825.19920", "2014-02-28": "815.10010", "2013-11-30": "1016.70000", "2013-08-31": "885.80000", "2013-05-31": "756.30010", "2013-02-28": "788.30000", "2012-11-30": "975.89980", "2012-08-31": "919.30010", "2012-05-31": "680.70150", "2012-02-29": "804.10010", "2011-11-30": "854.69960", "2011-08-31": "764.39990", "2011-05-31": "654.49940", "2011-02-28": "779.10000", "2010-11-30": "941.79990", "2010-08-31": "871.69990", "2010-05-31": "589.69900", "2010-02-28": "674.00010", "2009-11-30": "995.50020", "2009-08-31": "803.99990", "2009-05-31": "752.00100", "2009-02-28": "715.70000", "2008-11-30": "728.30030", "2008-08-31": "582.60000", "2008-05-31": "447.09960", "2008-02-29": "808.50010", "2007-11-30": "814.49990", "2007-08-31": "618.30010", "2007-05-31": "510.50020", "2007-02-28": "589.80010", "2006-11-30": "780.10020", "2006-08-31": "595.19980", "2006-05-31": "518.90000", "2006-02-28": "559.00000", "2005-11-30": "748.00000", "2005-08-31": "557.00000", "2005-05-31": "1026.00000", "2005-02-28": "603.00000"}, "EBIT": {"2020-11-30": "916.60010", "2020-08-31": "853.70000", "2020-05-31": "829.49880", "2020-02-29": "650.79960", "2019-11-30": "811.20000", "2019-08-31": "662.40010", "2019-05-31": "716.09910", "2019-02-28": "651.30000", "2018-11-30": "547.00020", "2018-08-31": "601.50000", "2018-05-31": "536.10030", "2018-02-28": "569.50000", "2017-11-30": "709.00000", "2017-08-31": "605.30000", "2017-05-31": "534.89990", "2017-02-28": "542.49980", "2016-11-30": "768.89990", "2016-08-31": "645.80000", "2016-05-31": "532.09960", "2016-02-29": "586.30000", "2015-11-30": "905.70000", "2015-08-31": "683.29980", "2015-05-31": "423.60080", "2015-02-28": "537.20000", "2014-11-30": "559.00000", "2014-08-31": "557.50000", "2014-05-31": "681.89990", "2014-02-28": "670.60010", "2013-11-30": "870.10030", "2013-08-31": "734.80000", "2013-05-31": "600.59990", "2013-02-28": "642.10010", "2012-11-30": "828.99980", "2012-08-31": "780.10010", "2012-05-31": "538.00070", "2012-02-29": "668.60010", "2011-11-30": "716.89970", "2011-08-31": "638.89990", "2011-05-31": "536.40010", "2011-02-28": "654.80000", "2010-11-30": "822.89990", "2010-08-31": "760.39990", "2010-05-31": "472.89840", "2010-02-28": "561.60010", "2009-11-30": "878.70020", "2009-08-31": "692.89990", "2009-05-31": "631.99980", "2009-02-28": "605.70000", "2008-11-30": "616.30030", "2008-08-31": "471.00000", "2008-05-31": "336.59910", "2008-02-29": "695.40010", "2007-11-30": "687.09990", "2007-08-31": "510.10010", "2007-05-31": "405.69970", "2007-02-28": "486.10010", "2006-11-30": "675.20020", "2006-08-31": "490.79980", "2006-05-31": "412.00000", "2006-02-28": "453.00000", "2005-11-30": "642.00000", "2005-08-31": "452.00000", "2005-05-31": "913.00000", "2005-02-28": "494.00000"}, "Basic Shares Outstanding": {"2020-11-30": "614.80000", "2020-08-31": "614.10000", "2020-05-31": "608.10000", "2020-02-29": "607.90000", "2019-11-30": "607.40000", "2019-08-31": "606.00000", "2019-05-31": "600.40000", "2019-02-28": "600.40000", "2018-11-30": "599.40000", "2018-08-31": "598.00000", "2018-05-31": "576.80000", "2018-02-28": "572.50000", "2017-11-30": "571.30000", "2017-08-31": "576.50000", "2017-05-31": "587.10000", "2017-02-28": "580.70000", "2016-11-30": "588.80000", "2016-08-31": "600.00000", "2016-05-31": "598.90000", "2016-02-29": "595.60000", "2015-11-30": "599.40000", "2015-08-31": "601.70000", "2015-05-31": "603.30000", "2015-02-28": "598.20000", "2014-11-30": "602.60000", "2014-08-31": "612.60000", "2014-05-31": "628.60000", "2014-02-28": "623.50000", "2013-11-30": "633.20000", "2013-08-31": "643.00000", "2013-05-31": "648.60000", "2013-02-28": "648.50000", "2012-11-30": "648.10000", "2012-08-31": "650.40000", "2012-05-31": "648.10000", "2012-02-29": "647.90000", "2011-11-30": "646.30000", "2011-08-31": "647.90000", "2011-05-31": "642.70000", "2011-02-28": "638.90000", "2010-11-30": "642.10000", "2010-08-31": "647.30000", "2010-05-31": "659.60000", "2010-02-28": "663.60000", "2009-11-30": "657.40000", "2009-08-31": "653.00000", "2009-05-31": "663.70000", "2009-02-28": "658.40000", "2008-11-30": "666.40000", "2008-08-31": "672.80000", "2008-05-31": "665.90000", "2008-02-29": "674.00000", "2007-11-30": "656.00000", "2007-08-31": "659.80000", "2007-05-31": "693.00000", "2007-02-28": "690.60000", "2006-11-30": "687.80000", "2006-08-31": "704.00000", "2006-05-31": "715.40000", "2006-02-28": "710.00000", "2005-11-30": "710.00000", "2005-08-31": "730.00000", "2005-05-31": "742.00000", "2005-02-28": "732.00000"}, "Shares Outstanding": {"2020-11-30": "619.60000", "2020-08-31": "619.80000", "2020-05-31": "613.30000", "2020-02-29": "612.80000", "2019-11-30": "612.30000", "2019-08-31": "611.50000", "2019-05-31": "605.40000", "2019-02-28": "604.50000", "2018-11-30": "604.50000", "2018-08-31": "603.30000", "2018-05-31": "585.70000", "2018-02-28": "582.70000", "2017-11-30": "580.30000", "2017-08-31": "586.90000", "2017-05-31": "598.00000", "2017-02-28": "591.40000", "2016-11-30": "599.70000", "2016-08-31": "612.40000", "2016-05-31": "611.90000", "2016-02-29": "608.50000", "2015-11-30": "612.40000", "2015-08-31": "615.50000", "2015-05-31": "618.80000", "2015-02-28": "613.80000", "2014-11-30": "618.40000", "2014-08-31": "629.10000", "2014-05-31": "645.70000", "2014-02-28": "640.20000", "2013-11-30": "650.00000", "2013-08-31": "660.30000", "2013-05-31": "665.60000", "2013-02-28": "665.10000", "2012-11-30": "664.50000", "2012-08-31": "667.40000", "2012-05-31": "666.70000", "2012-02-29": "667.30000", "2011-11-30": "665.80000", "2011-08-31": "667.00000", "2011-05-31": "664.80000", "2011-02-28": "660.10000", "2010-11-30": "664.50000", "2010-08-31": "671.90000", "2010-05-31": "659.60000", "2010-02-28": "689.40000", "2009-11-30": "681.20000", "2009-08-31": "672.80000", "2009-05-31": "687.10000", "2009-02-28": "680.40000", "2008-11-30": "694.00000", "2008-08-31": "701.00000", "2008-05-31": "693.80000", "2008-02-29": "699.40000", "2007-11-30": "684.80000", "2007-08-31": "689.80000", "2007-05-31": "720.40000", "2007-02-28": "719.80000", "2006-11-30": "714.80000", "2006-08-31": "726.20000", "2006-05-31": "757.60000", "2006-02-28": "728.00000", "2005-11-30": "768.00000", "2005-08-31": "804.00000", "2005-05-31": "818.00000", "2005-02-28": "810.00000"}, "Basic EPS": {"2020-11-30": "1.12000", "2020-08-31": "1.04000", "2020-05-31": "1.02000", "2020-02-29": "0.75000", "2019-11-30": "0.96000", "2019-08-31": "0.86000", "2019-05-31": "0.95000", "2019-02-28": "0.74000", "2018-11-30": "0.57000", "2018-08-31": "0.66000", "2018-05-31": "0.60000", "2018-02-28": "1.64000", "2017-11-30": "0.75000", "2017-08-31": "0.70000", "2017-05-31": "0.70000", "2017-02-28": "0.62000", "2016-11-30": "0.82000", "2016-08-31": "0.68000", "2016-05-31": "0.63000", "2016-02-29": "0.61000", "2015-11-30": "0.88000", "2015-08-31": "0.71000", "2015-05-31": "0.31000", "2015-02-28": "0.57000", "2014-11-30": "0.58000", "2014-08-31": "0.56000", "2014-05-31": "0.66000", "2014-02-28": "0.66000", "2013-11-30": "0.87000", "2013-08-31": "0.71000", "2013-05-31": "0.57000", "2013-02-28": "0.61000", "2012-11-30": "0.84000", "2012-08-31": "0.84000", "2012-05-31": "0.49000", "2012-02-29": "0.61000", "2011-11-30": "0.69000", "2011-08-31": "0.63000", "2011-05-31": "0.50000", "2011-02-28": "0.61000", "2010-11-30": "0.96000", "2010-08-31": "0.73000", "2010-05-31": "0.32000", "2010-02-28": "0.50000", "2009-11-30": "0.86000", "2009-08-31": "0.64000", "2009-05-31": "0.53500", "2009-02-28": "0.44000", "2008-11-30": "0.57000", "2008-08-31": "0.41500", "2008-05-31": "0.27000", "2008-02-29": "0.64000", "2007-11-30": "0.59500", "2007-08-31": "0.42500", "2007-05-31": "0.32500", "2007-02-28": "0.38500", "2006-11-30": "0.56000", "2006-08-31": "0.38000", "2006-05-31": "0.31500", "2006-02-28": "0.34500", "2005-11-30": "0.52000", "2005-08-31": "0.34500", "2005-05-31": "0.62000", "2005-02-28": "0.31500"}, "EPS - Earnings Per Share": {"2020-11-30": "1.11000", "2020-08-31": "1.03000", "2020-05-31": "1.02000", "2020-02-29": "0.74000", "2019-11-30": "0.95000", "2019-08-31": "0.85000", "2019-05-31": "0.94000", "2019-02-28": "0.74000", "2018-11-30": "0.57000", "2018-08-31": "0.65000", "2018-05-31": "0.59000", "2018-02-28": "1.62000", "2017-11-30": "0.74000", "2017-08-31": "0.69000", "2017-05-31": "0.69000", "2017-02-28": "0.61000", "2016-11-30": "0.80000", "2016-08-31": "0.67000", "2016-05-31": "0.62000", "2016-02-29": "0.59000", "2015-11-30": "0.87000", "2015-08-31": "0.69000", "2015-05-31": "0.30000", "2015-02-28": "0.56000", "2014-11-30": "0.56000", "2014-08-31": "0.55000", "2014-05-31": "0.65000", "2014-02-28": "0.64000", "2013-11-30": "0.84000", "2013-08-31": "0.70000", "2013-05-31": "0.55000", "2013-02-28": "0.60000", "2012-11-30": "0.82000", "2012-08-31": "0.82000", "2012-05-31": "0.49000", "2012-02-29": "0.58000", "2011-11-30": "0.67000", "2011-08-31": "0.61000", "2011-05-31": "0.49000", "2011-02-28": "0.59000", "2010-11-30": "0.92000", "2010-08-31": "0.70000", "2010-05-31": "0.31000", "2010-02-28": "0.48000", "2009-11-30": "0.83000", "2009-08-31": "0.62000", "2009-05-31": "0.53500", "2009-02-28": "0.42500", "2008-11-30": "0.54500", "2008-08-31": "0.39500", "2008-05-31": "0.26000", "2008-02-29": "0.61500", "2007-11-30": "0.57000", "2007-08-31": "0.40500", "2007-05-31": "0.31000", "2007-02-28": "0.37000", "2006-11-30": "0.54000", "2006-08-31": "0.37000", "2006-05-31": "0.30500", "2006-02-28": "0.34000", "2005-11-30": "0.48500", "2005-08-31": "0.32000", "2005-05-31": "0.56500", "2005-02-28": "0.29000"}}, "balance sheet": {"Cash On Hand": {"2020-05-31": "1677.80000", "2019-05-31": "450.00000", "2018-05-31": "399.00000", "2017-05-31": "766.10000", "2016-05-31": "763.70000", "2015-05-31": "334.20000", "2014-05-31": "867.30000", "2013-05-31": "741.40000", "2012-05-31": "471.20000", "2011-05-31": "619.60000", "2010-05-31": "673.20000", "2009-05-31": "749.80000", "2008-05-31": "661.00000", "2007-05-31": "417.10000", "2006-05-31": "647.00000", "2005-05-31": "573.00000"}, "Receivables": {"2020-05-31": "1615.10000", "2019-05-31": "1679.70000", "2018-05-31": "1684.20000", "2017-05-31": "1430.10000", "2016-05-31": "1360.80000", "2015-05-31": "1386.70000", "2014-05-31": "1483.60000", "2013-05-31": "1446.40000", "2012-05-31": "1323.60000", "2011-05-31": "1162.30000", "2010-05-31": "1041.60000", "2009-05-31": "953.40000", "2008-05-31": "1081.60000", "2007-05-31": "952.90000", "2006-05-31": "912.00000", "2005-05-31": "1034.00000"}, "Inventory": {"2020-05-31": "1426.30000", "2019-05-31": "1559.30000", "2018-05-31": "1642.20000", "2017-05-31": "1483.60000", "2016-05-31": "1413.70000", "2015-05-31": "1540.90000", "2014-05-31": "1559.40000", "2013-05-31": "1545.50000", "2012-05-31": "1478.80000", "2011-05-31": "1609.30000", "2010-05-31": "1344.00000", "2009-05-31": "1346.80000", "2008-05-31": "1366.80000", "2007-05-31": "1173.40000", "2006-05-31": "1055.00000", "2005-05-31": "1037.00000"}, "Pre-Paid Expenses": {"2020-05-31": "402.10000", "2019-05-31": "497.50000", "2018-05-31": "398.30000", "2017-05-31": "381.60000", "2016-05-31": "399.00000", "2015-05-31": "423.80000", "2014-05-31": "409.10000", "2013-05-31": "437.60000", "2012-05-31": "358.10000", "2011-05-31": "483.50000", "2010-05-31": "378.50000", "2009-05-31": "469.30000", "2008-05-31": "510.60000", "2007-05-31": "443.10000", "2006-05-31": "377.00000", "2005-05-31": "203.00000"}, "Other Current Assets": {"2020-05-31": "", "2019-05-31": "", "2018-05-31": "", "2017-05-31": "", "2016-05-31": "", "2015-05-31": "", "2014-05-31": "", "2013-05-31": "", "2012-05-31": "", "2011-05-31": "", "2010-05-31": "", "2009-05-31": "", "2008-05-31": "", "2007-05-31": "", "2006-05-31": "", "2005-05-31": ""}, "Total Current Assets": {"2020-05-31": "5121.30000", "2019-05-31": "4186.50000", "2018-05-31": "4123.70000", "2017-05-31": "4061.40000", "2016-05-31": "3937.20000", "2015-05-31": "3685.60000", "2014-05-31": "4393.50000", "2013-05-31": "4298.90000", "2012-05-31": "3691.40000", "2011-05-31": "3902.00000", "2010-05-31": "3480.00000", "2009-05-31": "3534.90000", "2008-05-31": "3620.00000", "2007-05-31": "3053.70000", "2006-05-31": "3041.00000", "2005-05-31": "3055.00000"}, "Property, Plant, And Equipment": {"2020-05-31": "3580.60000", "2019-05-31": "3787.20000", "2018-05-31": "4047.20000", "2017-05-31": "3687.70000", "2016-05-31": "3743.60000", "2015-05-31": "3783.30000", "2014-05-31": "3941.90000", "2013-05-31": "3878.10000", "2012-05-31": "3652.70000", "2011-05-31": "3345.90000", "2010-05-31": "3127.70000", "2009-05-31": "3034.90000", "2008-05-31": "3108.10000", "2007-05-31": "3013.90000", "2006-05-31": "2997.00000", "2005-05-31": "3111.00000"}, "Long-Term Investments": {"2020-05-31": "", "2019-05-31": "", "2018-05-31": "", "2017-05-31": "", "2016-05-31": "", "2015-05-31": "", "2014-05-31": "", "2013-05-31": "", "2012-05-31": "", "2011-05-31": "", "2010-05-31": "", "2009-05-31": "", "2008-05-31": "", "2007-05-31": "", "2006-05-31": "", "2005-05-31": ""}, "Goodwill And Intangible Assets": {"2020-05-31": "21019.00000", "2019-05-31": "21162.60000", "2018-05-31": "21510.10000", "2017-05-31": "13277.60000", "2016-05-31": "13279.80000", "2015-05-31": "13551.90000", "2014-05-31": "13664.80000", "2013-05-31": "13637.30000", "2012-05-31": "12887.40000", "2011-05-31": "10564.10000", "2010-05-31": "10307.80000", "2009-05-31": "10410.00000", "2008-05-31": "10563.30000", "2007-05-31": "10529.40000", "2006-05-31": "10259.00000", "2005-05-31": "10216.00000"}, "Other Long-Term Assets": {"2020-05-31": "1085.80000", "2019-05-31": "974.90000", "2018-05-31": "943.00000", "2017-05-31": "785.90000", "2016-05-31": "751.70000", "2015-05-31": "811.20000", "2014-05-31": "1145.50000", "2013-05-31": "843.70000", "2012-05-31": "865.30000", "2011-05-31": "862.50000", "2010-05-31": "763.40000", "2009-05-31": "895.00000", "2008-05-31": "1750.20000", "2007-05-31": "1586.70000", "2006-05-31": "1778.00000", "2005-05-31": "1684.00000"}, "Total Long-Term Assets": {"2020-05-31": "25685.40000", "2019-05-31": "25924.70000", "2018-05-31": "26500.30000", "2017-05-31": "17751.20000", "2016-05-31": "17775.10000", "2015-05-31": "18146.40000", "2014-05-31": "18752.20000", "2013-05-31": "18359.10000", "2012-05-31": "17405.40000", "2011-05-31": "14772.50000", "2010-05-31": "14198.90000", "2009-05-31": "14339.90000", "2008-05-31": "15421.60000", "2007-05-31": "15130.00000", "2006-05-31": "15034.00000", "2005-05-31": "15011.00000"}, "Total Assets": {"2020-05-31": "30806.70000", "2019-05-31": "30111.20000", "2018-05-31": "30624.00000", "2017-05-31": "21812.60000", "2016-05-31": "21712.30000", "2015-05-31": "21832.00000", "2014-05-31": "23145.70000", "2013-05-31": "22658.00000", "2012-05-31": "21096.80000", "2011-05-31": "18674.50000", "2010-05-31": "17678.90000", "2009-05-31": "17874.80000", "2008-05-31": "19041.60000", "2007-05-31": "18183.70000", "2006-05-31": "18075.00000", "2005-05-31": "18066.00000"}, "Total Current Liabilities": {"2020-05-31": "7491.50000", "2019-05-31": "7087.10000", "2018-05-31": "7341.90000", "2017-05-31": "5330.80000", "2016-05-31": "5014.70000", "2015-05-31": "4890.10000", "2014-05-31": "5423.50000", "2013-05-31": "5293.90000", "2012-05-31": "3843.20000", "2011-05-31": "3659.20000", "2010-05-31": "3769.10000", "2009-05-31": "3606.00000", "2008-05-31": "4856.30000", "2007-05-31": "5845.10000", "2006-05-31": "6138.00000", "2005-05-31": "4184.00000"}, "Long Term Debt": {"2020-05-31": "10929.00000", "2019-05-31": "11624.80000", "2018-05-31": "12668.70000", "2017-05-31": "7642.90000", "2016-05-31": "7057.70000", "2015-05-31": "7575.30000", "2014-05-31": "6423.50000", "2013-05-31": "5926.10000", "2012-05-31": "6161.90000", "2011-05-31": "5542.50000", "2010-05-31": "5268.50000", "2009-05-31": "5754.80000", "2008-05-31": "4348.70000", "2007-05-31": "3217.70000", "2006-05-31": "2415.00000", "2005-05-31": "4255.00000"}, "Other Non-Current Liabilities": {"2020-05-31": "2089.60000", "2019-05-31": "2000.60000", "2018-05-31": "2117.20000", "2017-05-31": "2434.00000", "2016-05-31": "2933.20000", "2015-05-31": "2523.70000", "2014-05-31": "2627.30000", "2013-05-31": "2920.40000", "2012-05-31": "3037.60000", "2011-05-31": "1733.20000", "2010-05-31": "2118.70000", "2009-05-31": "1932.20000", "2008-05-31": "1923.90000", "2007-05-31": "1229.90000", "2006-05-31": "924.00000", "2005-05-31": "967.00000"}, "Total Long Term Liabilities": {"2020-05-31": "14965.70000", "2019-05-31": "15656.40000", "2018-05-31": "16789.70000", "2017-05-31": "11796.30000", "2016-05-31": "11390.50000", "2015-05-31": "11549.20000", "2014-05-31": "10716.80000", "2013-05-31": "10235.60000", "2012-05-31": "10370.90000", "2011-05-31": "8403.10000", "2010-05-31": "8261.80000", "2009-05-31": "8852.30000", "2008-05-31": "7969.50000", "2007-05-31": "7019.50000", "2006-05-31": "6165.00000", "2005-05-31": "8206.00000"}, "Total Liabilities": {"2020-05-31": "22457.20000", "2019-05-31": "22743.50000", "2018-05-31": "24131.60000", "2017-05-31": "17127.10000", "2016-05-31": "16405.20000", "2015-05-31": "16439.30000", "2014-05-31": "16140.30000", "2013-05-31": "15529.50000", "2012-05-31": "14214.10000", "2011-05-31": "12062.30000", "2010-05-31": "12030.90000", "2009-05-31": "12458.30000", "2008-05-31": "12825.80000", "2007-05-31": "12864.60000", "2006-05-31": "12303.00000", "2005-05-31": "12390.00000"}, "Common Stock Net": {"2020-05-31": "75.50000", "2019-05-31": "75.50000", "2018-05-31": "75.50000", "2017-05-31": "75.50000", "2016-05-31": "75.50000", "2015-05-31": "75.50000", "2014-05-31": "75.50000", "2013-05-31": "75.50000", "2012-05-31": "75.50000", "2011-05-31": "75.50000", "2010-05-31": "75.50000", "2009-05-31": "75.50000", "2008-05-31": "37.70000", "2007-05-31": "50.20000", "2006-05-31": "50.00000", "2005-05-31": "50.00000"}, "Retained Earnings (Accumulated Deficit)": {"2020-05-31": "15982.10000", "2019-05-31": "14996.70000", "2018-05-31": "14459.60000", "2017-05-31": "13138.90000", "2016-05-31": "12616.50000", "2015-05-31": "11990.80000", "2014-05-31": "11787.20000", "2013-05-31": "10702.60000", "2012-05-31": "9958.50000", "2011-05-31": "9191.30000", "2010-05-31": "8122.40000", "2009-05-31": "7235.60000", "2008-05-31": "6510.70000", "2007-05-31": "5745.30000", "2006-05-31": "5107.00000", "2005-05-31": "4501.00000"}, "Comprehensive Income": {"2020-05-31": "-2914.40000", "2019-05-31": "-2625.40000", "2018-05-31": "-2429.00000", "2017-05-31": "-2244.50000", "2016-05-31": "-2612.20000", "2015-05-31": "-2310.70000", "2014-05-31": "-1340.30000", "2013-05-31": "-1585.30000", "2012-05-31": "-1743.70000", "2011-05-31": "-1010.80000", "2010-05-31": "-1486.90000", "2009-05-31": "-877.80000", "2008-05-31": "176.70000", "2007-05-31": "-119.70000", "2006-05-31": "125.00000", "2005-05-31": "8.00000"}, "Other Share Holders Equity": {"2020-05-31": "", "2019-05-31": "", "2018-05-31": "", "2017-05-31": "", "2016-05-31": "", "2015-05-31": "", "2014-05-31": "", "2013-05-31": "", "2012-05-31": "", "2011-05-31": "", "2010-05-31": "", "2009-05-31": "", "2008-05-31": "", "2007-05-31": "", "2006-05-31": "", "2005-05-31": ""}, "Share Holder Equity": {"2020-05-31": "8349.50000", "2019-05-31": "7367.70000", "2018-05-31": "6492.40000", "2017-05-31": "4685.50000", "2016-05-31": "5307.10000", "2015-05-31": "5392.70000", "2014-05-31": "7005.40000", "2013-05-31": "7128.50000", "2012-05-31": "6882.70000", "2011-05-31": "6612.20000", "2010-05-31": "5648.00000", "2009-05-31": "5416.50000", "2008-05-31": "6215.80000", "2007-05-31": "5319.10000", "2006-05-31": "5772.00000", "2005-05-31": "5676.00000"}, "Total Liabilities And Share Holders Equity": {"2020-05-31": "30806.70000", "2019-05-31": "30111.20000", "2018-05-31": "30624.00000", "2017-05-31": "21812.60000", "2016-05-31": "21712.30000", "2015-05-31": "21832.00000", "2014-05-31": "23145.70000", "2013-05-31": "22658.00000", "2012-05-31": "21096.80000", "2011-05-31": "18674.50000", "2010-05-31": "17678.90000", "2009-05-31": "17874.80000", "2008-05-31": "19041.60000", "2007-05-31": "18183.70000", "2006-05-31": "18075.00000", "2005-05-31": "18066.00000"}}, "balance sheet, quarterly": {"Cash On Hand": {"2020-11-30": "2582.80000", "2020-08-31": "1796.70000", "2020-05-31": "1677.80000", "2020-02-29": "606.90000", "2019-11-30": "560.20000", "2019-08-31": "504.80000", "2019-05-31": "450.00000", "2019-02-28": "547.10000", "2018-11-30": "532.70000", "2018-08-31": "432.90000", "2018-05-31": "399.00000", "2018-02-28": "953.10000", "2017-11-30": "962.10000", "2017-08-31": "820.80000", "2017-05-31": "766.10000", "2017-02-28": "899.10000", "2016-11-30": "809.70000", "2016-08-31": "765.70000", "2016-05-31": "763.70000", "2016-02-29": "782.70000", "2015-11-30": "649.80000", "2015-08-31": "450.60000", "2015-05-31": "334.20000", "2015-02-28": "784.20000", "2014-11-30": "894.50000", "2014-08-31": "841.20000", "2014-05-31": "867.30000", "2014-02-28": "847.10000", "2013-11-30": "774.20000", "2013-08-31": "758.90000", "2013-05-31": "741.40000", "2013-02-28": "751.20000", "2012-11-30": "734.90000", "2012-08-31": "1508.40000", "2012-05-31": "471.20000", "2012-02-29": "485.30000", "2011-11-30": "509.10000", "2011-08-31": "338.20000", "2011-05-31": "619.60000", "2011-02-28": "540.30000", "2010-11-30": "566.30000", "2010-08-31": "697.00000", "2010-05-31": "673.20000", "2010-02-28": "691.30000", "2009-11-30": "858.40000", "2009-08-31": "711.60000", "2009-05-31": "749.80000", "2009-02-28": "937.30000", "2008-11-30": "639.60000", "2008-08-31": "654.90000", "2008-05-31": "661.00000", "2008-02-29": "620.40000", "2007-11-30": "530.10000", "2007-08-31": "410.20000", "2007-05-31": "417.10000", "2007-02-28": "476.00000", "2006-11-30": "492.00000", "2006-08-31": "425.00000", "2006-05-31": "647.00000", "2006-02-28": "653.00000", "2005-11-30": "730.00000", "2005-08-31": "609.00000", "2005-05-31": "573.00000", "2005-02-28": "597.00000"}, "Receivables": {"2020-11-30": "1784.30000", "2020-08-31": "1633.00000", "2020-05-31": "1615.10000", "2020-02-29": "1731.10000", "2019-11-30": "1772.70000", "2019-08-31": "1710.50000", "2019-05-31": "1679.70000", "2019-02-28": "1704.10000", "2018-11-30": "1716.80000", "2018-08-31": "1709.10000", "2018-05-31": "1684.20000", "2018-02-28": "1496.50000", "2017-11-30": "1510.50000", "2017-08-31": "1546.50000", "2017-05-31": "1430.10000", "2017-02-28": "1427.50000", "2016-11-30": "1382.70000", "2016-08-31": "1446.10000", "2016-05-31": "1360.80000", "2016-02-29": "1390.90000", "2015-11-30": "1461.30000", "2015-08-31": "1531.50000", "2015-05-31": "1386.70000", "2015-02-28": "1585.30000", "2014-11-30": "1705.80000", "2014-08-31": "1623.30000", "2014-05-31": "1483.60000", "2014-02-28": "1648.10000", "2013-11-30": "1725.50000", "2013-08-31": "1637.50000", "2013-05-31": "1446.40000", "2013-02-28": "1591.50000", "2012-11-30": "1673.80000", "2012-08-31": "1473.50000", "2012-05-31": "1323.60000", "2012-02-29": "1437.10000", "2011-11-30": "1510.40000", "2011-08-31": "1504.00000", "2011-05-31": "1162.30000", "2011-02-28": "1185.90000", "2010-11-30": "1299.10000", "2010-08-31": "1173.10000", "2010-05-31": "1041.60000", "2010-02-28": "1180.20000", "2009-11-30": "1211.60000", "2009-08-31": "1139.00000", "2009-05-31": "953.40000", "2009-02-28": "1136.00000", "2008-11-30": "1234.20000", "2008-08-31": "1166.70000", "2008-05-31": "1081.60000", "2008-02-29": "1148.80000", "2007-11-30": "1221.80000", "2007-08-31": "1064.00000", "2007-05-31": "952.90000", "2007-02-28": "1208.00000", "2006-11-30": "1291.00000", "2006-08-31": "1165.00000", "2006-05-31": "912.00000", "2006-02-28": "1088.00000", "2005-11-30": "1167.00000", "2005-08-31": "1108.00000", "2005-05-31": "1034.00000", "2005-02-28": "1048.00000"}, "Inventory": {"2020-11-30": "1712.50000", "2020-08-31": "1605.10000", "2020-05-31": "1426.30000", "2020-02-29": "1542.10000", "2019-11-30": "1719.50000", "2019-08-31": "1700.10000", "2019-05-31": "1559.30000", "2019-02-28": "1544.50000", "2018-11-30": "1639.20000", "2018-08-31": "1685.50000", "2018-05-31": "1642.20000", "2018-02-28": "1452.50000", "2017-11-30": "1516.50000", "2017-08-31": "1595.20000", "2017-05-31": "1483.60000", "2017-02-28": "1461.00000", "2016-11-30": "1525.50000", "2016-08-31": "1547.50000", "2016-05-31": "1413.70000", "2016-02-29": "1350.20000", "2015-11-30": "1455.00000", "2015-08-31": "1795.80000", "2015-05-31": "1540.90000", "2015-02-28": "1585.10000", "2014-11-30": "1893.40000", "2014-08-31": "1823.30000", "2014-05-31": "1559.40000", "2014-02-28": "1559.60000", "2013-11-30": "1752.30000", "2013-08-31": "1773.60000", "2013-05-31": "1545.50000", "2013-02-28": "1606.40000", "2012-11-30": "1770.20000", "2012-08-31": "1808.50000", "2012-05-31": "1478.80000", "2012-02-29": "1528.00000", "2011-11-30": "1628.70000", "2011-08-31": "1788.10000", "2011-05-31": "1609.30000", "2011-02-28": "1668.10000", "2010-11-30": "1706.00000", "2010-08-31": "1665.20000", "2010-05-31": "1344.00000", "2010-02-28": "1474.60000", "2009-11-30": "1628.70000", "2009-08-31": "1645.70000", "2009-05-31": "1346.80000", "2009-02-28": "1360.60000", "2008-11-30": "1583.30000", "2008-08-31": "1600.70000", "2008-05-31": "1366.80000", "2008-02-29": "1635.50000", "2007-11-30": "1567.20000", "2007-08-31": "1554.80000", "2007-05-31": "1173.40000", "2007-02-28": "1225.00000", "2006-11-30": "1359.00000", "2006-08-31": "1427.00000", "2006-05-31": "1055.00000", "2006-02-28": "1170.00000", "2005-11-30": "1258.00000", "2005-08-31": "1315.00000", "2005-05-31": "1037.00000", "2005-02-28": "1119.00000"}, "Pre-Paid Expenses": {"2020-11-30": "328.60000", "2020-08-31": "320.00000", "2020-05-31": "402.10000", "2020-02-29": "428.40000", "2019-11-30": "426.50000", "2019-08-31": "346.00000", "2019-05-31": "497.50000", "2019-02-28": "374.10000", "2018-11-30": "345.10000", "2018-08-31": "358.00000", "2018-05-31": "398.30000", "2018-02-28": "375.00000", "2017-11-30": "345.00000", "2017-08-31": "376.00000", "2017-05-31": "381.60000", "2017-02-28": "340.40000", "2016-11-30": "393.60000", "2016-08-31": "433.70000", "2016-05-31": "399.00000", "2016-02-29": "401.30000", "2015-11-30": "382.90000", "2015-08-31": "439.60000", "2015-05-31": "423.80000", "2015-02-28": "389.10000", "2014-11-30": "394.20000", "2014-08-31": "341.10000", "2014-05-31": "409.10000", "2014-02-28": "399.20000", "2013-11-30": "413.00000", "2013-08-31": "408.90000", "2013-05-31": "437.60000", "2013-02-28": "329.10000", "2012-11-30": "334.70000", "2012-08-31": "363.80000", "2012-05-31": "358.10000", "2012-02-29": "358.10000", "2011-11-30": "353.20000", "2011-08-31": "452.70000", "2011-05-31": "483.50000", "2011-02-28": "417.70000", "2010-11-30": "416.70000", "2010-08-31": "382.90000", "2010-05-31": "378.50000", "2010-02-28": "322.90000", "2009-11-30": "429.10000", "2009-08-31": "375.80000", "2009-05-31": "469.30000", "2009-02-28": "419.90000", "2008-11-30": "527.30000", "2008-08-31": "403.90000", "2008-05-31": "510.60000", "2008-02-29": "496.90000", "2007-11-30": "449.50000", "2007-08-31": "375.80000", "2007-05-31": "443.10000", "2007-02-28": "211.00000", "2006-11-30": "209.00000", "2006-08-31": "207.00000", "2006-05-31": "377.00000", "2006-02-28": "198.00000", "2005-11-30": "179.00000", "2005-08-31": "168.00000", "2005-05-31": "203.00000", "2005-02-28": "177.00000"}, "Other Current Assets": {"2020-11-30": "", "2020-08-31": "", "2020-05-31": "", "2020-02-29": "", "2019-11-30": "", "2019-08-31": "", "2019-05-31": "", "2019-02-28": "", "2018-11-30": "", "2018-08-31": "", "2018-05-31": "", "2018-02-28": "", "2017-11-30": "", "2017-08-31": "", "2017-05-31": "", "2017-02-28": "", "2016-11-30": "", "2016-08-31": "", "2016-05-31": "", "2016-02-29": "", "2015-11-30": "", "2015-08-31": "", "2015-05-31": "", "2015-02-28": "", "2014-11-30": "", "2014-08-31": "", "2014-05-31": "", "2014-02-28": "", "2013-11-30": "", "2013-08-31": "", "2013-05-31": "", "2013-02-28": "", "2012-11-30": "", "2012-08-31": "", "2012-05-31": "", "2012-02-29": "", "2011-11-30": "", "2011-08-31": "", "2011-05-31": "", "2011-02-28": "", "2010-11-30": "", "2010-08-31": "", "2010-05-31": "", "2010-02-28": "", "2009-11-30": "", "2009-08-31": "", "2009-05-31": "", "2009-02-28": "", "2008-11-30": "", "2008-08-31": "", "2008-05-31": "", "2008-02-29": "", "2007-11-30": "", "2007-08-31": "", "2007-05-31": "", "2007-02-28": "", "2006-11-30": "", "2006-08-31": "", "2006-05-31": "", "2006-02-28": "", "2005-11-30": "", "2005-08-31": "", "2005-05-31": "", "2005-02-28": ""}, "Total Current Assets": {"2020-11-30": "6408.20000", "2020-08-31": "5354.80000", "2020-05-31": "5121.30000", "2020-02-29": "4308.50000", "2019-11-30": "4478.90000", "2019-08-31": "4261.40000", "2019-05-31": "4186.50000", "2019-02-28": "4169.80000", "2018-11-30": "4233.80000", "2018-08-31": "4185.50000", "2018-05-31": "4123.70000", "2018-02-28": "4277.10000", "2017-11-30": "4334.10000", "2017-08-31": "4338.50000", "2017-05-31": "4061.40000", "2017-02-28": "4128.00000", "2016-11-30": "4111.50000", "2016-08-31": "4193.00000", "2016-05-31": "3937.20000", "2016-02-29": "4011.30000", "2015-11-30": "4047.60000", "2015-08-31": "4305.10000", "2015-05-31": "3685.60000", "2015-02-28": "4464.40000", "2014-11-30": "4986.40000", "2014-08-31": "4695.50000", "2014-05-31": "4393.50000", "2014-02-28": "4557.60000", "2013-11-30": "4775.80000", "2013-08-31": "4693.20000", "2013-05-31": "4298.90000", "2013-02-28": "4365.80000", "2012-11-30": "4565.50000", "2012-08-31": "5217.40000", "2012-05-31": "3691.40000", "2012-02-29": "3836.30000", "2011-11-30": "4021.60000", "2011-08-31": "4096.40000", "2011-05-31": "3902.00000", "2011-02-28": "3842.90000", "2010-11-30": "4016.60000", "2010-08-31": "3953.80000", "2010-05-31": "3480.00000", "2010-02-28": "3677.10000", "2009-11-30": "4127.80000", "2009-08-31": "3873.50000", "2009-05-31": "3534.90000", "2009-02-28": "3888.90000", "2008-11-30": "4018.00000", "2008-08-31": "3826.20000", "2008-05-31": "3620.00000", "2008-02-29": "3958.30000", "2007-11-30": "3843.90000", "2007-08-31": "3478.10000", "2007-05-31": "3053.70000", "2007-02-28": "3268.00000", "2006-11-30": "3499.00000", "2006-08-31": "3383.00000", "2006-05-31": "3041.00000", "2006-02-28": "3273.00000", "2005-11-30": "3520.00000", "2005-08-31": "3394.00000", "2005-05-31": "3055.00000", "2005-02-28": "3132.00000"}, "Property, Plant, And Equipment": {"2020-11-30": "3529.80000", "2020-08-31": "3557.00000", "2020-05-31": "3580.60000", "2020-02-29": "3535.00000", "2019-11-30": "3588.50000", "2019-08-31": "3668.30000", "2019-05-31": "3787.20000", "2019-02-28": "3822.90000", "2018-11-30": "3897.40000", "2018-08-31": "3955.10000", "2018-05-31": "4047.20000", "2018-02-28": "3626.20000", "2017-11-30": "3631.40000", "2017-08-31": "3648.10000", "2017-05-31": "3687.70000", "2017-02-28": "3575.20000", "2016-11-30": "3571.30000", "2016-08-31": "3655.30000", "2016-05-31": "3743.60000", "2016-02-29": "3604.50000", "2015-11-30": "3588.40000", "2015-08-31": "3679.20000", "2015-05-31": "3783.30000", "2015-02-28": "3725.40000", "2014-11-30": "3824.20000", "2014-08-31": "3907.00000", "2014-05-31": "3941.90000", "2014-02-28": "3797.00000", "2013-11-30": "3809.00000", "2013-08-31": "3789.40000", "2013-05-31": "3878.10000", "2013-02-28": "3806.80000", "2012-11-30": "3814.00000", "2012-08-31": "3603.50000", "2012-05-31": "3652.70000", "2012-02-29": "3549.90000", "2011-11-30": "3507.40000", "2011-08-31": "3565.20000", "2011-05-31": "3345.90000", "2011-02-28": "3180.40000", "2010-11-30": "3146.10000", "2010-08-31": "3111.70000", "2010-05-31": "3127.70000", "2010-02-28": "3004.40000", "2009-11-30": "2987.50000", "2009-08-31": "2992.10000", "2009-05-31": "3034.90000", "2009-02-28": "2973.60000", "2008-11-30": "2958.20000", "2008-08-31": "3052.00000", "2008-05-31": "3108.10000", "2008-02-29": "2964.20000", "2007-11-30": "2974.50000", "2007-08-31": "2963.10000", "2007-05-31": "3013.90000", "2007-02-28": "2911.00000", "2006-11-30": "2918.00000", "2006-08-31": "2948.00000", "2006-05-31": "2997.00000", "2006-02-28": "2852.00000", "2005-11-30": "2879.00000", "2005-08-31": "2918.00000", "2005-05-31": "3111.00000", "2005-02-28": "3017.00000"}, "Long-Term Investments": {"2020-11-30": "", "2020-08-31": "", "2020-05-31": "", "2020-02-29": "", "2019-11-30": "", "2019-08-31": "", "2019-05-31": "", "2019-02-28": "", "2018-11-30": "", "2018-08-31": "", "2018-05-31": "", "2018-02-28": "", "2017-11-30": "", "2017-08-31": "", "2017-05-31": "", "2017-02-28": "", "2016-11-30": "", "2016-08-31": "", "2016-05-31": "", "2016-02-29": "", "2015-11-30": "", "2015-08-31": "", "2015-05-31": "", "2015-02-28": "", "2014-11-30": "", "2014-08-31": "", "2014-05-31": "", "2014-02-28": "", "2013-11-30": "", "2013-08-31": "", "2013-05-31": "", "2013-02-28": "", "2012-11-30": "", "2012-08-31": "", "2012-05-31": "", "2012-02-29": "", "2011-11-30": "", "2011-08-31": "", "2011-05-31": "", "2011-02-28": "", "2010-11-30": "", "2010-08-31": "", "2010-05-31": "", "2010-02-28": "", "2009-11-30": "", "2009-08-31": "", "2009-05-31": "", "2009-02-28": "", "2008-11-30": "", "2008-08-31": "", "2008-05-31": "", "2008-02-29": "", "2007-11-30": "", "2007-08-31": "", "2007-05-31": "", "2007-02-28": "", "2006-11-30": "", "2006-08-31": "", "2006-05-31": "", "2006-02-28": "", "2005-11-30": "", "2005-08-31": "", "2005-05-31": "", "2005-02-28": ""}, "Goodwill And Intangible Assets": {"2020-11-30": "21167.90000", "2020-08-31": "21160.50000", "2020-05-31": "21019.00000", "2020-02-29": "21059.20000", "2019-11-30": "21106.90000", "2019-08-31": "21135.00000", "2019-05-31": "21162.60000", "2019-02-28": "21221.50000", "2018-11-30": "21221.00000", "2018-08-31": "21451.20000", "2018-05-31": "21510.10000", "2018-02-28": "13471.40000", "2017-11-30": "13410.10000", "2017-08-31": "13425.60000", "2017-05-31": "13277.60000", "2017-02-28": "13205.50000", "2016-11-30": "13166.50000", "2016-08-31": "13310.40000", "2016-05-31": "13279.80000", "2016-02-29": "13202.20000", "2015-11-30": "13073.10000", "2015-08-31": "13512.70000", "2015-05-31": "13551.90000", "2015-02-28": "13928.40000", "2014-11-30": "14206.60000", "2014-08-31": "13576.00000", "2014-05-31": "13664.80000", "2014-02-28": "13660.60000", "2013-11-30": "13666.90000", "2013-08-31": "13619.10000", "2013-05-31": "13637.30000", "2013-02-28": "13726.10000", "2012-11-30": "13630.10000", "2012-08-31": "12931.40000", "2012-05-31": "12887.40000", "2012-02-29": "12933.40000", "2011-11-30": "12911.40000", "2011-08-31": "13237.20000", "2011-05-31": "10564.10000", "2011-02-28": "10505.70000", "2010-11-30": "10375.20000", "2010-08-31": "10341.20000", "2010-05-31": "10307.80000", "2010-02-28": "10386.60000", "2009-11-30": "10464.30000", "2009-08-31": "10418.80000", "2009-05-31": "10410.00000", "2009-02-28": "10287.90000", "2008-11-30": "10276.60000", "2008-08-31": "10538.20000", "2008-05-31": "10563.30000", "2008-02-29": "10507.20000", "2007-11-30": "10516.70000", "2007-08-31": "10414.90000", "2007-05-31": "10529.40000", "2007-02-28": "10473.00000", "2006-11-30": "10301.00000", "2006-08-31": "10310.00000", "2006-05-31": "10259.00000", "2006-02-28": "10359.00000", "2005-11-30": "10361.00000", "2005-08-31": "10372.00000", "2005-05-31": "10216.00000", "2005-02-28": "10351.00000"}, "Other Long-Term Assets": {"2020-11-30": "1201.70000", "2020-08-31": "1189.90000", "2020-05-31": "1085.80000", "2020-02-29": "1346.00000", "2019-11-30": "1278.10000", "2019-08-31": "1248.50000", "2019-05-31": "974.90000", "2019-02-28": "1071.60000", "2018-11-30": "1031.80000", "2018-08-31": "963.00000", "2018-05-31": "943.00000", "2018-02-28": "865.90000", "2017-11-30": "815.90000", "2017-08-31": "797.40000", "2017-05-31": "785.90000", "2017-02-28": "761.60000", "2016-11-30": "752.80000", "2016-08-31": "754.40000", "2016-05-31": "751.70000", "2016-02-29": "813.60000", "2015-11-30": "879.60000", "2015-08-31": "825.90000", "2015-05-31": "811.20000", "2015-02-28": "1264.90000", "2014-11-30": "1186.50000", "2014-08-31": "1194.30000", "2014-05-31": "1145.50000", "2014-02-28": "909.80000", "2013-11-30": "900.40000", "2013-08-31": "842.90000", "2013-05-31": "843.70000", "2013-02-28": "894.70000", "2012-11-30": "943.30000", "2012-08-31": "883.00000", "2012-05-31": "865.30000", "2012-02-29": "1119.40000", "2011-11-30": "1026.40000", "2011-08-31": "994.40000", "2011-05-31": "862.50000", "2011-02-28": "752.50000", "2010-11-30": "840.60000", "2010-08-31": "803.80000", "2010-05-31": "763.40000", "2010-02-28": "1148.10000", "2009-11-30": "981.70000", "2009-08-31": "905.70000", "2009-05-31": "895.00000", "2009-02-28": "1928.30000", "2008-11-30": "1856.90000", "2008-08-31": "1745.60000", "2008-05-31": "1750.20000", "2008-02-29": "1837.10000", "2007-11-30": "1746.40000", "2007-08-31": "1621.80000", "2007-05-31": "1586.70000", "2007-02-28": "2014.00000", "2006-11-30": "2045.00000", "2006-08-31": "1945.00000", "2006-05-31": "1778.00000", "2006-02-28": "1731.00000", "2005-11-30": "1700.00000", "2005-08-31": "1692.00000", "2005-05-31": "1684.00000", "2005-02-28": "1960.00000"}, "Total Long-Term Assets": {"2020-11-30": "25899.40000", "2020-08-31": "25907.40000", "2020-05-31": "25685.40000", "2020-02-29": "25940.20000", "2019-11-30": "25973.50000", "2019-08-31": "26051.80000", "2019-05-31": "25924.70000", "2019-02-28": "26116.00000", "2018-11-30": "26150.20000", "2018-08-31": "26369.30000", "2018-05-31": "26500.30000", "2018-02-28": "17963.50000", "2017-11-30": "17857.40000", "2017-08-31": "17871.10000", "2017-05-31": "17751.20000", "2017-02-28": "17542.30000", "2016-11-30": "17490.60000", "2016-08-31": "17720.10000", "2016-05-31": "17775.10000", "2016-02-29": "17620.30000", "2015-11-30": "17541.10000", "2015-08-31": "18017.80000", "2015-05-31": "18146.40000", "2015-02-28": "18918.70000", "2014-11-30": "19217.30000", "2014-08-31": "18677.30000", "2014-05-31": "18752.20000", "2014-02-28": "18367.40000", "2013-11-30": "18376.30000", "2013-08-31": "18251.40000", "2013-05-31": "18359.10000", "2013-02-28": "18427.60000", "2012-11-30": "18387.40000", "2012-08-31": "17417.90000", "2012-05-31": "17405.40000", "2012-02-29": "17602.70000", "2011-11-30": "17445.20000", "2011-08-31": "17796.80000", "2011-05-31": "14772.50000", "2011-02-28": "14438.60000", "2010-11-30": "14361.90000", "2010-08-31": "14256.70000", "2010-05-31": "14198.90000", "2010-02-28": "14539.10000", "2009-11-30": "14433.50000", "2009-08-31": "14316.60000", "2009-05-31": "14339.90000", "2009-02-28": "15189.80000", "2008-11-30": "15091.70000", "2008-08-31": "15335.80000", "2008-05-31": "15421.60000", "2008-02-29": "15308.50000", "2007-11-30": "15237.60000", "2007-08-31": "14999.80000", "2007-05-31": "15130.00000", "2007-02-28": "15398.00000", "2006-11-30": "15264.00000", "2006-08-31": "15203.00000", "2006-05-31": "15034.00000", "2006-02-28": "14942.00000", "2005-11-30": "14940.00000", "2005-08-31": "14982.00000", "2005-05-31": "15011.00000", "2005-02-28": "15328.00000"}, "Total Assets": {"2020-11-30": "32307.60000", "2020-08-31": "31262.20000", "2020-05-31": "30806.70000", "2020-02-29": "30248.70000", "2019-11-30": "30452.40000", "2019-08-31": "30313.20000", "2019-05-31": "30111.20000", "2019-02-28": "30285.80000", "2018-11-30": "30384.00000", "2018-08-31": "30554.80000", "2018-05-31": "30624.00000", "2018-02-28": "22240.60000", "2017-11-30": "22191.50000", "2017-08-31": "22209.60000", "2017-05-31": "21812.60000", "2017-02-28": "21670.30000", "2016-11-30": "21602.10000", "2016-08-31": "21913.10000", "2016-05-31": "21712.30000", "2016-02-29": "21631.60000", "2015-11-30": "21588.70000", "2015-08-31": "22322.90000", "2015-05-31": "21832.00000", "2015-02-28": "23383.10000", "2014-11-30": "24203.70000", "2014-08-31": "23372.80000", "2014-05-31": "23145.70000", "2014-02-28": "22925.00000", "2013-11-30": "23152.10000", "2013-08-31": "22944.60000", "2013-05-31": "22658.00000", "2013-02-28": "22793.40000", "2012-11-30": "22952.90000", "2012-08-31": "22635.30000", "2012-05-31": "21096.80000", "2012-02-29": "21439.00000", "2011-11-30": "21466.80000", "2011-08-31": "21893.20000", "2011-05-31": "18674.50000", "2011-02-28": "18281.50000", "2010-11-30": "18378.50000", "2010-08-31": "18210.50000", "2010-05-31": "17678.90000", "2010-02-28": "18216.20000", "2009-11-30": "18561.30000", "2009-08-31": "18190.10000", "2009-05-31": "17874.80000", "2009-02-28": "19078.70000", "2008-11-30": "19109.70000", "2008-08-31": "19162.00000", "2008-05-31": "19041.60000", "2008-02-29": "19266.80000", "2007-11-30": "19081.50000", "2007-08-31": "18477.90000", "2007-05-31": "18183.70000", "2007-02-28": "18666.00000", "2006-11-30": "18763.00000", "2006-08-31": "18586.00000", "2006-05-31": "18075.00000", "2006-02-28": "18215.00000", "2005-11-30": "18460.00000", "2005-08-31": "18376.00000", "2005-05-31": "18066.00000", "2005-02-28": "18460.00000"}, "Total Current Liabilities": {"2020-11-30": "8464.20000", "2020-08-31": "7612.70000", "2020-05-31": "7491.50000", "2020-02-29": "6696.60000", "2019-11-30": "7362.30000", "2019-08-31": "6903.40000", "2019-05-31": "7087.10000", "2019-02-28": "7516.60000", "2018-11-30": "7298.10000", "2018-08-31": "7187.80000", "2018-05-31": "7341.90000", "2018-02-28": "6209.60000", "2017-11-30": "5349.50000", "2017-08-31": "5889.90000", "2017-05-31": "5330.80000", "2017-02-28": "5743.50000", "2016-11-30": "6244.40000", "2016-08-31": "5215.10000", "2016-05-31": "5014.70000", "2016-02-29": "5253.70000", "2015-11-30": "4969.40000", "2015-08-31": "5299.90000", "2015-05-31": "4890.10000", "2015-02-28": "6702.50000", "2014-11-30": "6093.70000", "2014-08-31": "5793.10000", "2014-05-31": "5423.50000", "2014-02-28": "4683.60000", "2013-11-30": "4990.10000", "2013-08-31": "5462.90000", "2013-05-31": "5293.90000", "2013-02-28": "4282.60000", "2012-11-30": "5736.40000", "2012-08-31": "5975.50000", "2012-05-31": "3843.20000", "2012-02-29": "3849.00000", "2011-11-30": "5142.00000", "2011-08-31": "4884.00000", "2011-05-31": "3659.20000", "2011-02-28": "4511.30000", "2010-11-30": "3733.60000", "2010-08-31": "4091.50000", "2010-05-31": "3769.10000", "2010-02-28": "2986.40000", "2009-11-30": "3459.50000", "2009-08-31": "3712.30000", "2009-05-31": "3606.00000", "2009-02-28": "4028.10000", "2008-11-30": "4984.00000", "2008-08-31": "4465.00000", "2008-05-31": "4856.30000", "2008-02-29": "6141.10000", "2007-11-30": "6223.10000", "2007-08-31": "7505.40000", "2007-05-31": "5845.10000", "2007-02-28": "5649.00000", "2006-11-30": "7056.00000", "2006-08-31": "6941.00000", "2006-05-31": "6138.00000", "2006-02-28": "6261.00000", "2005-11-30": "5154.00000", "2005-08-31": "5038.00000", "2005-05-31": "4184.00000", "2005-02-28": "2673.00000"}, "Long Term Debt": {"2020-11-30": "10952.50000", "2020-08-31": "10832.90000", "2020-05-31": "10929.00000", "2020-02-29": "11589.60000", "2019-11-30": "10953.10000", "2019-08-31": "11619.80000", "2019-05-31": "11624.80000", "2019-02-28": "11642.60000", "2018-11-30": "12208.60000", "2018-08-31": "12665.10000", "2018-05-31": "12668.70000", "2018-02-28": "7163.60000", "2017-11-30": "8228.30000", "2017-08-31": "7822.70000", "2017-05-31": "7642.90000", "2017-02-28": "7176.40000", "2016-11-30": "6542.00000", "2016-08-31": "7078.00000", "2016-05-31": "7057.70000", "2016-02-29": "7024.40000", "2015-11-30": "7416.60000", "2015-08-31": "7609.70000", "2015-05-31": "7575.30000", "2015-02-28": "6642.60000", "2014-11-30": "7713.10000", "2014-08-31": "6669.10000", "2014-05-31": "6423.50000", "2014-02-28": "7179.60000", "2013-11-30": "6740.60000", "2013-08-31": "5913.50000", "2013-05-31": "5926.10000", "2013-02-28": "6631.90000", "2012-11-30": "5571.90000", "2012-08-31": "5462.00000", "2012-05-31": "6161.90000", "2012-02-29": "6194.80000", "2011-11-30": "5247.60000", "2011-08-31": "5901.10000", "2011-05-31": "5542.50000", "2011-02-28": "4843.10000", "2010-11-30": "5864.10000", "2010-08-31": "5771.60000", "2010-05-31": "5268.50000", "2010-02-28": "5671.60000", "2009-11-30": "5648.00000", "2009-08-31": "5753.90000", "2009-05-31": "5754.80000", "2009-02-28": "5755.40000", "2008-11-30": "5105.50000", "2008-08-31": "5043.20000", "2008-05-31": "4348.70000", "2008-02-29": "3600.70000", "2007-11-30": "3599.10000", "2007-08-31": "3003.80000", "2007-05-31": "3217.70000", "2007-02-28": "3165.00000", "2006-11-30": "2241.00000", "2006-08-31": "2406.00000", "2006-05-31": "2415.00000", "2006-02-28": "2502.00000", "2005-11-30": "3995.00000", "2005-08-31": "4240.00000", "2005-05-31": "4255.00000", "2005-02-28": "6616.00000"}, "Other Non-Current Liabilities": {"2020-11-30": "2098.90000", "2020-08-31": "2134.20000", "2020-05-31": "2089.60000", "2020-02-29": "2075.20000", "2019-11-30": "2100.50000", "2019-08-31": "2102.70000", "2019-05-31": "2000.60000", "2019-02-28": "1830.30000", "2018-11-30": "1861.00000", "2018-08-31": "2097.40000", "2018-05-31": "2117.20000", "2018-02-28": "2298.80000", "2017-11-30": "2233.10000", "2017-08-31": "2453.10000", "2017-05-31": "2434.00000", "2017-02-28": "2799.20000", "2016-11-30": "2783.50000", "2016-08-31": "2888.70000", "2016-05-31": "2933.20000", "2016-02-29": "2514.20000", "2015-11-30": "2529.20000", "2015-08-31": "2500.60000", "2015-05-31": "2523.70000", "2015-02-28": "2396.20000", "2014-11-30": "2525.20000", "2014-08-31": "2559.20000", "2014-05-31": "2627.30000", "2014-02-28": "2809.30000", "2013-11-30": "2884.60000", "2013-08-31": "2864.80000", "2013-05-31": "2920.40000", "2013-02-28": "3197.10000", "2012-11-30": "3055.90000", "2012-08-31": "2977.10000", "2012-05-31": "3037.60000", "2012-02-29": "2623.20000", "2011-11-30": "2650.00000", "2011-08-31": "2682.00000", "2011-05-31": "1733.20000", "2011-02-28": "1826.30000", "2010-11-30": "1930.80000", "2010-08-31": "2090.90000", "2010-05-31": "2118.70000", "2010-02-28": "1939.70000", "2009-11-30": "1956.80000", "2009-08-31": "1928.30000", "2009-05-31": "1932.20000", "2009-02-28": "2095.40000", "2008-11-30": "2035.70000", "2008-08-31": "1882.30000", "2008-05-31": "1923.90000", "2008-02-29": "1954.60000", "2007-11-30": "1923.90000", "2007-08-31": "1846.50000", "2007-05-31": "1229.90000", "2007-02-28": "945.00000", "2006-11-30": "982.00000", "2006-08-31": "962.00000", "2006-05-31": "924.00000", "2006-02-28": "949.00000", "2005-11-30": "938.00000", "2005-08-31": "967.00000", "2005-05-31": "967.00000", "2005-02-28": "904.00000"}, "Total Long Term Liabilities": {"2020-11-30": "14990.80000", "2020-08-31": "14891.60000", "2020-05-31": "14965.70000", "2020-02-29": "15692.00000", "2019-11-30": "15069.50000", "2019-08-31": "15714.20000", "2019-05-31": "15656.40000", "2019-02-28": "15519.80000", "2018-11-30": "16106.50000", "2018-08-31": "16791.20000", "2018-05-31": "16789.70000", "2018-02-28": "10696.30000", "2017-11-30": "12252.30000", "2017-08-31": "12036.80000", "2017-05-31": "11796.30000", "2017-02-28": "11523.30000", "2016-11-30": "10831.90000", "2016-08-31": "11409.40000", "2016-05-31": "11390.50000", "2016-02-29": "11114.20000", "2015-11-30": "11454.10000", "2015-08-31": "11671.00000", "2015-05-31": "11549.20000", "2015-02-28": "10831.50000", "2014-11-30": "11999.80000", "2014-08-31": "10896.90000", "2014-05-31": "10716.80000", "2014-02-28": "11463.30000", "2013-11-30": "11075.50000", "2013-08-31": "10187.90000", "2013-05-31": "10235.60000", "2013-02-28": "11031.40000", "2012-11-30": "9776.50000", "2012-08-31": "9566.60000", "2012-05-31": "10370.90000", "2012-02-29": "10185.60000", "2011-11-30": "9271.70000", "2011-08-31": "10000.20000", "2011-05-31": "8403.10000", "2011-02-28": "7658.00000", "2010-11-30": "8760.10100", "2010-08-31": "8747.60000", "2010-05-31": "8261.80000", "2010-02-28": "8752.70000", "2009-11-30": "8768.10000", "2009-08-31": "8839.20000", "2009-05-31": "8852.30000", "2009-02-28": "9513.50000", "2008-11-30": "8830.50000", "2008-08-31": "8630.50000", "2008-05-31": "7969.50000", "2008-02-29": "7198.90000", "2007-11-30": "7178.90000", "2007-08-31": "6513.80000", "2007-05-31": "7019.50000", "2007-02-28": "7056.00000", "2006-11-30": "6161.00000", "2006-08-31": "6315.00000", "2006-05-31": "6165.00000", "2006-02-28": "6416.00000", "2005-11-30": "7910.00000", "2005-08-31": "8194.00000", "2005-05-31": "8206.00000", "2005-02-28": "10495.00000"}, "Total Liabilities": {"2020-11-30": "23455.00000", "2020-08-31": "22504.30000", "2020-05-31": "22457.20000", "2020-02-29": "22388.60000", "2019-11-30": "22431.80000", "2019-08-31": "22617.60000", "2019-05-31": "22743.50000", "2019-02-28": "23036.40000", "2018-11-30": "23404.60000", "2018-08-31": "23979.00000", "2018-05-31": "24131.60000", "2018-02-28": "16905.90000", "2017-11-30": "17601.80000", "2017-08-31": "17926.70000", "2017-05-31": "17127.10000", "2017-02-28": "17266.80000", "2016-11-30": "17076.30000", "2016-08-31": "16624.50000", "2016-05-31": "16405.20000", "2016-02-29": "16367.90000", "2015-11-30": "16423.50000", "2015-08-31": "16970.90000", "2015-05-31": "16439.30000", "2015-02-28": "17534.00000", "2014-11-30": "18093.50000", "2014-08-31": "16690.00000", "2014-05-31": "16140.30000", "2014-02-28": "16146.90000", "2013-11-30": "16065.60000", "2013-08-31": "15650.80000", "2013-05-31": "15529.50000", "2013-02-28": "15314.00000", "2012-11-30": "15512.90000", "2012-08-31": "15542.10000", "2012-05-31": "14214.10000", "2012-02-29": "14034.60000", "2011-11-30": "14413.70000", "2011-08-31": "14884.20000", "2011-05-31": "12062.30000", "2011-02-28": "12169.30000", "2010-11-30": "12493.70000", "2010-08-31": "12839.10000", "2010-05-31": "12030.90000", "2010-02-28": "11739.10000", "2009-11-30": "12227.60000", "2009-08-31": "12551.50000", "2009-05-31": "12458.30000", "2009-02-28": "13541.60000", "2008-11-30": "13814.50000", "2008-08-31": "13095.50000", "2008-05-31": "12825.80000", "2008-02-29": "13340.00000", "2007-11-30": "13402.00000", "2007-08-31": "14019.20000", "2007-05-31": "12864.60000", "2007-02-28": "12705.00000", "2006-11-30": "13217.00000", "2006-08-31": "13256.00000", "2006-05-31": "12303.00000", "2006-02-28": "12677.00000", "2005-11-30": "13064.00000", "2005-08-31": "13232.00000", "2005-05-31": "12390.00000", "2005-02-28": "13168.00000"}, "Common Stock Net": {"2020-11-30": "75.50000", "2020-08-31": "75.50000", "2020-05-31": "75.50000", "2020-02-29": "75.50000", "2019-11-30": "75.50000", "2019-08-31": "75.50000", "2019-05-31": "75.50000", "2019-02-28": "75.50000", "2018-11-30": "75.50000", "2018-08-31": "75.50000", "2018-05-31": "75.50000", "2018-02-28": "75.50000", "2017-11-30": "75.50000", "2017-08-31": "75.50000", "2017-05-31": "75.50000", "2017-02-28": "75.50000", "2016-11-30": "75.50000", "2016-08-31": "75.50000", "2016-05-31": "75.50000", "2016-02-29": "75.50000", "2015-11-30": "75.50000", "2015-08-31": "75.50000", "2015-05-31": "75.50000", "2015-02-28": "75.50000", "2014-11-30": "75.50000", "2014-08-31": "75.50000", "2014-05-31": "75.50000", "2014-02-28": "75.50000", "2013-11-30": "75.50000", "2013-08-31": "75.50000", "2013-05-31": "75.50000", "2013-02-28": "75.50000", "2012-11-30": "75.50000", "2012-08-31": "75.50000", "2012-05-31": "75.50000", "2012-02-29": "75.50000", "2011-11-30": "75.50000", "2011-08-31": "75.50000", "2011-05-31": "75.50000", "2011-02-28": "75.50000", "2010-11-30": "75.50000", "2010-08-31": "75.50000", "2010-05-31": "75.50000", "2010-02-28": "37.70000", "2009-11-30": "37.70000", "2009-08-31": "37.70000", "2009-05-31": "75.50000", "2009-02-28": "37.70000", "2008-11-30": "37.70000", "2008-08-31": "37.70000", "2008-05-31": "37.70000", "2008-02-29": "37.70000", "2007-11-30": "50.20000", "2007-08-31": "50.20000", "2007-05-31": "50.20000", "2007-02-28": "50.00000", "2006-11-30": "50.00000", "2006-08-31": "50.00000", "2006-05-31": "50.00000", "2006-02-28": "50.00000", "2005-11-30": "50.00000", "2005-08-31": "50.00000", "2005-05-31": "50.00000", "2005-02-28": "5727.00000"}, "Retained Earnings (Accumulated Deficit)": {"2020-11-30": "16374.20000", "2020-08-31": "16312.50000", "2020-05-31": "15982.10000", "2020-02-29": "15360.00000", "2019-11-30": "15501.80000", "2019-08-31": "15218.80000", "2019-05-31": "14996.70000", "2019-02-28": "14724.50000", "2018-11-30": "14572.20000", "2018-08-31": "14523.80000", "2018-05-31": "14459.60000", "2018-02-28": "14398.40000", "2017-11-30": "13408.90000", "2017-08-31": "13259.30000", "2017-05-31": "13138.90000", "2017-02-28": "13008.80000", "2016-11-30": "12931.80000", "2016-08-31": "12734.60000", "2016-05-31": "12616.50000", "2016-02-29": "12514.00000", "2015-11-30": "12416.00000", "2015-08-31": "12150.90000", "2015-05-31": "11990.80000", "2015-02-28": "12070.40000", "2014-11-30": "11975.30000", "2014-08-31": "11878.00000", "2014-05-31": "11787.20000", "2014-02-28": "11636.50000", "2013-11-30": "11465.50000", "2013-08-31": "11157.90000", "2013-05-31": "10702.60000", "2013-02-28": "10795.80000", "2012-11-30": "10614.50000", "2012-08-31": "10289.60000", "2012-05-31": "9958.50000", "2012-02-29": "9833.70000", "2011-11-30": "9642.20000", "2011-08-31": "9396.60000", "2011-05-31": "9191.30000", "2011-02-28": "9053.00000", "2010-11-30": "8842.10000", "2010-08-31": "8410.40000", "2010-05-31": "8122.40000", "2010-02-28": "8075.90000", "2009-11-30": "7908.80000", "2009-08-31": "7500.00000", "2009-05-31": "7235.60000", "2009-02-28": "7018.50000", "2008-11-30": "6873.50000", "2008-08-31": "6641.70000", "2008-05-31": "6510.70000", "2008-02-29": "6460.20000", "2007-11-30": "6165.70000", "2007-08-31": "5901.20000", "2007-05-31": "5745.30000", "2007-02-28": "5650.00000", "2006-11-30": "5512.00000", "2006-08-31": "5248.00000", "2006-05-31": "5107.00000", "2006-02-28": "5007.00000", "2005-11-30": "4882.00000", "2005-08-31": "4631.00000", "2005-05-31": "4501.00000", "2005-02-28": "4156.00000"}, "Comprehensive Income": {"2020-11-30": "-2867.60000", "2020-08-31": "-2908.70000", "2020-05-31": "-2914.40000", "2020-02-29": "-2584.50000", "2019-11-30": "-2589.80000", "2019-08-31": "-2600.60000", "2019-05-31": "-2625.40000", "2019-02-28": "-2360.30000", "2018-11-30": "-2419.20000", "2018-08-31": "-2499.20000", "2018-05-31": "-2429.00000", "2018-02-28": "-2552.50000", "2017-11-30": "-2244.40000", "2017-08-31": "-2232.00000", "2017-05-31": "-2244.50000", "2017-02-28": "-2350.40000", "2016-11-30": "-2476.90000", "2016-08-31": "-2484.70000", "2016-05-31": "-2612.20000", "2016-02-29": "-2414.90000", "2015-11-30": "-2407.00000", "2015-08-31": "-2420.20000", "2015-05-31": "-2310.70000", "2015-02-28": "-1837.80000", "2014-11-30": "-1559.60000", "2014-08-31": "-1374.90000", "2014-05-31": "-1340.30000", "2014-02-28": "-1640.60000", "2013-11-30": "-1606.70000", "2013-08-31": "-1670.40000", "2013-05-31": "-1585.30000", "2013-02-28": "-1544.00000", "2012-11-30": "-1603.30000", "2012-08-31": "-1662.50000", "2012-05-31": "-1743.70000", "2012-02-29": "-1111.90000", "2011-11-30": "-1204.60000", "2011-08-31": "-1014.70000", "2011-05-31": "-1010.80000", "2011-02-28": "-1162.20000", "2010-11-30": "-1273.40000", "2010-08-31": "-1390.90000", "2010-05-31": "-1486.90000", "2010-02-28": "-859.70000", "2009-11-30": "-722.80000", "2009-08-31": "-837.70000", "2009-05-31": "-877.80000", "2009-02-28": "-312.90000", "2008-11-30": "-338.80000", "2008-08-31": "65.40000", "2008-05-31": "176.70000", "2008-02-29": "59.70000", "2007-11-30": "51.00000", "2007-08-31": "-97.50000", "2007-05-31": "-119.70000", "2007-02-28": "265.00000", "2006-11-30": "96.00000", "2006-08-31": "116.00000", "2006-05-31": "125.00000", "2006-02-28": "14.00000", "2005-11-30": "-5.00000", "2005-08-31": "29.00000", "2005-05-31": "8.00000", "2005-02-28": "1.00000"}, "Other Share Holders Equity": {"2020-11-30": "", "2020-08-31": "", "2020-05-31": "", "2020-02-29": "", "2019-11-30": "", "2019-08-31": "", "2019-05-31": "", "2019-02-28": "", "2018-11-30": "", "2018-08-31": "", "2018-05-31": "", "2018-02-28": "", "2017-11-30": "", "2017-08-31": "", "2017-05-31": "", "2017-02-28": "", "2016-11-30": "", "2016-08-31": "", "2016-05-31": "", "2016-02-29": "", "2015-11-30": "", "2015-08-31": "", "2015-05-31": "", "2015-02-28": "", "2014-11-30": "", "2014-08-31": "", "2014-05-31": "", "2014-02-28": "", "2013-11-30": "", "2013-08-31": "", "2013-05-31": "", "2013-02-28": "", "2012-11-30": "", "2012-08-31": "", "2012-05-31": "", "2012-02-29": "", "2011-11-30": "", "2011-08-31": "", "2011-05-31": "", "2011-02-28": "", "2010-11-30": "", "2010-08-31": "", "2010-05-31": "", "2010-02-28": "", "2009-11-30": "", "2009-08-31": "", "2009-05-31": "", "2009-02-28": "", "2008-11-30": "", "2008-08-31": "", "2008-05-31": "", "2008-02-29": "", "2007-11-30": "", "2007-08-31": "", "2007-05-31": "", "2007-02-28": "", "2006-11-30": "", "2006-08-31": "", "2006-05-31": "", "2006-02-28": "", "2005-11-30": "", "2005-08-31": "", "2005-05-31": "", "2005-02-28": ""}, "Share Holder Equity": {"2020-11-30": "8852.60000", "2020-08-31": "8757.90000", "2020-05-31": "8349.50000", "2020-02-29": "7860.10000", "2019-11-30": "8020.60000", "2019-08-31": "7695.60000", "2019-05-31": "7367.70000", "2019-02-28": "7249.40000", "2018-11-30": "6979.40000", "2018-08-31": "6575.80000", "2018-05-31": "6492.40000", "2018-02-28": "5334.70000", "2017-11-30": "4589.70000", "2017-08-31": "4282.90000", "2017-05-31": "4685.50000", "2017-02-28": "4403.50000", "2016-11-30": "4525.80000", "2016-08-31": "5288.60000", "2016-05-31": "5307.10000", "2016-02-29": "5263.70000", "2015-11-30": "5165.20000", "2015-08-31": "5352.00000", "2015-05-31": "5392.70000", "2015-02-28": "5849.10000", "2014-11-30": "6110.20000", "2014-08-31": "6682.80000", "2014-05-31": "7005.40000", "2014-02-28": "6778.10000", "2013-11-30": "7086.50000", "2013-08-31": "7293.80000", "2013-05-31": "7128.50000", "2013-02-28": "7479.40000", "2012-11-30": "7440.00000", "2012-08-31": "7093.20000", "2012-05-31": "6882.70000", "2012-02-29": "7404.40000", "2011-11-30": "7053.10000", "2011-08-31": "7009.00000", "2011-05-31": "6612.20000", "2011-02-28": "6112.20000", "2010-11-30": "5884.80000", "2010-08-31": "5371.40000", "2010-05-31": "5648.00000", "2010-02-28": "6477.10000", "2009-11-30": "6333.70000", "2009-08-31": "5638.60000", "2009-05-31": "5416.50000", "2009-02-28": "5537.10000", "2008-11-30": "5295.20000", "2008-08-31": "6066.50000", "2008-05-31": "6215.80000", "2008-02-29": "5926.80000", "2007-11-30": "5679.50000", "2007-08-31": "4458.70000", "2007-05-31": "5319.10000", "2007-02-28": "5961.00000", "2006-11-30": "5546.00000", "2006-08-31": "5330.00000", "2006-05-31": "5772.00000", "2006-02-28": "5538.00000", "2005-11-30": "5396.00000", "2005-08-31": "5144.00000", "2005-05-31": "5676.00000", "2005-02-28": "5292.00000"}, "Total Liabilities And Share Holders Equity": {"2020-11-30": "32307.60000", "2020-08-31": "31262.20000", "2020-05-31": "30806.70000", "2020-02-29": "30248.70000", "2019-11-30": "30452.40000", "2019-08-31": "30313.20000", "2019-05-31": "30111.20000", "2019-02-28": "30285.80000", "2018-11-30": "30384.00000", "2018-08-31": "30554.80000", "2018-05-31": "30624.00000", "2018-02-28": "22240.60000", "2017-11-30": "22191.50000", "2017-08-31": "22209.60000", "2017-05-31": "21812.60000", "2017-02-28": "21670.30000", "2016-11-30": "21602.10000", "2016-08-31": "21913.10000", "2016-05-31": "21712.30000", "2016-02-29": "21631.60000", "2015-11-30": "21588.70000", "2015-08-31": "22322.90000", "2015-05-31": "21832.00000", "2015-02-28": "23383.10000", "2014-11-30": "24203.70000", "2014-08-31": "23372.80000", "2014-05-31": "23145.70000", "2014-02-28": "22925.00000", "2013-11-30": "23152.10000", "2013-08-31": "22944.60000", "2013-05-31": "22658.00000", "2013-02-28": "22793.40000", "2012-11-30": "22952.90000", "2012-08-31": "22635.30000", "2012-05-31": "21096.80000", "2012-02-29": "21439.00000", "2011-11-30": "21466.80000", "2011-08-31": "21893.20000", "2011-05-31": "18674.50000", "2011-02-28": "18281.50000", "2010-11-30": "18378.50000", "2010-08-31": "18210.50000", "2010-05-31": "17678.90000", "2010-02-28": "18216.20000", "2009-11-30": "18561.30000", "2009-08-31": "18190.10000", "2009-05-31": "17874.80000", "2009-02-28": "19078.70000", "2008-11-30": "19109.70000", "2008-08-31": "19162.00000", "2008-05-31": "19041.60000", "2008-02-29": "19266.80000", "2007-11-30": "19081.50000", "2007-08-31": "18477.90000", "2007-05-31": "18183.70000", "2007-02-28": "18666.00000", "2006-11-30": "18763.00000", "2006-08-31": "18586.00000", "2006-05-31": "18075.00000", "2006-02-28": "18215.00000", "2005-11-30": "18460.00000", "2005-08-31": "18376.00000", "2005-05-31": "18066.00000", "2005-02-28": "18460.00000"}}, "cash flow statement": {"Net Income/Loss": {"2020-05-31": "2210.80000", "2019-05-31": "1786.20000", "2018-05-31": "2163.00000", "2017-05-31": "1701.10000", "2016-05-31": "1736.80000", "2015-05-31": "1259.40000", "2014-05-31": "1861.30000", "2013-05-31": "1892.50000", "2012-05-31": "1589.10000", "2011-05-31": "1803.50000", "2010-05-31": "1535.00000", "2009-05-31": "1313.70000", "2008-05-31": "1318.10000", "2007-05-31": "1143.90000", "2006-05-31": "1090.30000", "2005-05-31": "1240.00000"}, "Total Depreciation And Amortization - Cash Flow": {"2020-05-31": "594.70000", "2019-05-31": "620.10000", "2018-05-31": "618.80000", "2017-05-31": "603.60000", "2016-05-31": "608.10000", "2015-05-31": "588.30000", "2014-05-31": "585.40000", "2013-05-31": "588.00000", "2012-05-31": "541.50000", "2011-05-31": "472.60000", "2010-05-31": "457.10000", "2009-05-31": "453.60000", "2008-05-31": "459.20000", "2007-05-31": "417.80000", "2006-05-31": "423.90000", "2005-05-31": "443.00000"}, "Other Non-Cash Items": {"2020-05-31": "76.80000", "2019-05-31": "408.20000", "2018-05-31": "-482.90000", "2017-05-31": "304.70000", "2016-05-31": "120.80000", "2015-05-31": "480.40000", "2014-05-31": "126.50000", "2013-05-31": "-25.60000", "2012-05-31": "32.80000", "2011-05-31": "-24.10000", "2010-05-31": "45.70000", "2009-05-31": "-116.00000", "2008-05-31": "79.30000", "2007-05-31": "40.40000", "2006-05-31": "145.40000", "2005-05-31": "-178.00000"}, "Total Non-Cash Items": {"2020-05-31": "671.50010", "2019-05-31": "1028.30000", "2018-05-31": "135.90000", "2017-05-31": "908.29990", "2016-05-31": "728.90000", "2015-05-31": "1068.70000", "2014-05-31": "711.90000", "2013-05-31": "562.40000", "2012-05-31": "574.29990", "2011-05-31": "448.50010", "2010-05-31": "502.80000", "2009-05-31": "337.60000", "2008-05-31": "538.50000", "2007-05-31": "458.20000", "2006-05-31": "569.30000", "2005-05-31": "265.00000"}, "Change In Accounts Receivable": {"2020-05-31": "37.90000", "2019-05-31": "-42.70000", "2018-05-31": "-122.70000", "2017-05-31": "", "2016-05-31": "", "2015-05-31": "", "2014-05-31": "", "2013-05-31": "", "2012-05-31": "", "2011-05-31": "-69.80000", "2010-05-31": "-121.10000", "2009-05-31": "81.80000", "2008-05-31": "-94.10000", "2007-05-31": "-24.20000", "2006-05-31": "8.90000", "2005-05-31": "-8.00000"}, "Change In Inventories": {"2020-05-31": "103.10000", "2019-05-31": "53.70000", "2018-05-31": "15.60000", "2017-05-31": "", "2016-05-31": "", "2015-05-31": "", "2014-05-31": "", "2013-05-31": "", "2012-05-31": "", "2011-05-31": "-240.00000", "2010-05-31": "-16.70000", "2009-05-31": "-28.10000", "2008-05-31": "-165.10000", "2007-05-31": "-116.00000", "2006-05-31": "-5.60000", "2005-05-31": "30.00000"}, "Change In Accounts Payable": {"2020-05-31": "392.50000", "2019-05-31": "162.40000", "2018-05-31": "575.30000", "2017-05-31": "", "2016-05-31": "", "2015-05-31": "", "2014-05-31": "", "2013-05-31": "", "2012-05-31": "", "2011-05-31": "109.00000", "2010-05-31": "69.60000", "2009-05-31": "-116.40000", "2008-05-31": "125.10000", "2007-05-31": "87.80000", "2006-05-31": "-27.50000", "2005-05-31": "-35.00000"}, "Change In Assets/Liabilities": {"2020-05-31": "260.40000", "2019-05-31": "-180.90000", "2018-05-31": "73.90000", "2017-05-31": "-194.20000", "2016-05-31": "298.50000", "2015-05-31": "214.70000", "2014-05-31": "-32.20000", "2013-05-31": "471.10000", "2012-05-31": "243.80000", "2011-05-31": "-520.10000", "2010-05-31": "211.60000", "2009-05-31": "239.60000", "2008-05-31": "7.40000", "2007-05-31": "201.50000", "2006-05-31": "208.10000", "2005-05-31": "264.00000"}, "Total Change In Assets/Liabilities": {"2020-05-31": "793.90000", "2019-05-31": "-7.50000", "2018-05-31": "542.10000", "2017-05-31": "-194.20000", "2016-05-31": "298.50000", "2015-05-31": "214.70000", "2014-05-31": "-32.20000", "2013-05-31": "471.10000", "2012-05-31": "243.80000", "2011-05-31": "-720.90000", "2010-05-31": "143.40000", "2009-05-31": "176.90000", "2008-05-31": "-126.70000", "2007-05-31": "149.10000", "2006-05-31": "183.90000", "2005-05-31": "251.00000"}, "Cash Flow From Operating Activities": {"2020-05-31": "3676.20000", "2019-05-31": "2807.00000", "2018-05-31": "2841.00000", "2017-05-31": "2415.20000", "2016-05-31": "2764.20000", "2015-05-31": "2542.80000", "2014-05-31": "2541.00000", "2013-05-31": "2926.00000", "2012-05-31": "2407.20000", "2011-05-31": "1531.10000", "2010-05-31": "2181.20000", "2009-05-31": "1828.20000", "2008-05-31": "1729.90000", "2007-05-31": "1751.20000", "2006-05-31": "1843.50000", "2005-05-31": "1794.00000"}, "Net Change In Property, Plant, And Equipment": {"2020-05-31": "-459.10000", "2019-05-31": "-523.30000", "2018-05-31": "-621.30000", "2017-05-31": "-680.20000", "2016-05-31": "-724.90000", "2015-05-31": "-701.40000", "2014-05-31": "-656.90000", "2013-05-31": "-589.70000", "2012-05-31": "-673.70000", "2011-05-31": "-644.70000", "2010-05-31": "-642.50000", "2009-05-31": "-558.50000", "2008-05-31": "-496.10000", "2007-05-31": "-446.40000", "2006-05-31": "-348.70000", "2005-05-31": "-410.00000"}, "Net Change In Intangible Assets": {"2020-05-31": "", "2019-05-31": "", "2018-05-31": "", "2017-05-31": "", "2016-05-31": "", "2015-05-31": "", "2014-05-31": "", "2013-05-31": "", "2012-05-31": "", "2011-05-31": "", "2010-05-31": "", "2009-05-31": "", "2008-05-31": "", "2007-05-31": "", "2006-05-31": "", "2005-05-31": ""}, "Net Acquisitions/Divestitures": {"2020-05-31": "", "2019-05-31": "26.40000", "2018-05-31": "-8035.80000", "2017-05-31": "17.50000", "2016-05-31": "744.50000", "2015-05-31": "-822.30000", "2014-05-31": "121.60000", "2013-05-31": "-898.00000", "2012-05-31": "-1050.10000", "2011-05-31": "-88.90000", "2010-05-31": "", "2009-05-31": "244.70000", "2008-05-31": "0.60000", "2007-05-31": "-69.90000", "2006-05-31": "-26.50000", "2005-05-31": "799.00000"}, "Net Change In Short-term Investments": {"2020-05-31": "", "2019-05-31": "", "2018-05-31": "", "2017-05-31": "", "2016-05-31": "", "2015-05-31": "", "2014-05-31": "", "2013-05-31": "", "2012-05-31": "", "2011-05-31": "", "2010-05-31": "", "2009-05-31": "", "2008-05-31": "", "2007-05-31": "", "2006-05-31": "", "2005-05-31": ""}, "Net Change In Long-Term Investments": {"2020-05-31": "-48.00000", "2019-05-31": "0.10000", "2018-05-31": "-17.30000", "2017-05-31": "3.30000", "2016-05-31": "63.90000", "2015-05-31": "", "2014-05-31": "-54.90000", "2013-05-31": "-40.40000", "2012-05-31": "-22.20000", "2011-05-31": "-1.80000", "2010-05-31": "-130.70000", "2009-05-31": "5.90000", "2008-05-31": "64.60000", "2007-05-31": "-100.50000", "2006-05-31": "0.30000", "2005-05-31": "1.00000"}, "Net Change In Investments - Total": {"2020-05-31": "-48.00000", "2019-05-31": "0.10000", "2018-05-31": "-17.30000", "2017-05-31": "3.30000", "2016-05-31": "63.90000", "2015-05-31": "", "2014-05-31": "-54.90000", "2013-05-31": "-40.40000", "2012-05-31": "-22.20000", "2011-05-31": "-1.80000", "2010-05-31": "-130.70000", "2009-05-31": "5.90000", "2008-05-31": "64.60000", "2007-05-31": "-100.50000", "2006-05-31": "0.30000", "2005-05-31": "1.00000"}, "Investing Activities - Other": {"2020-05-31": "20.90000", "2019-05-31": "-59.70000", "2018-05-31": "-11.00000", "2017-05-31": "12.50000", "2016-05-31": "9.90000", "2015-05-31": "-78.50000", "2014-05-31": "28.40000", "2013-05-31": "12.70000", "2012-05-31": "-124.80000", "2011-05-31": "20.30000", "2010-05-31": "52.00000", "2009-05-31": "19.00000", "2008-05-31": "-11.50000", "2007-05-31": "19.70000", "2006-05-31": "4.90000", "2005-05-31": "23.00000"}, "Cash Flow From Investing Activities": {"2020-05-31": "-486.20000", "2019-05-31": "-556.50000", "2018-05-31": "-8685.40000", "2017-05-31": "-646.90000", "2016-05-31": "93.40000", "2015-05-31": "-1602.20000", "2014-05-31": "-561.80000", "2013-05-31": "-1515.40000", "2012-05-31": "-1870.80000", "2011-05-31": "-715.10000", "2010-05-31": "-721.20000", "2009-05-31": "-288.90000", "2008-05-31": "-442.40000", "2007-05-31": "-597.10000", "2006-05-31": "-370.00000", "2005-05-31": "413.00000"}, "Net Long-Term Debt": {"2020-05-31": "241.40000", "2019-05-31": "-1154.70000", "2018-05-31": "5949.90000", "2017-05-31": "72.10000", "2016-05-31": "-457.90000", "2015-05-31": "1107.40000", "2014-05-31": "228.20000", "2013-05-31": "458.80000", "2012-05-31": "-59.60000", "2011-05-31": "1192.60000", "2010-05-31": "-906.90000", "2009-05-31": "1479.70000", "2008-05-31": "-173.40000", "2007-05-31": "326.80000", "2006-05-31": "-1386.00000", "2005-05-31": "-1113.00000"}, "Net Current Debt": {"2020-05-31": "-1158.60000", "2019-05-31": "-66.30000", "2018-05-31": "327.50000", "2017-05-31": "962.40000", "2016-05-31": "-323.80000", "2015-05-31": "-509.80000", "2014-05-31": "572.90000", "2013-05-31": "-44.50000", "2012-05-31": "227.90000", "2011-05-31": "-742.60000", "2010-05-31": "235.80000", "2009-05-31": "-1390.50000", "2008-05-31": "1696.60000", "2007-05-31": "-280.40000", "2006-05-31": "1197.40000", "2005-05-31": "-1057.00000"}, "Debt Issuance/Retirement Net - Total": {"2020-05-31": "-917.20000", "2019-05-31": "-1221.00000", "2018-05-31": "6277.40000", "2017-05-31": "1034.50000", "2016-05-31": "-781.70000", "2015-05-31": "597.59990", "2014-05-31": "801.10000", "2013-05-31": "414.30000", "2012-05-31": "168.30000", "2011-05-31": "450.00000", "2010-05-31": "-671.10000", "2009-05-31": "89.20000", "2008-05-31": "1523.20000", "2007-05-31": "46.40010", "2006-05-31": "-188.60000", "2005-05-31": "-2170.00000"}, "Net Common Equity Issued/Repurchased": {"2020-05-31": "260.00000", "2019-05-31": "240.30000", "2018-05-31": "467.60000", "2017-05-31": "-1538.90000", "2016-05-31": "-434.80000", "2015-05-31": "-998.20000", "2014-05-31": "-1637.20000", "2013-05-31": "-744.10000", "2012-05-31": "-79.50000", "2011-05-31": "-753.10000", "2010-05-31": "-303.00000", "2009-05-31": "-991.20000", "2008-05-31": "-1241.00000", "2007-05-31": "-1003.30000", "2006-05-31": "-727.70000", "2005-05-31": "-576.00000"}, "Net Total Equity Issued/Repurchased": {"2020-05-31": "260.00000", "2019-05-31": "240.30000", "2018-05-31": "467.60000", "2017-05-31": "-1538.90000", "2016-05-31": "-434.80000", "2015-05-31": "-998.20000", "2014-05-31": "-1637.20000", "2013-05-31": "-744.10000", "2012-05-31": "-79.50000", "2011-05-31": "-753.10000", "2010-05-31": "-303.00000", "2009-05-31": "-991.20000", "2008-05-31": "-1391.00000", "2007-05-31": "-1003.30000", "2006-05-31": "-727.70000", "2005-05-31": "-576.00000"}, "Total Common And Preferred Stock Dividends Paid": {"2020-05-31": "-1195.80000", "2019-05-31": "-1181.70000", "2018-05-31": "-1139.70000", "2017-05-31": "-1135.10000", "2016-05-31": "-1071.70000", "2015-05-31": "-1017.70000", "2014-05-31": "-983.30000", "2013-05-31": "-867.60000", "2012-05-31": "-800.10000", "2011-05-31": "-729.40000", "2010-05-31": "-643.70000", "2009-05-31": "-579.50000", "2008-05-31": "-529.70000", "2007-05-31": "-505.20000", "2006-05-31": "-484.90000", "2005-05-31": "-461.00000"}, "Financial Activities - Other": {"2020-05-31": "-88.50000", "2019-05-31": "-14.00000", "2018-05-31": "-159.80000", "2017-05-31": "-107.90000", "2016-05-31": "-131.80000", "2015-05-31": "33.50000", "2014-05-31": "-4.70000", "2013-05-31": "57.20000", "2012-05-31": "44.70000", "2011-05-31": "91.60000", "2010-05-31": "114.00000", "2009-05-31": "77.00000", "2008-05-31": "-695.50000", "2007-05-31": "64.00000", "2006-05-31": "-3.10000", "2005-05-31": "822.00000"}, "Cash Flow From Financial Activities": {"2020-05-31": "-1941.50000", "2019-05-31": "-2176.40000", "2018-05-31": "5445.50000", "2017-05-31": "-1747.40000", "2016-05-31": "-2420.00000", "2015-05-31": "-1384.80000", "2014-05-31": "-1824.10000", "2013-05-31": "-1140.20000", "2012-05-31": "-666.60000", "2011-05-31": "-940.90000", "2010-05-31": "-1503.80000", "2009-05-31": "-1404.50000", "2008-05-31": "-1093.00000", "2007-05-31": "-1398.10000", "2006-05-31": "-1404.30000", "2005-05-31": "-2385.00000"}, "Net Cash Flow": {"2020-05-31": "1227.80000", "2019-05-31": "51.00000", "2018-05-31": "-367.10000", "2017-05-31": "2.40000", "2016-05-31": "429.50000", "2015-05-31": "-533.10000", "2014-05-31": "125.90000", "2013-05-31": "270.20000", "2012-05-31": "-148.40000", "2011-05-31": "-53.60000", "2010-05-31": "-76.60000", "2009-05-31": "88.80000", "2008-05-31": "243.90000", "2007-05-31": "-230.30000", "2006-05-31": "74.10000", "2005-05-31": "-178.00000"}, "Stock-Based Compensation": {"2020-05-31": "94.90000", "2019-05-31": "84.90000", "2018-05-31": "77.00000", "2017-05-31": "95.70000", "2016-05-31": "89.80000", "2015-05-31": "106.40000", "2014-05-31": "108.50000", "2013-05-31": "100.40000", "2012-05-31": "108.30000", "2011-05-31": "105.30000", "2010-05-31": "107.30000", "2009-05-31": "117.70000", "2008-05-31": "133.20000", "2007-05-31": "127.10000", "2006-05-31": "44.60000", "2005-05-31": "38.00000"}, "Common Stock Dividends Paid": {"2020-05-31": "-1195.80000", "2019-05-31": "-1181.70000", "2018-05-31": "-1139.70000", "2017-05-31": "-1135.10000", "2016-05-31": "-1071.70000", "2015-05-31": "-1017.70000", "2014-05-31": "-983.30000", "2013-05-31": "-867.60000", "2012-05-31": "-800.10000", "2011-05-31": "-729.40000", "2010-05-31": "-643.70000", "2009-05-31": "-579.50000", "2008-05-31": "-529.70000", "2007-05-31": "-505.20000", "2006-05-31": "-484.90000", "2005-05-31": "-461.00000"}}, "cash flow statement, quarterly": {"Net Income/Loss": {"2020-11-30": 695.9, "2020-08-31": "646.40000", "2020-05-31": 627, "2020-02-29": 463.9, "2019-11-30": 591.4, "2019-08-31": "528.50000", "2019-05-31": 581.2, "2019-02-28": 457.9, "2018-11-30": 351.2, "2018-08-31": "395.90000", "2018-05-31": 358.1, "2018-02-28": 952.5, "2017-11-30": 443.8, "2017-08-31": "408.60000", "2017-05-31": 415.6, "2017-02-28": 370.2, "2016-11-30": 495.8, "2016-08-31": "419.50000", "2016-05-31": 390.4, "2016-02-29": 367.7, "2015-11-30": 543.6, "2015-08-31": "435.10000", "2015-05-31": 197.8, "2015-02-28": 353.8, "2014-11-30": 355.4, "2014-08-31": "352.40000", "2014-05-31": 415.4, "2014-02-28": 417, "2013-11-30": 560.8, "2013-08-31": "468.10000", "2013-05-31": 376.8, "2013-02-28": 412.6, "2012-11-30": 541, "2012-08-31": "562.10000", "2012-05-31": 334.8, "2012-02-29": 400.8, "2011-11-30": 449.2, "2011-08-31": "404.30000", "2011-05-31": 321.1, "2011-02-28": 393.5, "2010-11-30": 615.3, "2010-08-31": "473.60000", "2010-05-31": 212.7, "2010-02-28": 333.5, "2009-11-30": 566.8, "2009-08-31": "422.00000", "2009-05-31": 368.1, "2009-02-28": 288.9, "2008-11-30": 378.2, "2008-08-31": "278.50000", "2008-05-31": 208.6, "2008-02-29": 430.1, "2007-11-30": 390.5, "2007-08-31": "288.90000", "2007-05-31": 224.1, "2007-02-28": 267.5, "2006-11-30": 385.4, "2006-08-31": "266.90000", "2006-05-31": 222.3, "2006-02-28": 246, "2005-11-30": 370, "2005-08-31": "252.00000", "2005-05-31": 460, "2005-02-28": 780}, "Total Depreciation And Amortization - Cash Flow": {"2020-11-30": 149, "2020-08-31": "146.10000", "2020-05-31": 138.3, "2020-02-29": 148.7, "2019-11-30": 153.6, "2019-08-31": "154.10000", "2019-05-31": 155.5, "2019-02-28": 154.5, "2018-11-30": 154.9, "2018-08-31": "155.20000", "2018-05-31": 184.1, "2018-02-28": 143.9, "2017-11-30": 145.7, "2017-08-31": "145.10000", "2017-05-31": 155.3, "2017-02-28": 147.2, "2016-11-30": 148.6, "2016-08-31": "152.50000", "2016-05-31": 166.9, "2016-02-29": 148.7, "2015-11-30": 148.6, "2015-08-31": "143.90000", "2015-05-31": 144.6, "2015-02-28": 153.3, "2014-11-30": 140.1, "2014-08-31": "150.30000", "2014-05-31": 143.3, "2014-02-28": 144.5, "2013-11-30": 146.6, "2013-08-31": "151.00000", "2013-05-31": 155.7, "2013-02-28": 146.2, "2012-11-30": 146.9, "2012-08-31": "139.20000", "2012-05-31": 142.7, "2012-02-29": 135.5, "2011-11-30": 137.8, "2011-08-31": "125.50000", "2011-05-31": 118.1, "2011-02-28": 124.3, "2010-11-30": 118.9, "2010-08-31": "111.30000", "2010-05-31": 116.8, "2010-02-28": 112.4, "2009-11-30": 116.8, "2009-08-31": "111.10000", "2009-05-31": 120, "2009-02-28": 110, "2008-11-30": 112, "2008-08-31": "111.60000", "2008-05-31": 110.5, "2008-02-29": 113.1, "2007-11-30": 127.4, "2007-08-31": "108.20000", "2007-05-31": 104.8, "2007-02-28": 103.7, "2006-11-30": 104.9, "2006-08-31": "104.40000", "2006-05-31": 106.9, "2006-02-28": 106, "2005-11-30": 106, "2005-08-31": "105.00000", "2005-05-31": 113, "2005-02-28": 330}, "Other Non-Cash Items": {"2020-11-30": -11.7, "2020-08-31": "-51.10000", "2020-05-31": 48.5, "2020-02-29": 7, "2019-11-30": 47.2, "2019-08-31": "-25.90000", "2019-05-31": 86.7, "2019-02-28": 82.2, "2018-11-30": 197.8, "2018-08-31": "41.50000", "2018-05-31": 16.3, "2018-02-28": -560.5, "2017-11-30": 6.7, "2017-08-31": "54.60000", "2017-05-31": 10.7, "2017-02-28": 90.8, "2016-11-30": 76.8, "2016-08-31": "126.40000", "2016-05-31": 251.9, "2016-02-29": 41.1, "2015-11-30": -224.3, "2015-08-31": "52.10000", "2015-05-31": 242.1, "2015-02-28": -41.1, "2014-11-30": 241.5, "2014-08-31": "37.90000", "2014-05-31": 104.1, "2014-02-28": 1.1, "2013-11-30": 51.4, "2013-08-31": "-30.10000", "2013-05-31": 41.2, "2013-02-28": 68.9, "2012-11-30": -53.7, "2012-08-31": "-82.00000", "2012-05-31": 91, "2012-02-29": -124.5, "2011-11-30": 20.5, "2011-08-31": "45.80000", "2011-05-31": -47.7, "2011-02-28": 6.8, "2010-11-30": 18, "2010-08-31": "-1.20000", "2010-05-31": 74.5, "2010-02-28": -68.3, "2009-11-30": -1.3, "2009-08-31": "40.80000", "2009-05-31": 173.1, "2009-02-28": -40.9, "2008-11-30": -242.2, "2008-08-31": "-6.00000", "2008-05-31": 86.8, "2008-02-29": -8.8, "2007-11-30": -32, "2007-08-31": "33.30000", "2007-05-31": 102.6, "2007-02-28": -45.5, "2006-11-30": -29.4, "2006-08-31": "12.70000", "2006-05-31": 109.4, "2006-02-28": 27, "2005-11-30": -26, "2005-08-31": "35.00000", "2005-05-31": -226, "2005-02-28": 48}, "Total Non-Cash Items": {"2020-11-30": 137.3, "2020-08-31": "95.00000", "2020-05-31": 186.8001, "2020-02-29": 155.7, "2019-11-30": 200.8, "2019-08-31": "128.20000", "2019-05-31": 242.2, "2019-02-28": 236.7, "2018-11-30": 352.7, "2018-08-31": "196.70000", "2018-05-31": 200.4, "2018-02-28": -416.6, "2017-11-30": 152.4, "2017-08-31": "199.70000", "2017-05-31": 165.9999, "2017-02-28": 238, "2016-11-30": 225.4, "2016-08-31": "278.90000", "2016-05-31": 418.8, "2016-02-29": 189.8, "2015-11-30": -75.7, "2015-08-31": "196.00000", "2015-05-31": 386.7, "2015-02-28": 112.2, "2014-11-30": 381.6, "2014-08-31": "188.20000", "2014-05-31": 247.4, "2014-02-28": 145.6, "2013-11-30": 198, "2013-08-31": "120.90000", "2013-05-31": 196.9, "2013-02-28": 215.1, "2012-11-30": 93.2, "2012-08-31": "57.20000", "2012-05-31": 233.6999, "2012-02-29": 11, "2011-11-30": 158.3, "2011-08-31": "171.30000", "2011-05-31": 70.4001, "2011-02-28": 131.1, "2010-11-30": 136.9, "2010-08-31": "110.10000", "2010-05-31": 191.3, "2010-02-28": 44.1, "2009-11-30": 115.5, "2009-08-31": "151.90000", "2009-05-31": 293.1, "2009-02-28": 69.1, "2008-11-30": -130.2, "2008-08-31": "105.60000", "2008-05-31": 197.3, "2008-02-29": 104.3, "2007-11-30": 95.4, "2007-08-31": "141.50000", "2007-05-31": 207.4, "2007-02-28": 58.2, "2006-11-30": 75.5, "2006-08-31": "117.10000", "2006-05-31": 216.3, "2006-02-28": 133, "2005-11-30": 80, "2005-08-31": "140.00000", "2005-05-31": -113, "2005-02-28": 378}, "Change In Accounts Receivable": {"2020-11-30": 0, "2020-08-31": "", "2020-05-31": 37.9, "2020-02-29": 0, "2019-11-30": 0, "2019-08-31": "", "2019-05-31": -42.7, "2019-02-28": 0, "2018-11-30": 0, "2018-08-31": "", "2018-05-31": -97.2, "2018-02-28": -25.5, "2017-11-30": 0, "2017-08-31": "", "2017-05-31": 0, "2017-02-28": 0, "2016-11-30": 0, "2016-08-31": "", "2016-05-31": 0, "2016-02-29": 0, "2015-11-30": 0, "2015-08-31": "", "2015-05-31": 0, "2015-02-28": 0, "2014-11-30": 0, "2014-08-31": "", "2014-05-31": 0, "2014-02-28": 0, "2013-11-30": 0, "2013-08-31": "", "2013-05-31": 0, "2013-02-28": 0, "2012-11-30": 0, "2012-08-31": "", "2012-05-31": 0, "2012-02-29": 0, "2011-11-30": 156.9, "2011-08-31": "-156.90000", "2011-05-31": 40.5, "2011-02-28": -110.3, "2010-11-30": 121.1, "2010-08-31": "-121.10000", "2010-05-31": 123.8, "2010-02-28": -3.3, "2009-11-30": -60.6, "2009-08-31": "-181.00000", "2009-05-31": 212.2, "2009-02-28": 97.9, "2008-11-30": -124.7, "2008-08-31": "-103.60000", "2008-05-31": 71.2, "2008-02-29": 82.2, "2007-11-30": -138.2, "2007-08-31": "-109.30000", "2007-05-31": 105.1, "2007-02-28": 75.9, "2006-11-30": -98.9, "2006-08-31": "-106.30000", "2006-05-31": 70.9, "2006-02-28": 89, "2005-11-30": -72, "2005-08-31": "-79.00000", "2005-05-31": 21, "2005-02-28": -29}, "Change In Inventories": {"2020-11-30": 0, "2020-08-31": "", "2020-05-31": 103.1, "2020-02-29": 0, "2019-11-30": 0, "2019-08-31": "", "2019-05-31": 53.7, "2019-02-28": 0, "2018-11-30": 0, "2018-08-31": "", "2018-05-31": -41, "2018-02-28": 56.6, "2017-11-30": 0, "2017-08-31": "", "2017-05-31": 0, "2017-02-28": 0, "2016-11-30": 0, "2016-08-31": "", "2016-05-31": 0, "2016-02-29": 0, "2015-11-30": 0, "2015-08-31": "", "2015-05-31": 0, "2015-02-28": 0, "2014-11-30": 0, "2014-08-31": "", "2014-05-31": 0, "2014-02-28": 0, "2013-11-30": 0, "2013-08-31": "", "2013-05-31": 0, "2013-02-28": 0, "2012-11-30": 0, "2012-08-31": "", "2012-05-31": 0, "2012-02-29": 0, "2011-11-30": 135.3, "2011-08-31": "-135.30000", "2011-05-31": 64.6, "2011-02-28": -304.6, "2010-11-30": 316, "2010-08-31": "-316.00000", "2010-05-31": 119.6, "2010-02-28": 133.9, "2009-11-30": 27.2, "2009-08-31": "-297.40000", "2009-05-31": 33.4, "2009-02-28": 225.4, "2008-11-30": -39.7, "2008-08-31": "-247.20000", "2008-05-31": 277.8, "2008-02-29": -68.3, "2007-11-30": 4.2, "2007-08-31": "-378.80000", "2007-05-31": 59, "2007-02-28": 133.8, "2006-11-30": 64.4, "2006-08-31": "-373.20000", "2006-05-31": 123.4, "2006-02-28": 90, "2005-11-30": 59, "2005-08-31": "-278.00000", "2005-05-31": 67, "2005-02-28": -37}, "Change In Accounts Payable": {"2020-11-30": 0, "2020-08-31": "", "2020-05-31": 392.5, "2020-02-29": 0, "2019-11-30": 0, "2019-08-31": "", "2019-05-31": 162.4, "2019-02-28": 0, "2018-11-30": 0, "2018-08-31": "", "2018-05-31": 162.3, "2018-02-28": 413, "2017-11-30": 0, "2017-08-31": "", "2017-05-31": 0, "2017-02-28": 0, "2016-11-30": 0, "2016-08-31": "", "2016-05-31": 0, "2016-02-29": 0, "2015-11-30": 0, "2015-08-31": "", "2015-05-31": 0, "2015-02-28": 0, "2014-11-30": 0, "2014-08-31": "", "2014-05-31": 0, "2014-02-28": 0, "2013-11-30": 0, "2013-08-31": "", "2013-05-31": 0, "2013-02-28": 0, "2012-11-30": 0, "2012-08-31": "", "2012-05-31": 0, "2012-02-29": 0, "2011-11-30": -70.9, "2011-08-31": "70.90000", "2011-05-31": 104.9, "2011-02-28": 4.1, "2010-11-30": -76.1, "2010-08-31": "76.10000", "2010-05-31": 123.5, "2010-02-28": -20.7, "2009-11-30": -77.3, "2009-08-31": "44.10000", "2009-05-31": 21.2, "2009-02-28": -136.5, "2008-11-30": -13.9, "2008-08-31": "12.80000", "2008-05-31": 118.4, "2008-02-29": 2.4, "2007-11-30": -110.4, "2007-08-31": "114.70000", "2007-05-31": 143.7, "2007-02-28": -63.6, "2006-11-30": -132.9, "2006-08-31": "140.60000", "2006-05-31": 46.5, "2006-02-28": -18, "2005-11-30": -81, "2005-08-31": "25.00000", "2005-05-31": 144, "2005-02-28": -179}, "Change In Assets/Liabilities": {"2020-11-30": 10, "2020-08-31": "-157.80000", "2020-05-31": 169.1, "2020-02-29": 83.6, "2019-11-30": 92.3, "2019-08-31": "-84.60000", "2019-05-31": -217.4, "2019-02-28": -63.5, "2018-11-30": 85.2, "2018-08-31": "14.80000", "2018-05-31": 123.1, "2018-02-28": -411.5, "2017-11-30": 380.1, "2017-08-31": "-17.80000", "2017-05-31": 174.6, "2017-02-28": -27.9, "2016-11-30": -13.3, "2016-08-31": "-327.60000", "2016-05-31": 92.5, "2016-02-29": 149, "2015-11-30": 257.2, "2015-08-31": "-200.20000", "2015-05-31": 396.9, "2015-02-28": 232.2, "2014-11-30": -203.2, "2014-08-31": "-211.20000", "2014-05-31": 154, "2014-02-28": 152.7, "2013-11-30": -131, "2013-08-31": "-207.90000", "2013-05-31": 206.6, "2013-02-28": 200.9, "2012-11-30": 194.1, "2012-08-31": "-130.50000", "2012-05-31": 177.1, "2012-02-29": 93.3, "2011-11-30": -113.1, "2011-08-31": "86.50000", "2011-05-31": -318.5, "2011-02-28": 534.8, "2010-11-30": -691.3, "2010-08-31": "-45.10000", "2010-05-31": -147.9, "2010-02-28": 83.6, "2009-11-30": 140.4, "2009-08-31": "135.50000", "2009-05-31": -229.7, "2009-02-28": 221.3, "2008-11-30": 68.2, "2008-08-31": "179.80000", "2008-05-31": -57.3, "2008-02-29": -80.5, "2007-11-30": 181, "2007-08-31": "-35.80000", "2007-05-31": -34.4, "2007-02-28": 89.5, "2006-11-30": 134, "2006-08-31": "12.40000", "2006-05-31": -30.9, "2006-02-28": -110, "2005-11-30": 262, "2005-08-31": "87.00000", "2005-05-31": 189, "2005-02-28": 75}, "Total Change In Assets/Liabilities": {"2020-11-30": 10, "2020-08-31": "-157.80000", "2020-05-31": 702.6, "2020-02-29": 83.6, "2019-11-30": 92.3, "2019-08-31": "-84.60000", "2019-05-31": -44, "2019-02-28": -63.5, "2018-11-30": 85.2, "2018-08-31": "14.80000", "2018-05-31": 147.2, "2018-02-28": 32.6, "2017-11-30": 380.1, "2017-08-31": "-17.80000", "2017-05-31": 174.6, "2017-02-28": -27.9, "2016-11-30": -13.3, "2016-08-31": "-327.60000", "2016-05-31": 92.5, "2016-02-29": 149, "2015-11-30": 257.2, "2015-08-31": "-200.20000", "2015-05-31": 396.9, "2015-02-28": 232.2, "2014-11-30": -203.2, "2014-08-31": "-211.20000", "2014-05-31": 154, "2014-02-28": 152.7, "2013-11-30": -131, "2013-08-31": "-207.90000", "2013-05-31": 206.6, "2013-02-28": 200.9, "2012-11-30": 194.1, "2012-08-31": "-130.50000", "2012-05-31": 177.1, "2012-02-29": 93.3, "2011-11-30": 108.2, "2011-08-31": "-134.80000", "2011-05-31": -108.5, "2011-02-28": 124, "2010-11-30": -330.3, "2010-08-31": "-406.10000", "2010-05-31": 219, "2010-02-28": 193.5, "2009-11-30": 29.7, "2009-08-31": "-298.80000", "2009-05-31": 37.1, "2009-02-28": 408.1, "2008-11-30": -110.1, "2008-08-31": "-158.20000", "2008-05-31": 410.1, "2008-02-29": -64.2, "2007-11-30": -63.4, "2007-08-31": "-409.20000", "2007-05-31": 273.4, "2007-02-28": 235.6, "2006-11-30": -33.4, "2006-08-31": "-326.50000", "2006-05-31": 209.9, "2006-02-28": 51, "2005-11-30": 168, "2005-08-31": "-245.00000", "2005-05-31": 421, "2005-02-28": -170}, "Cash Flow From Operating Activities": {"2020-11-30": 843.2, "2020-08-31": "583.60000", "2020-05-31": 1516.4, "2020-02-29": 703.2, "2019-11-30": 884.5, "2019-08-31": "572.10000", "2019-05-31": 779.4, "2019-02-28": 631.1, "2018-11-30": 789.1, "2018-08-31": "607.40000", "2018-05-31": 705.7, "2018-02-28": 568.5, "2017-11-30": 976.3, "2017-08-31": "590.50000", "2017-05-31": 756.2, "2017-02-28": 580.3, "2016-11-30": 707.9, "2016-08-31": "370.80000", "2016-05-31": 901.7, "2016-02-29": 706.5, "2015-11-30": 725.1, "2015-08-31": "430.90000", "2015-05-31": 981.4, "2015-02-28": 698.2, "2014-11-30": 533.8, "2014-08-31": "329.40000", "2014-05-31": 816.8, "2014-02-28": 715.3, "2013-11-30": 627.8, "2013-08-31": "381.10000", "2013-05-31": 780.3, "2013-02-28": 828.6, "2012-11-30": 828.3, "2012-08-31": "488.80000", "2012-05-31": 745.6, "2012-02-29": 505.1, "2011-11-30": 715.7, "2011-08-31": "440.80000", "2011-05-31": 283, "2011-02-28": 648.6, "2010-11-30": 421.9, "2010-08-31": "177.60000", "2010-05-31": 623, "2010-02-28": 571.1, "2009-11-30": 712, "2009-08-31": "275.10000", "2009-05-31": 698.3, "2009-02-28": 766.1, "2008-11-30": 137.9, "2008-08-31": "225.90000", "2008-05-31": 816, "2008-02-29": 470.2, "2007-11-30": 422.5, "2007-08-31": "21.20000", "2007-05-31": 600.2, "2007-02-28": 585.8, "2006-11-30": 454.6, "2006-08-31": "110.60000", "2006-05-31": 615.5, "2006-02-28": 441, "2005-11-30": 629, "2005-08-31": "158.00000", "2005-05-31": 806, "2005-02-28": 988}, "Net Change In Property, Plant, And Equipment": {"2020-11-30": -109.1, "2020-08-31": "-116.70000", "2020-05-31": -190.6, "2020-02-29": -110.6, "2019-11-30": -88.4, "2019-08-31": "-69.50000", "2019-05-31": -166.3, "2019-02-28": -114.5, "2018-11-30": -129.9, "2018-08-31": "-112.60000", "2018-05-31": -224.3, "2018-02-28": -137.6, "2017-11-30": -143.5, "2017-08-31": "-115.90000", "2017-05-31": -206.2, "2017-02-28": -156.1, "2016-11-30": -164.8, "2016-08-31": "-153.10000", "2016-05-31": -251.8, "2016-02-29": -180.8, "2015-11-30": -145.5, "2015-08-31": "-146.80000", "2015-05-31": -211.8, "2015-02-28": -173.1, "2014-11-30": -168.2, "2014-08-31": "-148.30000", "2014-05-31": -245.7, "2014-02-28": -143.4, "2013-11-30": -147, "2013-08-31": "-120.80000", "2013-05-31": -199.8, "2013-02-28": -129.3, "2012-11-30": -120.3, "2012-08-31": "-140.30000", "2012-05-31": -251.2, "2012-02-29": -159, "2011-11-30": -131, "2011-08-31": "-132.50000", "2011-05-31": -224.8, "2011-02-28": -142.8, "2010-11-30": -146.3, "2010-08-31": "-130.80000", "2010-05-31": -230.7, "2010-02-28": -160.9, "2009-11-30": -130.3, "2009-08-31": "-120.60000", "2009-05-31": -209.4, "2009-02-28": -108.2, "2008-11-30": -112.5, "2008-08-31": "-128.40000", "2008-05-31": -208.6, "2008-02-29": -101.1, "2007-11-30": -129.7, "2007-08-31": "-56.70000", "2007-05-31": -211.6, "2007-02-28": -96.8, "2006-11-30": -87, "2006-08-31": "-51.00000", "2006-05-31": -161.7, "2006-02-28": -76, "2005-11-30": -69, "2005-08-31": "-42.00000", "2005-05-31": -189, "2005-02-28": -221}, "Net Change In Intangible Assets": {"2020-11-30": 0, "2020-08-31": "", "2020-05-31": 0, "2020-02-29": 0, "2019-11-30": 0, "2019-08-31": "", "2019-05-31": 0, "2019-02-28": 0, "2018-11-30": 0, "2018-08-31": "", "2018-05-31": 0, "2018-02-28": 0, "2017-11-30": 0, "2017-08-31": "", "2017-05-31": 0, "2017-02-28": 0, "2016-11-30": 0, "2016-08-31": "", "2016-05-31": 0, "2016-02-29": 0, "2015-11-30": 0, "2015-08-31": "", "2015-05-31": 0, "2015-02-28": 0, "2014-11-30": 0, "2014-08-31": "", "2014-05-31": 0, "2014-02-28": 0, "2013-11-30": 0, "2013-08-31": "", "2013-05-31": 0, "2013-02-28": 0, "2012-11-30": 0, "2012-08-31": "", "2012-05-31": 0, "2012-02-29": 0, "2011-11-30": 0, "2011-08-31": "", "2011-05-31": 0, "2011-02-28": 0, "2010-11-30": 0, "2010-08-31": "", "2010-05-31": 0, "2010-02-28": 0, "2009-11-30": 0, "2009-08-31": "", "2009-05-31": 0, "2009-02-28": 0, "2008-11-30": 0, "2008-08-31": "", "2008-05-31": 0, "2008-02-29": 0, "2007-11-30": 0, "2007-08-31": "", "2007-05-31": 0, "2007-02-28": 0, "2006-11-30": 0, "2006-08-31": "", "2006-05-31": 0, "2006-02-28": 0, "2005-11-30": 0, "2005-08-31": "", "2005-05-31": 0, "2005-02-28": 0}, "Net Acquisitions/Divestitures": {"2020-11-30": 0, "2020-08-31": "", "2020-05-31": 0, "2020-02-29": 0, "2019-11-30": 0, "2019-08-31": "", "2019-05-31": 26.2, "2019-02-28": 0.2, "2018-11-30": 0, "2018-08-31": "", "2018-05-31": -8035.8, "2018-02-28": 0, "2017-11-30": 0, "2017-08-31": "", "2017-05-31": 0, "2017-02-28": 0, "2016-11-30": 17.5, "2016-08-31": "", "2016-05-31": 2.7, "2016-02-29": -80.9, "2015-11-30": 822.7, "2015-08-31": "", "2015-05-31": 0, "2015-02-28": 0, "2014-11-30": -809.4, "2014-08-31": "-12.90000", "2014-05-31": 121.6, "2014-02-28": 0, "2013-11-30": 0, "2013-08-31": "", "2013-05-31": 2.8, "2013-02-28": -49, "2012-11-30": -820, "2012-08-31": "-31.80000", "2012-05-31": -150, "2012-02-29": 0, "2011-11-30": 0, "2011-08-31": "-900.10000", "2011-05-31": -29, "2011-02-28": -59.9, "2010-11-30": 0, "2010-08-31": "", "2010-05-31": 0, "2010-02-28": 0, "2009-11-30": 0, "2009-08-31": "", "2009-05-31": 52.2, "2009-02-28": 0, "2008-11-30": 192.5, "2008-08-31": "", "2008-05-31": -0.8, "2008-02-29": -10.8, "2007-11-30": 10.9, "2007-08-31": "1.30000", "2007-05-31": -0.5, "2007-02-28": -23.1, "2006-11-30": 11.4, "2006-08-31": "-57.70000", "2006-05-31": -16.5, "2006-02-28": -10, "2005-11-30": 1, "2005-08-31": "-1.00000", "2005-05-31": 810, "2005-02-28": -11}, "Net Change In Short-term Investments": {"2020-11-30": 0, "2020-08-31": "", "2020-05-31": 0, "2020-02-29": 0, "2019-11-30": 0, "2019-08-31": "", "2019-05-31": 0, "2019-02-28": 0, "2018-11-30": 0, "2018-08-31": "", "2018-05-31": 0, "2018-02-28": 0, "2017-11-30": 0, "2017-08-31": "", "2017-05-31": 0, "2017-02-28": 0, "2016-11-30": 0, "2016-08-31": "", "2016-05-31": 0, "2016-02-29": 0, "2015-11-30": 0, "2015-08-31": "", "2015-05-31": 0, "2015-02-28": 0, "2014-11-30": 0, "2014-08-31": "", "2014-05-31": 0, "2014-02-28": 0, "2013-11-30": 0, "2013-08-31": "", "2013-05-31": 0, "2013-02-28": 0, "2012-11-30": 0, "2012-08-31": "", "2012-05-31": 0, "2012-02-29": 0, "2011-11-30": 0, "2011-08-31": "", "2011-05-31": 0, "2011-02-28": 0, "2010-11-30": 0, "2010-08-31": "", "2010-05-31": 0, "2010-02-28": 0, "2009-11-30": 0, "2009-08-31": "", "2009-05-31": 0, "2009-02-28": 0, "2008-11-30": 0, "2008-08-31": "", "2008-05-31": 0, "2008-02-29": 0, "2007-11-30": 0, "2007-08-31": "", "2007-05-31": 0, "2007-02-28": 0, "2006-11-30": 0, "2006-08-31": "", "2006-05-31": 0, "2006-02-28": 0, "2005-11-30": 0, "2005-08-31": "", "2005-05-31": 0, "2005-02-28": 0}, "Net Change In Long-Term Investments": {"2020-11-30": 18.8, "2020-08-31": "-0.70000", "2020-05-31": -48, "2020-02-29": 14.3, "2019-11-30": -1.8, "2019-08-31": "-12.50000", "2019-05-31": 0.1, "2019-02-28": 1.5, "2018-11-30": -1.6, "2018-08-31": "0.10000", "2018-05-31": -2.1, "2018-02-28": -7.8, "2017-11-30": -0.8, "2017-08-31": "-6.60000", "2017-05-31": -1.5, "2017-02-28": 12.5, "2016-11-30": -15.8, "2016-08-31": "8.10000", "2016-05-31": 0.2, "2016-02-29": 52, "2015-11-30": 10.7, "2015-08-31": "1.00000", "2015-05-31": 92.1, "2015-02-28": -59.8, "2014-11-30": 0.9, "2014-08-31": "-33.20000", "2014-05-31": -8.9, "2014-02-28": 0.9, "2013-11-30": -57.9, "2013-08-31": "11.00000", "2013-05-31": -37.2, "2013-02-28": 0.5, "2012-11-30": -11.2, "2012-08-31": "7.50000", "2012-05-31": -0.1, "2012-02-29": 0, "2011-11-30": -22.1, "2011-08-31": "", "2011-05-31": 0, "2011-02-28": 0.1, "2010-11-30": -1.9, "2010-08-31": "", "2010-05-31": -8.9, "2010-02-28": -121.8, "2009-11-30": -0.8, "2009-08-31": "0.80000", "2009-05-31": 12.7, "2009-02-28": -16.7, "2008-11-30": 5.8, "2008-08-31": "4.10000", "2008-05-31": 59.3, "2008-02-29": 0.5, "2007-11-30": 7.1, "2007-08-31": "-2.30000", "2007-05-31": 7.3, "2007-02-28": 3.7, "2006-11-30": 15.2, "2006-08-31": "-126.70000", "2006-05-31": -3.7, "2006-02-28": -1, "2005-11-30": 10, "2005-08-31": "-5.00000", "2005-05-31": -56, "2005-02-28": 57}, "Net Change In Investments - Total": {"2020-11-30": 18.8, "2020-08-31": "-0.70000", "2020-05-31": -48, "2020-02-29": 14.3, "2019-11-30": -1.8, "2019-08-31": "-12.50000", "2019-05-31": 0.1, "2019-02-28": 1.5, "2018-11-30": -1.6, "2018-08-31": "0.10000", "2018-05-31": -2.1, "2018-02-28": -7.8, "2017-11-30": -0.8, "2017-08-31": "-6.60000", "2017-05-31": -1.5, "2017-02-28": 12.5, "2016-11-30": -15.8, "2016-08-31": "8.10000", "2016-05-31": 0.2, "2016-02-29": 52, "2015-11-30": 10.7, "2015-08-31": "1.00000", "2015-05-31": 92.1, "2015-02-28": -59.8, "2014-11-30": 0.9, "2014-08-31": "-33.20000", "2014-05-31": -8.9, "2014-02-28": 0.9, "2013-11-30": -57.9, "2013-08-31": "11.00000", "2013-05-31": -37.2, "2013-02-28": 0.5, "2012-11-30": -11.2, "2012-08-31": "7.50000", "2012-05-31": -0.1, "2012-02-29": 0, "2011-11-30": -22.1, "2011-08-31": "", "2011-05-31": 0, "2011-02-28": 0.1, "2010-11-30": -1.9, "2010-08-31": "", "2010-05-31": -8.9, "2010-02-28": -121.8, "2009-11-30": -0.8, "2009-08-31": "0.80000", "2009-05-31": 12.7, "2009-02-28": -16.7, "2008-11-30": 5.8, "2008-08-31": "4.10000", "2008-05-31": 59.3, "2008-02-29": 0.5, "2007-11-30": 7.1, "2007-08-31": "-2.30000", "2007-05-31": 7.3, "2007-02-28": 3.7, "2006-11-30": 15.2, "2006-08-31": "-126.70000", "2006-05-31": -3.7, "2006-02-28": -1, "2005-11-30": 10, "2005-08-31": "-5.00000", "2005-05-31": -56, "2005-02-28": 57}, "Investing Activities - Other": {"2020-11-30": 2, "2020-08-31": "-5.60000", "2020-05-31": 57, "2020-02-29": -45.6, "2019-11-30": 11.2, "2019-08-31": "-1.70000", "2019-05-31": -8.8, "2019-02-28": 0.5, "2018-11-30": -24.3, "2018-08-31": "-27.10000", "2018-05-31": 1.7, "2018-02-28": -8.8, "2017-11-30": -3.6, "2017-08-31": "-0.30000", "2017-05-31": -15.2, "2017-02-28": -0.4, "2016-11-30": 10.4, "2016-08-31": "17.70000", "2016-05-31": 7.2, "2016-02-29": 21.8, "2015-11-30": -25.8, "2015-08-31": "6.70000", "2015-05-31": -74.2, "2015-02-28": -4.2, "2014-11-30": 2.7, "2014-08-31": "-2.80000", "2014-05-31": 1.5, "2014-02-28": 29.6, "2013-11-30": 0.7, "2013-08-31": "-3.40000", "2013-05-31": 0, "2013-02-28": -0.2, "2012-11-30": 1.9, "2012-08-31": "11.00000", "2012-05-31": 0.2, "2012-02-29": 0, "2011-11-30": 0.1, "2011-08-31": "-125.10000", "2011-05-31": 5.6, "2011-02-28": 2.1, "2010-11-30": 2, "2010-08-31": "10.60000", "2010-05-31": 3.1, "2010-02-28": 13.1, "2009-11-30": 33.1, "2009-08-31": "2.70000", "2009-05-31": 11.9, "2009-02-28": 27.2, "2008-11-30": -19.4, "2008-08-31": "-0.70000", "2008-05-31": 1.7, "2008-02-29": -13.2, "2007-11-30": -6.6, "2007-08-31": "6.60000", "2007-05-31": 22.6, "2007-02-28": 8.8, "2006-11-30": -7, "2006-08-31": "-4.70000", "2006-05-31": 32.9, "2006-02-28": 1, "2005-11-30": -16, "2005-08-31": "-13.00000", "2005-05-31": 22, "2005-02-28": 1}, "Cash Flow From Investing Activities": {"2020-11-30": -88.3, "2020-08-31": "-123.00000", "2020-05-31": -181.6, "2020-02-29": -141.9, "2019-11-30": -79, "2019-08-31": "-83.70000", "2019-05-31": -148.8, "2019-02-28": -112.3, "2018-11-30": -155.8, "2018-08-31": "-139.60000", "2018-05-31": -8260.5, "2018-02-28": -154.2, "2017-11-30": -147.9, "2017-08-31": "-122.80000", "2017-05-31": -222.9, "2017-02-28": -144, "2016-11-30": -152.7, "2016-08-31": "-127.30000", "2016-05-31": -241.7, "2016-02-29": -187.9, "2015-11-30": 662.1, "2015-08-31": "-139.10000", "2015-05-31": -193.9, "2015-02-28": -237.1, "2014-11-30": -974, "2014-08-31": "-197.20000", "2014-05-31": -131.5, "2014-02-28": -112.9, "2013-11-30": -204.2, "2013-08-31": "-113.20000", "2013-05-31": -234.2, "2013-02-28": -178, "2012-11-30": -949.6, "2012-08-31": "-153.60000", "2012-05-31": -401.1, "2012-02-29": -159, "2011-11-30": -153, "2011-08-31": "-1157.70000", "2011-05-31": -248.2, "2011-02-28": -200.5, "2010-11-30": -146.2, "2010-08-31": "-120.20000", "2010-05-31": -236.5, "2010-02-28": -269.6, "2009-11-30": -98, "2009-08-31": "-117.10000", "2009-05-31": -132.6, "2009-02-28": -97.7, "2008-11-30": 66.4, "2008-08-31": "-125.00000", "2008-05-31": -148.4, "2008-02-29": -124.6, "2007-11-30": -118.3, "2007-08-31": "-51.10000", "2007-05-31": -182.2, "2007-02-28": -107.4, "2006-11-30": -67.4, "2006-08-31": "-240.10000", "2006-05-31": -149, "2006-02-28": -86, "2005-11-30": -74, "2005-08-31": "-61.00000", "2005-05-31": 587, "2005-02-28": -174}, "Net Long-Term Debt": {"2020-11-30": 376.2, "2020-08-31": "40.10000", "2020-05-31": 770.1, "2020-02-29": -19.4, "2019-11-30": -509.2, "2019-08-31": "-0.10000", "2019-05-31": -1.3, "2019-02-28": -1153, "2018-11-30": -0.2, "2018-08-31": "-0.20000", "2018-05-31": 6049.9, "2018-02-28": -99.9, "2017-11-30": -0.1, "2017-08-31": "", "2017-05-31": 325.1, "2017-02-28": -252.9, "2016-11-30": -0.1, "2016-08-31": "", "2016-05-31": -0.5, "2016-02-29": -457.1, "2015-11-30": -0.1, "2015-08-31": "-0.20000", "2015-05-31": 228.4, "2015-02-28": -2.2, "2014-11-30": 1003.3, "2014-08-31": "-122.10000", "2014-05-31": -700.3, "2014-02-28": 725.8, "2013-11-30": 922.6, "2013-08-31": "-719.90000", "2013-05-31": 0.7, "2013-02-28": 979.7, "2012-11-30": -521.2, "2012-08-31": "-0.40000", "2012-05-31": -10.7999, "2012-02-29": -39.7001, "2011-11-30": -2.5, "2011-08-31": "-6.60000", "2011-05-31": 698.1, "2011-02-28": -1.9, "2010-11-30": -1.8, "2010-08-31": "498.20000", "2010-05-31": -401.9, "2010-02-28": -501.8, "2009-11-30": -1.1, "2009-08-31": "-2.10000", "2009-05-31": -12.2, "2009-02-28": 1051, "2008-11-30": -27.5, "2008-08-31": "468.40000", "2008-05-31": -393.4, "2008-02-29": -474.3, "2007-11-30": 694.3, "2007-08-31": "", "2007-05-31": 875.8, "2007-02-28": 32.9, "2006-11-30": -515.2, "2006-08-31": "-66.70000", "2006-05-31": -42, "2006-02-28": -11, "2005-11-30": -1333, "2005-08-31": "", "2005-05-31": -829, "2005-02-28": -284}, "Net Current Debt": {"2020-11-30": -38.7, "2020-08-31": "-120.90000", "2020-05-31": -875.7, "2020-02-29": -163.2, "2019-11-30": 50.3, "2019-08-31": "-170.00000", "2019-05-31": -496.2, "2019-02-28": 912, "2018-11-30": -292.3, "2018-08-31": "-189.80000", "2018-05-31": 364.8, "2018-02-28": -90.4, "2017-11-30": -360.7, "2017-08-31": "413.80000", "2017-05-31": -718.9, "2017-02-28": 516.8, "2016-11-30": 744.9, "2016-08-31": "419.60000", "2016-05-31": -378.6, "2016-02-29": 348.5, "2015-11-30": -505.4, "2015-08-31": "211.70000", "2015-05-31": -1276.2, "2015-02-28": -155.9, "2014-11-30": 290.4, "2014-08-31": "631.90000", "2014-05-31": 566.1, "2014-02-28": -448.3, "2013-11-30": -530.8, "2013-08-31": "985.90000", "2013-05-31": -80.5, "2013-02-28": -1256.4, "2012-11-30": 136.5, "2012-08-31": "1155.90000", "2012-05-31": -157, "2012-02-29": -163.9, "2011-11-30": -163.8, "2011-08-31": "712.60000", "2011-05-31": -664.2, "2011-02-28": -196.2, "2010-11-30": -181.2, "2010-08-31": "299.00000", "2010-05-31": 469.9, "2010-02-28": 141.2, "2009-11-30": -476.7, "2009-08-31": "101.40000", "2009-05-31": -614.8, "2009-02-28": -1284.7, "2008-11-30": 612.2, "2008-08-31": "-103.20000", "2008-05-31": -224.8, "2008-02-29": 427.4, "2007-11-30": -803.2, "2007-08-31": "2297.20000", "2007-05-31": -935.9, "2007-02-28": -503.7, "2006-11-30": 439.7, "2006-08-31": "719.50000", "2006-05-31": -305.6, "2006-02-28": -277, "2005-11-30": 1209, "2005-08-31": "571.00000", "2005-05-31": -484, "2005-02-28": -573}, "Debt Issuance/Retirement Net - Total": {"2020-11-30": 337.5, "2020-08-31": "-80.80000", "2020-05-31": -105.6, "2020-02-29": -182.6, "2019-11-30": -458.9, "2019-08-31": "-170.10000", "2019-05-31": -497.5, "2019-02-28": -241, "2018-11-30": -292.5, "2018-08-31": "-190.00000", "2018-05-31": 6414.7, "2018-02-28": -190.3, "2017-11-30": -360.8, "2017-08-31": "413.80000", "2017-05-31": -393.8, "2017-02-28": 263.9, "2016-11-30": 744.8, "2016-08-31": "419.60000", "2016-05-31": -379.1, "2016-02-29": -108.6, "2015-11-30": -505.5, "2015-08-31": "211.50000", "2015-05-31": -1047.8001, "2015-02-28": -158.1, "2014-11-30": 1293.7, "2014-08-31": "509.80000", "2014-05-31": -134.2, "2014-02-28": 277.5, "2013-11-30": 391.8, "2013-08-31": "266.00000", "2013-05-31": -79.8, "2013-02-28": -276.7, "2012-11-30": -384.7, "2012-08-31": "1155.50000", "2012-05-31": -167.7999, "2012-02-29": -203.6001, "2011-11-30": -166.3, "2011-08-31": "706.00000", "2011-05-31": 33.9, "2011-02-28": -198.1, "2010-11-30": -183, "2010-08-31": "797.20000", "2010-05-31": 68, "2010-02-28": -360.6, "2009-11-30": -477.8, "2009-08-31": "99.30000", "2009-05-31": -627, "2009-02-28": -233.7, "2008-11-30": 584.7, "2008-08-31": "365.20000", "2008-05-31": -618.2, "2008-02-29": -46.9, "2007-11-30": -108.9, "2007-08-31": "2297.20000", "2007-05-31": -60.0999, "2007-02-28": -470.7999, "2006-11-30": -75.5001, "2006-08-31": "652.80000", "2006-05-31": -347.6, "2006-02-28": -288, "2005-11-30": -124, "2005-08-31": "571.00000", "2005-05-31": -1313, "2005-02-28": -857}, "Net Common Equity Issued/Repurchased": {"2020-11-30": 1, "2020-08-31": "30.00000", "2020-05-31": 153.4, "2020-02-29": 38.1, "2019-11-30": 12.7, "2019-08-31": "55.80000", "2019-05-31": 100.3, "2019-02-28": 53, "2018-11-30": 13.8, "2018-08-31": "73.20000", "2018-05-31": 977.4, "2018-02-28": 40.1, "2017-11-30": 9.4, "2017-08-31": "-559.30000", "2017-05-31": 21.5, "2017-02-28": -287.5, "2016-11-30": -936.8, "2016-08-31": "-336.10000", "2016-05-31": 64, "2016-02-29": -14.3, "2015-11-30": -380.1, "2015-08-31": "-104.40000", "2015-05-31": 60.4, "2015-02-28": -125.7, "2014-11-30": -511.6, "2014-08-31": "-421.30000", "2014-05-31": -276.6, "2014-02-28": -524.2, "2013-11-30": -549.9, "2013-08-31": "-286.50000", "2013-05-31": -256.9, "2013-02-28": -160.7, "2012-11-30": -93, "2012-08-31": "-233.50000", "2012-05-31": 24.5, "2012-02-29": 7.6, "2011-11-30": -25.7, "2011-08-31": "-85.90000", "2011-05-31": 154.1, "2011-02-28": -128.7, "2010-11-30": -78.2, "2010-08-31": "-700.30000", "2010-05-31": -299.9, "2010-02-28": 43.2, "2009-11-30": 112.2, "2009-08-31": "-158.50000", "2009-05-31": -45.4, "2009-02-28": -6.5, "2008-11-30": -602.2, "2008-08-31": "-337.10000", "2008-05-31": 76.1, "2008-02-29": -85, "2007-11-30": 16, "2007-08-31": "-1248.10000", "2007-05-31": -325.2, "2007-02-28": 64.7, "2006-11-30": -107.9, "2006-08-31": "-634.90000", "2006-05-31": -6.7, "2006-02-28": -22, "2005-11-30": -190, "2005-08-31": "-509.00000", "2005-05-31": 11, "2005-02-28": -587}, "Net Total Equity Issued/Repurchased": {"2020-11-30": 1, "2020-08-31": "30.00000", "2020-05-31": 153.4, "2020-02-29": 38.1, "2019-11-30": 12.7, "2019-08-31": "55.80000", "2019-05-31": 100.3, "2019-02-28": 53, "2018-11-30": 13.8, "2018-08-31": "73.20000", "2018-05-31": 977.4, "2018-02-28": 40.1, "2017-11-30": 9.4, "2017-08-31": "-559.30000", "2017-05-31": 21.5, "2017-02-28": -287.5, "2016-11-30": -936.8, "2016-08-31": "-336.10000", "2016-05-31": 64, "2016-02-29": -14.3, "2015-11-30": -380.1, "2015-08-31": "-104.40000", "2015-05-31": 60.4, "2015-02-28": -125.7, "2014-11-30": -511.6, "2014-08-31": "-421.30000", "2014-05-31": -276.6, "2014-02-28": -524.2, "2013-11-30": -549.9, "2013-08-31": "-286.50000", "2013-05-31": -256.9, "2013-02-28": -160.7, "2012-11-30": -93, "2012-08-31": "-233.50000", "2012-05-31": 24.5, "2012-02-29": 7.6, "2011-11-30": -25.7, "2011-08-31": "-85.90000", "2011-05-31": 154.1, "2011-02-28": -128.7, "2010-11-30": -78.2, "2010-08-31": "-700.30000", "2010-05-31": -299.9, "2010-02-28": 43.2, "2009-11-30": 112.2, "2009-08-31": "-158.50000", "2009-05-31": -45.4, "2009-02-28": -6.5, "2008-11-30": -602.2, "2008-08-31": "-337.10000", "2008-05-31": 76.1, "2008-02-29": -85, "2007-11-30": 16, "2007-08-31": "-1398.10000", "2007-05-31": -325.2, "2007-02-28": 64.7, "2006-11-30": -107.9, "2006-08-31": "-634.90000", "2006-05-31": -6.7, "2006-02-28": -22, "2005-11-30": -190, "2005-08-31": "-509.00000", "2005-05-31": 11, "2005-02-28": -587}, "Total Common And Preferred Stock Dividends Paid": {"2020-11-30": -314.9, "2020-08-31": "-302.80000", "2020-05-31": -300.4, "2020-02-29": -299.1, "2019-11-30": -297.8, "2019-08-31": "-298.50000", "2019-05-31": -298, "2019-02-28": -294.5, "2018-11-30": -295, "2018-08-31": "-294.20000", "2018-05-31": -293.2, "2018-02-28": -281.3, "2017-11-30": -280.9, "2017-08-31": "-284.30000", "2017-05-31": -278.8, "2017-02-28": -280.8, "2016-11-30": -284.6, "2016-08-31": "-290.90000", "2016-05-31": -277.1, "2016-02-29": -263.7, "2015-11-30": -264.4, "2015-08-31": "-266.50000", "2015-05-31": -266.4, "2015-02-28": -248.1, "2014-11-30": -248.8, "2014-08-31": "-254.40000", "2014-05-31": -253.9, "2014-02-28": -239.6, "2013-11-30": -242.3, "2013-08-31": "-247.50000", "2013-05-31": -216, "2013-02-28": -217.1, "2012-11-30": -216.7, "2012-08-31": "-217.80000", "2012-05-31": -200.6, "2012-02-29": -200, "2011-11-30": -199.2, "2011-08-31": "-200.30000", "2011-05-31": -181.9, "2011-02-28": -181.2, "2010-11-30": -182.2, "2010-08-31": "-184.10000", "2010-05-31": -165.4, "2010-02-28": -165.4, "2009-11-30": -156.7, "2009-08-31": "-156.20000", "2009-05-31": -141.7, "2009-02-28": -143.9, "2008-11-30": -146.4, "2008-08-31": "-147.50000", "2008-05-31": -134.7, "2008-02-29": -135.6, "2007-11-30": -127.3, "2007-08-31": "-132.10000", "2007-05-31": -128.5, "2007-02-28": -129.3, "2006-11-30": -121.7, "2006-08-31": "-125.70000", "2006-05-31": -121.9, "2006-02-28": -122, "2005-11-30": -118, "2005-08-31": "-123.00000", "2005-05-31": -115, "2005-02-28": -346}, "Financial Activities - Other": {"2020-11-30": -4.5, "2020-08-31": "-19.10000", "2020-05-31": 2.5, "2020-02-29": -68, "2019-11-30": -7.2, "2019-08-31": "-15.80000", "2019-05-31": -23.2, "2019-02-28": -28.2, "2018-11-30": 49.4, "2018-08-31": "-12.00000", "2018-05-31": -83.7, "2018-02-28": -7.2, "2017-11-30": -47.4, "2017-08-31": "-21.50000", "2017-05-31": -13.2, "2017-02-28": -58.7, "2016-11-30": -5.2, "2016-08-31": "-30.80000", "2016-05-31": -107.3, "2016-02-29": 7.9, "2015-11-30": -34.9, "2015-08-31": "2.50000", "2015-05-31": 15.5, "2015-02-28": 15.7, "2014-11-30": -10.5, "2014-08-31": "12.80000", "2014-05-31": 10.8, "2014-02-28": -29.7, "2013-11-30": -16.5, "2013-08-31": "30.70000", "2013-05-31": 11.8, "2013-02-28": 21.5, "2012-11-30": 35.3, "2012-08-31": "-11.40000", "2012-05-31": -1.2, "2012-02-29": 18.5, "2011-11-30": 15.3, "2011-08-31": "12.10000", "2011-05-31": 25, "2011-02-28": 18.7, "2010-11-30": 18, "2010-08-31": "29.90000", "2010-05-31": 27.9, "2010-02-28": 39.5, "2009-11-30": 31.9, "2009-08-31": "14.70000", "2009-05-31": -4.5, "2009-02-28": 2.4, "2008-11-30": 32, "2008-08-31": "47.10000", "2008-05-31": 30.7, "2008-02-29": 11.5, "2007-11-30": 5.5, "2007-08-31": "-743.20000", "2007-05-31": 25.1, "2007-02-28": 38, "2006-11-30": -13.7, "2006-08-31": "14.60000", "2006-05-31": -1.1, "2006-02-28": 0, "2005-11-30": -2, "2005-08-31": "", "2005-05-31": 0, "2005-02-28": 822}, "Cash Flow From Financial Activities": {"2020-11-30": 19.1, "2020-08-31": "-372.70000", "2020-05-31": -250.1, "2020-02-29": -511.6, "2019-11-30": -751.2, "2019-08-31": "-428.60000", "2019-05-31": -718.4, "2019-02-28": -510.7, "2018-11-30": -524.3, "2018-08-31": "-423.00000", "2018-05-31": 7015.2, "2018-02-28": -438.7, "2017-11-30": -679.7, "2017-08-31": "-451.30000", "2017-05-31": -664.3, "2017-02-28": -363.1, "2016-11-30": -481.8, "2016-08-31": "-238.20000", "2016-05-31": -699.5, "2016-02-29": -378.7, "2015-11-30": -1184.9, "2015-08-31": "-156.90000", "2015-05-31": -1238.3, "2015-02-28": -516.2, "2014-11-30": 522.8, "2014-08-31": "-153.10000", "2014-05-31": -653.9, "2014-02-28": -516, "2013-11-30": -416.9, "2013-08-31": "-237.30000", "2013-05-31": -540.9, "2013-02-28": -633, "2012-11-30": -659.1, "2012-08-31": "692.80000", "2012-05-31": -345.1, "2012-02-29": -377.5, "2011-11-30": -375.9, "2011-08-31": "431.90000", "2011-05-31": 31.1, "2011-02-28": -489.3, "2010-11-30": -425.4, "2010-08-31": "-57.30000", "2010-05-31": -369.4, "2010-02-28": -443.3, "2009-11-30": -490.4, "2009-08-31": "-200.70000", "2009-05-31": -818.6, "2009-02-28": -381.7, "2008-11-30": -131.9, "2008-08-31": "-72.30000", "2008-05-31": -646.1, "2008-02-29": -256, "2007-11-30": -214.7, "2007-08-31": "23.80000", "2007-05-31": -488.7, "2007-02-28": -497.4, "2006-11-30": -318.8, "2006-08-31": "-93.20000", "2006-05-31": -477.3, "2006-02-28": -432, "2005-11-30": -434, "2005-08-31": "-61.00000", "2005-05-31": -1417, "2005-02-28": -968}, "Net Cash Flow": {"2020-11-30": 786.1, "2020-08-31": "118.90000", "2020-05-31": 1070.9, "2020-02-29": 46.7, "2019-11-30": 55.4, "2019-08-31": "54.80000", "2019-05-31": -97.1, "2019-02-28": 14.4, "2018-11-30": 99.8, "2018-08-31": "33.90000", "2018-05-31": -554.1, "2018-02-28": -9, "2017-11-30": 141.3, "2017-08-31": "54.70000", "2017-05-31": -133, "2017-02-28": 89.4, "2016-11-30": 44, "2016-08-31": "2.00000", "2016-05-31": -19, "2016-02-29": 132.9, "2015-11-30": 199.2, "2015-08-31": "116.40000", "2015-05-31": -450, "2015-02-28": -110.3, "2014-11-30": 53.3, "2014-08-31": "-26.10000", "2014-05-31": 20.2, "2014-02-28": 72.9, "2013-11-30": 15.3, "2013-08-31": "17.50000", "2013-05-31": -9.8, "2013-02-28": 16.3, "2012-11-30": -773.5, "2012-08-31": "1037.20000", "2012-05-31": -14.1, "2012-02-29": -23.8, "2011-11-30": 170.9, "2011-08-31": "-281.40000", "2011-05-31": 79.3, "2011-02-28": -26, "2010-11-30": -130.7, "2010-08-31": "23.80000", "2010-05-31": -18.1, "2010-02-28": -167.1, "2009-11-30": 146.8, "2009-08-31": "-38.20000", "2009-05-31": -187.5, "2009-02-28": 297.7, "2008-11-30": -15.3, "2008-08-31": "-6.10000", "2008-05-31": 40.6, "2008-02-29": 90.3, "2007-11-30": 119.9, "2007-08-31": "-6.90000", "2007-05-31": -58.6, "2007-02-28": -16.2, "2006-11-30": 67.2, "2006-08-31": "-222.70000", "2006-05-31": -5.9, "2006-02-28": -77, "2005-11-30": 121, "2005-08-31": "36.00000", "2005-05-31": -24, "2005-02-28": -154}, "Stock-Based Compensation": {"2020-11-30": 20.4, "2020-08-31": "28.30000", "2020-05-31": 28.9, "2020-02-29": 18.2, "2019-11-30": 19, "2019-08-31": "28.80000", "2019-05-31": 19, "2019-02-28": 21.4, "2018-11-30": 18.4, "2018-08-31": "26.10000", "2018-05-31": 14.2, "2018-02-28": 14.6, "2017-11-30": 18.6, "2017-08-31": "29.60000", "2017-05-31": 19.3, "2017-02-28": 20.2, "2016-11-30": 17.4, "2016-08-31": "38.80000", "2016-05-31": 18.1, "2016-02-29": 19, "2015-11-30": 21.4, "2015-08-31": "31.30000", "2015-05-31": 21.9, "2015-02-28": 19.6, "2014-11-30": 19.3, "2014-08-31": "45.60000", "2014-05-31": 21.1, "2014-02-28": 22.8, "2013-11-30": 23.3, "2013-08-31": "41.30000", "2013-05-31": 18.2, "2013-02-28": 20.9, "2012-11-30": 23, "2012-08-31": "38.30000", "2012-05-31": 19.9, "2012-02-29": 22.2, "2011-11-30": 21.7, "2011-08-31": "44.50000", "2011-05-31": 23.9, "2011-02-28": 21.7, "2010-11-30": 21.8, "2010-08-31": "37.90000", "2010-05-31": 24.3, "2010-02-28": 22.6, "2009-11-30": 22.9, "2009-08-31": "37.50000", "2009-05-31": 19.2, "2009-02-28": 13.5, "2008-11-30": 29.8, "2008-08-31": "55.20000", "2008-05-31": 23.6, "2008-02-29": 23, "2007-11-30": 31.5, "2007-08-31": "55.10000", "2007-05-31": 22.4, "2007-02-28": 24.5, "2006-11-30": 27.1, "2006-08-31": "53.10000", "2006-05-31": 11.6, "2006-02-28": 11, "2005-11-30": 11, "2005-08-31": "11.00000", "2005-05-31": 38, "2005-02-28": 0}, "Common Stock Dividends Paid": {"2020-11-30": -314.9, "2020-08-31": "-302.80000", "2020-05-31": -300.4, "2020-02-29": -299.1, "2019-11-30": -297.8, "2019-08-31": "-298.50000", "2019-05-31": -298, "2019-02-28": -294.5, "2018-11-30": -295, "2018-08-31": "-294.20000", "2018-05-31": -293.2, "2018-02-28": -281.3, "2017-11-30": -280.9, "2017-08-31": "-284.30000", "2017-05-31": -278.8, "2017-02-28": -280.8, "2016-11-30": -284.6, "2016-08-31": "-290.90000", "2016-05-31": -277.1, "2016-02-29": -263.7, "2015-11-30": -264.4, "2015-08-31": "-266.50000", "2015-05-31": -266.4, "2015-02-28": -248.1, "2014-11-30": -248.8, "2014-08-31": "-254.40000", "2014-05-31": -253.9, "2014-02-28": -239.6, "2013-11-30": -242.3, "2013-08-31": "-247.50000", "2013-05-31": -216, "2013-02-28": -217.1, "2012-11-30": -216.7, "2012-08-31": "-217.80000", "2012-05-31": -200.6, "2012-02-29": -200, "2011-11-30": -199.2, "2011-08-31": "-200.30000", "2011-05-31": -181.9, "2011-02-28": -181.2, "2010-11-30": -182.2, "2010-08-31": "-184.10000", "2010-05-31": -165.4, "2010-02-28": -165.4, "2009-11-30": -156.7, "2009-08-31": "-156.20000", "2009-05-31": -141.7, "2009-02-28": -143.9, "2008-11-30": -146.4, "2008-08-31": "-147.50000", "2008-05-31": -134.7, "2008-02-29": -135.6, "2007-11-30": -127.3, "2007-08-31": "-132.10000", "2007-05-31": -128.5, "2007-02-28": -129.3, "2006-11-30": -121.7, "2006-08-31": "-125.70000", "2006-05-31": -121.9, "2006-02-28": -122, "2005-11-30": -118, "2005-08-31": "-123.00000", "2005-05-31": -115, "2005-02-28": -346}}, "financial ratios": {"Current Ratio": {"2020-05-31": "0.68360", "2019-05-31": "0.59070", "2018-05-31": "0.56170", "2017-05-31": "0.76190", "2016-05-31": "0.78510", "2015-05-31": "0.75370", "2014-05-31": "0.81010", "2013-05-31": "0.81200", "2012-05-31": "0.96050", "2011-05-31": "1.06640", "2010-05-31": "0.92330", "2009-05-31": "0.98030", "2008-05-31": "0.74540", "2007-05-31": "0.52240", "2006-05-31": "0.49540", "2005-05-31": "0.73020"}, "Long-term Debt / Capital": {"2020-05-31": "0.56690", "2019-05-31": "0.61210", "2018-05-31": "0.66120", "2017-05-31": "0.61990", "2016-05-31": "0.57080", "2015-05-31": "0.58420", "2014-05-31": "0.47830", "2013-05-31": "0.45390", "2012-05-31": "0.47240", "2011-05-31": "0.45600", "2010-05-31": "0.48260", "2009-05-31": "0.51510", "2008-05-31": "0.41160", "2007-05-31": "0.37690", "2006-05-31": "0.29500", "2005-05-31": "0.42850"}, "Debt/Equity Ratio": {"2020-05-31": "1.62160", "2019-05-31": "1.96670", "2018-05-31": "2.43650", "2017-05-31": "2.02360", "2016-05-31": "1.58860", "2015-05-31": "1.70440", "2014-05-31": "1.25410", "2013-05-31": "1.11790", "2012-05-31": "1.07950", "2011-05-31": "1.04130", "2010-05-31": "1.13770", "2009-05-31": "1.30630", "2008-05-31": "1.12610", "2007-05-31": "1.16680", "2006-05-31": "1.04800", "2005-05-31": "1.09090"}, "Gross Margin": {"2020-05-31": "34.77640", "2019-05-31": "34.13420", "2018-05-31": "34.53280", "2017-05-31": "35.64580", "2016-05-31": "35.19570", "2015-05-31": "33.74420", "2014-05-31": "35.56640", "2013-05-31": "36.14190", "2012-05-31": "36.28730", "2011-05-31": "40.00950", "2010-05-31": "39.63080", "2009-05-31": "35.55220", "2008-05-31": "35.70000", "2007-05-31": "36.06000", "2006-05-31": "35.57680", "2005-05-31": "35.21400"}, "Operating Margin": {"2020-05-31": "16.75820", "2019-05-31": "14.91770", "2018-05-31": "15.37380", "2017-05-31": "15.95480", "2016-05-31": "16.34600", "2015-05-31": "11.78260", "2014-05-31": "16.51290", "2013-05-31": "16.04470", "2012-05-31": "15.38250", "2011-05-31": "18.64560", "2010-05-31": "17.80660", "2009-05-31": "15.97300", "2008-05-31": "16.32860", "2007-05-31": "16.53980", "2006-05-31": "16.72740", "2005-05-31": "21.21510"}, "EBIT Margin": {"2020-05-31": "16.75820", "2019-05-31": "14.91770", "2018-05-31": "15.37380", "2017-05-31": "15.95480", "2016-05-31": "16.34600", "2015-05-31": "11.78260", "2014-05-31": "16.51290", "2013-05-31": "16.04470", "2012-05-31": "15.38250", "2011-05-31": "18.64560", "2010-05-31": "17.80660", "2009-05-31": "15.97300", "2008-05-31": "16.32860", "2007-05-31": "16.53980", "2006-05-31": "16.72740", "2005-05-31": "21.21510"}, "EBITDA Margin": {"2020-05-31": "20.13210", "2019-05-31": "18.59450", "2018-05-31": "19.30510", "2017-05-31": "19.81910", "2016-05-31": "20.01740", "2015-05-31": "15.11940", "2014-05-31": "19.78160", "2013-05-31": "19.35290", "2012-05-31": "18.63320", "2011-05-31": "21.82160", "2010-05-31": "20.92980", "2009-05-31": "19.08930", "2008-05-31": "19.69220", "2007-05-31": "19.89790", "2006-05-31": "20.34700", "2005-05-31": "25.13270"}, "Pre-Tax Profit Margin": {"2020-05-31": "14.75160", "2019-05-31": "12.34500", "2018-05-31": "13.56760", "2017-05-31": "14.54120", "2016-05-31": "14.51180", "2015-05-31": "9.99360", "2014-05-31": "14.82450", "2013-05-31": "14.26180", "2012-05-31": "13.27000", "2011-05-31": "16.31830", "2010-05-31": "15.06260", "2009-05-31": "13.34310", "2008-05-31": "13.40090", "2007-05-31": "13.11180", "2006-05-31": "13.31540", "2005-05-31": "15.97980"}, "Net Profit Margin": {"2020-05-31": "12.37450", "2019-05-31": "10.39240", "2018-05-31": "13.53840", "2017-05-31": "10.61150", "2016-05-31": "10.24810", "2015-05-31": "6.92730", "2014-05-31": "10.18670", "2013-05-31": "10.43770", "2012-05-31": "9.40870", "2011-05-31": "12.08520", "2010-05-31": "10.45740", "2009-05-31": "8.96140", "2008-05-31": "9.48350", "2007-05-31": "9.19420", "2006-05-31": "9.30980", "2005-05-31": "10.96570"}, "Asset Turnover": {"2020-05-31": "0.57220", "2019-05-31": "0.56010", "2018-05-31": "0.51400", "2017-05-31": "0.71610", "2016-05-31": "0.76280", "2015-05-31": "0.80750", "2014-05-31": "0.77380", "2013-05-31": "0.78450", "2012-05-31": "0.78960", "2011-05-31": "0.79680", "2010-05-31": "0.82790", "2009-05-31": "0.81430", "2008-05-31": "0.71700", "2007-05-31": "0.68420", "2006-05-31": "0.64790", "2005-05-31": "0.62590"}, "Inventory Turnover Ratio": {"2020-05-31": "8.06050", "2019-05-31": "7.12400", "2018-05-31": "6.27500", "2017-05-31": "6.77540", "2016-05-31": "7.59260", "2015-05-31": "7.58070", "2014-05-31": "7.40020", "2013-05-31": "7.34400", "2012-05-31": "7.17690", "2011-05-31": "5.54690", "2010-05-31": "6.57400", "2009-05-31": "6.96530", "2008-05-31": "6.42250", "2007-05-31": "6.77950", "2006-05-31": "7.15150", "2005-05-31": "7.06460"}, "Receiveable Turnover": {"2020-05-31": "10.91360", "2019-05-31": "10.04060", "2018-05-31": "9.34590", "2017-05-31": "10.92220", "2016-05-31": "12.17160", "2015-05-31": "12.71390", "2014-05-31": "12.07170", "2013-05-31": "12.28850", "2012-05-31": "12.58530", "2011-05-31": "12.80240", "2010-05-31": "14.05110", "2009-05-31": "15.26730", "2008-05-31": "12.62210", "2007-05-31": "13.05650", "2006-05-31": "12.84130", "2005-05-31": "10.93620"}, "Days Sales In Receivables": {"2020-05-31": "33.44440", "2019-05-31": "36.35240", "2018-05-31": "39.05450", "2017-05-31": "33.41830", "2016-05-31": "29.98790", "2015-05-31": "28.70880", "2014-05-31": "30.23600", "2013-05-31": "29.70260", "2012-05-31": "29.00210", "2011-05-31": "28.51030", "2010-05-31": "25.97670", "2009-05-31": "23.90740", "2008-05-31": "28.91750", "2007-05-31": "27.95550", "2006-05-31": "28.42380", "2005-05-31": "33.37550"}, "ROE - Return On Equity": {"2020-05-31": "26.47820", "2019-05-31": "24.24370", "2018-05-31": "33.31590", "2017-05-31": "36.30560", "2016-05-31": "32.72600", "2015-05-31": "23.35380", "2014-05-31": "26.56950", "2013-05-31": "26.54840", "2012-05-31": "23.08830", "2011-05-31": "27.27530", "2010-05-31": "27.17780", "2009-05-31": "24.25370", "2008-05-31": "21.20560", "2007-05-31": "21.50550", "2006-05-31": "18.88950", "2005-05-31": "21.84640"}, "Return On Tangible Equity": {"2020-05-31": "-17.44980", "2019-05-31": "-12.94830", "2018-05-31": "-14.40300", "2017-05-31": "-19.79840", "2016-05-31": "-21.78430", "2015-05-31": "-15.43530", "2014-05-31": "-27.95000", "2013-05-31": "-29.07600", "2012-05-31": "-26.46430", "2011-05-31": "-45.63630", "2010-05-31": "-32.94130", "2009-05-31": "-26.30820", "2008-05-31": "-30.31860", "2007-05-31": "-21.95460", "2006-05-31": "-24.29910", "2005-05-31": "-27.31280"}, "ROA - Return On Assets": {"2020-05-31": "7.17640", "2019-05-31": "5.93200", "2018-05-31": "7.06310", "2017-05-31": "7.79870", "2016-05-31": "7.99920", "2015-05-31": "5.76860", "2014-05-31": "8.04170", "2013-05-31": "8.35250", "2012-05-31": "7.53240", "2011-05-31": "9.65760", "2010-05-31": "8.68270", "2009-05-31": "7.34950", "2008-05-31": "6.92220", "2007-05-31": "6.29080", "2006-05-31": "6.03210", "2005-05-31": "6.86370"}, "ROI - Return On Investment": {"2020-05-31": "11.46770", "2019-05-31": "9.40480", "2018-05-31": "11.28850", "2017-05-31": "13.79820", "2016-05-31": "14.04630", "2015-05-31": "9.71160", "2014-05-31": "13.86040", "2013-05-31": "14.49680", "2012-05-31": "12.18210", "2011-05-31": "14.83790", "2010-05-31": "14.06130", "2009-05-31": "11.75960", "2008-05-31": "12.47670", "2007-05-31": "13.39960", "2006-05-31": "13.31750", "2005-05-31": "12.48620"}, "Book Value Per Share": {"2020-05-31": "13.69220", "2019-05-31": "12.24070", "2018-05-31": "10.94660", "2017-05-31": "8.12190", "2016-05-31": "8.89260", "2015-05-31": "9.00730", "2014-05-31": "11.44110", "2013-05-31": "11.12440", "2012-05-31": "10.61330", "2011-05-31": "10.25470", "2010-05-31": "8.60320", "2009-05-31": "8.25690", "2008-05-31": "9.20860", "2007-05-31": "7.80840", "2006-05-31": "8.10670", "2005-05-31": "7.69110"}, "Operating Cash Flow Per Share": {"2020-05-31": 1.3575, "2019-05-31": -0.214, "2018-05-31": 0.8118, "2017-05-31": -0.4786, "2016-05-31": 0.4082, "2015-05-31": 0.1739, "2014-05-31": -0.4607, "2013-05-31": 0.7854, "2012-05-31": 1.3075, "2011-05-31": -1.0038, "2010-05-31": 0.6462, "2009-05-31": 0.1673, "2008-05-31": 0.0625, "2007-05-31": -0.0024, "2006-05-31": 0.2401, "2005-05-31": 2.1932}, "Free Cash Flow Per Share": {"2020-05-31": 1.4734, "2019-05-31": -0.0176, "2018-05-31": 0.8885, "2017-05-31": -0.4314, "2016-05-31": 0.3569, "2015-05-31": 0.0579, "2014-05-31": -0.5922, "2013-05-31": 0.91, "2012-05-31": 1.2668, "2011-05-31": -0.9995, "2010-05-31": 0.4849, "2009-05-31": 0.0696, "2008-05-31": -0.0329, "2007-05-31": -0.1619, "2006-05-31": 0.2812, "2005-05-31": 1.6919}}, "financial ratios, quarterly": {"Current Ratio": {"2020-11-30": "0.75710", "2020-08-31": "0.70340", "2020-05-31": "0.68360", "2020-02-29": "0.64340", "2019-11-30": "0.60840", "2019-08-31": "0.61730", "2019-05-31": "0.59070", "2019-02-28": "0.55470", "2018-11-30": "0.58010", "2018-08-31": "0.58230", "2018-05-31": "0.56170", "2018-02-28": "0.68880", "2017-11-30": "0.81020", "2017-08-31": "0.73660", "2017-05-31": "0.76190", "2017-02-28": "0.71870", "2016-11-30": "0.65840", "2016-08-31": "0.80400", "2016-05-31": "0.78510", "2016-02-29": "0.76350", "2015-11-30": "0.81450", "2015-08-31": "0.81230", "2015-05-31": "0.75370", "2015-02-28": "0.66610", "2014-11-30": "0.81830", "2014-08-31": "0.81050", "2014-05-31": "0.81010", "2014-02-28": "0.97310", "2013-11-30": "0.95710", "2013-08-31": "0.85910", "2013-05-31": "0.81200", "2013-02-28": "1.01940", "2012-11-30": "0.79590", "2012-08-31": "0.87310", "2012-05-31": "0.96050", "2012-02-29": "0.99670", "2011-11-30": "0.78210", "2011-08-31": "0.83870", "2011-05-31": "1.06640", "2011-02-28": "0.85180", "2010-11-30": "1.07580", "2010-08-31": "0.96630", "2010-05-31": "0.92330", "2010-02-28": "1.23130", "2009-11-30": "1.19320", "2009-08-31": "1.04340", "2009-05-31": "0.98030", "2009-02-28": "0.96540", "2008-11-30": "0.80620", "2008-08-31": "0.85690", "2008-05-31": "0.74540", "2008-02-29": "0.64460", "2007-11-30": "0.61770", "2007-08-31": "0.46340", "2007-05-31": "0.52240", "2007-02-28": "0.57850", "2006-11-30": "0.49590", "2006-08-31": "0.48740", "2006-05-31": "0.49540", "2006-02-28": "0.52280", "2005-11-30": "0.68300", "2005-08-31": "0.67370", "2005-05-31": "0.73020", "2005-02-28": "1.17170"}, "Long-term Debt / Capital": {"2020-11-30": "0.55300", "2020-08-31": "0.55300", "2020-05-31": "0.56690", "2020-02-29": "0.59590", "2019-11-30": "0.57730", "2019-08-31": "0.60160", "2019-05-31": "0.61210", "2019-02-28": "0.61630", "2018-11-30": "0.63630", "2018-08-31": "0.65820", "2018-05-31": "0.66120", "2018-02-28": "0.57320", "2017-11-30": "0.64190", "2017-08-31": "0.64620", "2017-05-31": "0.61990", "2017-02-28": "0.61970", "2016-11-30": "0.59110", "2016-08-31": "0.57230", "2016-05-31": "0.57080", "2016-02-29": "0.57160", "2015-11-30": "0.58950", "2015-08-31": "0.58710", "2015-05-31": "0.58420", "2015-02-28": "0.53180", "2014-11-30": "0.55800", "2014-08-31": "0.49950", "2014-05-31": "0.47830", "2014-02-28": "0.51440", "2013-11-30": "0.48750", "2013-08-31": "0.44770", "2013-05-31": "0.45390", "2013-02-28": "0.47000", "2012-11-30": "0.42820", "2012-08-31": "0.43500", "2012-05-31": "0.47240", "2012-02-29": "0.45550", "2011-11-30": "0.42660", "2011-08-31": "0.45710", "2011-05-31": "0.45600", "2011-02-28": "0.44210", "2010-11-30": "0.49910", "2010-08-31": "0.51800", "2010-05-31": "0.48260", "2010-02-28": "0.46680", "2009-11-30": "0.47140", "2009-08-31": "0.50510", "2009-05-31": "0.51510", "2009-02-28": "0.50970", "2008-11-30": "0.49090", "2008-08-31": "0.45390", "2008-05-31": "0.41160", "2008-02-29": "0.37790", "2007-11-30": "0.38790", "2007-08-31": "0.40250", "2007-05-31": "0.37690", "2007-02-28": "0.34680", "2006-11-30": "0.28780", "2006-08-31": "0.31100", "2006-05-31": "0.29500", "2006-02-28": "0.31120", "2005-11-30": "0.42540", "2005-08-31": "0.45180", "2005-05-31": "0.42850", "2005-02-28": "0.55560"}, "Debt/Equity Ratio": {"2020-11-30": "1.57740", "2020-08-31": "1.55530", "2020-05-31": "1.62160", "2020-02-29": "1.73380", "2019-11-30": "1.72500", "2019-08-31": "1.85920", "2019-05-31": "1.96670", "2019-02-28": "2.07200", "2018-11-30": "2.18580", "2018-08-31": "2.37440", "2018-05-31": "2.43650", "2018-02-28": "1.80420", "2017-11-30": "2.11930", "2017-08-31": "2.35530", "2017-05-31": "2.02360", "2017-02-28": "2.20800", "2016-11-30": "2.09270", "2016-08-31": "1.67760", "2016-05-31": "1.58860", "2016-02-29": "1.66580", "2015-11-30": "1.70830", "2015-08-31": "1.76270", "2015-05-31": "1.70440", "2015-02-28": "1.75940", "2014-11-30": "1.72420", "2014-08-31": "1.39460", "2014-05-31": "1.25410", "2014-02-28": "1.31730", "2013-11-30": "1.21990", "2013-08-31": "1.13040", "2013-05-31": "1.11790", "2013-02-28": "1.07740", "2012-11-30": "1.12000", "2012-08-31": "1.21030", "2012-05-31": "1.07950", "2012-02-29": "1.03110", "2011-11-30": "1.11000", "2011-08-31": "1.14850", "2011-05-31": "1.04130", "2011-02-28": "1.12050", "2010-11-30": "1.19730", "2010-08-31": "1.34580", "2010-05-31": "1.13770", "2010-02-28": "0.98190", "2009-11-30": "1.05780", "2009-08-31": "1.27290", "2009-05-31": "1.30630", "2009-02-28": "1.38840", "2008-11-30": "1.49530", "2008-08-31": "1.21370", "2008-05-31": "1.12610", "2008-02-29": "1.28450", "2007-11-30": "1.35480", "2007-08-31": "1.90880", "2007-05-31": "1.16680", "2007-02-28": "1.03790", "2006-11-30": "1.20050", "2006-08-31": "1.25870", "2006-05-31": "1.04800", "2006-02-28": "1.15330", "2005-11-30": "1.23520", "2005-08-31": "1.31750", "2005-05-31": "1.09090", "2005-02-28": "1.40340"}, "Gross Margin": {"2020-11-30": "36.46860", "2020-08-31": "36.44360", "2020-05-31": "35.20010", "2020-02-29": "33.56700", "2019-11-30": "35.49360", "2019-08-31": "34.71580", "2019-05-31": "35.11310", "2019-02-28": "34.37110", "2018-11-30": "34.22420", "2018-08-31": "32.79920", "2018-05-31": "36.49170", "2018-02-28": "32.36480", "2017-11-30": "34.44400", "2017-08-31": "34.84290", "2017-05-31": "34.77380", "2017-02-28": "34.47490", "2016-11-30": "36.95190", "2016-08-31": "36.25730", "2016-05-31": "35.05180", "2016-02-29": "33.91720", "2015-11-30": "34.81660", "2015-08-31": "36.94480", "2015-05-31": "35.25400", "2015-02-28": "31.62330", "2014-11-30": "34.35980", "2014-08-31": "33.70580", "2014-05-31": "34.60480", "2014-02-28": "34.55700", "2013-11-30": "36.13230", "2013-08-31": "36.88800", "2013-05-31": "34.70200", "2013-02-28": "34.36780", "2012-11-30": "35.68970", "2012-08-31": "40.19500", "2012-05-31": "36.79180", "2012-02-29": "36.58650", "2011-11-30": "34.48900", "2011-08-31": "37.59490", "2011-05-31": "37.54230", "2011-02-28": "39.24090", "2010-11-30": "40.18100", "2010-08-31": "43.14340", "2010-05-31": "36.02230", "2010-02-28": "37.88480", "2009-11-30": "42.83590", "2009-08-31": "41.37380", "2009-05-31": "42.33540", "2009-02-28": "36.11410", "2008-11-30": "30.40790", "2008-08-31": "34.07490", "2008-05-31": "29.73700", "2008-02-29": "39.76390", "2007-11-30": "35.94540", "2007-08-31": "37.63670", "2007-05-31": "35.00280", "2007-02-28": "35.09630", "2006-11-30": "36.91230", "2006-08-31": "37.18710", "2006-05-31": "34.39540", "2006-02-28": "34.27180", "2005-11-30": "36.53200", "2005-08-31": "37.06610", "2005-05-31": "22.35000", "2005-02-28": "38.85280"}, "Operating Margin": {"2020-11-30": "19.42200", "2020-08-31": "19.56230", "2020-05-31": "16.51400", "2020-02-29": "15.56830", "2019-11-30": "18.34960", "2019-08-31": "16.54970", "2019-05-31": "17.20690", "2019-02-28": "15.51340", "2018-11-30": "12.40030", "2018-08-31": "14.69220", "2018-05-31": "13.78080", "2018-02-28": "14.66910", "2017-11-30": "16.88620", "2017-08-31": "16.05910", "2017-05-31": "14.05190", "2017-02-28": "14.30190", "2016-11-30": "18.69850", "2016-08-31": "16.52550", "2016-05-31": "13.54670", "2016-02-29": "14.64870", "2015-11-30": "20.46830", "2015-08-31": "16.23850", "2015-05-31": "9.85390", "2015-02-28": "12.34690", "2014-11-30": "11.86280", "2014-08-31": "13.06110", "2014-05-31": "15.91810", "2014-02-28": "15.31960", "2013-11-30": "17.84570", "2013-08-31": "16.80430", "2013-05-31": "13.61690", "2013-02-28": "14.49240", "2012-11-30": "16.98140", "2012-08-31": "19.25700", "2012-05-31": "13.23040", "2012-02-29": "16.22780", "2011-11-30": "15.50460", "2011-08-31": "16.60520", "2011-05-31": "14.75940", "2011-02-28": "17.95840", "2010-11-30": "20.23560", "2010-08-31": "21.52220", "2010-05-31": "13.39960", "2010-02-28": "15.64650", "2009-11-30": "21.77860", "2009-08-31": "19.89720", "2009-05-31": "18.00420", "2009-02-28": "17.12270", "2008-11-30": "15.36600", "2008-08-31": "13.46750", "2008-05-31": "9.69720", "2008-02-29": "20.41930", "2007-11-30": "18.55320", "2007-08-31": "16.60480", "2007-05-31": "13.25430", "2007-02-28": "15.91890", "2006-11-30": "19.47730", "2006-08-31": "17.15840", "2006-05-31": "14.39400", "2006-02-28": "15.74560", "2005-11-30": "19.49590", "2005-08-31": "16.87200", "2005-05-31": "32.80630", "2005-02-28": "17.82110"}, "EBIT Margin": {"2020-11-30": "19.42200", "2020-08-31": "19.56230", "2020-05-31": "16.51400", "2020-02-29": "15.56830", "2019-11-30": "18.34960", "2019-08-31": "16.54970", "2019-05-31": "17.20690", "2019-02-28": "15.51340", "2018-11-30": "12.40030", "2018-08-31": "14.69220", "2018-05-31": "13.78080", "2018-02-28": "14.66910", "2017-11-30": "16.88620", "2017-08-31": "16.05910", "2017-05-31": "14.05190", "2017-02-28": "14.30190", "2016-11-30": "18.69850", "2016-08-31": "16.52550", "2016-05-31": "13.54670", "2016-02-29": "14.64870", "2015-11-30": "20.46830", "2015-08-31": "16.23850", "2015-05-31": "9.85390", "2015-02-28": "12.34690", "2014-11-30": "11.86280", "2014-08-31": "13.06110", "2014-05-31": "15.91810", "2014-02-28": "15.31960", "2013-11-30": "17.84570", "2013-08-31": "16.80430", "2013-05-31": "13.61690", "2013-02-28": "14.49240", "2012-11-30": "16.98140", "2012-08-31": "19.25700", "2012-05-31": "13.23040", "2012-02-29": "16.22780", "2011-11-30": "15.50460", "2011-08-31": "16.60520", "2011-05-31": "14.75940", "2011-02-28": "17.95840", "2010-11-30": "20.23560", "2010-08-31": "21.52220", "2010-05-31": "13.39960", "2010-02-28": "15.64650", "2009-11-30": "21.77860", "2009-08-31": "19.89720", "2009-05-31": "18.00420", "2009-02-28": "17.12270", "2008-11-30": "15.36600", "2008-08-31": "13.46750", "2008-05-31": "9.69720", "2008-02-29": "20.41930", "2007-11-30": "18.55320", "2007-08-31": "16.60480", "2007-05-31": "13.25430", "2007-02-28": "15.91890", "2006-11-30": "19.47730", "2006-08-31": "17.15840", "2006-05-31": "14.39400", "2006-02-28": "15.74560", "2005-11-30": "19.49590", "2005-08-31": "16.87200", "2005-05-31": "32.80630", "2005-02-28": "17.82110"}, "EBITDA Margin": {"2020-11-30": "", "2020-08-31": "", "2020-05-31": "", "2020-02-29": "", "2019-11-30": "", "2019-08-31": "", "2019-05-31": "", "2019-02-28": "", "2018-11-30": "", "2018-08-31": "", "2018-05-31": "", "2018-02-28": "", "2017-11-30": "", "2017-08-31": "", "2017-05-31": "", "2017-02-28": "", "2016-11-30": "", "2016-08-31": "", "2016-05-31": "", "2016-02-29": "", "2015-11-30": "", "2015-08-31": "", "2015-05-31": "", "2015-02-28": "", "2014-11-30": "", "2014-08-31": "", "2014-05-31": "", "2014-02-28": "", "2013-11-30": "", "2013-08-31": "", "2013-05-31": "", "2013-02-28": "", "2012-11-30": "", "2012-08-31": "", "2012-05-31": "", "2012-02-29": "", "2011-11-30": "", "2011-08-31": "", "2011-05-31": "", "2011-02-28": "", "2010-11-30": "", "2010-08-31": "", "2010-05-31": "", "2010-02-28": "", "2009-11-30": "", "2009-08-31": "", "2009-05-31": "", "2009-02-28": "", "2008-11-30": "", "2008-08-31": "", "2008-05-31": "", "2008-02-29": "", "2007-11-30": "", "2007-08-31": "", "2007-05-31": "", "2007-02-28": "", "2006-11-30": "", "2006-08-31": "", "2006-05-31": "", "2006-02-28": "", "2005-11-30": "", "2005-08-31": "", "2005-05-31": "", "2005-02-28": ""}, "Pre-Tax Profit Margin": {"2020-11-30": "17.98750", "2020-08-31": "17.77960", "2020-05-31": "14.59290", "2020-02-29": "13.66650", "2019-11-30": "16.33190", "2019-08-31": "14.33850", "2019-05-31": "14.79920", "2019-02-28": "12.90760", "2018-11-30": "9.86810", "2018-08-31": "11.94190", "2018-05-31": "10.89660", "2018-02-28": "12.96650", "2017-11-30": "15.59770", "2017-08-31": "14.68220", "2017-05-31": "14.18330", "2017-02-28": "12.28780", "2016-11-30": "16.86240", "2016-08-31": "14.63450", "2016-05-31": "11.57360", "2016-02-29": "12.71990", "2015-11-30": "18.80040", "2015-08-31": "14.44900", "2015-05-31": "8.00220", "2015-02-28": "10.50820", "2014-11-30": "10.22240", "2014-08-31": "11.22200", "2014-05-31": "14.06460", "2014-02-28": "13.59480", "2013-11-30": "16.43660", "2013-08-31": "15.00220", "2013-05-31": "11.76230", "2013-02-28": "12.76350", "2012-11-30": "15.43490", "2012-08-31": "17.20810", "2012-05-31": "11.18190", "2012-02-29": "13.89770", "2011-11-30": "13.61870", "2011-08-31": "14.38560", "2011-05-31": "12.29950", "2011-02-28": "15.62720", "2010-11-30": "18.22900", "2010-08-31": "18.96630", "2010-05-31": "9.80110", "2010-02-28": "13.02200", "2009-11-30": "19.58510", "2009-08-31": "17.25820", "2009-05-31": "15.11840", "2009-02-28": "14.33540", "2008-11-30": "12.96500", "2008-08-31": "10.99130", "2008-05-31": "7.74110", "2008-02-29": "17.40660", "2007-11-30": "15.42370", "2007-08-31": "12.91670", "2007-05-31": "9.85000", "2007-02-28": "12.42140", "2006-11-30": "16.28970", "2006-08-31": "13.48760", "2006-05-31": "10.70470", "2006-02-28": "12.26970", "2005-11-30": "16.33770", "2005-08-31": "13.51250", "2005-05-31": "23.93100", "2005-02-28": "13.96100"}, "Net Profit Margin": {"2020-11-30": "14.58660", "2020-08-31": "14.64020", "2020-05-31": "12.45670", "2020-02-29": "10.86290", "2019-11-30": "13.13790", "2019-08-31": "13.00690", "2019-05-31": "13.70110", "2019-02-28": "10.64240", "2018-11-30": "7.78470", "2018-08-31": "9.58230", "2018-05-31": "9.11010", "2018-02-28": "24.24850", "2017-11-30": "10.25320", "2017-08-31": "10.73700", "2017-05-31": "10.74190", "2017-02-28": "9.43270", "2016-11-30": "11.71660", "2016-08-31": "10.46600", "2016-05-31": "9.66420", "2016-02-29": "9.03710", "2015-11-30": "11.96640", "2015-08-31": "10.13810", "2015-05-31": "4.34540", "2015-02-28": "7.88800", "2014-11-30": "7.34480", "2014-08-31": "8.08730", "2014-05-31": "9.44490", "2014-02-28": "9.38000", "2013-11-30": "11.27840", "2013-08-31": "10.50380", "2013-05-31": "8.30480", "2013-02-28": "8.99200", "2012-11-30": "11.09430", "2012-08-31": "13.54970", "2012-05-31": "8.00220", "2012-02-29": "9.50220", "2011-11-30": "9.61980", "2011-08-31": "10.54160", "2011-05-31": "8.81050", "2011-02-28": "10.75370", "2010-11-30": "15.09620", "2010-08-31": "13.36220", "2010-05-31": "6.00420", "2010-02-28": "9.26360", "2009-11-30": "14.01590", "2009-08-31": "12.07790", "2009-05-31": "10.22140", "2009-02-28": "8.16700", "2008-11-30": "9.42950", "2008-08-31": "7.96330", "2008-05-31": "5.33550", "2008-02-29": "12.62920", "2007-11-30": "10.54440", "2007-08-31": "9.40430", "2007-05-31": "7.32140", "2007-02-28": "8.76020", "2006-11-30": "11.11750", "2006-08-31": "9.33090", "2006-05-31": "7.76650", "2006-02-28": "8.55060", "2005-11-30": "11.23600", "2005-08-31": "9.40650", "2005-05-31": "16.52890", "2005-02-28": "8.29730"}, "Asset Turnover": {"2020-11-30": "0.14610", "2020-08-31": "0.13960", "2020-05-31": "0.16300", "2020-02-29": "0.13820", "2019-11-30": "0.14520", "2019-08-31": "0.13200", "2019-05-31": "0.13820", "2019-02-28": "0.13860", "2018-11-30": "0.14520", "2018-08-31": "0.13400", "2018-05-31": "0.12700", "2018-02-28": "0.17460", "2017-11-30": "0.18920", "2017-08-31": "0.16970", "2017-05-31": "0.17450", "2017-02-28": "0.17500", "2016-11-30": "0.19040", "2016-08-31": "0.17830", "2016-05-31": "0.18090", "2016-02-29": "0.18500", "2015-11-30": "0.20500", "2015-08-31": "0.18850", "2015-05-31": "0.19690", "2015-02-28": "0.18610", "2014-11-30": "0.19470", "2014-08-31": "0.18260", "2014-05-31": "0.18510", "2014-02-28": "0.19090", "2013-11-30": "0.21060", "2013-08-31": "0.19060", "2013-05-31": "0.19470", "2013-02-28": "0.19440", "2012-11-30": "0.21270", "2012-08-31": "0.17900", "2012-05-31": "0.19270", "2012-02-29": "0.19220", "2011-11-30": "0.21540", "2011-08-31": "0.17570", "2011-05-31": "0.19460", "2011-02-28": "0.19940", "2010-11-30": "0.22130", "2010-08-31": "0.19400", "2010-05-31": "0.19960", "2010-02-28": "0.19700", "2009-11-30": "0.21740", "2009-08-31": "0.19140", "2009-05-31": "0.19640", "2009-02-28": "0.18540", "2008-11-30": "0.20990", "2008-08-31": "0.18250", "2008-05-31": "0.18230", "2008-02-29": "0.17680", "2007-11-30": "0.19410", "2007-08-31": "0.16630", "2007-05-31": "0.16830", "2007-02-28": "0.16360", "2006-11-30": "0.18480", "2006-08-31": "0.15390", "2006-05-31": "0.15840", "2006-02-28": "0.15790", "2005-11-30": "0.17840", "2005-08-31": "0.14580", "2005-05-31": "0.15400", "2005-02-28": "0.15020"}, "Inventory Turnover Ratio": {"2020-11-30": "1.75080", "2020-08-31": "1.72800", "2020-05-31": "2.28210", "2020-02-29": "1.80090", "2019-11-30": "1.65840", "2019-08-31": "1.53700", "2019-05-31": "1.73180", "2019-02-28": "1.78390", "2018-11-30": "1.77010", "2018-08-31": "1.63230", "2018-05-31": "1.50440", "2018-02-28": "1.80780", "2017-11-30": "1.81500", "2017-08-31": "1.53960", "2017-05-31": "1.67360", "2017-02-28": "1.70120", "2016-11-30": "1.69950", "2016-08-31": "1.60970", "2016-05-31": "1.80460", "2016-02-29": "1.95890", "2015-11-30": "1.98230", "2015-08-31": "1.47750", "2015-05-31": "1.80630", "2015-02-28": "1.87690", "2014-11-30": "1.63360", "2014-08-31": "1.55200", "2014-05-31": "1.79650", "2014-02-28": "1.83680", "2013-11-30": "1.77710", "2013-08-31": "1.55600", "2013-05-31": "1.86350", "2013-02-28": "1.81020", "2012-11-30": "1.77350", "2012-08-31": "1.33960", "2012-05-31": "1.73810", "2012-02-29": "1.70990", "2011-11-30": "1.85980", "2011-08-31": "1.34280", "2011-05-31": "1.41050", "2011-02-28": "1.32810", "2010-11-30": "1.42590", "2010-08-31": "1.20630", "2010-05-31": "1.68000", "2010-02-28": "1.51190", "2009-11-30": "1.41610", "2009-08-31": "1.24060", "2009-05-31": "1.50300", "2009-02-28": "1.66100", "2008-11-30": "1.76290", "2008-08-31": "1.44040", "2008-05-31": "1.78440", "2008-02-29": "1.25430", "2007-11-30": "1.51370", "2007-08-31": "1.23220", "2007-05-31": "1.69550", "2007-02-28": "1.61790", "2006-11-30": "1.60930", "2006-08-31": "1.25910", "2006-05-31": "1.77990", "2006-02-28": "1.61620", "2005-11-30": "1.66140", "2005-08-31": "1.28210", "2005-05-31": "2.08390", "2005-02-28": "1.51470"}, "Receiveable Turnover": {"2020-11-30": "2.64500", "2020-08-31": "2.67240", "2020-05-31": "3.11000", "2020-02-29": "2.41480", "2019-11-30": "2.49380", "2019-08-31": "2.34000", "2019-05-31": "2.47760", "2019-02-28": "2.46360", "2018-11-30": "2.56940", "2018-08-31": "2.39540", "2018-05-31": "2.30980", "2018-02-28": "2.59430", "2017-11-30": "2.77970", "2017-08-31": "2.43720", "2017-05-31": "2.66180", "2017-02-28": "2.65720", "2016-11-30": "2.97400", "2016-08-31": "2.70240", "2016-05-31": "2.88650", "2016-02-29": "2.87760", "2015-11-30": "3.02810", "2015-08-31": "2.74760", "2015-05-31": "3.10000", "2015-02-28": "2.74450", "2014-11-30": "2.76250", "2014-08-31": "2.62950", "2014-05-31": "2.88740", "2014-02-28": "2.65600", "2013-11-30": "2.82570", "2013-08-31": "2.67040", "2013-05-31": "3.04940", "2013-02-28": "2.78390", "2012-11-30": "2.91660", "2012-08-31": "2.74920", "2012-05-31": "3.07220", "2012-02-29": "2.86700", "2011-11-30": "3.06130", "2011-08-31": "2.55820", "2011-05-31": "3.12680", "2011-02-28": "3.07460", "2010-11-30": "3.13030", "2010-08-31": "3.01180", "2010-05-31": "3.38820", "2010-02-28": "3.04130", "2009-11-30": "3.33010", "2009-08-31": "3.05740", "2009-05-31": "3.68190", "2009-02-28": "3.11390", "2008-11-30": "3.24970", "2008-08-31": "2.99760", "2008-05-31": "3.20920", "2008-02-29": "2.96450", "2007-11-30": "3.03110", "2007-08-31": "2.88720", "2007-05-31": "3.21220", "2007-02-28": "2.52780", "2006-11-30": "2.68520", "2006-08-31": "2.45530", "2006-05-31": "3.13850", "2006-02-28": "2.64430", "2005-11-30": "2.82180", "2005-08-31": "2.41790", "2005-05-31": "2.69150", "2005-02-28": "2.64500"}, "Days Sales In Receivables": {"2020-11-30": "34.02700", "2020-08-31": "33.67780", "2020-05-31": "28.93870", "2020-02-29": "37.26980", "2019-11-30": "36.08920", "2019-08-31": "38.46220", "2019-05-31": "36.32480", "2019-02-28": "36.53120", "2018-11-30": "35.02720", "2018-08-31": "37.57180", "2018-05-31": "38.96410", "2018-02-28": "34.69210", "2017-11-30": "32.37790", "2017-08-31": "36.92690", "2017-05-31": "33.81210", "2017-02-28": "33.86980", "2016-11-30": "30.26260", "2016-08-31": "33.30410", "2016-05-31": "31.18000", "2016-02-29": "31.27650", "2015-11-30": "29.72200", "2015-08-31": "32.75620", "2015-05-31": "29.03210", "2015-02-28": "32.79250", "2014-11-30": "32.57970", "2014-08-31": "34.22760", "2014-05-31": "31.16950", "2014-02-28": "33.88520", "2013-11-30": "31.85080", "2013-08-31": "33.70340", "2013-05-31": "29.51370", "2013-02-28": "32.32860", "2012-11-30": "30.85790", "2012-08-31": "32.73640", "2012-05-31": "29.29470", "2012-02-29": "31.39220", "2011-11-30": "29.39920", "2011-08-31": "35.18040", "2011-05-31": "28.78330", "2011-02-28": "29.27190", "2010-11-30": "28.75110", "2010-08-31": "29.88280", "2010-05-31": "26.56240", "2010-02-28": "29.59300", "2009-11-30": "27.02650", "2009-08-31": "29.43660", "2009-05-31": "24.44410", "2009-02-28": "28.90260", "2008-11-30": "27.69470", "2008-08-31": "30.02400", "2008-05-31": "28.04410", "2008-02-29": "30.35940", "2007-11-30": "29.69220", "2007-08-31": "31.17190", "2007-05-31": "28.01820", "2007-02-28": "35.60390", "2006-11-30": "33.51700", "2006-08-31": "36.65570", "2006-05-31": "28.67620", "2006-02-28": "34.03550", "2005-11-30": "31.89490", "2005-08-31": "37.22280", "2005-05-31": "33.43870", "2005-02-28": "34.02600"}, "ROE - Return On Equity": {"2020-11-30": "7.86100", "2020-08-31": "7.38080", "2020-05-31": "7.50940", "2020-02-29": "5.90200", "2019-11-30": "7.37350", "2019-08-31": "6.86760", "2019-05-31": "7.88850", "2019-02-28": "6.31640", "2018-11-30": "5.03200", "2018-08-31": "6.02060", "2018-05-31": "5.51570", "2018-02-28": "17.85480", "2017-11-30": "9.66950", "2017-08-31": "9.54030", "2017-05-31": "8.86990", "2017-02-28": "8.40690", "2016-11-30": "10.95500", "2016-08-31": "7.93220", "2016-05-31": "7.35620", "2016-02-29": "6.98560", "2015-11-30": "10.52430", "2015-08-31": "8.12970", "2015-05-31": "3.66790", "2015-02-28": "6.04880", "2014-11-30": "5.81650", "2014-08-31": "5.27320", "2014-05-31": "5.92970", "2014-02-28": "6.15220", "2013-11-30": "7.91360", "2013-08-31": "6.41780", "2013-05-31": "5.28580", "2013-02-28": "5.51650", "2012-11-30": "7.27150", "2012-08-31": "7.92450", "2012-05-31": "4.86440", "2012-02-29": "5.41300", "2011-11-30": "6.36880", "2011-08-31": "5.76830", "2011-05-31": "4.85620", "2011-02-28": "6.43790", "2010-11-30": "10.45580", "2010-08-31": "8.81710", "2010-05-31": "3.76590", "2010-02-28": "5.14890", "2009-11-30": "8.94900", "2009-08-31": "7.48410", "2009-05-31": "6.65370", "2009-02-28": "5.25730", "2008-11-30": "7.18010", "2008-08-31": "4.64850", "2008-05-31": "3.35600", "2008-02-29": "7.25690", "2007-11-30": "6.87560", "2007-08-31": "6.47950", "2007-05-31": "4.21310", "2007-02-28": "4.48750", "2006-11-30": "6.94920", "2006-08-31": "5.00750", "2006-05-31": "3.85140", "2006-02-28": "4.44200", "2005-11-30": "6.85690", "2005-08-31": "4.89890", "2005-05-31": "8.10430", "2005-02-28": "4.34620"}, "Return On Tangible Equity": {"2020-11-30": "-5.65070", "2020-08-31": "-5.21180", "2020-05-31": "-4.94890", "2020-02-29": "-3.51460", "2019-11-30": "-4.51920", "2019-08-31": "-3.93250", "2019-05-31": "-4.21320", "2019-02-28": "-3.27720", "2018-11-30": "-2.46600", "2018-08-31": "-2.66140", "2018-05-31": "-2.38450", "2018-02-28": "-11.70620", "2017-11-30": "-5.03150", "2017-08-31": "-4.46910", "2017-05-31": "-4.83700", "2017-02-28": "-4.20590", "2016-11-30": "-5.73800", "2016-08-31": "-5.22950", "2016-05-31": "-4.89670", "2016-02-29": "-4.63190", "2015-11-30": "-6.87410", "2015-08-31": "-5.33170", "2015-05-31": "-2.42430", "2015-02-28": "-4.37910", "2014-11-30": "-4.38960", "2014-08-31": "-5.11230", "2014-05-31": "-6.23780", "2014-02-28": "-6.05880", "2013-11-30": "-8.52230", "2013-08-31": "-7.40040", "2013-05-31": "-5.78910", "2013-02-28": "-6.60510", "2012-11-30": "-8.73980", "2012-08-31": "-9.62800", "2012-05-31": "-5.57560", "2012-02-29": "-7.24910", "2011-11-30": "-7.66780", "2011-08-31": "-6.49140", "2011-05-31": "-8.12520", "2011-02-28": "-8.95640", "2010-11-30": "-13.70260", "2010-08-31": "-9.52960", "2010-05-31": "-4.56460", "2010-02-28": "-8.53050", "2009-11-30": "-13.72200", "2009-08-31": "-8.82810", "2009-05-31": "-7.21740", "2009-02-28": "-6.12740", "2008-11-30": "-7.63240", "2008-08-31": "-6.30630", "2008-05-31": "-4.79820", "2008-02-29": "-9.39000", "2007-11-30": "-8.07290", "2007-08-31": "-4.85040", "2007-05-31": "-4.30110", "2007-02-28": "-5.92860", "2006-11-30": "-8.10520", "2006-08-31": "-5.35940", "2006-05-31": "-4.95430", "2006-02-28": "-5.10270", "2005-11-30": "-7.45220", "2005-08-31": "-4.82020", "2005-05-31": "-10.13220", "2005-02-28": "-4.54640"}, "ROA - Return On Assets": {"2020-11-30": "2.15400", "2020-08-31": "2.06770", "2020-05-31": "2.03530", "2020-02-29": "1.53360", "2019-11-30": "1.94200", "2019-08-31": "1.74350", "2019-05-31": "1.93020", "2019-02-28": "1.51190", "2018-11-30": "1.15590", "2018-08-31": "1.29570", "2018-05-31": "1.16930", "2018-02-28": "4.28270", "2017-11-30": "1.99990", "2017-08-31": "1.83970", "2017-05-31": "1.90530", "2017-02-28": "1.70830", "2016-11-30": "2.29510", "2016-08-31": "1.91440", "2016-05-31": "1.79810", "2016-02-29": "1.69980", "2015-11-30": "2.51800", "2015-08-31": "1.94910", "2015-05-31": "0.90600", "2015-02-28": "1.51310", "2014-11-30": "1.46840", "2014-08-31": "1.50770", "2014-05-31": "1.79470", "2014-02-28": "1.81900", "2013-11-30": "2.42220", "2013-08-31": "2.04010", "2013-05-31": "1.66300", "2013-02-28": "1.81020", "2012-11-30": "2.35700", "2012-08-31": "2.48330", "2012-05-31": "1.58700", "2012-02-29": "1.86950", "2011-11-30": "2.09250", "2011-08-31": "1.84670", "2011-05-31": "1.71950", "2011-02-28": "2.15240", "2010-11-30": "3.34790", "2010-08-31": "2.60070", "2010-05-31": "1.20310", "2010-02-28": "1.83080", "2009-11-30": "3.05370", "2009-08-31": "2.31990", "2009-05-31": "2.01620", "2009-02-28": "1.52580", "2008-11-30": "1.98960", "2008-08-31": "1.47170", "2008-05-31": "1.09550", "2008-02-29": "2.23230", "2007-11-30": "2.04650", "2007-08-31": "1.56350", "2007-05-31": "1.23240", "2007-02-28": "1.43310", "2006-11-30": "2.05400", "2006-08-31": "1.43600", "2006-05-31": "1.22990", "2006-02-28": "1.35050", "2005-11-30": "2.00430", "2005-08-31": "1.37140", "2005-05-31": "2.54620", "2005-02-28": "1.24590"}, "ROI - Return On Investment": {"2020-11-30": "3.51370", "2020-08-31": "3.29950", "2020-05-31": "3.25230", "2020-02-29": "2.38510", "2019-11-30": "3.11690", "2019-08-31": "2.73620", "2019-05-31": "3.06020", "2019-02-28": "2.42380", "2018-11-30": "1.83030", "2018-08-31": "2.05760", "2018-05-31": "1.86890", "2018-02-28": "7.62100", "2017-11-30": "3.46230", "2017-08-31": "3.37530", "2017-05-31": "3.37110", "2017-02-28": "3.19690", "2016-11-30": "4.47970", "2016-08-31": "3.39220", "2016-05-31": "3.15740", "2016-02-29": "2.99230", "2015-11-30": "4.32050", "2015-08-31": "3.35680", "2015-05-31": "1.52530", "2015-02-28": "2.83230", "2014-11-30": "2.57100", "2014-08-31": "2.63930", "2014-05-31": "3.09330", "2014-02-28": "2.98760", "2013-11-30": "4.05580", "2013-08-31": "3.54430", "2013-05-31": "2.88630", "2013-02-28": "2.92390", "2012-11-30": "4.15770", "2012-08-31": "4.47700", "2012-05-31": "2.56660", "2012-02-29": "2.94720", "2011-11-30": "3.65180", "2011-08-31": "3.13170", "2011-05-31": "2.64180", "2011-02-28": "3.59190", "2010-11-30": "5.23710", "2010-08-31": "4.25020", "2010-05-31": "1.94840", "2010-02-28": "2.74520", "2009-11-30": "4.73050", "2009-08-31": "3.70420", "2009-05-31": "3.22610", "2009-02-28": "2.57780", "2008-11-30": "3.65550", "2008-08-31": "2.53830", "2008-05-31": "1.97450", "2008-02-29": "4.51430", "2007-11-30": "4.20860", "2007-08-31": "3.87140", "2007-05-31": "2.62510", "2007-02-28": "2.93120", "2006-11-30": "4.94930", "2006-08-31": "3.45010", "2006-05-31": "2.71530", "2006-02-28": "3.05970", "2005-11-30": "3.93990", "2005-08-31": "2.68540", "2005-05-31": "4.63200", "2005-02-28": "1.93150"}, "Book Value Per Share": {"2020-11-30": "14.47920", "2020-08-31": "14.32670", "2020-05-31": "13.69220", "2020-02-29": "12.97470", "2019-11-30": "13.26600", "2019-08-31": "12.73900", "2019-05-31": "12.24070", "2019-02-28": "12.11060", "2018-11-30": "11.69670", "2018-08-31": "11.03140", "2018-05-31": "10.94660", "2018-02-28": "9.35750", "2017-11-30": "8.07190", "2017-08-31": "7.53770", "2017-05-31": "8.12190", "2017-02-28": "7.64360", "2016-11-30": "7.80040", "2016-08-31": "8.89440", "2016-05-31": "8.89260", "2016-02-29": "8.86740", "2015-11-30": "8.70590", "2015-08-31": "8.93190", "2015-05-31": "9.00730", "2015-02-28": "9.81390", "2014-11-30": "10.24000", "2014-08-31": "11.03870", "2014-05-31": "11.44110", "2014-02-28": "10.99980", "2013-11-30": "11.31310", "2013-08-31": "11.45020", "2013-05-31": "11.12440", "2013-02-28": "11.60860", "2012-11-30": "11.52600", "2012-08-31": "11.00060", "2012-05-31": "10.61330", "2012-02-29": "11.44070", "2011-11-30": "10.93670", "2011-08-31": "10.87850", "2011-05-31": "10.25470", "2011-02-28": "9.57570", "2010-11-30": "9.18780", "2010-08-31": "8.38230", "2010-05-31": "8.60320", "2010-02-28": "9.76640", "2009-11-30": "9.61400", "2009-08-31": "8.64020", "2009-05-31": "8.25690", "2009-02-28": "8.42270", "2008-11-30": "8.07930", "2008-08-31": "9.04370", "2008-05-31": "9.20860", "2008-02-29": "8.84600", "2007-11-30": "8.45160", "2007-08-31": "6.94290", "2007-05-31": "7.80840", "2007-02-28": "8.61420", "2006-11-30": "8.06100", "2006-08-31": "7.72460", "2006-05-31": "8.10670", "2006-02-28": "7.80000", "2005-11-30": "7.57870", "2005-08-31": "7.24510", "2005-05-31": "7.69110", "2005-02-28": "7.17070"}, "Operating Cash Flow Per Share": {"2020-11-30": 1.3612, "2020-08-31": "0.94160", "2020-05-31": 2.4696, "2020-02-29": 1.1456, "2019-11-30": 1.4433, "2019-08-31": "0.93560", "2019-05-31": 1.2824, "2019-02-28": 1.044, "2018-11-30": 1.3034, "2018-08-31": "1.00680", "2018-05-31": 1.1861, "2018-02-28": 0.9645, "2017-11-30": 1.6939, "2017-08-31": "1.00610", "2017-05-31": 1.2336, "2017-02-28": 1.0065, "2016-11-30": 1.1932, "2016-08-31": "0.60550", "2016-05-31": 1.4566, "2016-02-29": 1.1731, "2015-11-30": 1.1876, "2015-08-31": "0.70010", "2015-05-31": 1.5654, "2015-02-28": 1.1479, "2014-11-30": 0.8723, "2014-08-31": "0.52360", "2014-05-31": 1.2421, "2014-02-28": 1.141, "2013-11-30": 0.975, "2013-08-31": "0.57720", "2013-05-31": 1.1699, "2013-02-28": 1.244, "2012-11-30": 1.2497, "2012-08-31": "0.73240", "2012-05-31": 1.1206, "2012-02-29": 0.753, "2011-11-30": 1.0761, "2011-08-31": "0.66090", "2011-05-31": 0.4123, "2011-02-28": 0.9886, "2010-11-30": 0.6379, "2010-08-31": "0.26430", "2010-05-31": 1.0467, "2010-02-28": 0.8111, "2009-11-30": 1.0402, "2009-08-31": "0.40890", "2009-05-31": 1.0001, "2009-02-28": 1.1364, "2008-11-30": 0.2019, "2008-08-31": "0.32230", "2008-05-31": 1.1867, "2008-02-29": 0.6588, "2007-11-30": 0.6172, "2007-08-31": "0.03070", "2007-05-31": 0.8318, "2007-02-28": 0.8084, "2006-11-30": 0.6384, "2006-08-31": "0.15230", "2006-05-31": 0.7465, "2006-02-28": 0.6621, "2005-11-30": 0.8282, "2005-08-31": "0.19650", "2005-05-31": 0.9734, "2005-02-28": 1.2198}, "Free Cash Flow Per Share": {"2020-11-30": 1.185, "2020-08-31": "0.75330", "2020-05-31": 2.1593, "2020-02-29": 0.9653, "2019-11-30": 1.2991, "2019-08-31": "0.82190", "2019-05-31": 1.0086, "2019-02-28": 0.8546, "2018-11-30": 1.0888, "2018-08-31": "0.82020", "2018-05-31": 0.8066, "2018-02-28": 0.7302, "2017-11-30": 1.4443, "2017-08-31": "0.80870", "2017-05-31": 0.8976, "2017-02-28": 0.7351, "2016-11-30": 0.9131, "2016-08-31": "0.35550", "2016-05-31": 1.0494, "2016-02-29": 0.8729, "2015-11-30": 0.9488, "2015-08-31": "0.46160", "2015-05-31": 1.2296, "2015-02-28": 0.8621, "2014-11-30": 0.5962, "2014-08-31": "0.28790", "2014-05-31": 0.867, "2014-02-28": 0.9107, "2013-11-30": 0.746, "2013-08-31": "0.39420", "2013-05-31": 0.8702, "2013-02-28": 1.05, "2012-11-30": 1.0677, "2012-08-31": "0.52220", "2012-05-31": 0.7432, "2012-02-29": 0.5157, "2011-11-30": 0.879, "2011-08-31": "0.46220", "2011-05-31": 0.0786, "2011-02-28": 0.7695, "2010-11-30": 0.4155, "2010-08-31": "0.06970", "2010-05-31": 0.6699, "2010-02-28": 0.5822, "2009-11-30": 0.8511, "2009-08-31": "0.22960", "2009-05-31": 0.7003, "2009-02-28": 0.9705, "2008-11-30": 0.038, "2008-08-31": "0.13910", "2008-05-31": 0.8827, "2008-02-29": 0.5199, "2007-11-30": 0.4272, "2007-08-31": "-0.05150", "2007-05-31": 0.5383, "2007-02-28": 0.6753, "2006-11-30": 0.5155, "2006-08-31": "0.08210", "2006-05-31": 0.5432, "2006-02-28": 0.5497, "2005-11-30": 0.7359, "2005-08-31": "0.14430", "2005-05-31": 0.745, "2005-02-28": 0.9469}}, "revenue": {"General Mills Annual Revenue (Millions of US $)": {"2020": "$17,627", "2019": "$16,865", "2018": "$15,740", "2017": "$15,620", "2016": "$16,563", "2015": "$17,630", "2014": "$17,910", "2013": "$17,774", "2012": "$16,658", "2011": "$14,880", "2010": "$14,636", "2009": "$14,556", "2008": "$13,652", "2007": "$12,442", "2006": "$11,711", "2005": "$11,308"}, "General Mills Quarterly Revenue (Millions of US $)": {"2020-11-30": "$4,719", "2020-08-31": "$4,364", "2020-05-31": "$5,023", "2020-02-29": "$4,180", "2019-11-30": "$4,421", "2019-08-31": "$4,003", "2019-05-31": "$4,162", "2019-02-28": "$4,198", "2018-11-30": "$4,411", "2018-08-31": "$4,094", "2018-05-31": "$3,890", "2018-02-28": "$3,882", "2017-11-30": "$4,199", "2017-08-31": "$3,769", "2017-05-31": "$3,807", "2017-02-28": "$3,793", "2016-11-30": "$4,112", "2016-08-31": "$3,908", "2016-05-31": "$3,928", "2016-02-29": "$4,002", "2015-11-30": "$4,425", "2015-08-31": "$4,208", "2015-05-31": "$4,299", "2015-02-28": "$4,351", "2014-11-30": "$4,712", "2014-08-31": "$4,268", "2014-05-31": "$4,284", "2014-02-28": "$4,377", "2013-11-30": "$4,876", "2013-08-31": "$4,373", "2013-05-31": "$4,411", "2013-02-28": "$4,431", "2012-11-30": "$4,882", "2012-08-31": "$4,051", "2012-05-31": "$4,066", "2012-02-29": "$4,120", "2011-11-30": "$4,624", "2011-08-31": "$3,848", "2011-05-31": "$3,634", "2011-02-28": "$3,646", "2010-11-30": "$4,067", "2010-08-31": "$3,533", "2010-05-31": "$3,529", "2010-02-28": "$3,589", "2009-11-30": "$4,035", "2009-08-31": "$3,482", "2009-05-31": "$3,510", "2009-02-28": "$3,537", "2008-11-30": "$4,011", "2008-08-31": "$3,497", "2008-05-31": "$3,471", "2008-02-29": "$3,406", "2007-11-30": "$3,703", "2007-08-31": "$3,072", "2007-05-31": "$3,061", "2007-02-28": "$3,054", "2006-11-30": "$3,467", "2006-08-31": "$2,860", "2006-05-31": "$2,862", "2006-02-28": "$2,877", "2005-11-30": "$3,293", "2005-08-31": "$2,679", "2005-05-31": "$2,783", "2005-02-28": "$2,772"}}, "gross-profit": {"General Mills Annual Gross Profit (Millions of US $)": {"2020": "$6,130", "2019": "$5,757", "2018": "$5,436", "2017": "$5,568", "2016": "$5,830", "2015": "$5,949", "2014": "$6,370", "2013": "$6,424", "2012": "$6,045", "2011": "$5,954", "2010": "$5,800", "2009": "$5,175", "2008": "$4,874", "2007": "$4,486", "2006": "$4,167", "2005": "$3,982"}, "General Mills Quarterly Gross Profit (Millions of US $)": {"2020-11-30": "$1,721", "2020-08-31": "$1,590", "2020-05-31": "$1,768", "2020-02-29": "$1,403", "2019-11-30": "$1,569", "2019-08-31": "$1,390", "2019-05-31": "$1,461", "2019-02-28": "$1,443", "2018-11-30": "$1,510", "2018-08-31": "$1,343", "2018-05-31": "$1,420", "2018-02-28": "$1,257", "2017-11-30": "$1,446", "2017-08-31": "$1,313", "2017-05-31": "$1,324", "2017-02-28": "$1,308", "2016-11-30": "$1,520", "2016-08-31": "$1,417", "2016-05-31": "$1,377", "2016-02-29": "$1,358", "2015-11-30": "$1,541", "2015-08-31": "$1,555", "2015-05-31": "$1,516", "2015-02-28": "$1,376", "2014-11-30": "$1,619", "2014-08-31": "$1,439", "2014-05-31": "$1,482", "2014-02-28": "$1,513", "2013-11-30": "$1,762", "2013-08-31": "$1,613", "2013-05-31": "$1,531", "2013-02-28": "$1,523", "2012-11-30": "$1,742", "2012-08-31": "$1,628", "2012-05-31": "$1,496", "2012-02-29": "$1,507", "2011-11-30": "$1,595", "2011-08-31": "$1,447", "2011-05-31": "$1,364", "2011-02-28": "$1,431", "2010-11-30": "$1,634", "2010-08-31": "$1,524", "2010-05-31": "$1,271", "2010-02-28": "$1,360", "2009-11-30": "$1,728", "2009-08-31": "$1,441", "2009-05-31": "$1,486", "2009-02-28": "$1,278", "2008-11-30": "$1,220", "2008-08-31": "$1,192", "2008-05-31": "$1,032", "2008-02-29": "$1,354", "2007-11-30": "$1,331", "2007-08-31": "$1,156", "2007-05-31": "$1,071", "2007-02-28": "$1,072", "2006-11-30": "$1,280", "2006-08-31": "$1,064", "2006-05-31": "$985", "2006-02-28": "$986", "2005-11-30": "$1,203", "2005-08-31": "$993", "2005-05-31": "$622", "2005-02-28": "$1,077"}}, "operating-income": {"General Mills Annual Operating Income (Millions of US $)": {"2020": "$2,954", "2019": "$2,516", "2018": "$2,420", "2017": "$2,492", "2016": "$2,707", "2015": "$2,077", "2014": "$2,957", "2013": "$2,852", "2012": "$2,562", "2011": "$2,775", "2010": "$2,606", "2009": "$2,325", "2008": "$2,229", "2007": "$2,058", "2006": "$1,959", "2005": "$2,399"}, "General Mills Quarterly Operating Income (Millions of US $)": {"2020-11-30": "$917", "2020-08-31": "$854", "2020-05-31": "$829", "2020-02-29": "$651", "2019-11-30": "$811", "2019-08-31": "$662", "2019-05-31": "$716", "2019-02-28": "$651", "2018-11-30": "$547", "2018-08-31": "$602", "2018-05-31": "$536", "2018-02-28": "$570", "2017-11-30": "$709", "2017-08-31": "$605", "2017-05-31": "$535", "2017-02-28": "$543", "2016-11-30": "$769", "2016-08-31": "$646", "2016-05-31": "$532", "2016-02-29": "$586", "2015-11-30": "$906", "2015-08-31": "$683", "2015-05-31": "$424", "2015-02-28": "$537", "2014-11-30": "$559", "2014-08-31": "$558", "2014-05-31": "$682", "2014-02-28": "$671", "2013-11-30": "$870", "2013-08-31": "$735", "2013-05-31": "$601", "2013-02-28": "$642", "2012-11-30": "$829", "2012-08-31": "$780", "2012-05-31": "$538", "2012-02-29": "$669", "2011-11-30": "$717", "2011-08-31": "$639", "2011-05-31": "$536", "2011-02-28": "$655", "2010-11-30": "$823", "2010-08-31": "$760", "2010-05-31": "$473", "2010-02-28": "$562", "2009-11-30": "$879", "2009-08-31": "$693", "2009-05-31": "$632", "2009-02-28": "$606", "2008-11-30": "$616", "2008-08-31": "$471", "2008-05-31": "$337", "2008-02-29": "$695", "2007-11-30": "$687", "2007-08-31": "$510", "2007-05-31": "$406", "2007-02-28": "$486", "2006-11-30": "$675", "2006-08-31": "$491", "2006-05-31": "$412", "2006-02-28": "$453", "2005-11-30": "$642", "2005-08-31": "$452", "2005-05-31": "$913", "2005-02-28": "$494"}}, "ebitda": {"General Mills Annual EBITDA (Millions of US $)": {"2020": "$3,549", "2019": "$3,136", "2018": "$3,039", "2017": "$3,096", "2016": "$3,316", "2015": "$2,666", "2014": "$3,543", "2013": "$3,440", "2012": "$3,104", "2011": "$3,247", "2010": "$3,063", "2009": "$2,779", "2008": "$2,688", "2007": "$2,476", "2006": "$2,383", "2005": "$2,842"}, "General Mills Quarterly EBITDA (Millions of US $)": {"2020-11-30": "$1,066", "2020-08-31": "$1,000", "2020-05-31": "$968", "2020-02-29": "$800", "2019-11-30": "$965", "2019-08-31": "$817", "2019-05-31": "$872", "2019-02-28": "$806", "2018-11-30": "$702", "2018-08-31": "$757", "2018-05-31": "$720", "2018-02-28": "$713", "2017-11-30": "$855", "2017-08-31": "$750", "2017-05-31": "$690", "2017-02-28": "$690", "2016-11-30": "$918", "2016-08-31": "$798", "2016-05-31": "$699", "2016-02-29": "$735", "2015-11-30": "$1,054", "2015-08-31": "$827", "2015-05-31": "$568", "2015-02-28": "$691", "2014-11-30": "$699", "2014-08-31": "$708", "2014-05-31": "$825", "2014-02-28": "$815", "2013-11-30": "$1,017", "2013-08-31": "$886", "2013-05-31": "$756", "2013-02-28": "$788", "2012-11-30": "$976", "2012-08-31": "$919", "2012-05-31": "$681", "2012-02-29": "$804", "2011-11-30": "$855", "2011-08-31": "$764", "2011-05-31": "$654", "2011-02-28": "$779", "2010-11-30": "$942", "2010-08-31": "$872", "2010-05-31": "$590", "2010-02-28": "$674", "2009-11-30": "$996", "2009-08-31": "$804", "2009-05-31": "$752", "2009-02-28": "$716", "2008-11-30": "$728", "2008-08-31": "$583", "2008-05-31": "$447", "2008-02-29": "$809", "2007-11-30": "$815", "2007-08-31": "$618", "2007-05-31": "$511", "2007-02-28": "$590", "2006-11-30": "$780", "2006-08-31": "$595", "2006-05-31": "$519", "2006-02-28": "$559", "2005-11-30": "$748", "2005-08-31": "$557", "2005-05-31": "$1,026", "2005-02-28": "$603"}}, "net-income": {"General Mills Annual Net Income (Millions of US $)": {"2020": "$2,181", "2019": "$1,753", "2018": "$2,131", "2017": "$1,658", "2016": "$1,697", "2015": "$1,221", "2014": "$1,824", "2013": "$1,855", "2012": "$1,567", "2011": "$1,798", "2010": "$1,531", "2009": "$1,304", "2008": "$1,295", "2007": "$1,144", "2006": "$1,090", "2005": "$1,240"}, "General Mills Quarterly Net Income (Millions of US $)": {"2020-11-30": "$688", "2020-08-31": "$639", "2020-05-31": "$626", "2020-02-29": "$454", "2019-11-30": "$581", "2019-08-31": "$521", "2019-05-31": "$570", "2019-02-28": "$447", "2018-11-30": "$343", "2018-08-31": "$392", "2018-05-31": "$354", "2018-02-28": "$941", "2017-11-30": "$431", "2017-08-31": "$405", "2017-05-31": "$409", "2017-02-28": "$358", "2016-11-30": "$482", "2016-08-31": "$409", "2016-05-31": "$380", "2016-02-29": "$362", "2015-11-30": "$530", "2015-08-31": "$427", "2015-05-31": "$187", "2015-02-28": "$343", "2014-11-30": "$346", "2014-08-31": "$345", "2014-05-31": "$405", "2014-02-28": "$411", "2013-11-30": "$550", "2013-08-31": "$459", "2013-05-31": "$366", "2013-02-28": "$398", "2012-11-30": "$542", "2012-08-31": "$549", "2012-05-31": "$325", "2012-02-29": "$392", "2011-11-30": "$445", "2011-08-31": "$406", "2011-05-31": "$320", "2011-02-28": "$392", "2010-11-30": "$614", "2010-08-31": "$472", "2010-05-31": "$212", "2010-02-28": "$333", "2009-11-30": "$566", "2009-08-31": "$421", "2009-05-31": "$359", "2009-02-28": "$289", "2008-11-30": "$378", "2008-08-31": "$279", "2008-05-31": "$185", "2008-02-29": "$430", "2007-11-30": "$391", "2007-08-31": "$289", "2007-05-31": "$224", "2007-02-28": "$268", "2006-11-30": "$385", "2006-08-31": "$267", "2006-05-31": "$222", "2006-02-28": "$246", "2005-11-30": "$370", "2005-08-31": "$252", "2005-05-31": "$460", "2005-02-28": "$230"}}, "eps-earnings-per-share-diluted": {"General Mills Annual EPS": {"2020": "$3.56", "2019": "$2.90", "2018": "$3.64", "2017": "$2.77", "2016": "$2.77", "2015": "$1.97", "2014": "$2.83", "2013": "$2.79", "2012": "$2.35", "2011": "$2.70", "2010": "$2.24", "2009": "$1.90", "2008": "$1.85", "2007": "$1.59", "2006": "$1.45", "2005": "$1.54"}, "General Mills Quarterly EPS": {"2020-11-30": "$1.11", "2020-08-31": "$1.03", "2020-05-31": "$1.02", "2020-02-29": "$0.74", "2019-11-30": "$0.95", "2019-08-31": "$0.85", "2019-05-31": "$0.94", "2019-02-28": "$0.74", "2018-11-30": "$0.57", "2018-08-31": "$0.65", "2018-05-31": "$0.59", "2018-02-28": "$1.62", "2017-11-30": "$0.74", "2017-08-31": "$0.69", "2017-05-31": "$0.69", "2017-02-28": "$0.61", "2016-11-30": "$0.80", "2016-08-31": "$0.67", "2016-05-31": "$0.62", "2016-02-29": "$0.59", "2015-11-30": "$0.87", "2015-08-31": "$0.69", "2015-05-31": "$0.30", "2015-02-28": "$0.56", "2014-11-30": "$0.56", "2014-08-31": "$0.55", "2014-05-31": "$0.65", "2014-02-28": "$0.64", "2013-11-30": "$0.84", "2013-08-31": "$0.70", "2013-05-31": "$0.55", "2013-02-28": "$0.60", "2012-11-30": "$0.82", "2012-08-31": "$0.82", "2012-05-31": "$0.49", "2012-02-29": "$0.58", "2011-11-30": "$0.67", "2011-08-31": "$0.61", "2011-05-31": "$0.49", "2011-02-28": "$0.59", "2010-11-30": "$0.92", "2010-08-31": "$0.70", "2010-05-31": "$0.31", "2010-02-28": "$0.48", "2009-11-30": "$0.83", "2009-08-31": "$0.62", "2009-05-31": "$0.54", "2009-02-28": "$0.43", "2008-11-30": "$0.55", "2008-08-31": "$0.40", "2008-05-31": "$0.26", "2008-02-29": "$0.62", "2007-11-30": "$0.57", "2007-08-31": "$0.41", "2007-05-31": "$0.31", "2007-02-28": "$0.37", "2006-11-30": "$0.54", "2006-08-31": "$0.37", "2006-05-31": "$0.31", "2006-02-28": "$0.34", "2005-11-30": "$0.49", "2005-08-31": "$0.32", "2005-05-31": "$0.57", "2005-02-28": "$0.29"}}, "shares-outstanding": {"General Mills Annual Shares Outstanding (Millions of Shares)": {"2020": "613", "2019": "605", "2018": "586", "2017": "598", "2016": "612", "2015": "619", "2014": "646", "2013": "666", "2012": "667", "2011": "665", "2010": "660", "2009": "687", "2008": "694", "2007": "720", "2006": "758", "2005": "818"}, "General Mills Quarterly Shares Outstanding (Millions of Shares)": {"2020-11-30": "620", "2020-08-31": "620", "2020-05-31": "613", "2020-02-29": "613", "2019-11-30": "612", "2019-08-31": "612", "2019-05-31": "605", "2019-02-28": "605", "2018-11-30": "605", "2018-08-31": "603", "2018-05-31": "586", "2018-02-28": "583", "2017-11-30": "580", "2017-08-31": "587", "2017-05-31": "598", "2017-02-28": "591", "2016-11-30": "600", "2016-08-31": "612", "2016-05-31": "612", "2016-02-29": "609", "2015-11-30": "612", "2015-08-31": "616", "2015-05-31": "619", "2015-02-28": "614", "2014-11-30": "618", "2014-08-31": "629", "2014-05-31": "646", "2014-02-28": "640", "2013-11-30": "650", "2013-08-31": "660", "2013-05-31": "666", "2013-02-28": "665", "2012-11-30": "665", "2012-08-31": "667", "2012-05-31": "667", "2012-02-29": "667", "2011-11-30": "666", "2011-08-31": "667", "2011-05-31": "665", "2011-02-28": "660", "2010-11-30": "665", "2010-08-31": "672", "2010-05-31": "660", "2010-02-28": "689", "2009-11-30": "681", "2009-08-31": "673", "2009-05-31": "687", "2009-02-28": "680", "2008-11-30": "694", "2008-08-31": "701", "2008-05-31": "694", "2008-02-29": "699", "2007-11-30": "685", "2007-08-31": "690", "2007-05-31": "720", "2007-02-28": "720", "2006-11-30": "715", "2006-08-31": "726", "2006-05-31": "758", "2006-02-28": "728", "2005-11-30": "768", "2005-08-31": "804", "2005-05-31": "818", "2005-02-28": "810"}}, "total-assets": {"General Mills Annual Total Assets (Millions of US $)": {"2020": "$30,807", "2019": "$30,111", "2018": "$30,624", "2017": "$21,813", "2016": "$21,712", "2015": "$21,832", "2014": "$23,146", "2013": "$22,658", "2012": "$21,097", "2011": "$18,675", "2010": "$17,679", "2009": "$17,875", "2008": "$19,042", "2007": "$18,184", "2006": "$18,075", "2005": "$18,066"}, "General Mills Quarterly Total Assets (Millions of US $)": {"2020-11-30": "$32,308", "2020-08-31": "$31,262", "2020-05-31": "$30,807", "2020-02-29": "$30,249", "2019-11-30": "$30,452", "2019-08-31": "$30,313", "2019-05-31": "$30,111", "2019-02-28": "$30,286", "2018-11-30": "$30,384", "2018-08-31": "$30,555", "2018-05-31": "$30,624", "2018-02-28": "$22,241", "2017-11-30": "$22,192", "2017-08-31": "$22,210", "2017-05-31": "$21,813", "2017-02-28": "$21,670", "2016-11-30": "$21,602", "2016-08-31": "$21,913", "2016-05-31": "$21,712", "2016-02-29": "$21,632", "2015-11-30": "$21,589", "2015-08-31": "$22,323", "2015-05-31": "$21,832", "2015-02-28": "$23,383", "2014-11-30": "$24,204", "2014-08-31": "$23,373", "2014-05-31": "$23,146", "2014-02-28": "$22,925", "2013-11-30": "$23,152", "2013-08-31": "$22,945", "2013-05-31": "$22,658", "2013-02-28": "$22,793", "2012-11-30": "$22,953", "2012-08-31": "$22,635", "2012-05-31": "$21,097", "2012-02-29": "$21,439", "2011-11-30": "$21,467", "2011-08-31": "$21,893", "2011-05-31": "$18,675", "2011-02-28": "$18,282", "2010-11-30": "$18,379", "2010-08-31": "$18,211", "2010-05-31": "$17,679", "2010-02-28": "$18,216", "2009-11-30": "$18,561", "2009-08-31": "$18,190", "2009-05-31": "$17,875", "2009-02-28": "$19,079", "2008-11-30": "$19,110", "2008-08-31": "$19,162", "2008-05-31": "$19,042", "2008-02-29": "$19,267", "2007-11-30": "$19,082", "2007-08-31": "$18,478", "2007-05-31": "$18,184", "2007-02-28": "$18,666", "2006-11-30": "$18,763", "2006-08-31": "$18,586", "2006-05-31": "$18,075", "2006-02-28": "$18,215", "2005-11-30": "$18,460", "2005-08-31": "$18,376", "2005-05-31": "$18,066", "2005-02-28": "$18,460"}}, "cash-on-hand": {"General Mills Annual Cash on Hand (Millions of US $)": {"2020": "$1,678", "2019": "$450", "2018": "$399", "2017": "$766", "2016": "$764", "2015": "$334", "2014": "$867", "2013": "$741", "2012": "$471", "2011": "$620", "2010": "$673", "2009": "$750", "2008": "$661", "2007": "$417", "2006": "$647", "2005": "$573"}, "General Mills Quarterly Cash on Hand (Millions of US $)": {"2020-11-30": "$2,583", "2020-08-31": "$1,797", "2020-05-31": "$1,678", "2020-02-29": "$607", "2019-11-30": "$560", "2019-08-31": "$505", "2019-05-31": "$450", "2019-02-28": "$547", "2018-11-30": "$533", "2018-08-31": "$433", "2018-05-31": "$399", "2018-02-28": "$953", "2017-11-30": "$962", "2017-08-31": "$821", "2017-05-31": "$766", "2017-02-28": "$899", "2016-11-30": "$810", "2016-08-31": "$766", "2016-05-31": "$764", "2016-02-29": "$783", "2015-11-30": "$650", "2015-08-31": "$451", "2015-05-31": "$334", "2015-02-28": "$784", "2014-11-30": "$895", "2014-08-31": "$841", "2014-05-31": "$867", "2014-02-28": "$847", "2013-11-30": "$774", "2013-08-31": "$759", "2013-05-31": "$741", "2013-02-28": "$751", "2012-11-30": "$735", "2012-08-31": "$1,508", "2012-05-31": "$471", "2012-02-29": "$485", "2011-11-30": "$509", "2011-08-31": "$338", "2011-05-31": "$620", "2011-02-28": "$540", "2010-11-30": "$566", "2010-08-31": "$697", "2010-05-31": "$673", "2010-02-28": "$691", "2009-11-30": "$858", "2009-08-31": "$712", "2009-05-31": "$750", "2009-02-28": "$937", "2008-11-30": "$640", "2008-08-31": "$655", "2008-05-31": "$661", "2008-02-29": "$620", "2007-11-30": "$530", "2007-08-31": "$410", "2007-05-31": "$417", "2007-02-28": "$476", "2006-11-30": "$492", "2006-08-31": "$425", "2006-05-31": "$647", "2006-02-28": "$653", "2005-11-30": "$730", "2005-08-31": "$609", "2005-05-31": "$573", "2005-02-28": "$597"}}, "long-term-debt": {"General Mills Annual Long Term Debt (Millions of US $)": {"2020": "$10,929", "2019": "$11,625", "2018": "$12,669", "2017": "$7,643", "2016": "$7,058", "2015": "$7,575", "2014": "$6,424", "2013": "$5,926", "2012": "$6,162", "2011": "$5,543", "2010": "$5,269", "2009": "$5,755", "2008": "$4,349", "2007": "$3,218", "2006": "$2,415", "2005": "$4,255"}, "General Mills Quarterly Long Term Debt (Millions of US $)": {"2020-11-30": "$10,953", "2020-08-31": "$10,833", "2020-05-31": "$10,929", "2020-02-29": "$11,590", "2019-11-30": "$10,953", "2019-08-31": "$11,620", "2019-05-31": "$11,625", "2019-02-28": "$11,643", "2018-11-30": "$12,209", "2018-08-31": "$12,665", "2018-05-31": "$12,669", "2018-02-28": "$7,164", "2017-11-30": "$8,228", "2017-08-31": "$7,823", "2017-05-31": "$7,643", "2017-02-28": "$7,176", "2016-11-30": "$6,542", "2016-08-31": "$7,078", "2016-05-31": "$7,058", "2016-02-29": "$7,024", "2015-11-30": "$7,417", "2015-08-31": "$7,610", "2015-05-31": "$7,575", "2015-02-28": "$6,643", "2014-11-30": "$7,713", "2014-08-31": "$6,669", "2014-05-31": "$6,424", "2014-02-28": "$7,180", "2013-11-30": "$6,741", "2013-08-31": "$5,914", "2013-05-31": "$5,926", "2013-02-28": "$6,632", "2012-11-30": "$5,572", "2012-08-31": "$5,462", "2012-05-31": "$6,162", "2012-02-29": "$6,195", "2011-11-30": "$5,248", "2011-08-31": "$5,901", "2011-05-31": "$5,543", "2011-02-28": "$4,843", "2010-11-30": "$5,864", "2010-08-31": "$5,772", "2010-05-31": "$5,269", "2010-02-28": "$5,672", "2009-11-30": "$5,648", "2009-08-31": "$5,754", "2009-05-31": "$5,755", "2009-02-28": "$5,755", "2008-11-30": "$5,106", "2008-08-31": "$5,043", "2008-05-31": "$4,349", "2008-02-29": "$3,601", "2007-11-30": "$3,599", "2007-08-31": "$3,004", "2007-05-31": "$3,218", "2007-02-28": "$3,165", "2006-11-30": "$2,241", "2006-08-31": "$2,406", "2006-05-31": "$2,415", "2006-02-28": "$2,502", "2005-11-30": "$3,995", "2005-08-31": "$4,240", "2005-05-31": "$4,255", "2005-02-28": "$6,616"}}, "total-liabilities": {"General Mills Annual Total Liabilities (Millions of US $)": {"2020": "$22,457", "2019": "$22,744", "2018": "$24,132", "2017": "$17,127", "2016": "$16,405", "2015": "$16,439", "2014": "$16,140", "2013": "$15,530", "2012": "$14,214", "2011": "$12,062", "2010": "$12,031", "2009": "$12,458", "2008": "$12,826", "2007": "$12,865", "2006": "$12,303", "2005": "$12,390"}, "General Mills Quarterly Total Liabilities (Millions of US $)": {"2020-11-30": "$23,455", "2020-08-31": "$22,504", "2020-05-31": "$22,457", "2020-02-29": "$22,389", "2019-11-30": "$22,432", "2019-08-31": "$22,618", "2019-05-31": "$22,744", "2019-02-28": "$23,036", "2018-11-30": "$23,405", "2018-08-31": "$23,979", "2018-05-31": "$24,132", "2018-02-28": "$16,906", "2017-11-30": "$17,602", "2017-08-31": "$17,927", "2017-05-31": "$17,127", "2017-02-28": "$17,267", "2016-11-30": "$17,076", "2016-08-31": "$16,625", "2016-05-31": "$16,405", "2016-02-29": "$16,368", "2015-11-30": "$16,424", "2015-08-31": "$16,971", "2015-05-31": "$16,439", "2015-02-28": "$17,534", "2014-11-30": "$18,094", "2014-08-31": "$16,690", "2014-05-31": "$16,140", "2014-02-28": "$16,147", "2013-11-30": "$16,066", "2013-08-31": "$15,651", "2013-05-31": "$15,530", "2013-02-28": "$15,314", "2012-11-30": "$15,513", "2012-08-31": "$15,542", "2012-05-31": "$14,214", "2012-02-29": "$14,035", "2011-11-30": "$14,414", "2011-08-31": "$14,884", "2011-05-31": "$12,062", "2011-02-28": "$12,169", "2010-11-30": "$12,494", "2010-08-31": "$12,839", "2010-05-31": "$12,031", "2010-02-28": "$11,739", "2009-11-30": "$12,228", "2009-08-31": "$12,552", "2009-05-31": "$12,458", "2009-02-28": "$13,542", "2008-11-30": "$13,815", "2008-08-31": "$13,096", "2008-05-31": "$12,826", "2008-02-29": "$13,340", "2007-11-30": "$13,402", "2007-08-31": "$14,019", "2007-05-31": "$12,865", "2007-02-28": "$12,705", "2006-11-30": "$13,217", "2006-08-31": "$13,256", "2006-05-31": "$12,303", "2006-02-28": "$12,677", "2005-11-30": "$13,064", "2005-08-31": "$13,232", "2005-05-31": "$12,390", "2005-02-28": "$13,168"}}, "total-share-holder-equity": {"General Mills Annual Share Holder Equity (Millions of US $)": {"2020": "$8,350", "2019": "$7,368", "2018": "$6,492", "2017": "$4,686", "2016": "$5,307", "2015": "$5,393", "2014": "$7,005", "2013": "$7,129", "2012": "$6,883", "2011": "$6,612", "2010": "$5,648", "2009": "$5,417", "2008": "$6,216", "2007": "$5,319", "2006": "$5,772", "2005": "$5,676"}, "General Mills Quarterly Share Holder Equity (Millions of US $)": {"2020-11-30": "$8,853", "2020-08-31": "$8,758", "2020-05-31": "$8,350", "2020-02-29": "$7,860", "2019-11-30": "$8,021", "2019-08-31": "$7,696", "2019-05-31": "$7,368", "2019-02-28": "$7,249", "2018-11-30": "$6,979", "2018-08-31": "$6,576", "2018-05-31": "$6,492", "2018-02-28": "$5,335", "2017-11-30": "$4,590", "2017-08-31": "$4,283", "2017-05-31": "$4,686", "2017-02-28": "$4,404", "2016-11-30": "$4,526", "2016-08-31": "$5,289", "2016-05-31": "$5,307", "2016-02-29": "$5,264", "2015-11-30": "$5,165", "2015-08-31": "$5,352", "2015-05-31": "$5,393", "2015-02-28": "$5,849", "2014-11-30": "$6,110", "2014-08-31": "$6,683", "2014-05-31": "$7,005", "2014-02-28": "$6,778", "2013-11-30": "$7,087", "2013-08-31": "$7,294", "2013-05-31": "$7,129", "2013-02-28": "$7,479", "2012-11-30": "$7,440", "2012-08-31": "$7,093", "2012-05-31": "$6,883", "2012-02-29": "$7,404", "2011-11-30": "$7,053", "2011-08-31": "$7,009", "2011-05-31": "$6,612", "2011-02-28": "$6,112", "2010-11-30": "$5,885", "2010-08-31": "$5,371", "2010-05-31": "$5,648", "2010-02-28": "$6,477", "2009-11-30": "$6,334", "2009-08-31": "$5,639", "2009-05-31": "$5,417", "2009-02-28": "$5,537", "2008-11-30": "$5,295", "2008-08-31": "$6,067", "2008-05-31": "$6,216", "2008-02-29": "$5,927", "2007-11-30": "$5,680", "2007-08-31": "$4,459", "2007-05-31": "$5,319", "2007-02-28": "$5,961", "2006-11-30": "$5,546", "2006-08-31": "$5,330", "2006-05-31": "$5,772", "2006-02-28": "$5,538", "2005-11-30": "$5,396", "2005-08-31": "$5,144", "2005-05-31": "$5,676", "2005-02-28": "$5,292"}}, "profit-margins": {"current": "13.16%"}, "gross margin": {"2020-11-30": "35.45%", "2020-08-31": "35.19%", "2020-05-31": "34.78%", "2020-02-29": "34.73%", "2019-11-30": "34.93%", "2019-08-31": "34.60%", "2019-05-31": "34.14%", "2019-02-28": "34.45%", "2018-11-30": "33.97%", "2018-08-31": "34.02%", "2018-05-31": "34.54%", "2018-02-28": "34.11%", "2017-11-30": "34.63%", "2017-08-31": "35.30%", "2017-05-31": "35.65%", "2017-02-28": "35.72%", "2016-11-30": "35.56%", "2016-08-31": "35.01%", "2016-05-31": "35.20%", "2016-02-29": "35.25%", "2015-11-30": "34.65%", "2015-08-31": "34.52%", "2015-05-31": "33.75%", "2015-02-28": "33.59%", "2014-11-30": "34.31%", "2014-08-31": "34.80%", "2014-05-31": "35.57%", "2014-02-28": "35.59%", "2013-11-30": "35.54%", "2013-08-31": "35.41%", "2013-05-31": "36.14%", "2013-02-28": "36.66%", "2012-11-30": "37.23%", "2012-08-31": "36.93%", "2012-05-31": "36.29%", "2012-02-29": "36.44%", "2011-11-30": "37.06%", "2011-08-31": "38.67%", "2011-05-31": "40.01%", "2011-02-28": "39.66%", "2010-11-30": "39.33%", "2010-08-31": "40.06%", "2010-05-31": "39.63%", "2010-02-28": "41.15%", "2009-11-30": "40.74%", "2009-08-31": "37.31%", "2009-05-31": "35.56%", "2009-02-28": "32.53%", "2008-11-30": "33.35%", "2008-08-31": "34.87%", "2008-05-31": "35.69%", "2008-02-29": "37.09%", "2007-11-30": "35.92%", "2007-08-31": "36.19%", "2007-05-31": "36.06%", "2007-02-28": "35.95%", "2006-11-30": "35.76%", "2006-08-31": "35.64%", "2006-05-31": "35.58%", "2006-02-28": "32.70%", "2005-11-30": "33.79%"}, "operating margin": {"2020-11-30": "17.78%", "2020-08-31": "17.48%", "2020-05-31": "16.75%", "2020-02-29": "16.94%", "2019-11-30": "16.92%", "2019-08-31": "15.36%", "2019-05-31": "14.92%", "2019-02-28": "14.08%", "2018-11-30": "13.85%", "2018-08-31": "15.05%", "2018-05-31": "15.37%", "2018-02-28": "15.45%", "2017-11-30": "15.36%", "2017-08-31": "15.83%", "2017-05-31": "15.95%", "2017-02-28": "15.81%", "2016-11-30": "15.88%", "2016-08-31": "16.42%", "2016-05-31": "16.34%", "2016-02-29": "15.35%", "2015-11-30": "14.75%", "2015-08-31": "12.54%", "2015-05-31": "11.79%", "2015-02-28": "13.26%", "2014-11-30": "14.00%", "2014-08-31": "15.62%", "2014-05-31": "16.52%", "2014-02-28": "15.95%", "2013-11-30": "15.74%", "2013-08-31": "15.51%", "2013-05-31": "16.05%", "2013-02-28": "16.00%", "2012-11-30": "16.45%", "2012-08-31": "16.04%", "2012-05-31": "15.39%", "2012-02-29": "15.78%", "2011-11-30": "16.17%", "2011-08-31": "17.46%", "2011-05-31": "18.64%", "2011-02-28": "18.35%", "2010-11-30": "17.79%", "2010-08-31": "18.21%", "2010-05-31": "17.81%", "2010-02-28": "18.92%", "2009-11-30": "19.29%", "2009-08-31": "17.52%", "2009-05-31": "15.97%", "2009-02-28": "13.98%", "2008-11-30": "14.73%", "2008-08-31": "15.56%", "2008-05-31": "16.33%", "2008-02-29": "17.35%", "2007-11-30": "16.21%", "2007-08-31": "16.41%", "2007-05-31": "16.54%", "2007-02-28": "16.86%", "2006-11-30": "16.83%", "2006-08-31": "16.80%", "2006-05-31": "16.73%", "2006-02-28": "21.15%", "2005-11-30": "21.70%"}, "ebitda margin": {"2020-11-30": "20.96%", "2020-08-31": "20.75%", "2020-05-31": "20.13%", "2020-02-29": "20.60%", "2019-11-30": "20.61%", "2019-08-31": "19.06%", "2019-05-31": "18.60%", "2019-02-28": "17.99%", "2018-11-30": "17.77%", "2018-08-31": "18.95%", "2018-05-31": "19.30%", "2018-02-28": "19.21%", "2017-11-30": "19.17%", "2017-08-31": "19.68%", "2017-05-31": "19.81%", "2017-02-28": "19.72%", "2016-11-30": "19.74%", "2016-08-31": "20.21%", "2016-05-31": "20.01%", "2016-02-29": "18.80%", "2015-11-30": "18.17%", "2015-08-31": "15.85%", "2015-05-31": "15.12%", "2015-02-28": "16.59%", "2014-11-30": "17.27%", "2014-08-31": "18.90%", "2014-05-31": "19.78%", "2014-02-28": "19.26%", "2013-11-30": "19.05%", "2013-08-31": "18.82%", "2013-05-31": "19.35%", "2013-02-28": "19.30%", "2012-11-30": "19.74%", "2012-08-31": "19.33%", "2012-05-31": "18.63%", "2012-02-29": "18.96%", "2011-11-30": "19.38%", "2011-08-31": "20.66%", "2011-05-31": "21.82%", "2011-02-28": "21.54%", "2010-11-30": "20.91%", "2010-08-31": "21.33%", "2010-05-31": "20.94%", "2010-02-28": "22.07%", "2009-11-30": "22.44%", "2009-08-31": "20.63%", "2009-05-31": "19.09%", "2009-02-28": "17.04%", "2008-11-30": "17.84%", "2008-08-31": "18.85%", "2008-05-31": "19.69%", "2008-02-29": "20.78%", "2007-11-30": "19.65%", "2007-08-31": "19.75%", "2007-05-31": "19.90%", "2007-02-28": "20.29%", "2006-11-30": "20.33%", "2006-08-31": "20.36%", "2006-05-31": "20.35%", "2006-02-28": "24.85%", "2005-11-30": "25.45%"}, "pre tax profit margin": {"2020-11-30": "16.02%", "2020-08-31": "15.58%", "2020-05-31": "14.75%", "2020-02-29": "14.81%", "2019-11-30": "14.62%", "2019-08-31": "12.92%", "2019-05-31": "12.35%", "2019-02-28": "11.39%", "2018-11-30": "11.37%", "2018-08-31": "12.89%", "2018-05-31": "13.56%", "2018-02-28": "14.38%", "2017-11-30": "14.22%", "2017-08-31": "14.55%", "2017-05-31": "14.54%", "2017-02-28": "13.89%", "2016-11-30": "13.97%", "2016-08-31": "14.56%", "2016-05-31": "14.51%", "2016-02-29": "13.54%", "2015-11-30": "12.97%", "2015-08-31": "10.76%", "2015-05-31": "9.99%", "2015-02-28": "11.47%", "2014-11-30": "12.23%", "2014-08-31": "13.91%", "2014-05-31": "14.82%", "2014-02-28": "14.25%", "2013-11-30": "14.05%", "2013-08-31": "13.79%", "2013-05-31": "14.27%", "2013-02-28": "14.18%", "2012-11-30": "14.48%", "2012-08-31": "13.97%", "2012-05-31": "13.28%", "2012-02-29": "13.58%", "2011-11-30": "13.97%", "2011-08-31": "15.22%", "2011-05-31": "16.32%", "2011-02-28": "15.75%", "2010-11-30": "15.11%", "2010-08-31": "15.48%", "2010-05-31": "15.06%", "2010-02-28": "16.35%", "2009-11-30": "16.68%", "2009-08-31": "14.85%", "2009-05-31": "13.34%", "2009-02-28": "11.57%", "2008-11-30": "12.28%", "2008-08-31": "12.91%", "2008-05-31": "13.40%", "2008-02-29": "14.07%", "2007-11-30": "12.79%", "2007-08-31": "12.98%", "2007-05-31": "13.12%", "2007-02-28": "13.36%", "2006-11-30": "13.34%", "2006-08-31": "13.31%", "2006-05-31": "13.31%", "2006-02-28": "16.50%", "2005-11-30": "16.94%"}, "net profit margin": {"2020-11-30": "13.16%", "2020-08-31": "12.79%", "2020-05-31": "12.38%", "2020-02-29": "12.68%", "2019-11-30": "12.63%", "2019-08-31": "11.21%", "2019-05-31": "10.39%", "2019-02-28": "9.26%", "2018-11-30": "12.47%", "2018-08-31": "13.18%", "2018-05-31": "13.54%", "2018-02-28": "13.96%", "2017-11-30": "10.30%", "2017-08-31": "10.68%", "2017-05-31": "10.61%", "2017-02-28": "10.35%", "2016-11-30": "10.24%", "2016-08-31": "10.34%", "2016-05-31": "10.26%", "2016-02-29": "8.89%", "2015-11-30": "8.60%", "2015-08-31": "7.42%", "2015-05-31": "6.93%", "2015-02-28": "8.17%", "2014-11-30": "8.54%", "2014-08-31": "9.61%", "2014-05-31": "10.19%", "2014-02-28": "9.90%", "2013-11-30": "9.80%", "2013-08-31": "9.75%", "2013-05-31": "10.44%", "2013-02-28": "10.41%", "2012-11-30": "10.56%", "2012-08-31": "10.15%", "2012-05-31": "9.41%", "2012-02-29": "9.63%", "2011-11-30": "9.92%", "2011-08-31": "11.40%", "2011-05-31": "12.08%", "2011-02-28": "11.44%", "2010-11-30": "11.08%", "2010-08-31": "10.78%", "2010-05-31": "10.47%", "2010-02-28": "11.49%", "2009-11-30": "11.23%", "2009-08-31": "9.95%", "2009-05-31": "8.97%", "2009-02-28": "7.79%", "2008-11-30": "8.84%", "2008-08-31": "9.13%", "2008-05-31": "9.49%", "2008-02-29": "10.07%", "2007-11-30": "9.09%", "2007-08-31": "9.21%", "2007-05-31": "9.19%", "2007-02-28": "9.33%", "2006-11-30": "9.28%", "2006-08-31": "9.29%", "2006-05-31": "9.31%", "2006-02-28": "11.42%", "2005-11-30": "11.38%"}, "pe ratio": {"current": "14.67", "2021-02-11": "14.59", "2020-11-30": "15.46", "2020-08-31": "16.81", "2020-05-31": "17.27", "2020-02-29": "13.62", "2019-11-30": "14.68", "2019-08-31": "16.48", "2019-05-31": "16.04", "2019-02-28": "17.22", "2018-11-30": "11.36", "2018-08-31": "11.63", "2018-05-31": "10.46", "2018-02-28": "12.04", "2017-11-30": "18.30", "2017-08-31": "16.70", "2017-05-31": "17.76", "2017-02-28": "19.23", "2016-11-30": "19.40", "2016-08-31": "21.81", "2016-05-31": "19.07", "2016-02-29": "20.06", "2015-11-30": "19.77", "2015-08-31": "22.11", "2015-05-31": "23.25", "2015-02-28": "18.76", "2014-11-30": "17.65", "2014-08-31": "15.87", "2014-05-31": "15.34", "2014-02-28": "14.37", "2013-11-30": "14.59", "2013-08-31": "14.26", "2013-05-31": "12.93", "2013-02-28": "12.89", "2012-11-30": "11.42", "2012-08-31": "11.50", "2012-05-31": "12.09", "2012-02-29": "12.06", "2011-11-30": "12.43", "2011-08-31": "10.58", "2011-05-31": "10.64", "2011-02-28": "10.52", "2010-11-30": "10.38", "2010-08-31": "10.96", "2010-05-31": "11.07", "2010-02-28": "10.10", "2009-11-30": "9.69", "2009-08-31": "9.58", "2009-05-31": "9.13", "2009-02-28": "10.82", "2008-11-30": "11.58", "2008-08-31": "11.89", "2008-05-31": "11.21", "2008-02-29": "9.63", "2007-11-30": "11.80", "2007-08-31": "11.09", "2007-05-31": "12.34", "2007-02-28": "11.31", "2006-11-30": "11.38"}, "price sales": {"2021-02-11": "1.92", "2020-11-30": "2.03", "2020-08-31": "2.15", "2020-05-31": "2.14", "2020-02-29": "1.73", "2019-11-30": "1.85", "2019-08-31": "1.85", "2019-05-31": "1.67", "2019-02-28": "1.59", "2018-11-30": "1.42", "2018-08-31": "1.53", "2018-05-31": "1.41", "2018-02-28": "1.69", "2017-11-30": "1.89", "2017-08-31": "1.79", "2017-05-31": "1.89", "2017-02-28": "1.99", "2016-11-30": "1.98", "2016-08-31": "2.25", "2016-05-31": "1.95", "2016-02-29": "1.78", "2015-11-30": "1.70", "2015-08-31": "1.64", "2015-05-31": "1.61", "2015-02-28": "1.55", "2014-11-30": "1.52", "2014-08-31": "1.53", "2014-05-31": "1.57", "2014-02-28": "1.42", "2013-11-30": "1.43", "2013-08-31": "1.40", "2013-05-31": "1.35", "2013-02-28": "1.34", "2012-11-30": "1.20", "2012-08-31": "1.16", "2012-05-31": "1.14", "2012-02-29": "1.16", "2011-11-30": "1.23", "2011-08-31": "1.20", "2011-05-31": "1.28", "2011-02-28": "1.19", "2010-11-30": "1.14", "2010-08-31": "1.17", "2010-05-31": "1.15", "2010-02-28": "1.16", "2009-11-30": "1.09", "2009-08-31": "0.96", "2009-05-31": "0.82", "2009-02-28": "0.84", "2008-11-30": "1.02", "2008-08-31": "1.08", "2008-05-31": "1.05", "2008-02-29": "0.96", "2007-11-30": "1.06", "2007-08-31": "1.01", "2007-05-31": "1.14", "2007-02-28": "1.07", "2006-11-30": "1.07"}, "price book": {"current": "3.98", "2021-02-11": "3.93", "2020-11-30": "4.16", "2020-08-31": "4.39", "2020-05-31": "4.49", "2020-02-29": "3.65", "2019-11-30": "3.85", "2019-08-31": "4.01", "2019-05-31": "3.80", "2019-02-28": "3.63", "2018-11-30": "3.33", "2018-08-31": "3.80", "2018-05-31": "3.48", "2018-02-28": "4.81", "2017-11-30": "6.19", "2017-08-31": "6.18", "2017-05-31": "6.06", "2017-02-28": "6.79", "2016-11-30": "6.67", "2016-08-31": "6.74", "2016-05-31": "5.94", "2016-02-29": "5.54", "2015-11-30": "5.50", "2015-08-31": "5.22", "2015-05-31": "5.09", "2015-02-28": "4.44", "2014-11-30": "4.14", "2014-08-31": "3.85", "2014-05-31": "3.80", "2014-02-28": "3.57", "2013-11-30": "3.47", "2013-08-31": "3.33", "2013-05-31": "3.24", "2013-02-28": "3.03", "2012-11-30": "2.68", "2012-08-31": "2.68", "2012-05-31": "2.68", "2012-02-29": "2.47", "2011-11-30": "2.67", "2011-08-31": "2.53", "2011-05-31": "2.79", "2011-02-28": "2.77", "2010-11-30": "2.72", "2010-08-31": "3.03", "2010-05-31": "2.89", "2010-02-28": "2.55", "2009-11-30": "2.43", "2009-08-31": "2.36", "2009-05-31": "2.10", "2009-02-28": "2.09", "2008-11-30": "2.61", "2008-08-31": "2.43", "2008-05-31": "2.26", "2008-02-29": "2.07", "2007-11-30": "2.31", "2007-08-31": "2.60", "2007-05-31": "2.51", "2007-02-28": "2.08", "2006-11-30": "2.20", "2006-08-31": "2.21", "2006-05-31": "2.00", "2006-02-28": "1.96"}, "price fcf": {"2021-02-11": "", "2020-11-30": "$5.06", "2020-08-31": "$5.18", "2020-05-31": "$5.25", "2020-02-29": "$4.09", "2019-11-30": "$3.98", "2019-08-31": "$3.77", "2019-05-31": "$3.77", "2019-02-28": "$3.57", "2018-11-30": "$3.45", "2018-08-31": "$3.80", "2018-05-31": "$3.79", "2018-02-28": "$3.88", "2017-11-30": "$3.89", "2017-08-31": "$3.35", "2017-05-31": "$2.90", "2017-02-28": "$3.05", "2016-11-30": "$3.19", "2016-08-31": "$3.23", "2016-05-31": "$3.33", "2016-02-29": "$3.51", "2015-11-30": "$3.50", "2015-08-31": "$3.15", "2015-05-31": "$2.98", "2015-02-28": "$2.61", "2014-11-30": "$2.66", "2014-08-31": "$2.81", "2014-05-31": "$2.92", "2014-02-28": "$2.92", "2013-11-30": "$3.06", "2013-08-31": "$3.38", "2013-05-31": "$3.51", "2013-02-28": "$3.38", "2012-11-30": "$2.85", "2012-08-31": "$2.66", "2012-05-31": "$2.60", "2012-02-29": "$1.94", "2011-11-30": "$2.19", "2011-08-31": "$1.73", "2011-05-31": "$1.33", "2011-02-28": "$1.92", "2010-11-30": "$1.74", "2010-08-31": "$2.17", "2010-05-31": "$2.33", "2010-02-28": "$2.36", "2009-11-30": "$2.75", "2009-08-31": "$1.94", "2009-05-31": "$1.85", "2009-02-28": "$2.03", "2008-11-30": "$1.58", "2008-08-31": "$1.97", "2008-05-31": "$1.78", "2008-02-29": "$1.43", "2007-11-30": "$1.59", "2007-08-31": "$1.68", "2007-05-31": "$1.81", "2007-02-28": "$1.82", "2006-11-30": "$2.57"}, "net worth": {"value": "$35.26B"}, "current ratio": {"current": "0.76", "2020-11-30": "0.76", "2020-08-31": "0.70", "2020-05-31": "0.68", "2020-02-29": "0.64", "2019-11-30": "0.61", "2019-08-31": "0.62", "2019-05-31": "0.59", "2019-02-28": "0.56", "2018-11-30": "0.58", "2018-08-31": "0.58", "2018-05-31": "0.56", "2018-02-28": "0.69", "2017-11-30": "0.81", "2017-08-31": "0.74", "2017-05-31": "0.76", "2017-02-28": "0.72", "2016-11-30": "0.66", "2016-08-31": "0.80", "2016-05-31": "0.79", "2016-02-29": "0.76", "2015-11-30": "0.82", "2015-08-31": "0.81", "2015-05-31": "0.75", "2015-02-28": "0.67", "2014-11-30": "0.82", "2014-08-31": "0.81", "2014-05-31": "0.81", "2014-02-28": "0.97", "2013-11-30": "0.96", "2013-08-31": "0.86", "2013-05-31": "0.81", "2013-02-28": "1.02", "2012-11-30": "0.80", "2012-08-31": "0.87", "2012-05-31": "0.96", "2012-02-29": "1.00", "2011-11-30": "0.78", "2011-08-31": "0.84", "2011-05-31": "1.07", "2011-02-28": "0.85", "2010-11-30": "1.08", "2010-08-31": "0.97", "2010-05-31": "0.92", "2010-02-28": "1.23", "2009-11-30": "1.19", "2009-08-31": "1.04", "2009-05-31": "0.98", "2009-02-28": "0.97", "2008-11-30": "0.81", "2008-08-31": "0.86", "2008-05-31": "0.75", "2008-02-29": "0.65", "2007-11-30": "0.62", "2007-08-31": "0.46", "2007-05-31": "0.52", "2007-02-28": "0.58", "2006-11-30": "0.50", "2006-08-31": "0.49", "2006-05-31": "0.50", "2006-02-28": "0.52", "2005-11-30": "0.68", "2005-08-31": "0.67", "2005-05-31": "0.73", "2005-02-28": "1.17"}, "quick ratio": {"2020-11-30": "0.56", "2020-08-31": "0.49", "2020-05-31": "0.49", "2020-02-29": "0.41", "2019-11-30": "0.38", "2019-08-31": "0.37", "2019-05-31": "0.37", "2019-02-28": "0.35", "2018-11-30": "0.36", "2018-08-31": "0.35", "2018-05-31": "0.34", "2018-02-28": "0.46", "2017-11-30": "0.53", "2017-08-31": "0.47", "2017-05-31": "0.48", "2017-02-28": "0.46", "2016-11-30": "0.41", "2016-08-31": "0.51", "2016-05-31": "0.50", "2016-02-29": "0.51", "2015-11-30": "0.52", "2015-08-31": "0.47", "2015-05-31": "0.44", "2015-02-28": "0.43", "2014-11-30": "0.51", "2014-08-31": "0.50", "2014-05-31": "0.52", "2014-02-28": "0.64", "2013-11-30": "0.61", "2013-08-31": "0.53", "2013-05-31": "0.52", "2013-02-28": "0.64", "2012-11-30": "0.49", "2012-08-31": "0.57", "2012-05-31": "0.58", "2012-02-29": "0.60", "2011-11-30": "0.47", "2011-08-31": "0.47", "2011-05-31": "0.63", "2011-02-28": "0.48", "2010-11-30": "0.62", "2010-08-31": "0.56", "2010-05-31": "0.57", "2010-02-28": "0.74", "2009-11-30": "0.72", "2009-08-31": "0.60", "2009-05-31": "0.61", "2009-02-28": "0.63", "2008-11-30": "0.49", "2008-08-31": "0.50", "2008-05-31": "0.46", "2008-02-29": "0.38", "2007-11-30": "0.37", "2007-08-31": "0.26", "2007-05-31": "0.32", "2007-02-28": "0.36", "2006-11-30": "0.30", "2006-08-31": "0.28", "2006-05-31": "0.32", "2006-02-28": "0.34", "2005-11-30": "0.44", "2005-08-31": "0.41", "2005-05-31": "0.48", "2005-02-28": "0.75"}, "debt equity ratio": {"current": "1.24", "2020-11-30": "2.65", "2020-08-31": "2.57", "2020-05-31": "2.69", "2020-02-29": "2.85", "2019-11-30": "2.80", "2019-08-31": "2.94", "2019-05-31": "3.09", "2019-02-28": "3.18", "2018-11-30": "3.35", "2018-08-31": "3.65", "2018-05-31": "3.72", "2018-02-28": "3.17", "2017-11-30": "3.84", "2017-08-31": "4.19", "2017-05-31": "3.66", "2017-02-28": "3.92", "2016-11-30": "3.77", "2016-08-31": "3.14", "2016-05-31": "3.09", "2016-02-29": "3.11", "2015-11-30": "3.18", "2015-08-31": "3.17", "2015-05-31": "3.05", "2015-02-28": "3.00", "2014-11-30": "2.96", "2014-08-31": "2.50", "2014-05-31": "2.30", "2014-02-28": "2.38", "2013-11-30": "2.27", "2013-08-31": "2.15", "2013-05-31": "2.18", "2013-02-28": "2.05", "2012-11-30": "2.09", "2012-08-31": "2.19", "2012-05-31": "2.07", "2012-02-29": "1.90", "2011-11-30": "2.04", "2011-08-31": "2.12", "2011-05-31": "1.82", "2011-02-28": "1.99", "2010-11-30": "2.12", "2010-08-31": "2.39", "2010-05-31": "2.13", "2010-02-28": "1.81", "2009-11-30": "1.93", "2009-08-31": "2.23", "2009-05-31": "2.30", "2009-02-28": "2.45", "2008-11-30": "2.61", "2008-08-31": "2.16", "2008-05-31": "2.06", "2008-02-29": "2.25", "2007-11-30": "2.36", "2007-08-31": "3.14", "2007-05-31": "2.42", "2007-02-28": "2.13", "2006-11-30": "2.38", "2006-08-31": "2.49", "2006-05-31": "2.13", "2006-02-28": "2.29", "2005-11-30": "2.42", "2005-08-31": "2.57", "2005-05-31": "2.18", "2005-02-28": "2.49"}, "return on equity": {"2020-11-30": "28.47%", "2020-08-31": "27.89%", "2020-05-31": "27.34%", "2020-02-29": "27.48%", "2019-11-30": "27.94%", "2019-08-31": "25.69%", "2019-05-31": "24.88%", "2019-02-28": "22.51%", "2018-11-30": "31.99%", "2018-08-31": "36.85%", "2018-05-31": "41.18%", "2018-02-28": "46.28%", "2017-11-30": "35.70%", "2017-08-31": "36.96%", "2017-05-31": "35.08%", "2017-02-28": "33.37%", "2016-11-30": "32.04%", "2016-08-31": "31.98%", "2016-05-31": "32.23%", "2016-02-29": "28.45%", "2015-11-30": "27.34%", "2015-08-31": "22.96%", "2015-05-31": "20.32%", "2015-02-28": "22.44%", "2014-11-30": "22.68%", "2014-08-31": "24.84%", "2014-05-31": "25.92%", "2014-02-28": "25.25%", "2013-11-30": "24.46%", "2013-08-31": "24.06%", "2013-05-31": "25.46%", "2013-02-28": "25.11%", "2012-11-30": "25.09%", "2012-08-31": "24.07%", "2012-05-31": "22.12%", "2012-02-29": "22.27%", "2011-11-30": "23.34%", "2011-08-31": "27.04%", "2011-05-31": "29.99%", "2011-02-28": "29.37%", "2010-11-30": "27.90%", "2010-08-31": "26.57%", "2010-05-31": "25.43%", "2010-02-28": "28.14%", "2009-11-30": "28.53%", "2009-08-31": "26.44%", "2009-05-31": "23.39%", "2009-02-28": "19.57%", "2008-11-30": "21.65%", "2008-08-31": "21.52%", "2008-05-31": "23.25%", "2008-02-29": "24.95%", "2007-11-30": "21.89%", "2007-08-31": "21.91%", "2007-05-31": "20.65%", "2007-02-28": "20.20%", "2006-11-30": "20.19%", "2006-08-31": "20.06%", "2006-05-31": "19.95%", "2006-02-28": "24.42%", "2005-11-30": "24.40%"}, "return on assets": {"2020-11-30": "7.73%", "2020-08-31": "7.49%", "2020-05-31": "7.16%", "2020-02-29": "7.02%", "2019-11-30": "7.00%", "2019-08-31": "6.21%", "2019-05-31": "5.78%", "2019-02-28": "5.04%", "2018-11-30": "7.14%", "2018-08-31": "8.02%", "2018-05-31": "8.76%", "2018-02-28": "9.89%", "2017-11-30": "7.30%", "2017-08-31": "7.58%", "2017-05-31": "7.62%", "2017-02-28": "7.50%", "2016-11-30": "7.52%", "2016-08-31": "7.74%", "2016-05-31": "7.79%", "2016-02-29": "6.89%", "2015-11-30": "6.67%", "2015-08-31": "5.68%", "2015-05-31": "5.26%", "2015-02-28": "6.12%", "2014-11-30": "6.44%", "2014-08-31": "7.39%", "2014-05-31": "7.92%", "2014-02-28": "7.79%", "2013-11-30": "7.75%", "2013-08-31": "7.73%", "2013-05-31": "8.15%", "2013-02-28": "8.11%", "2012-11-30": "8.21%", "2012-08-31": "7.90%", "2012-05-31": "7.30%", "2012-02-29": "7.49%", "2011-11-30": "7.78%", "2011-08-31": "8.97%", "2011-05-31": "9.78%", "2011-02-28": "9.32%", "2010-11-30": "9.00%", "2010-08-31": "8.71%", "2010-05-31": "8.44%", "2010-02-28": "9.22%", "2009-11-30": "8.87%", "2009-08-31": "7.79%", "2009-05-31": "6.94%", "2009-02-28": "5.92%", "2008-11-30": "6.64%", "2008-08-31": "6.71%", "2008-05-31": "6.83%", "2008-02-29": "7.11%", "2007-11-30": "6.30%", "2007-08-31": "6.29%", "2007-05-31": "6.17%", "2007-02-28": "6.17%", "2006-11-30": "6.08%", "2006-08-31": "6.03%", "2006-05-31": "5.96%", "2006-02-28": "7.27%", "2005-11-30": "7.15%"}, "return on investments": {"2020-11-30": "16.65%", "2020-08-31": "16.28%", "2020-05-31": "15.34%", "2020-02-29": "14.80%", "2019-11-30": "14.91%", "2019-08-31": "13.49%", "2019-05-31": "13.19%", "2019-02-28": "12.22%", "2018-11-30": "12.87%", "2018-08-31": "15.17%", "2018-05-31": "17.11%", "2018-02-28": "19.45%", "2017-11-30": "19.59%", "2017-08-31": "20.82%", "2017-05-31": "21.05%", "2017-02-28": "21.01%", "2016-11-30": "21.07%", "2016-08-31": "21.53%", "2016-05-31": "21.57%", "2016-02-29": "20.46%", "2015-11-30": "20.00%", "2015-08-31": "16.87%", "2015-05-31": "15.79%", "2015-02-28": "17.60%", "2014-11-30": "18.11%", "2014-08-31": "20.39%", "2014-05-31": "21.74%", "2014-02-28": "21.29%", "2013-11-30": "21.02%", "2013-08-31": "21.03%", "2013-05-31": "21.63%", "2013-02-28": "21.16%", "2012-11-30": "21.57%", "2012-08-31": "21.00%", "2012-05-31": "19.77%", "2012-02-29": "20.10%", "2011-11-30": "21.08%", "2011-08-31": "22.22%", "2011-05-31": "24.12%", "2011-02-28": "24.22%", "2010-11-30": "22.79%", "2010-08-31": "23.16%", "2010-05-31": "22.45%", "2010-02-28": "23.69%", "2009-11-30": "24.52%", "2009-08-31": "23.02%", "2009-05-31": "21.15%", "2009-02-28": "18.72%", "2008-11-30": "20.37%", "2008-08-31": "21.64%", "2008-05-31": "24.21%", "2008-02-29": "26.41%", "2007-11-30": "24.29%", "2007-08-31": "25.24%", "2007-05-31": "24.81%", "2007-02-28": "25.14%", "2006-11-30": "25.59%", "2006-08-31": "23.96%", "2006-05-31": "22.39%", "2006-02-28": "26.78%", "2005-11-30": "24.63%"}, "return on tangible equity": {"2020-11-30": "-19.03%", "2020-08-31": "-17.91%", "2020-05-31": "-16.66%", "2020-02-29": "-15.89%", "2019-11-30": "-15.61%", "2019-08-31": "-13.57%", "2019-05-31": "-12.32%", "2019-02-28": "-10.57%", "2018-11-30": "-15.53%", "2018-08-31": "-18.08%", "2018-05-31": "-20.73%", "2018-02-28": "-25.20%", "2017-11-30": "-18.14%", "2017-08-31": "-18.81%", "2017-05-31": "-19.47%", "2017-02-28": "-19.49%", "2016-11-30": "-20.05%", "2016-08-31": "-21.12%", "2016-05-31": "-21.25%", "2016-02-29": "-18.73%", "2015-11-30": "-18.41%", "2015-08-31": "-16.04%", "2015-05-31": "-15.64%", "2015-02-28": "-19.36%", "2014-11-30": "-21.13%", "2014-08-31": "-25.33%", "2014-05-31": "-27.60%", "2014-02-28": "-27.17%", "2013-11-30": "-27.64%", "2013-08-31": "-27.94%", "2013-05-31": "-29.94%", "2013-02-28": "-29.88%", "2012-11-30": "-30.69%", "2012-08-31": "-29.46%", "2012-05-31": "-26.55%", "2012-02-29": "-28.99%", "2011-11-30": "-30.60%", "2011-08-31": "-36.34%", "2011-05-31": "-40.39%", "2011-02-28": "-36.51%", "2010-11-30": "-36.18%", "2010-08-31": "-35.83%", "2010-05-31": "-35.06%", "2010-02-28": "-37.70%", "2009-11-30": "-35.06%", "2009-08-31": "-29.67%", "2009-05-31": "-27.19%", "2009-02-28": "-24.39%", "2008-11-30": "-27.68%", "2008-08-31": "-28.18%", "2008-05-31": "-26.27%", "2008-02-29": "-25.92%", "2007-11-30": "-22.85%", "2007-08-31": "-22.83%", "2007-05-31": "-23.52%", "2007-02-28": "-24.38%", "2006-11-30": "-23.53%", "2006-08-31": "-22.96%", "2006-05-31": "-22.36%", "2006-02-28": "-27.17%", "2005-11-30": "-26.52%"}, "dividend yield history": {"last payout": "$2.04", "last yield": "3.54%"}}