{"ticker": "GPN", "price": {"title": "Global Payments Historical Annual Stock Price Data", "value": 198.27, "historical": {"2020": {"Average Stock Price": "177.1784", "Year Open": "185.6700", "Year High": "215.4200", "Year Low": "116.0700", "Year Close": "215.4200", "Annual % Change": "18.00%"}, "2019": {"Average Stock Price": "151.5990", "Year Open": "102.0300", "Year High": "183.4900", "Year Low": "98.7200", "Year Close": "182.5600", "Annual % Change": "77.02%"}, "2018": {"Average Stock Price": "113.4968", "Year Open": "99.5600", "Year High": "128.5900", "Year Low": "95.3700", "Year Close": "103.1300", "Annual % Change": "2.88%"}, "2017": {"Average Stock Price": "89.8202", "Year Open": "70.5000", "Year High": "104.2700", "Year Low": "70.5000", "Year Close": "100.2400", "Annual % Change": "44.42%"}, "2016": {"Average Stock Price": "70.1841", "Year Open": "62.5800", "Year High": "79.2300", "Year Low": "52.4700", "Year Close": "69.4100", "Annual % Change": "7.60%"}, "2015": {"Average Stock Price": "54.8407", "Year Open": "40.3250", "Year High": "72.6600", "Year Low": "39.1850", "Year Close": "64.5100", "Annual % Change": "59.82%"}, "2014": {"Average Stock Price": "36.1666", "Year Open": "32.7250", "Year High": "43.1800", "Year Low": "31.8050", "Year Close": "40.3650", "Annual % Change": "24.22%"}, "2013": {"Average Stock Price": "25.5846", "Year Open": "23.0650", "Year High": "32.4950", "Year Low": "22.2200", "Year Close": "32.4950", "Annual % Change": "43.47%"}, "2012": {"Average Stock Price": "22.5236", "Year Open": "24.0750", "Year High": "26.7400", "Year Low": "19.9400", "Year Close": "22.6500", "Annual % Change": "-4.39%"}, "2011": {"Average Stock Price": "23.6462", "Year Open": "23.3950", "Year High": "26.6950", "Year Low": "19.6650", "Year Close": "23.6900", "Annual % Change": "2.53%"}, "2010": {"Average Stock Price": "21.0408", "Year Open": "26.3350", "Year High": "26.3350", "Year Low": "18.0500", "Year Close": "23.1050", "Annual % Change": "-14.20%"}, "2009": {"Average Stock Price": "20.1406", "Year Open": "17.0900", "Year High": "27.0750", "Year Low": "13.7950", "Year Close": "26.9300", "Annual % Change": "64.26%"}, "2008": {"Average Stock Price": "20.9448", "Year Open": "22.6350", "Year High": "24.8850", "Year Low": "15.6800", "Year Close": "16.3950", "Annual % Change": "-29.51%"}, "2007": {"Average Stock Price": "20.2225", "Year Open": "23.8850", "Year High": "24.5250", "Year Low": "17.0300", "Year Close": "23.2600", "Annual % Change": "0.48%"}, "2006": {"Average Stock Price": "22.7904", "Year Open": "23.7100", "Year High": "27.0900", "Year Low": "18.5000", "Year Close": "23.1500", "Annual % Change": "-0.67%"}, "2005": {"Average Stock Price": "17.4244", "Year Open": "14.4300", "Year High": "23.9550", "Year Low": "13.8000", "Year Close": "23.3050", "Annual % Change": "59.24%"}, "2004": {"Average Stock Price": "12.0717", "Year Open": "11.8825", "Year High": "14.8350", "Year Low": "10.4575", "Year Close": "14.6350", "Annual % Change": "24.24%"}, "2003": {"Average Stock Price": "8.7934", "Year Open": "7.9375", "Year High": "11.9550", "Year Low": "6.5375", "Year Close": "11.7800", "Annual % Change": "47.20%"}, "2002": {"Average Stock Price": "7.7336", "Year Open": "8.4425", "Year High": "9.6050", "Year Low": "5.6175", "Year Close": "8.0025", "Annual % Change": "-6.95%"}, "2001": {"Average Stock Price": "6.6434", "Year Open": "3.7500", "Year High": "8.9125", "Year Low": "3.7500", "Year Close": "8.6000", "Annual % Change": "0.00%"}}}, "market cap": {"value": "$59.35B"}, "income statement": {"Revenue": {"2019-12-31": "4911.89200", "2018-12-31": "3366.36600", "2017-12-31": "3975.16300", "2016-12-31": "2898.15000", "2016-05-31": "2898.15000", "2015-05-31": "2773.71800", "2014-05-31": "2554.23600", "2013-05-31": "2375.92300", "2012-05-31": "2203.84700", "2011-05-31": "1859.80200", "2010-05-31": "1642.46800", "2009-05-31": "1462.30600", "2008-05-31": "1130.60800", "2007-05-31": "1061.52300", "2006-05-31": "908.05600", "2005-05-31": "784.33100"}, "Cost Of Goods Sold": {"2019-12-31": "2073.80300", "2018-12-31": "1095.01400", "2017-12-31": "1928.03700", "2016-12-31": "1147.63900", "2016-05-31": "1147.63900", "2015-05-31": "1022.10700", "2014-05-31": "952.22500", "2013-05-31": "862.07500", "2012-05-31": "784.75600", "2011-05-31": "665.01700", "2010-05-31": "584.60900", "2009-05-31": "504.85500", "2008-05-31": "375.81700", "2007-05-31": "414.83700", "2006-05-31": "358.02000", "2005-05-31": "337.27200"}, "Gross Profit": {"2019-12-31": "2838.08900", "2018-12-31": "2271.35200", "2017-12-31": "2047.12600", "2016-12-31": "1750.51100", "2016-05-31": "1750.51100", "2015-05-31": "1751.61100", "2014-05-31": "1602.01100", "2013-05-31": "1513.84800", "2012-05-31": "1419.09100", "2011-05-31": "1194.78500", "2010-05-31": "1057.85900", "2009-05-31": "957.45100", "2008-05-31": "754.79100", "2007-05-31": "646.68590", "2006-05-31": "550.03600", "2005-05-31": "447.05900"}, "Research And Development Expenses": {"2019-12-31": "", "2018-12-31": "", "2017-12-31": "", "2016-12-31": "", "2016-05-31": "", "2015-05-31": "", "2014-05-31": "", "2013-05-31": "", "2012-05-31": "", "2011-05-31": "", "2010-05-31": "", "2009-05-31": "", "2008-05-31": "", "2007-05-31": "", "2006-05-31": "", "2005-05-31": ""}, "SG&A Expenses": {"2019-12-31": "2046.67200", "2018-12-31": "1534.29700", "2017-12-31": "1488.25800", "2016-12-31": "1325.56700", "2016-05-31": "1325.56700", "2015-05-31": "1295.01400", "2014-05-31": "1196.51200", "2013-05-31": "1119.86000", "2012-05-31": "1027.30400", "2011-05-31": "863.19100", "2010-05-31": "734.58000", "2009-05-31": "664.90500", "2008-05-31": "515.75100", "2007-05-31": "425.50900", "2006-05-31": "347.07000", "2005-05-31": "283.23200"}, "Other Operating Income Or Expenses": {"2019-12-31": "", "2018-12-31": "", "2017-12-31": "", "2016-12-31": "", "2016-05-31": "", "2015-05-31": "", "2014-05-31": "", "2013-05-31": "", "2012-05-31": "", "2011-05-31": "", "2010-05-31": "", "2009-05-31": "", "2008-05-31": "", "2007-05-31": "", "2006-05-31": "", "2005-05-31": ""}, "Operating Expenses": {"2019-12-31": "4120.47500", "2018-12-31": "2629.31100", "2017-12-31": "3416.29500", "2016-12-31": "2473.20600", "2016-05-31": "2473.20600", "2015-05-31": "2317.12100", "2014-05-31": "2148.73700", "2013-05-31": "2018.71000", "2012-05-31": "1896.49800", "2011-05-31": "1528.20800", "2010-05-31": "1319.18900", "2009-05-31": "1169.76000", "2008-05-31": "892.88500", "2007-05-31": "843.43400", "2006-05-31": "706.96800", "2005-05-31": "624.23000"}, "Operating Income": {"2019-12-31": "791.41700", "2018-12-31": "737.05490", "2017-12-31": "558.86820", "2016-12-31": "424.94380", "2016-05-31": "424.94380", "2015-05-31": "456.59690", "2014-05-31": "405.49930", "2013-05-31": "357.21310", "2012-05-31": "307.34900", "2011-05-31": "331.59400", "2010-05-31": "323.27910", "2009-05-31": "292.54600", "2008-05-31": "237.72300", "2007-05-31": "218.08890", "2006-05-31": "201.08810", "2005-05-31": "160.10100"}, "Total Non-Operating Income/Expense": {"2019-12-31": "-273.49200", "2018-12-31": "-174.90000", "2017-12-31": "-166.18500", "2016-12-31": "-64.03200", "2016-05-31": "-64.03200", "2015-05-31": "-39.48700", "2014-05-31": "-28.14900", "2013-05-31": "-22.92900", "2012-05-31": "-6.90200", "2011-05-31": "-7.38700", "2010-05-31": "-12.89000", "2009-05-31": "-0.27700", "2008-05-31": "9.03600", "2007-05-31": "8.24200", "2006-05-31": "0.43200", "2005-05-31": "-6.18400"}, "Pre-Tax Income": {"2019-12-31": "517.92500", "2018-12-31": "562.15500", "2017-12-31": "392.68300", "2016-12-31": "360.91200", "2016-05-31": "360.91200", "2015-05-31": "417.11000", "2014-05-31": "377.35000", "2013-05-31": "334.28400", "2012-05-31": "300.44700", "2011-05-31": "324.20700", "2010-05-31": "310.38900", "2009-05-31": "292.26900", "2008-05-31": "246.75900", "2007-05-31": "226.33100", "2006-05-31": "201.52000", "2005-05-31": "153.91700"}, "Income Taxes": {"2019-12-31": "62.19000", "2018-12-31": "77.48800", "2017-12-31": "-101.38700", "2016-12-31": "70.69500", "2016-05-31": "70.69500", "2015-05-31": "107.99500", "2014-05-31": "107.39800", "2013-05-31": "95.57100", "2012-05-31": "82.88100", "2011-05-31": "95.07600", "2010-05-31": "87.37900", "2009-05-31": "85.25200", "2008-05-31": "85.56100", "2007-05-31": "73.43600", "2006-05-31": "67.52200", "2005-05-31": "53.35100"}, "Income After Taxes": {"2019-12-31": "455.73500", "2018-12-31": "484.66700", "2017-12-31": "494.07000", "2016-12-31": "290.21700", "2016-05-31": "290.21700", "2015-05-31": "309.11500", "2014-05-31": "269.95200", "2013-05-31": "238.71300", "2012-05-31": "217.56600", "2011-05-31": "229.13100", "2010-05-31": "223.01000", "2009-05-31": "207.01700", "2008-05-31": "161.19800", "2007-05-31": "152.89500", "2006-05-31": "133.99800", "2005-05-31": "100.56600"}, "Other Income": {"2019-12-31": "", "2018-12-31": "", "2017-12-31": "", "2016-12-31": "", "2016-05-31": "", "2015-05-31": "", "2014-05-31": "", "2013-05-31": "", "2012-05-31": "", "2011-05-31": "", "2010-05-31": "", "2009-05-31": "", "2008-05-31": "", "2007-05-31": "", "2006-05-31": "", "2005-05-31": ""}, "Income From Continuous Operations": {"2019-12-31": "469.27600", "2018-12-31": "484.66700", "2017-12-31": "494.07000", "2016-12-31": "290.21700", "2016-05-31": "290.21700", "2015-05-31": "309.11500", "2014-05-31": "269.95200", "2013-05-31": "238.71300", "2012-05-31": "217.56600", "2011-05-31": "229.13100", "2010-05-31": "223.01000", "2009-05-31": "207.01700", "2008-05-31": "161.19800", "2007-05-31": "142.98500", "2006-05-31": "125.52400", "2005-05-31": "92.89600"}, "Income From Discontinued Operations": {"2019-12-31": "", "2018-12-31": "", "2017-12-31": "", "2016-12-31": "", "2016-05-31": "", "2015-05-31": "", "2014-05-31": "", "2013-05-31": "", "2012-05-31": "", "2011-05-31": "-0.97500", "2010-05-31": "-3.90100", "2009-05-31": "-132.83900", "2008-05-31": "9.61700", "2007-05-31": "", "2006-05-31": "", "2005-05-31": ""}, "Net Income": {"2019-12-31": "430.61300", "2018-12-31": "452.05300", "2017-12-31": "468.42500", "2016-12-31": "271.66600", "2016-05-31": "271.66600", "2015-05-31": "278.04000", "2014-05-31": "245.28600", "2013-05-31": "216.12500", "2012-05-31": "188.16100", "2011-05-31": "209.23800", "2010-05-31": "203.31700", "2009-05-31": "37.21700", "2008-05-31": "162.75400", "2007-05-31": "142.98500", "2006-05-31": "125.52400", "2005-05-31": "92.89600"}, "EBITDA": {"2019-12-31": "1735.83800", "2018-12-31": "1311.40900", "2017-12-31": "1055.11700", "2016-12-31": "614.60080", "2016-05-31": "614.60080", "2015-05-31": "594.10190", "2014-05-31": "527.56820", "2013-05-31": "469.00110", "2012-05-31": "406.44800", "2011-05-31": "413.83100", "2010-05-31": "391.94600", "2009-05-31": "358.83400", "2008-05-31": "281.75700", "2007-05-31": "258.45390", "2006-05-31": "241.57710", "2005-05-31": "205.40700"}, "EBIT": {"2019-12-31": "791.41700", "2018-12-31": "737.05490", "2017-12-31": "558.86820", "2016-12-31": "424.94380", "2016-05-31": "424.94380", "2015-05-31": "456.59690", "2014-05-31": "405.49930", "2013-05-31": "357.21310", "2012-05-31": "307.34900", "2011-05-31": "331.59400", "2010-05-31": "323.27910", "2009-05-31": "292.54600", "2008-05-31": "237.72300", "2007-05-31": "218.08890", "2006-05-31": "201.08810", "2005-05-31": "160.10100"}, "Basic Shares Outstanding": {"2019-12-31": "198.29800", "2018-12-31": "158.67200", "2017-12-31": "154.65200", "2016-12-31": "132.28400", "2016-05-31": "132.28400", "2015-05-31": "134.07200", "2014-05-31": "144.23800", "2013-05-31": "155.53400", "2012-05-31": "157.65800", "2011-05-31": "159.67400", "2010-05-31": "162.15000", "2009-05-31": "160.32000", "2008-05-31": "159.53000", "2007-05-31": "160.45800", "2006-05-31": "157.74800", "2005-05-31": "154.23200"}, "Shares Outstanding": {"2019-12-31": "199.13400", "2018-12-31": "159.27100", "2017-12-31": "155.52800", "2016-12-31": "133.16700", "2016-05-31": "133.16700", "2015-05-31": "134.92200", "2014-05-31": "145.37600", "2013-05-31": "156.45400", "2012-05-31": "158.86200", "2011-05-31": "160.95600", "2010-05-31": "164.24000", "2009-05-31": "162.09800", "2008-05-31": "162.27200", "2007-05-31": "163.64400", "2006-05-31": "164.29800", "2005-05-31": "159.52000"}, "Basic EPS": {"2019-12-31": "2.17000", "2018-12-31": "2.85000", "2017-12-31": "3.03000", "2016-12-31": "2.05000", "2016-05-31": "2.05000", "2015-05-31": "2.07000", "2014-05-31": "1.70000", "2013-05-31": "1.39000", "2012-05-31": "1.19500", "2011-05-31": "1.31000", "2010-05-31": "1.25500", "2009-05-31": "0.23000", "2008-05-31": "1.02000", "2007-05-31": "0.89000", "2006-05-31": "0.79500", "2005-05-31": "0.60000"}, "EPS - Earnings Per Share": {"2019-12-31": "2.16000", "2018-12-31": "2.84000", "2017-12-31": "3.01000", "2016-12-31": "2.04000", "2016-05-31": "2.04000", "2015-05-31": "2.06000", "2014-05-31": "1.69000", "2013-05-31": "1.38000", "2012-05-31": "1.18500", "2011-05-31": "1.30000", "2010-05-31": "1.24000", "2009-05-31": "0.23000", "2008-05-31": "1.00500", "2007-05-31": "0.87500", "2006-05-31": "0.76500", "2005-05-31": "0.58000"}}, "income statement, quarterly": {"Revenue": {"2020-09-30": "1917.81500", "2020-06-30": "1671.95200", "2020-03-31": "1903.59800", "2019-12-31": "1987.76000", "2019-09-30": "1105.94100", "2019-06-30": "935.15200", "2019-03-31": "883.03900", "2018-12-31": "880.55500", "2018-09-30": "857.67000", "2018-06-30": "833.16400", "2018-03-31": "794.97700", "2017-12-31": "1054.25400", "2017-09-30": "1038.90700", "2017-06-30": "962.24000", "2017-03-31": "919.76200", "2016-12-31": "161.79990", "2016-11-30": "941.82100", "2016-09-30": "951.88500", "2016-08-31": "939.49200", "2016-06-30": "842.64400", "2016-05-31": "", "2016-03-31": "626.25900", "2016-02-29": "679.94000", "2015-11-30": "722.35000", "2015-08-31": "748.79600", "2015-05-31": "", "2015-02-28": "664.98300", "2014-11-30": "697.29100", "2014-08-31": "704.89500", "2014-05-31": "", "2014-02-28": "616.45200", "2013-11-30": "634.12200", "2013-08-31": "629.68500", "2013-05-31": "", "2013-02-28": "578.74600", "2012-11-30": "588.53800", "2012-08-31": "590.28700", "2012-05-31": "", "2012-02-29": "533.53900", "2011-11-30": "530.50500", "2011-08-31": "542.77100", "2011-05-31": "", "2011-02-28": "456.38200", "2010-11-30": "443.52600", "2010-08-31": "440.13800", "2010-05-31": "", "2010-02-28": "398.53500", "2009-11-30": "408.95100", "2009-08-31": "409.93200", "2009-05-31": "", "2009-02-28": "359.52800", "2008-11-30": "365.88400", "2008-08-31": "405.75700", "2008-05-31": "", "2008-02-29": "310.64100", "2007-11-30": "308.77600", "2007-08-31": "310.98000", "2007-05-31": "", "2007-02-28": "260.41800", "2006-11-30": "260.69700", "2006-08-31": "260.30800", "2006-05-31": "", "2006-02-28": "225.15900", "2005-11-30": "219.67300", "2005-08-31": "224.45600", "2005-05-31": "", "2005-02-28": "195.52600"}, "Cost Of Goods Sold": {"2020-09-30": "900.92100", "2020-06-30": "893.74000", "2020-03-31": "933.87100", "2019-12-31": "1038.57700", "2019-09-30": "427.72000", "2019-06-30": "302.27600", "2019-03-31": "305.23000", "2018-12-31": "313.07100", "2018-09-30": "265.01300", "2018-06-30": "264.54400", "2018-03-31": "252.38600", "2017-12-31": "509.06910", "2017-09-30": "493.88300", "2017-06-30": "469.14900", "2017-03-31": "455.93600", "2016-12-31": "-197.59690", "2016-11-30": "468.38300", "2016-09-30": "469.98000", "2016-08-31": "462.62600", "2016-06-30": "406.87300", "2016-05-31": "", "2016-03-31": "248.18700", "2016-02-29": "258.72800", "2015-11-30": "270.56500", "2015-08-31": "272.66600", "2015-05-31": "", "2015-02-28": "250.25500", "2014-11-30": "257.79600", "2014-08-31": "259.83900", "2014-05-31": "", "2014-02-28": "232.93700", "2013-11-30": "235.17000", "2013-08-31": "230.74500", "2013-05-31": "", "2013-02-28": "217.46500", "2012-11-30": "210.26800", "2012-08-31": "204.39100", "2012-05-31": "", "2012-02-29": "194.21800", "2011-11-30": "185.93100", "2011-08-31": "191.53600", "2011-05-31": "", "2011-02-28": "168.33200", "2010-11-30": "154.20500", "2010-08-31": "151.04100", "2010-05-31": "", "2010-02-28": "146.20200", "2009-11-30": "144.88100", "2009-08-31": "141.20400", "2009-05-31": "", "2009-02-28": "124.00100", "2008-11-30": "131.14400", "2008-08-31": "144.17700", "2008-05-31": "", "2008-02-29": "117.66100", "2007-11-30": "116.51300", "2007-08-31": "116.30900", "2007-05-31": "", "2007-02-28": "103.55500", "2006-11-30": "105.76600", "2006-08-31": "98.19000", "2006-05-31": "", "2006-02-28": "88.86300", "2005-11-30": "86.91200", "2005-08-31": "93.18300", "2005-05-31": "", "2005-02-28": "87.37800"}, "Gross Profit": {"2020-09-30": "1016.89400", "2020-06-30": "778.21200", "2020-03-31": "969.72710", "2019-12-31": "949.18320", "2019-09-30": "678.22110", "2019-06-30": "632.87600", "2019-03-31": "577.80900", "2018-12-31": "567.48390", "2018-09-30": "592.65700", "2018-06-30": "568.62000", "2018-03-31": "542.59100", "2017-12-31": "545.18510", "2017-09-30": "545.02400", "2017-06-30": "493.09100", "2017-03-31": "463.82600", "2016-12-31": "359.39680", "2016-11-30": "473.43800", "2016-09-30": "481.90500", "2016-08-31": "476.86600", "2016-06-30": "435.77100", "2016-05-31": "", "2016-03-31": "378.07200", "2016-02-29": "421.21200", "2015-11-30": "451.78500", "2015-08-31": "476.13000", "2015-05-31": "", "2015-02-28": "414.72800", "2014-11-30": "439.49500", "2014-08-31": "445.05600", "2014-05-31": "", "2014-02-28": "383.51500", "2013-11-30": "398.95200", "2013-08-31": "398.94000", "2013-05-31": "", "2013-02-28": "361.28100", "2012-11-30": "378.27000", "2012-08-31": "385.89600", "2012-05-31": "", "2012-02-29": "339.32100", "2011-11-30": "344.57400", "2011-08-31": "351.23500", "2011-05-31": "", "2011-02-28": "288.05000", "2010-11-30": "289.32100", "2010-08-31": "289.09700", "2010-05-31": "", "2010-02-28": "252.33300", "2009-11-30": "264.07000", "2009-08-31": "268.72800", "2009-05-31": "", "2009-02-28": "235.52700", "2008-11-30": "234.74000", "2008-08-31": "261.58000", "2008-05-31": "", "2008-02-29": "192.98000", "2007-11-30": "192.26300", "2007-08-31": "194.67100", "2007-05-31": "", "2007-02-28": "156.86300", "2006-11-30": "154.93100", "2006-08-31": "162.11800", "2006-05-31": "", "2006-02-28": "136.29600", "2005-11-30": "132.76100", "2005-08-31": "131.27300", "2005-05-31": "", "2005-02-28": "108.14800"}, "Research And Development Expenses": {"2020-09-30": "", "2020-06-30": "", "2020-03-31": "", "2019-12-31": "", "2019-09-30": "", "2019-06-30": "", "2019-03-31": "", "2018-12-31": "", "2018-09-30": "", "2018-06-30": "", "2018-03-31": "", "2017-12-31": "", "2017-09-30": "", "2017-06-30": "", "2017-03-31": "", "2016-12-31": "", "2016-11-30": "", "2016-09-30": "", "2016-08-31": "", "2016-06-30": "", "2016-05-31": "", "2016-03-31": "", "2016-02-29": "", "2015-11-30": "", "2015-08-31": "", "2015-05-31": "", "2015-02-28": "", "2014-11-30": "", "2014-08-31": "", "2014-05-31": "", "2014-02-28": "", "2013-11-30": "", "2013-08-31": "", "2013-05-31": "", "2013-02-28": "", "2012-11-30": "", "2012-08-31": "", "2012-05-31": "", "2012-02-29": "", "2011-11-30": "", "2011-08-31": "", "2011-05-31": "", "2011-02-28": "", "2010-11-30": "", "2010-08-31": "", "2010-05-31": "", "2010-02-28": "", "2009-11-30": "", "2009-08-31": "", "2009-05-31": "", "2009-02-28": "", "2008-11-30": "", "2008-08-31": "", "2008-05-31": "", "2008-02-29": "", "2007-11-30": "", "2007-08-31": "", "2007-05-31": "", "2007-02-28": "", "2006-11-30": "", "2006-08-31": "", "2006-05-31": "", "2006-02-28": "", "2005-11-30": "", "2005-08-31": "", "2005-05-31": "", "2005-02-28": ""}, "SG&A Expenses": {"2020-09-30": "726.47500", "2020-06-30": "670.63800", "2020-03-31": "725.74800", "2019-12-31": "753.02100", "2019-09-30": "504.18400", "2019-06-30": "411.15000", "2019-03-31": "378.31700", "2018-12-31": "400.49800", "2018-09-30": "369.49500", "2018-06-30": "377.88300", "2018-03-31": "386.42100", "2017-12-31": "395.61010", "2017-09-30": "372.55300", "2017-06-30": "361.23900", "2017-03-31": "358.85600", "2016-12-31": "281.79000", "2016-11-30": "368.17100", "2016-09-30": "361.51600", "2016-08-31": "355.76000", "2016-06-30": "374.61000", "2016-05-31": "", "2016-03-31": "283.49900", "2016-02-29": "313.40700", "2015-11-30": "328.62000", "2015-08-31": "338.35800", "2015-05-31": "", "2015-02-28": "310.11300", "2014-11-30": "315.51100", "2014-08-31": "320.65800", "2014-05-31": "", "2014-02-28": "286.22400", "2013-11-30": "294.04500", "2013-08-31": "291.55600", "2013-05-31": "", "2013-02-28": "271.69600", "2012-11-30": "276.17700", "2012-08-31": "281.41900", "2012-05-31": "", "2012-02-29": "246.97300", "2011-11-30": "247.99400", "2011-08-31": "242.62500", "2011-05-31": "", "2011-02-28": "209.85100", "2010-11-30": "206.17800", "2010-08-31": "206.99000", "2010-05-31": "", "2010-02-28": "178.48400", "2009-11-30": "175.36800", "2009-08-31": "179.48500", "2009-05-31": "", "2009-02-28": "173.14400", "2008-11-30": "156.85800", "2008-08-31": "168.48300", "2008-05-31": "", "2008-02-29": "133.06900", "2007-11-30": "133.51800", "2007-08-31": "127.43600", "2007-05-31": "", "2007-02-28": "105.67000", "2006-11-30": "102.62800", "2006-08-31": "98.59100", "2006-05-31": "", "2006-02-28": "88.16100", "2005-11-30": "81.72800", "2005-08-31": "79.87600", "2005-05-31": "", "2005-02-28": "69.92900"}, "Other Operating Income Or Expenses": {"2020-09-30": "", "2020-06-30": "", "2020-03-31": "", "2019-12-31": "", "2019-09-30": "", "2019-06-30": "", "2019-03-31": "", "2018-12-31": "", "2018-09-30": "", "2018-06-30": "", "2018-03-31": "", "2017-12-31": "", "2017-09-30": "", "2017-06-30": "", "2017-03-31": "", "2016-12-31": "", "2016-11-30": "", "2016-09-30": "", "2016-08-31": "", "2016-06-30": "", "2016-05-31": "", "2016-03-31": "", "2016-02-29": "", "2015-11-30": "", "2015-08-31": "", "2015-05-31": "", "2015-02-28": "", "2014-11-30": "", "2014-08-31": "", "2014-05-31": "", "2014-02-28": "", "2013-11-30": "", "2013-08-31": "", "2013-05-31": "", "2013-02-28": "", "2012-11-30": "", "2012-08-31": "", "2012-05-31": "", "2012-02-29": "", "2011-11-30": "", "2011-08-31": "", "2011-05-31": "", "2011-02-28": "", "2010-11-30": "", "2010-08-31": "", "2010-05-31": "", "2010-02-28": "", "2009-11-30": "", "2009-08-31": "", "2009-05-31": "", "2009-02-28": "", "2008-11-30": "", "2008-08-31": "", "2008-05-31": "", "2008-02-29": "", "2007-11-30": "", "2007-08-31": "", "2007-05-31": "", "2007-02-28": "", "2006-11-30": "", "2006-08-31": "", "2006-05-31": "", "2006-02-28": "", "2005-11-30": "", "2005-08-31": "", "2005-05-31": "", "2005-02-28": ""}, "Operating Expenses": {"2020-09-30": "1627.39600", "2020-06-30": "1564.37800", "2020-03-31": "1659.61900", "2019-12-31": "1791.59800", "2019-09-30": "931.90400", "2019-06-30": "713.42600", "2019-03-31": "683.54700", "2018-12-31": "713.56900", "2018-09-30": "634.50800", "2018-06-30": "642.42700", "2018-03-31": "638.80700", "2017-12-31": "904.67900", "2017-09-30": "866.43600", "2017-06-30": "830.38800", "2017-03-31": "814.79200", "2016-12-31": "36.78310", "2016-11-30": "836.55400", "2016-09-30": "831.49600", "2016-08-31": "818.38600", "2016-06-30": "781.48300", "2016-05-31": "", "2016-03-31": "531.68600", "2016-02-29": "572.13500", "2015-11-30": "599.18500", "2015-08-31": "611.02400", "2015-05-31": "", "2015-02-28": "560.36800", "2014-11-30": "573.30700", "2014-08-31": "580.49690", "2014-05-31": "", "2014-02-28": "519.16100", "2013-11-30": "522.21500", "2013-08-31": "522.30100", "2013-05-31": "", "2013-02-28": "487.97200", "2012-11-30": "471.95600", "2012-08-31": "509.79900", "2012-05-31": "", "2012-02-29": "441.19100", "2011-11-30": "433.92500", "2011-08-31": "434.16100", "2011-05-31": "", "2011-02-28": "378.18300", "2010-11-30": "360.38300", "2010-08-31": "358.03100", "2010-05-31": "", "2010-02-28": "324.68600", "2009-11-30": "320.24900", "2009-08-31": "320.68900", "2009-05-31": "", "2009-02-28": "297.14500", "2008-11-30": "288.00200", "2008-08-31": "312.66000", "2008-05-31": "", "2008-02-29": "250.73000", "2007-11-30": "250.34500", "2007-08-31": "244.74800", "2007-05-31": "", "2007-02-28": "209.22500", "2006-11-30": "208.39400", "2006-08-31": "196.78100", "2006-05-31": "", "2006-02-28": "177.02400", "2005-11-30": "169.64500", "2005-08-31": "173.93200", "2005-05-31": "", "2005-02-28": "157.30700"}, "Operating Income": {"2020-09-30": "290.41890", "2020-06-30": "107.57410", "2020-03-31": "243.97910", "2019-12-31": "196.16220", "2019-09-30": "174.03700", "2019-06-30": "221.72600", "2019-03-31": "199.49200", "2018-12-31": "166.98600", "2018-09-30": "223.16200", "2018-06-30": "190.73700", "2018-03-31": "156.17000", "2017-12-31": "149.57520", "2017-09-30": "172.47090", "2017-06-30": "131.85200", "2017-03-31": "104.97000", "2016-12-31": "125.01670", "2016-11-30": "105.26700", "2016-09-30": "120.38900", "2016-08-31": "121.10600", "2016-06-30": "61.16100", "2016-05-31": "", "2016-03-31": "94.57300", "2016-02-29": "107.80500", "2015-11-30": "123.16500", "2015-08-31": "137.77200", "2015-05-31": "", "2015-02-28": "104.61490", "2014-11-30": "123.98400", "2014-08-31": "124.39810", "2014-05-31": "", "2014-02-28": "97.29100", "2013-11-30": "111.90700", "2013-08-31": "107.38400", "2013-05-31": "", "2013-02-28": "90.77400", "2012-11-30": "116.58200", "2012-08-31": "80.48800", "2012-05-31": "", "2012-02-29": "92.34800", "2011-11-30": "96.58000", "2011-08-31": "108.61000", "2011-05-31": "", "2011-02-28": "78.19900", "2010-11-30": "83.14300", "2010-08-31": "82.10700", "2010-05-31": "", "2010-02-28": "73.84900", "2009-11-30": "88.70200", "2009-08-31": "89.24300", "2009-05-31": "", "2009-02-28": "62.38300", "2008-11-30": "77.88200", "2008-08-31": "93.09700", "2008-05-31": "", "2008-02-29": "59.91100", "2007-11-30": "58.43100", "2007-08-31": "66.23200", "2007-05-31": "", "2007-02-28": "51.19300", "2006-11-30": "52.30300", "2006-08-31": "63.52700", "2006-05-31": "", "2006-02-28": "48.13500", "2005-11-30": "50.02800", "2005-08-31": "50.52400", "2005-05-31": "", "2005-02-28": "38.21900"}, "Total Non-Operating Income/Expense": {"2020-09-30": "-52.99300", "2020-06-30": "-80.06800", "2020-03-31": "-90.13800", "2019-12-31": "-72.97600", "2019-09-30": "-84.92900", "2019-06-30": "-59.44000", "2019-03-31": "-56.14700", "2018-12-31": "-52.61500", "2018-09-30": "-43.22200", "2018-06-30": "-45.15200", "2018-03-31": "-33.91100", "2017-12-31": "-41.54900", "2017-09-30": "-38.41700", "2017-06-30": "-46.52900", "2017-03-31": "-39.69000", "2016-12-31": "-57.60300", "2016-11-30": "-51.09500", "2016-09-30": "-44.14400", "2016-08-31": "-0.60400", "2016-06-30": "5.96800", "2016-05-31": "", "2016-03-31": "-11.79300", "2016-02-29": "-12.20800", "2015-11-30": "-12.83400", "2015-08-31": "-12.10100", "2015-05-31": "", "2015-02-28": "-12.26900", "2014-11-30": "-9.06800", "2014-08-31": "-9.81800", "2014-05-31": "", "2014-02-28": "-13.51300", "2013-11-30": "-2.73700", "2013-08-31": "-4.54100", "2013-05-31": "", "2013-02-28": "-4.52700", "2012-11-30": "-12.42200", "2012-08-31": "-1.56200", "2012-05-31": "", "2012-02-29": "-1.33000", "2011-11-30": "-2.61900", "2011-08-31": "-1.58600", "2011-05-31": "", "2011-02-28": "-2.68400", "2010-11-30": "-0.22700", "2010-08-31": "-3.30400", "2010-05-31": "", "2010-02-28": "-2.82200", "2009-11-30": "-3.73300", "2009-08-31": "-3.45100", "2009-05-31": "", "2009-02-28": "-1.15200", "2008-11-30": "0.13700", "2008-08-31": "0.96700", "2008-05-31": "", "2008-02-29": "2.56900", "2007-11-30": "3.47100", "2007-08-31": "3.26400", "2007-05-31": "", "2007-02-28": "2.32900", "2006-11-30": "1.99100", "2006-08-31": "1.43400", "2006-05-31": "", "2006-02-28": "0.47700", "2005-11-30": "-0.28200", "2005-08-31": "-0.60600", "2005-05-31": "", "2005-02-28": "-2.17600"}, "Pre-Tax Income": {"2020-09-30": "237.42600", "2020-06-30": "27.50600", "2020-03-31": "153.84100", "2019-12-31": "123.18600", "2019-09-30": "89.10800", "2019-06-30": "162.28600", "2019-03-31": "143.34500", "2018-12-31": "114.37100", "2018-09-30": "179.94000", "2018-06-30": "145.58500", "2018-03-31": "122.25900", "2017-12-31": "108.02600", "2017-09-30": "134.05400", "2017-06-30": "85.32300", "2017-03-31": "65.28000", "2016-12-31": "163.36600", "2016-11-30": "54.17200", "2016-09-30": "76.24500", "2016-08-31": "120.50200", "2016-06-30": "67.12900", "2016-05-31": "", "2016-03-31": "82.78000", "2016-02-29": "95.59700", "2015-11-30": "110.33100", "2015-08-31": "125.67100", "2015-05-31": "", "2015-02-28": "92.34600", "2014-11-30": "114.91600", "2014-08-31": "114.58000", "2014-05-31": "", "2014-02-28": "83.77800", "2013-11-30": "109.17000", "2013-08-31": "102.84300", "2013-05-31": "", "2013-02-28": "86.24700", "2012-11-30": "104.16000", "2012-08-31": "78.92600", "2012-05-31": "", "2012-02-29": "91.01800", "2011-11-30": "93.96100", "2011-08-31": "107.02400", "2011-05-31": "", "2011-02-28": "75.51500", "2010-11-30": "82.91600", "2010-08-31": "78.80300", "2010-05-31": "", "2010-02-28": "71.02700", "2009-11-30": "84.96900", "2009-08-31": "85.79200", "2009-05-31": "", "2009-02-28": "61.23100", "2008-11-30": "78.01900", "2008-08-31": "94.06400", "2008-05-31": "", "2008-02-29": "62.48000", "2007-11-30": "61.90200", "2007-08-31": "69.49600", "2007-05-31": "", "2007-02-28": "53.52200", "2006-11-30": "54.29400", "2006-08-31": "64.96100", "2006-05-31": "", "2006-02-28": "48.61200", "2005-11-30": "49.74600", "2005-08-31": "49.91800", "2005-05-31": "", "2005-02-28": "36.04300"}, "Income Taxes": {"2020-09-30": "42.83400", "2020-06-30": "0.83600", "2020-03-31": "15.50200", "2019-12-31": "22.42600", "2019-09-30": "-16.62300", "2019-06-30": "32.24700", "2019-03-31": "24.14000", "2018-12-31": "31.04800", "2018-09-30": "-6.08900", "2018-06-30": "27.85600", "2018-03-31": "24.67300", "2017-12-31": "-142.28000", "2017-09-30": "15.69200", "2017-06-30": "12.88000", "2017-03-31": "12.32100", "2016-12-31": "55.12100", "2016-11-30": "1.55700", "2016-09-30": "14.02100", "2016-08-31": "28.04400", "2016-06-30": "-0.00400", "2016-05-31": "", "2016-03-31": "19.33300", "2016-02-29": "22.68500", "2015-11-30": "27.25300", "2015-08-31": "32.62300", "2015-05-31": "", "2015-02-28": "23.03100", "2014-11-30": "29.66000", "2014-08-31": "30.14600", "2014-05-31": "", "2014-02-28": "23.65700", "2013-11-30": "29.31300", "2013-08-31": "31.13500", "2013-05-31": "", "2013-02-28": "23.43300", "2012-11-30": "28.78900", "2012-08-31": "24.76400", "2012-05-31": "", "2012-02-29": "25.32800", "2011-11-30": "25.81200", "2011-08-31": "34.94300", "2011-05-31": "", "2011-02-28": "20.96200", "2010-11-30": "24.54600", "2010-08-31": "24.98100", "2010-05-31": "", "2010-02-28": "20.29800", "2009-11-30": "23.65500", "2009-08-31": "25.53600", "2009-05-31": "", "2009-02-28": "18.53100", "2008-11-30": "20.81300", "2008-08-31": "28.21600", "2008-05-31": "", "2008-02-29": "19.26500", "2007-11-30": "21.02300", "2007-08-31": "23.78300", "2007-05-31": "", "2007-02-28": "17.14800", "2006-11-30": "17.69200", "2006-08-31": "20.90900", "2006-05-31": "", "2006-02-28": "16.57700", "2005-11-30": "16.96300", "2005-08-31": "17.02200", "2005-05-31": "", "2005-02-28": "12.71600"}, "Income After Taxes": {"2020-09-30": "194.59200", "2020-06-30": "26.67000", "2020-03-31": "138.33900", "2019-12-31": "100.76000", "2019-09-30": "105.73100", "2019-06-30": "130.03900", "2019-03-31": "119.20500", "2018-12-31": "83.32300", "2018-09-30": "186.02900", "2018-06-30": "117.72900", "2018-03-31": "97.58600", "2017-12-31": "250.30600", "2017-09-30": "118.36200", "2017-06-30": "72.44300", "2017-03-31": "52.95900", "2016-12-31": "78.01100", "2016-11-30": "52.61500", "2016-09-30": "62.22400", "2016-08-31": "92.45800", "2016-06-30": "67.13300", "2016-05-31": "", "2016-03-31": "63.44700", "2016-02-29": "72.91200", "2015-11-30": "83.07800", "2015-08-31": "93.04800", "2015-05-31": "", "2015-02-28": "69.31500", "2014-11-30": "85.25600", "2014-08-31": "84.43400", "2014-05-31": "", "2014-02-28": "60.12100", "2013-11-30": "79.85700", "2013-08-31": "71.70800", "2013-05-31": "", "2013-02-28": "62.81400", "2012-11-30": "75.37100", "2012-08-31": "54.16200", "2012-05-31": "", "2012-02-29": "65.69000", "2011-11-30": "68.14900", "2011-08-31": "72.08100", "2011-05-31": "", "2011-02-28": "54.55300", "2010-11-30": "58.37000", "2010-08-31": "53.82200", "2010-05-31": "", "2010-02-28": "50.72900", "2009-11-30": "61.31400", "2009-08-31": "60.25600", "2009-05-31": "", "2009-02-28": "42.70000", "2008-11-30": "57.20600", "2008-08-31": "65.84800", "2008-05-31": "", "2008-02-29": "43.21500", "2007-11-30": "40.87900", "2007-08-31": "45.71300", "2007-05-31": "", "2007-02-28": "36.37400", "2006-11-30": "36.60200", "2006-08-31": "44.05200", "2006-05-31": "", "2006-02-28": "32.03500", "2005-11-30": "32.78300", "2005-08-31": "32.89600", "2005-05-31": "", "2005-02-28": "23.32700"}, "Other Income": {"2020-09-30": "", "2020-06-30": "", "2020-03-31": "", "2019-12-31": "", "2019-09-30": "", "2019-06-30": "", "2019-03-31": "", "2018-12-31": "", "2018-09-30": "", "2018-06-30": "", "2018-03-31": "", "2017-12-31": "", "2017-09-30": "", "2017-06-30": "", "2017-03-31": "", "2016-12-31": "", "2016-11-30": "", "2016-09-30": "", "2016-08-31": "", "2016-06-30": "", "2016-05-31": "", "2016-03-31": "", "2016-02-29": "", "2015-11-30": "", "2015-08-31": "", "2015-05-31": "", "2015-02-28": "", "2014-11-30": "", "2014-08-31": "", "2014-05-31": "", "2014-02-28": "", "2013-11-30": "", "2013-08-31": "", "2013-05-31": "", "2013-02-28": "", "2012-11-30": "", "2012-08-31": "", "2012-05-31": "", "2012-02-29": "", "2011-11-30": "", "2011-08-31": "", "2011-05-31": "", "2011-02-28": "", "2010-11-30": "", "2010-08-31": "", "2010-05-31": "", "2010-02-28": "", "2009-11-30": "", "2009-08-31": "", "2009-05-31": "", "2009-02-28": "", "2008-11-30": "", "2008-08-31": "", "2008-05-31": "", "2008-02-29": "", "2007-11-30": "", "2007-08-31": "", "2007-05-31": "", "2007-02-28": "", "2006-11-30": "", "2006-08-31": "", "2006-05-31": "", "2006-02-28": "", "2005-11-30": "", "2005-08-31": "", "2005-05-31": "", "2005-02-28": ""}, "Income From Continuous Operations": {"2020-09-30": "230.23000", "2020-06-30": "39.44400", "2020-03-31": "150.60800", "2019-12-31": "114.30100", "2019-09-30": "105.73100", "2019-06-30": "130.03900", "2019-03-31": "119.20500", "2018-12-31": "83.32300", "2018-09-30": "186.02900", "2018-06-30": "117.72900", "2018-03-31": "97.58600", "2017-12-31": "250.30600", "2017-09-30": "118.36200", "2017-06-30": "72.44300", "2017-03-31": "52.95900", "2016-12-31": "78.01100", "2016-11-30": "52.61500", "2016-09-30": "62.22400", "2016-08-31": "92.45800", "2016-06-30": "67.13300", "2016-05-31": "", "2016-03-31": "63.44700", "2016-02-29": "72.91200", "2015-11-30": "83.07800", "2015-08-31": "93.04800", "2015-05-31": "", "2015-02-28": "69.31500", "2014-11-30": "85.25600", "2014-08-31": "84.43400", "2014-05-31": "", "2014-02-28": "60.12100", "2013-11-30": "79.85700", "2013-08-31": "71.70800", "2013-05-31": "", "2013-02-28": "62.81400", "2012-11-30": "75.37100", "2012-08-31": "54.16200", "2012-05-31": "", "2012-02-29": "65.69000", "2011-11-30": "68.14900", "2011-08-31": "72.08100", "2011-05-31": "", "2011-02-28": "54.55300", "2010-11-30": "58.37000", "2010-08-31": "53.82200", "2010-05-31": "", "2010-02-28": "50.72900", "2009-11-30": "61.31400", "2009-08-31": "60.25600", "2009-05-31": "", "2009-02-28": "42.70000", "2008-11-30": "57.20600", "2008-08-31": "65.84800", "2008-05-31": "", "2008-02-29": "40.05500", "2007-11-30": "38.31300", "2007-08-31": "43.57500", "2007-05-31": "", "2007-02-28": "34.29600", "2006-11-30": "34.00200", "2006-08-31": "41.50900", "2006-05-31": "", "2006-02-28": "30.11100", "2005-11-30": "30.61300", "2005-08-31": "30.73800", "2005-05-31": "", "2005-02-28": "21.62300"}, "Income From Discontinued Operations": {"2020-09-30": "", "2020-06-30": "", "2020-03-31": "", "2019-12-31": "", "2019-09-30": "", "2019-06-30": "", "2019-03-31": "", "2018-12-31": "", "2018-09-30": "", "2018-06-30": "", "2018-03-31": "", "2017-12-31": "", "2017-09-30": "", "2017-06-30": "", "2017-03-31": "", "2016-12-31": "", "2016-11-30": "", "2016-09-30": "", "2016-08-31": "", "2016-06-30": "", "2016-05-31": "", "2016-03-31": "", "2016-02-29": "", "2015-11-30": "", "2015-08-31": "", "2015-05-31": "", "2015-02-28": "", "2014-11-30": "", "2014-08-31": "", "2014-05-31": "", "2014-02-28": "", "2013-11-30": "", "2013-08-31": "", "2013-05-31": "", "2013-02-28": "", "2012-11-30": "", "2012-08-31": "", "2012-05-31": "", "2012-02-29": "", "2011-11-30": "", "2011-08-31": "", "2011-05-31": "", "2011-02-28": "-0.43000", "2010-11-30": "-0.48700", "2010-08-31": "-0.02800", "2010-05-31": "", "2010-02-28": "0.72200", "2009-11-30": "4.86800", "2009-08-31": "2.18800", "2009-05-31": "", "2009-02-28": "-141.41800", "2008-11-30": "3.04000", "2008-08-31": "", "2008-05-31": "", "2008-02-29": "", "2007-11-30": "", "2007-08-31": "", "2007-05-31": "", "2007-02-28": "", "2006-11-30": "", "2006-08-31": "", "2006-05-31": "", "2006-02-28": "", "2005-11-30": "", "2005-08-31": "", "2005-05-31": "", "2005-02-28": ""}, "Net Income": {"2020-09-30": "220.97100", "2020-06-30": "37.33100", "2020-03-31": "143.57500", "2019-12-31": "102.77000", "2019-09-30": "95.04400", "2019-06-30": "120.45800", "2019-03-31": "112.34100", "2018-12-31": "75.21500", "2018-09-30": "176.37000", "2018-06-30": "109.06900", "2018-03-31": "91.39900", "2017-12-31": "241.96300", "2017-09-30": "110.74000", "2017-06-30": "66.90900", "2017-03-31": "48.81300", "2016-12-31": "104.47100", "2016-11-30": "49.45200", "2016-09-30": "55.51000", "2016-08-31": "85.09300", "2016-06-30": "62.23300", "2016-05-31": "", "2016-03-31": "59.91100", "2016-02-29": "69.06100", "2015-11-30": "78.77100", "2015-08-31": "86.64600", "2015-05-31": "", "2015-02-28": "62.56800", "2014-11-30": "74.78100", "2014-08-31": "75.36600", "2014-05-31": "", "2014-02-28": "55.12100", "2013-11-30": "73.89700", "2013-08-31": "64.64300", "2013-05-31": "", "2013-02-28": "58.46200", "2012-11-30": "70.18300", "2012-08-31": "46.67500", "2012-05-31": "", "2012-02-29": "57.92000", "2011-11-30": "61.18100", "2011-08-31": "63.97400", "2011-05-31": "", "2011-02-28": "47.78900", "2010-11-30": "53.50500", "2010-08-31": "49.36800", "2010-05-31": "", "2010-02-28": "48.46100", "2009-11-30": "62.83500", "2009-08-31": "57.83100", "2009-05-31": "", "2009-02-28": "-106.77600", "2008-11-30": "48.90700", "2008-08-31": "57.52700", "2008-05-31": "", "2008-02-29": "40.05500", "2007-11-30": "38.31300", "2007-08-31": "43.57500", "2007-05-31": "", "2007-02-28": "34.29600", "2006-11-30": "34.00200", "2006-08-31": "41.50900", "2006-05-31": "", "2006-02-28": "30.11100", "2005-11-30": "30.61300", "2005-08-31": "30.73800", "2005-05-31": "", "2005-02-28": "21.62300"}, "EBITDA": {"2020-09-30": "717.13600", "2020-06-30": "529.58110", "2020-03-31": "660.53520", "2019-12-31": "615.30730", "2019-09-30": "373.59510", "2019-06-30": "382.96690", "2019-03-31": "363.96900", "2018-12-31": "334.61100", "2018-09-30": "360.66500", "2018-06-30": "328.00700", "2018-03-31": "288.12600", "2017-12-31": "282.99820", "2017-09-30": "299.30190", "2017-06-30": "249.86600", "2017-03-31": "222.95100", "2016-12-31": "211.48770", "2016-11-30": "329.42700", "2016-09-30": "92.46900", "2016-08-31": "93.18600", "2016-06-30": "-31.89300", "2016-05-31": "", "2016-03-31": "318.73300", "2016-02-29": "331.96500", "2015-11-30": "225.97700", "2015-08-31": "137.77200", "2015-05-31": "", "2015-02-28": "207.42690", "2014-11-30": "211.18200", "2014-08-31": "124.39810", "2014-05-31": "", "2014-02-28": "184.48900", "2013-11-30": "169.29900", "2013-08-31": "107.38400", "2013-05-31": "", "2013-02-28": "148.16600", "2012-11-30": "190.07900", "2012-08-31": "80.48800", "2012-05-31": "", "2012-02-29": "165.84500", "2011-11-30": "153.09900", "2011-08-31": "108.61000", "2011-05-31": "", "2011-02-28": "134.71800", "2010-11-30": "133.56800", "2010-08-31": "82.10700", "2010-05-31": "", "2010-02-28": "124.27400", "2009-11-30": "139.09900", "2009-08-31": "89.24300", "2009-05-31": "", "2009-02-28": "112.78000", "2008-11-30": "112.98200", "2008-08-31": "93.09700", "2008-05-31": "", "2008-02-29": "95.01100", "2007-11-30": "88.77500", "2007-08-31": "66.23200", "2007-05-31": "", "2007-02-28": "81.53700", "2006-11-30": "82.97900", "2006-08-31": "63.52700", "2006-05-31": "", "2006-02-28": "78.81100", "2005-11-30": "83.42200", "2005-08-31": "50.52400", "2005-05-31": "", "2005-02-28": "71.61300"}, "EBIT": {"2020-09-30": "290.41890", "2020-06-30": "107.57410", "2020-03-31": "243.97910", "2019-12-31": "196.16200", "2019-09-30": "174.03700", "2019-06-30": "221.72600", "2019-03-31": "199.49200", "2018-12-31": "166.98600", "2018-09-30": "223.16200", "2018-06-30": "190.73700", "2018-03-31": "156.17000", "2017-12-31": "149.57520", "2017-09-30": "172.47090", "2017-06-30": "131.85200", "2017-03-31": "104.97000", "2016-12-31": "134.87180", "2016-11-30": "105.26700", "2016-09-30": "120.38900", "2016-08-31": "121.10600", "2016-06-30": "61.16100", "2016-05-31": "", "2016-03-31": "94.57300", "2016-02-29": "107.80500", "2015-11-30": "123.16500", "2015-08-31": "137.77200", "2015-05-31": "", "2015-02-28": "104.61490", "2014-11-30": "123.98400", "2014-08-31": "124.39810", "2014-05-31": "", "2014-02-28": "97.29100", "2013-11-30": "111.90700", "2013-08-31": "107.38400", "2013-05-31": "", "2013-02-28": "90.77400", "2012-11-30": "116.58200", "2012-08-31": "80.48800", "2012-05-31": "", "2012-02-29": "92.34800", "2011-11-30": "96.58000", "2011-08-31": "108.61000", "2011-05-31": "", "2011-02-28": "78.19900", "2010-11-30": "83.14300", "2010-08-31": "82.10700", "2010-05-31": "", "2010-02-28": "73.84900", "2009-11-30": "88.70200", "2009-08-31": "89.24300", "2009-05-31": "", "2009-02-28": "62.38300", "2008-11-30": "77.88200", "2008-08-31": "93.09700", "2008-05-31": "", "2008-02-29": "59.91100", "2007-11-30": "58.43100", "2007-08-31": "66.23200", "2007-05-31": "", "2007-02-28": "51.19300", "2006-11-30": "52.30300", "2006-08-31": "63.52700", "2006-05-31": "", "2006-02-28": "48.13500", "2005-11-30": "50.02800", "2005-08-31": "50.52400", "2005-05-31": "", "2005-02-28": "38.21900"}, "Basic Shares Outstanding": {"2020-09-30": "299.25500", "2020-06-30": "299.14000", "2020-03-31": "299.38800", "2019-12-31": "198.29800", "2019-09-30": "177.03900", "2019-06-30": "156.76800", "2019-03-31": "157.51900", "2018-12-31": "158.67200", "2018-09-30": "158.16800", "2018-06-30": "159.00300", "2018-03-31": "159.32100", "2017-12-31": "154.65200", "2017-09-30": "154.56000", "2017-06-30": "152.52500", "2017-03-31": "152.30400", "2016-12-31": "132.28400", "2016-11-30": "153.17300", "2016-09-30": "153.66800", "2016-08-31": "153.90100", "2016-06-30": "148.33800", "2016-05-31": "", "2016-03-31": "129.26800", "2016-02-29": "129.28700", "2015-11-30": "129.50500", "2015-08-31": "130.32800", "2015-05-31": "", "2015-02-28": "133.78000", "2014-11-30": "134.75400", "2014-08-31": "136.29200", "2014-05-31": "", "2014-02-28": "143.67000", "2013-11-30": "144.34800", "2013-08-31": "147.53000", "2013-05-31": "", "2013-02-28": "155.51200", "2012-11-30": "157.50200", "2012-08-31": "157.20800", "2012-05-31": "", "2012-02-29": "156.84200", "2011-11-30": "156.69600", "2011-08-31": "160.15200", "2011-05-31": "", "2011-02-28": "159.79400", "2010-11-30": "159.40200", "2010-08-31": "159.19400", "2010-05-31": "", "2010-02-28": "163.07800", "2009-11-30": "162.47200", "2009-08-31": "161.10800", "2009-05-31": "", "2009-02-28": "160.66600", "2008-11-30": "160.45600", "2008-08-31": "159.65600", "2008-05-31": "", "2008-02-29": "158.43800", "2007-11-30": "158.05400", "2007-08-31": "161.00200", "2007-05-31": "", "2007-02-28": "160.84200", "2006-11-30": "160.29400", "2006-08-31": "159.46800", "2006-05-31": "", "2006-02-28": "158.43800", "2005-11-30": "157.49600", "2005-08-31": "156.04800", "2005-05-31": "", "2005-02-28": "154.82400"}, "Shares Outstanding": {"2020-09-30": "300.49100", "2020-06-30": "300.24600", "2020-03-31": "300.83800", "2019-12-31": "199.13400", "2019-09-30": "177.54300", "2019-06-30": "157.26200", "2019-03-31": "158.01800", "2018-12-31": "159.27100", "2018-09-30": "158.70600", "2018-06-30": "159.67700", "2018-03-31": "160.03500", "2017-12-31": "155.52800", "2017-09-30": "155.40200", "2017-06-30": "153.55500", "2017-03-31": "153.25500", "2016-12-31": "133.16700", "2016-11-30": "153.99100", "2016-09-30": "154.53000", "2016-08-31": "154.87500", "2016-06-30": "149.41800", "2016-05-31": "", "2016-03-31": "130.13700", "2016-02-29": "130.16000", "2015-11-30": "130.35300", "2015-08-31": "131.14600", "2015-05-31": "", "2015-02-28": "134.61200", "2014-11-30": "135.47400", "2014-08-31": "137.23400", "2014-05-31": "", "2014-02-28": "144.86800", "2013-11-30": "145.41200", "2013-08-31": "148.57800", "2013-05-31": "", "2013-02-28": "156.64800", "2012-11-30": "158.28800", "2012-08-31": "158.08600", "2012-05-31": "", "2012-02-29": "158.13000", "2011-11-30": "157.75200", "2011-08-31": "161.66200", "2011-05-31": "", "2011-02-28": "161.46600", "2010-11-30": "160.68800", "2010-08-31": "160.67800", "2010-05-31": "", "2010-02-28": "165.27200", "2009-11-30": "164.37600", "2009-08-31": "162.59600", "2009-05-31": "", "2009-02-28": "161.89600", "2008-11-30": "162.31400", "2008-08-31": "162.53200", "2008-05-31": "", "2008-02-29": "161.30000", "2007-11-30": "161.01200", "2007-08-31": "163.81400", "2007-05-31": "", "2007-02-28": "163.94400", "2006-11-30": "163.45800", "2006-08-31": "163.15200", "2006-05-31": "", "2006-02-28": "165.54200", "2005-11-30": "163.81200", "2005-08-31": "162.02800", "2005-05-31": "", "2005-02-28": "160.41200"}, "Basic EPS": {"2020-09-30": "0.74000", "2020-06-30": "0.12000", "2020-03-31": "0.48000", "2019-12-31": "0.15000", "2019-09-30": "0.54000", "2019-06-30": "0.77000", "2019-03-31": "0.71000", "2018-12-31": "0.47000", "2018-09-30": "1.12000", "2018-06-30": "0.69000", "2018-03-31": "0.57000", "2017-12-31": "1.55000", "2017-09-30": "0.72000", "2017-06-30": "0.44000", "2017-03-31": "0.32000", "2016-12-31": "0.95000", "2016-11-30": "0.32000", "2016-09-30": "0.36000", "2016-08-31": "0.55000", "2016-06-30": "0.42000", "2016-05-31": "", "2016-03-31": "0.46000", "2016-02-29": "0.53000", "2015-11-30": "0.61000", "2015-08-31": "0.66000", "2015-05-31": "", "2015-02-28": "0.47000", "2014-11-30": "0.55000", "2014-08-31": "0.55500", "2014-05-31": "", "2014-02-28": "0.38500", "2013-11-30": "0.51000", "2013-08-31": "0.44000", "2013-05-31": "", "2013-02-28": "0.37500", "2012-11-30": "0.44500", "2012-08-31": "0.29500", "2012-05-31": "", "2012-02-29": "0.37000", "2011-11-30": "0.39000", "2011-08-31": "0.40000", "2011-05-31": "", "2011-02-28": "0.30000", "2010-11-30": "0.33500", "2010-08-31": "0.31000", "2010-05-31": "", "2010-02-28": "0.30000", "2009-11-30": "0.38500", "2009-08-31": "0.36000", "2009-05-31": "", "2009-02-28": "-0.66500", "2008-11-30": "0.30500", "2008-08-31": "0.36000", "2008-05-31": "", "2008-02-29": "0.25500", "2007-11-30": "0.24000", "2007-08-31": "0.27000", "2007-05-31": "", "2007-02-28": "0.21500", "2006-11-30": "0.21000", "2006-08-31": "0.26000", "2006-05-31": "", "2006-02-28": "0.19000", "2005-11-30": "0.19500", "2005-08-31": "0.19500", "2005-05-31": "", "2005-02-28": "0.14000"}, "EPS - Earnings Per Share": {"2020-09-30": "0.74000", "2020-06-30": "0.12000", "2020-03-31": "0.48000", "2019-12-31": "0.14000", "2019-09-30": "0.54000", "2019-06-30": "0.77000", "2019-03-31": "0.71000", "2018-12-31": "0.48000", "2018-09-30": "1.11000", "2018-06-30": "0.68000", "2018-03-31": "0.57000", "2017-12-31": "1.54000", "2017-09-30": "0.71000", "2017-06-30": "0.44000", "2017-03-31": "0.32000", "2016-12-31": "0.80000", "2016-11-30": "0.32000", "2016-09-30": "0.36000", "2016-08-31": "0.55000", "2016-06-30": "0.42000", "2016-05-31": "0.00000", "2016-03-31": "0.46000", "2016-02-29": "0.53000", "2015-11-30": "0.60000", "2015-08-31": "0.66000", "2015-05-31": "0.00000", "2015-02-28": "0.46000", "2014-11-30": "0.55000", "2014-08-31": "0.55000", "2014-05-31": "0.00000", "2014-02-28": "0.38000", "2013-11-30": "0.51000", "2013-08-31": "0.43500", "2013-05-31": "0.00000", "2013-02-28": "0.37500", "2012-11-30": "0.44500", "2012-08-31": "0.29500", "2012-05-31": "0.00000", "2012-02-29": "0.36500", "2011-11-30": "0.39000", "2011-08-31": "0.39500", "2011-05-31": "0.00000", "2011-02-28": "0.29500", "2010-11-30": "0.33500", "2010-08-31": "0.30500", "2010-05-31": "0.00000", "2010-02-28": "0.29500", "2009-11-30": "0.38000", "2009-08-31": "0.35500", "2009-05-31": "0.00000", "2009-02-28": "-0.66500", "2008-11-30": "0.30000", "2008-08-31": "0.35500", "2008-05-31": "0.00000", "2008-02-29": "0.25000", "2007-11-30": "0.24000", "2007-08-31": "0.26500", "2007-05-31": "0.00000", "2007-02-28": "0.21000", "2006-11-30": "0.21000", "2006-08-31": "0.25500", "2006-05-31": "0.00000", "2006-02-28": "0.18000", "2005-11-30": "0.18500", "2005-08-31": "0.19000", "2005-05-31": "0.00000", "2005-02-28": "0.13500"}}, "balance sheet": {"Cash On Hand": {"2019-12-31": "1678.27300", "2018-12-31": "1210.87800", "2017-12-31": "1335.85500", "2016-12-31": "1162.77900", "2016-05-31": "1044.72800", "2015-05-31": "650.73900", "2014-05-31": "581.87200", "2013-05-31": "680.47000", "2012-05-31": "781.27500", "2011-05-31": "1354.28500", "2010-05-31": "769.94600", "2009-05-31": "426.93500", "2008-05-31": "456.06000", "2007-05-31": "308.87200", "2006-05-31": "218.47500", "2005-05-31": "48.97900"}, "Receivables": {"2019-12-31": "895.23200", "2018-12-31": "348.40000", "2017-12-31": "301.88700", "2016-12-31": "275.03200", "2016-05-31": "288.41100", "2015-05-31": "202.93800", "2014-05-31": "215.38300", "2013-05-31": "190.59100", "2012-05-31": "183.99100", "2011-05-31": "167.45400", "2010-05-31": "132.48100", "2009-05-31": "123.43800", "2008-05-31": "101.53300", "2007-05-31": "79.81200", "2006-05-31": "68.37900", "2005-05-31": "55.86900"}, "Inventory": {"2019-12-31": "", "2018-12-31": "", "2017-12-31": "", "2016-12-31": "", "2016-05-31": "", "2015-05-31": "", "2014-05-31": "6.63600", "2013-05-31": "11.05700", "2012-05-31": "9.86400", "2011-05-31": "7.64000", "2010-05-31": "9.74000", "2009-05-31": "5.91400", "2008-05-31": "3.82100", "2007-05-31": "3.43500", "2006-05-31": "3.30000", "2005-05-31": "2.62500"}, "Pre-Paid Expenses": {"2019-12-31": "439.16500", "2018-12-31": "216.70800", "2017-12-31": "206.54500", "2016-12-31": "131.34100", "2016-05-31": "181.84800", "2015-05-31": "41.41600", "2014-05-31": "45.67300", "2013-05-31": "66.68500", "2012-05-31": "33.64600", "2011-05-31": "35.29100", "2010-05-31": "39.60400", "2009-05-31": "28.43700", "2008-05-31": "27.59700", "2007-05-31": "14.24100", "2006-05-31": "14.95900", "2005-05-31": "12.77500"}, "Other Current Assets": {"2019-12-31": "1353.77800", "2018-12-31": "1600.22200", "2017-12-31": "2459.29200", "2016-12-31": "1546.85400", "2016-05-31": "1336.32600", "2015-05-31": "2394.82200", "2014-05-31": "780.91700", "2013-05-31": "259.20400", "2012-05-31": "217.99400", "2011-05-31": "280.35900", "2010-05-31": "13.74100", "2009-05-31": "6.67500", "2008-05-31": "24.28000", "2007-05-31": "32.85300", "2006-05-31": "39.67100", "2005-05-31": "63.43500"}, "Total Current Assets": {"2019-12-31": "4366.44800", "2018-12-31": "3376.20800", "2017-12-31": "4303.57900", "2016-12-31": "3116.00600", "2016-05-31": "2851.31300", "2015-05-31": "3289.91500", "2014-05-31": "1643.44400", "2013-05-31": "1214.49200", "2012-05-31": "1248.73900", "2011-05-31": "1847.97500", "2010-05-31": "968.26400", "2009-05-31": "595.18800", "2008-05-31": "617.41000", "2007-05-31": "444.42900", "2006-05-31": "348.40600", "2005-05-31": "189.99000"}, "Property, Plant, And Equipment": {"2019-12-31": "1382.80200", "2018-12-31": "653.54200", "2017-12-31": "588.34800", "2016-12-31": "526.37000", "2016-05-31": "493.67800", "2015-05-31": "374.14300", "2014-05-31": "369.75300", "2013-05-31": "348.06400", "2012-05-31": "305.84800", "2011-05-31": "256.30100", "2010-05-31": "183.93800", "2009-05-31": "176.22600", "2008-05-31": "141.41500", "2007-05-31": "118.49500", "2006-05-31": "107.97700", "2005-05-31": "104.17300"}, "Long-Term Investments": {"2019-12-31": "", "2018-12-31": "", "2017-12-31": "", "2016-12-31": "", "2016-05-31": "", "2015-05-31": "", "2014-05-31": "", "2013-05-31": "", "2012-05-31": "", "2011-05-31": "", "2010-05-31": "", "2009-05-31": "", "2008-05-31": "", "2007-05-31": "", "2006-05-31": "", "2005-05-31": ""}, "Goodwill And Intangible Assets": {"2019-12-31": "36914.39000", "2018-12-31": "8829.97300", "2017-12-31": "7885.69900", "2016-12-31": "6892.88600", "2016-05-31": "7094.11300", "2015-05-31": "2051.96900", "2014-05-31": "1872.45800", "2013-05-31": "1445.07000", "2012-05-31": "1014.87500", "2011-05-31": "1121.13700", "2010-05-31": "774.20000", "2009-05-31": "883.21400", "2008-05-31": "672.77200", "2007-05-31": "626.86400", "2006-05-31": "554.46200", "2005-05-31": "547.75000"}, "Other Long-Term Assets": {"2019-12-31": "1810.22500", "2018-12-31": "362.92300", "2017-12-31": "207.29700", "2016-12-31": "113.29900", "2016-05-31": "48.12900", "2015-05-31": "32.84600", "2014-05-31": "31.06700", "2013-05-31": "22.25200", "2012-05-31": "21.44600", "2011-05-31": "20.97800", "2010-05-31": "22.45400", "2009-05-31": "22.19300", "2008-05-31": "14.31000", "2007-05-31": "10.84100", "2006-05-31": "7.83300", "2005-05-31": "11.59200"}, "Total Long-Term Assets": {"2019-12-31": "40113.71000", "2018-12-31": "9854.56500", "2017-12-31": "8694.49000", "2016-12-31": "7548.34400", "2016-05-31": "7658.63900", "2015-05-31": "2489.38600", "2014-05-31": "2375.20600", "2013-05-31": "1910.56400", "2012-05-31": "1439.40400", "2011-05-31": "1502.55600", "2010-05-31": "1071.06200", "2009-05-31": "1081.63300", "2008-05-31": "828.49690", "2007-05-31": "756.20000", "2006-05-31": "670.27200", "2005-05-31": "663.51500"}, "Total Assets": {"2019-12-31": "44480.16000", "2018-12-31": "13230.77000", "2017-12-31": "12998.07000", "2016-12-31": "10664.35000", "2016-05-31": "10509.95000", "2015-05-31": "5779.30100", "2014-05-31": "4018.65000", "2013-05-31": "3125.05600", "2012-05-31": "2688.14300", "2011-05-31": "3350.53100", "2010-05-31": "2039.32600", "2009-05-31": "1676.82100", "2008-05-31": "1445.90700", "2007-05-31": "1200.62900", "2006-05-31": "1018.67800", "2005-05-31": "853.50500"}, "Total Current Liabilities": {"2019-12-31": "3579.34600", "2018-12-31": "3268.62000", "2017-12-31": "3815.59000", "2016-12-31": "2851.95600", "2016-05-31": "2430.70700", "2015-05-31": "3015.18800", "2014-05-31": "1211.61800", "2013-05-31": "704.11400", "2012-05-31": "837.28500", "2011-05-31": "1444.36400", "2010-05-31": "672.47100", "2009-05-31": "336.17700", "2008-05-31": "217.75200", "2007-05-31": "142.87700", "2006-05-31": "149.65500", "2005-05-31": "182.80300"}, "Long Term Debt": {"2019-12-31": "9090.36400", "2018-12-31": "5015.16800", "2017-12-31": "4559.40800", "2016-12-31": "4260.82700", "2016-05-31": "4379.74400", "2015-05-31": "1678.28300", "2014-05-31": "1376.00200", "2013-05-31": "891.13400", "2012-05-31": "236.56500", "2011-05-31": "268.21700", "2010-05-31": "272.96500", "2009-05-31": "167.61000", "2008-05-31": "", "2007-05-31": "", "2006-05-31": "", "2005-05-31": "0.74600"}, "Other Non-Current Liabilities": {"2019-12-31": "609.82200", "2018-12-31": "175.61800", "2017-12-31": "220.96100", "2016-12-31": "95.75300", "2016-05-31": "77.23500", "2015-05-31": "19.42200", "2014-05-31": "89.13200", "2013-05-31": "72.47800", "2012-05-31": "62.30600", "2011-05-31": "49.84300", "2010-05-31": "-71.23600", "2009-05-31": "-380.36800", "2008-05-31": "11.61200", "2007-05-31": "14.27500", "2006-05-31": "17.01300", "2005-05-31": "16.39500"}, "Total Long Term Liabilities": {"2019-12-31": "12845.83000", "2018-12-31": "5775.81100", "2017-12-31": "5217.24800", "2016-12-31": "5033.05200", "2016-05-31": "5201.84100", "2015-05-31": "1900.56000", "2014-05-31": "1674.23300", "2013-05-31": "1134.33500", "2012-05-31": "549.93700", "2011-05-31": "568.35000", "2010-05-31": "495.33800", "2009-05-31": "662.40100", "2008-05-31": "101.33700", "2007-05-31": "99.97600", "2006-05-31": "98.80000", "2005-05-31": "92.35200"}, "Total Liabilities": {"2019-12-31": "16425.17000", "2018-12-31": "9044.43100", "2017-12-31": "9032.83800", "2016-12-31": "7885.00800", "2016-05-31": "7632.54800", "2015-05-31": "4915.74800", "2014-05-31": "2885.85100", "2013-05-31": "1838.44900", "2012-05-31": "1387.22200", "2011-05-31": "2012.71400", "2010-05-31": "1167.80900", "2009-05-31": "998.57800", "2008-05-31": "319.08900", "2007-05-31": "242.85300", "2006-05-31": "248.45500", "2005-05-31": "275.15500"}, "Common Stock Net": {"2019-12-31": "", "2018-12-31": "", "2017-12-31": "", "2016-12-31": "", "2016-05-31": "", "2015-05-31": "", "2014-05-31": "", "2013-05-31": "", "2012-05-31": "", "2011-05-31": "", "2010-05-31": "", "2009-05-31": "", "2008-05-31": "", "2007-05-31": "", "2006-05-31": "", "2005-05-31": ""}, "Retained Earnings (Accumulated Deficit)": {"2019-12-31": "2333.01100", "2018-12-31": "2066.41500", "2017-12-31": "1597.89700", "2016-12-31": "1137.23000", "2016-05-31": "1015.81100", "2015-05-31": "795.22600", "2014-05-31": "815.98000", "2013-05-31": "958.75100", "2012-05-31": "843.45600", "2011-05-31": "685.62400", "2010-05-31": "544.77200", "2009-05-31": "273.09000", "2008-05-31": "621.87500", "2007-05-31": "466.41700", "2006-05-31": "329.87400", "2005-05-31": "210.68600"}, "Comprehensive Income": {"2019-12-31": "-310.57100", "2018-12-31": "-310.17500", "2017-12-31": "-183.14400", "2016-12-31": "-322.71700", "2016-05-31": "-246.05000", "2015-05-31": "-185.99200", "2014-05-31": "-1.77600", "2013-05-31": "-15.06200", "2012-05-31": "-30.00000", "2011-05-31": "79.32000", "2010-05-31": "-44.25500", "2009-05-31": "-10.90100", "2008-05-31": "124.20200", "2007-05-31": "61.19300", "2006-05-31": "52.83600", "2005-05-31": "21.79500"}, "Other Share Holders Equity": {"2019-12-31": "", "2018-12-31": "", "2017-12-31": "", "2016-12-31": "", "2016-05-31": "", "2015-05-31": "", "2014-05-31": "", "2013-05-31": "", "2012-05-31": "", "2011-05-31": "", "2010-05-31": "", "2009-05-31": "", "2008-05-31": "", "2007-05-31": "", "2006-05-31": "", "2005-05-31": ""}, "Share Holder Equity": {"2019-12-31": "28054.99000", "2018-12-31": "4186.34300", "2017-12-31": "3965.23100", "2016-12-31": "2779.34200", "2016-05-31": "2877.40400", "2015-05-31": "863.55300", "2014-05-31": "1132.79900", "2013-05-31": "1286.60700", "2012-05-31": "1300.92100", "2011-05-31": "1337.81700", "2010-05-31": "871.51700", "2009-05-31": "678.24300", "2008-05-31": "1126.81800", "2007-05-31": "957.77600", "2006-05-31": "770.22300", "2005-05-31": "578.35000"}, "Total Liabilities And Share Holders Equity": {"2019-12-31": "44480.16000", "2018-12-31": "13230.77000", "2017-12-31": "12998.07000", "2016-12-31": "10664.35000", "2016-05-31": "10509.95000", "2015-05-31": "5779.30100", "2014-05-31": "4018.65000", "2013-05-31": "3125.05600", "2012-05-31": "2688.14300", "2011-05-31": "3350.53100", "2010-05-31": "2039.32600", "2009-05-31": "1676.82100", "2008-05-31": "1445.90700", "2007-05-31": "1200.62900", "2006-05-31": "1018.67800", "2005-05-31": "853.50500"}}, "balance sheet, quarterly": {"Cash On Hand": {"2020-09-30": "2220.82200", "2020-06-30": "1825.62500", "2020-03-31": "1800.06100", "2019-12-31": "1678.27300", "2019-09-30": "2127.61600", "2019-06-30": "1047.72700", "2019-03-31": "1277.63300", "2018-12-31": "1210.87800", "2018-09-30": "990.60400", "2018-06-30": "1099.52900", "2018-03-31": "1005.82300", "2017-12-31": "1335.85500", "2017-09-30": "1186.05000", "2017-06-30": "1080.57600", "2017-03-31": "1261.84500", "2016-12-31": "1162.77900", "2016-11-30": "995.81600", "2016-09-30": "", "2016-08-31": "977.77600", "2016-06-30": "", "2016-05-31": "1044.72800", "2016-03-31": "", "2016-02-29": "825.50000", "2015-11-30": "988.45700", "2015-08-31": "803.30900", "2015-05-31": "650.73900", "2015-02-28": "610.14800", "2014-11-30": "644.46900", "2014-08-31": "595.88400", "2014-05-31": "581.87200", "2014-02-28": "1013.56000", "2013-11-30": "1096.83300", "2013-08-31": "725.88700", "2013-05-31": "680.47000", "2013-02-28": "682.96000", "2012-11-30": "998.26100", "2012-08-31": "841.33100", "2012-05-31": "781.27500", "2012-02-29": "735.73300", "2011-11-30": "770.86000", "2011-08-31": "723.95200", "2011-05-31": "1354.28500", "2011-02-28": "1329.06500", "2010-11-30": "663.66000", "2010-08-31": "578.21300", "2010-05-31": "769.94600", "2010-02-28": "589.62000", "2009-11-30": "1090.84700", "2009-08-31": "1072.34900", "2009-05-31": "426.93500", "2009-02-28": "387.59300", "2008-11-30": "356.23400", "2008-08-31": "287.72100", "2008-05-31": "456.06000", "2008-02-29": "388.46700", "2007-11-30": "363.39700", "2007-08-31": "270.54400", "2007-05-31": "308.87200", "2007-02-28": "292.05900", "2006-11-30": "249.24700", "2006-08-31": "168.57800", "2006-05-31": "218.47500", "2006-02-28": "213.14300", "2005-11-30": "131.69600", "2005-08-31": "35.45400", "2005-05-31": "48.97900", "2005-02-28": "58.20200"}, "Receivables": {"2020-09-30": "822.03300", "2020-06-30": "788.69700", "2020-03-31": "799.79800", "2019-12-31": "895.23200", "2019-09-30": "868.13300", "2019-06-30": "394.60300", "2019-03-31": "381.60800", "2018-12-31": "348.40000", "2018-09-30": "321.66400", "2018-06-30": "317.22200", "2018-03-31": "288.10100", "2017-12-31": "301.88700", "2017-09-30": "296.36600", "2017-06-30": "288.15300", "2017-03-31": "272.00300", "2016-12-31": "275.03200", "2016-11-30": "275.01700", "2016-09-30": "", "2016-08-31": "294.61900", "2016-06-30": "", "2016-05-31": "288.41100", "2016-03-31": "", "2016-02-29": "180.42300", "2015-11-30": "210.74300", "2015-08-31": "215.12600", "2015-05-31": "202.93800", "2015-02-28": "171.47900", "2014-11-30": "197.63000", "2014-08-31": "207.39900", "2014-05-31": "215.38300", "2014-02-28": "175.73600", "2013-11-30": "196.45000", "2013-08-31": "189.73300", "2013-05-31": "190.59100", "2013-02-28": "167.16800", "2012-11-30": "184.22400", "2012-08-31": "180.95700", "2012-05-31": "183.99100", "2012-02-29": "157.19100", "2011-11-30": "163.66700", "2011-08-31": "178.45100", "2011-05-31": "167.45400", "2011-02-28": "138.51400", "2010-11-30": "150.27500", "2010-08-31": "151.69800", "2010-05-31": "132.48100", "2010-02-28": "122.64800", "2009-11-30": "132.52300", "2009-08-31": "126.55700", "2009-05-31": "123.43800", "2009-02-28": "105.79600", "2008-11-30": "111.27600", "2008-08-31": "140.73600", "2008-05-31": "101.53300", "2008-02-29": "85.50500", "2007-11-30": "87.82500", "2007-08-31": "91.67700", "2007-05-31": "79.81200", "2007-02-28": "71.79800", "2006-11-30": "75.32400", "2006-08-31": "77.74900", "2006-05-31": "68.37900", "2006-02-28": "64.88000", "2005-11-30": "63.14000", "2005-08-31": "68.10100", "2005-05-31": "55.86900", "2005-02-28": "49.38600"}, "Inventory": {"2020-09-30": "", "2020-06-30": "", "2020-03-31": "", "2019-12-31": "", "2019-09-30": "", "2019-06-30": "", "2019-03-31": "", "2018-12-31": "", "2018-09-30": "", "2018-06-30": "", "2018-03-31": "", "2017-12-31": "", "2017-09-30": "", "2017-06-30": "", "2017-03-31": "", "2016-12-31": "", "2016-11-30": "", "2016-09-30": "", "2016-08-31": "", "2016-06-30": "", "2016-05-31": "", "2016-03-31": "", "2016-02-29": "", "2015-11-30": "", "2015-08-31": "", "2015-05-31": "", "2015-02-28": "5.58700", "2014-11-30": "8.00200", "2014-08-31": "5.66000", "2014-05-31": "6.63600", "2014-02-28": "7.31500", "2013-11-30": "8.88600", "2013-08-31": "6.67700", "2013-05-31": "11.05700", "2013-02-28": "11.34900", "2012-11-30": "14.14700", "2012-08-31": "12.83900", "2012-05-31": "9.86400", "2012-02-29": "12.38000", "2011-11-30": "11.79000", "2011-08-31": "10.45400", "2011-05-31": "7.64000", "2011-02-28": "9.83400", "2010-11-30": "7.73700", "2010-08-31": "6.73100", "2010-05-31": "9.74000", "2010-02-28": "12.14600", "2009-11-30": "12.85800", "2009-08-31": "13.28300", "2009-05-31": "5.91400", "2009-02-28": "6.37000", "2008-11-30": "5.31000", "2008-08-31": "6.57600", "2008-05-31": "3.82100", "2008-02-29": "5.14000", "2007-11-30": "6.25200", "2007-08-31": "4.07500", "2007-05-31": "3.43500", "2007-02-28": "4.53900", "2006-11-30": "5.47500", "2006-08-31": "4.18900", "2006-05-31": "3.30000", "2006-02-28": "2.71000", "2005-11-30": "2.72800", "2005-08-31": "2.22000", "2005-05-31": "2.62500", "2005-02-28": "2.73600"}, "Pre-Paid Expenses": {"2020-09-30": "540.48700", "2020-06-30": "422.20800", "2020-03-31": "423.52300", "2019-12-31": "439.16500", "2019-09-30": "440.51200", "2019-06-30": "261.08200", "2019-03-31": "235.13900", "2018-12-31": "216.70800", "2018-09-30": "207.49600", "2018-06-30": "208.25500", "2018-03-31": "213.84100", "2017-12-31": "206.54500", "2017-09-30": "220.64900", "2017-06-30": "147.39600", "2017-03-31": "113.82300", "2016-12-31": "131.34100", "2016-11-30": "186.46400", "2016-09-30": "", "2016-08-31": "206.96400", "2016-06-30": "", "2016-05-31": "181.84800", "2016-03-31": "", "2016-02-29": "58.49700", "2015-11-30": "52.70700", "2015-08-31": "58.23100", "2015-05-31": "41.41600", "2015-02-28": "49.02700", "2014-11-30": "40.07200", "2014-08-31": "43.38000", "2014-05-31": "45.67300", "2014-02-28": "46.94800", "2013-11-30": "61.67700", "2013-08-31": "49.85200", "2013-05-31": "66.68500", "2013-02-28": "70.56400", "2012-11-30": "49.18400", "2012-08-31": "39.67900", "2012-05-31": "33.64600", "2012-02-29": "37.73700", "2011-11-30": "34.55800", "2011-08-31": "33.10300", "2011-05-31": "35.29100", "2011-02-28": "23.03800", "2010-11-30": "21.76700", "2010-08-31": "21.26600", "2010-05-31": "39.60400", "2010-02-28": "21.73200", "2009-11-30": "20.26700", "2009-08-31": "25.39300", "2009-05-31": "28.43700", "2009-02-28": "23.13200", "2008-11-30": "24.72600", "2008-08-31": "25.96800", "2008-05-31": "27.59700", "2008-02-29": "29.54900", "2007-11-30": "29.35000", "2007-08-31": "26.73400", "2007-05-31": "14.24100", "2007-02-28": "19.43000", "2006-11-30": "14.17900", "2006-08-31": "20.71300", "2006-05-31": "14.95900", "2006-02-28": "8.98700", "2005-11-30": "10.64200", "2005-08-31": "10.93700", "2005-05-31": "12.77500", "2005-02-28": "13.55700"}, "Other Current Assets": {"2020-09-30": "1385.30800", "2020-06-30": "1314.81100", "2020-03-31": "1046.28800", "2019-12-31": "1353.77800", "2019-09-30": "1556.30700", "2019-06-30": "2844.26700", "2019-03-31": "2775.37100", "2018-12-31": "1600.22200", "2018-09-30": "2894.22600", "2018-06-30": "2033.93800", "2018-03-31": "2650.11300", "2017-12-31": "2459.29200", "2017-09-30": "1847.23200", "2017-06-30": "999.94600", "2017-03-31": "751.50900", "2016-12-31": "1546.85400", "2016-11-30": "1117.66600", "2016-09-30": "", "2016-08-31": "1105.47000", "2016-06-30": "", "2016-05-31": "1336.32600", "2016-03-31": "", "2016-02-29": "1000.68300", "2015-11-30": "1403.91400", "2015-08-31": "1658.19300", "2015-05-31": "2394.82200", "2015-02-28": "744.97600", "2014-11-30": "1122.32100", "2014-08-31": "1141.60800", "2014-05-31": "780.91700", "2014-02-28": "283.41400", "2013-11-30": "688.00300", "2013-08-31": "611.60200", "2013-05-31": "259.20400", "2013-02-28": "208.47100", "2012-11-30": "237.64000", "2012-08-31": "236.38400", "2012-05-31": "217.99400", "2012-02-29": "179.51500", "2011-11-30": "206.64200", "2011-08-31": "288.68400", "2011-05-31": "280.35900", "2011-02-28": "64.97300", "2010-11-30": "81.19200", "2010-08-31": "43.33300", "2010-05-31": "13.74100", "2010-02-28": "11.20200", "2009-11-30": "8.65700", "2009-08-31": "11.99000", "2009-05-31": "6.67500", "2009-02-28": "3.23400", "2008-11-30": "5.17900", "2008-08-31": "19.53200", "2008-05-31": "24.28000", "2008-02-29": "15.64700", "2007-11-30": "18.69700", "2007-08-31": "26.51000", "2007-05-31": "32.85300", "2007-02-28": "23.95500", "2006-11-30": "29.06800", "2006-08-31": "37.97900", "2006-05-31": "39.67100", "2006-02-28": "21.79000", "2005-11-30": "12.34900", "2005-08-31": "48.55500", "2005-05-31": "63.43500", "2005-02-28": "34.50800"}, "Total Current Assets": {"2020-09-30": "4968.65000", "2020-06-30": "4351.34100", "2020-03-31": "4069.67000", "2019-12-31": "4366.44800", "2019-09-30": "4992.56800", "2019-06-30": "4547.67900", "2019-03-31": "4669.75100", "2018-12-31": "3376.20800", "2018-09-30": "4413.99000", "2018-06-30": "3658.94400", "2018-03-31": "4157.87800", "2017-12-31": "4303.57900", "2017-09-30": "3550.29700", "2017-06-30": "2516.07100", "2017-03-31": "2399.18000", "2016-12-31": "3116.00600", "2016-11-30": "2574.96300", "2016-09-30": "", "2016-08-31": "2584.82900", "2016-06-30": "", "2016-05-31": "2851.31300", "2016-03-31": "", "2016-02-29": "2065.10300", "2015-11-30": "2655.82100", "2015-08-31": "2747.03800", "2015-05-31": "3289.91500", "2015-02-28": "1593.15000", "2014-11-30": "2025.25500", "2014-08-31": "2006.72400", "2014-05-31": "1643.44400", "2014-02-28": "1533.25500", "2013-11-30": "2058.30800", "2013-08-31": "1590.06800", "2013-05-31": "1214.49200", "2013-02-28": "1146.86200", "2012-11-30": "1489.92000", "2012-08-31": "1336.88100", "2012-05-31": "1248.73900", "2012-02-29": "1126.49900", "2011-11-30": "1190.41000", "2011-08-31": "1237.57900", "2011-05-31": "1847.97500", "2011-02-28": "1569.71200", "2010-11-30": "928.65800", "2010-08-31": "805.26900", "2010-05-31": "968.26400", "2010-02-28": "901.25300", "2009-11-30": "1391.09400", "2009-08-31": "1252.55600", "2009-05-31": "595.18800", "2009-02-28": "530.41200", "2008-11-30": "506.98600", "2008-08-31": "484.72000", "2008-05-31": "617.41000", "2008-02-29": "528.77200", "2007-11-30": "510.01700", "2007-08-31": "424.09700", "2007-05-31": "444.42900", "2007-02-28": "415.40100", "2006-11-30": "376.91300", "2006-08-31": "312.83000", "2006-05-31": "348.40600", "2006-02-28": "318.11500", "2005-11-30": "226.97900", "2005-08-31": "171.29300", "2005-05-31": "189.99000", "2005-02-28": "165.63100"}, "Property, Plant, And Equipment": {"2020-09-30": "1526.17800", "2020-06-30": "1477.63500", "2020-03-31": "1441.91000", "2019-12-31": "1382.80200", "2019-09-30": "1423.27100", "2019-06-30": "712.39600", "2019-03-31": "674.19900", "2018-12-31": "653.54200", "2018-09-30": "640.97600", "2018-06-30": "615.80300", "2018-03-31": "599.77400", "2017-12-31": "588.34800", "2017-09-30": "577.18800", "2017-06-30": "537.87900", "2017-03-31": "551.95100", "2016-12-31": "526.37000", "2016-11-30": "520.71400", "2016-09-30": "", "2016-08-31": "512.07900", "2016-06-30": "", "2016-05-31": "493.67800", "2016-03-31": "", "2016-02-29": "366.44500", "2015-11-30": "367.54100", "2015-08-31": "368.79500", "2015-05-31": "374.14300", "2015-02-28": "355.88500", "2014-11-30": "362.80900", "2014-08-31": "363.41500", "2014-05-31": "369.75300", "2014-02-28": "364.72500", "2013-11-30": "357.88000", "2013-08-31": "355.37000", "2013-05-31": "348.06400", "2013-02-28": "341.57300", "2012-11-30": "338.19500", "2012-08-31": "324.00500", "2012-05-31": "305.84800", "2012-02-29": "288.42800", "2011-11-30": "258.04100", "2011-08-31": "255.66400", "2011-05-31": "256.30100", "2011-02-28": "244.34900", "2010-11-30": "219.94400", "2010-08-31": "202.92800", "2010-05-31": "183.93800", "2010-02-28": "178.54900", "2009-11-30": "174.69200", "2009-08-31": "182.18400", "2009-05-31": "176.22600", "2009-02-28": "141.41200", "2008-11-30": "145.66400", "2008-08-31": "153.53300", "2008-05-31": "141.41500", "2008-02-29": "134.69500", "2007-11-30": "134.22100", "2007-08-31": "122.58800", "2007-05-31": "118.49500", "2007-02-28": "113.47100", "2006-11-30": "112.71200", "2006-08-31": "109.39600", "2006-05-31": "107.97700", "2006-02-28": "102.73000", "2005-11-30": "102.91500", "2005-08-31": "109.04800", "2005-05-31": "104.17300", "2005-02-28": "107.54900"}, "Long-Term Investments": {"2020-09-30": "", "2020-06-30": "", "2020-03-31": "", "2019-12-31": "", "2019-09-30": "", "2019-06-30": "", "2019-03-31": "", "2018-12-31": "", "2018-09-30": "", "2018-06-30": "", "2018-03-31": "", "2017-12-31": "", "2017-09-30": "", "2017-06-30": "", "2017-03-31": "", "2016-12-31": "", "2016-11-30": "", "2016-09-30": "", "2016-08-31": "", "2016-06-30": "", "2016-05-31": "", "2016-03-31": "", "2016-02-29": "", "2015-11-30": "", "2015-08-31": "", "2015-05-31": "", "2015-02-28": "", "2014-11-30": "", "2014-08-31": "", "2014-05-31": "", "2014-02-28": "", "2013-11-30": "", "2013-08-31": "", "2013-05-31": "", "2013-02-28": "", "2012-11-30": "", "2012-08-31": "", "2012-05-31": "", "2012-02-29": "", "2011-11-30": "", "2011-08-31": "", "2011-05-31": "", "2011-02-28": "", "2010-11-30": "", "2010-08-31": "", "2010-05-31": "", "2010-02-28": "", "2009-11-30": "", "2009-08-31": "", "2009-05-31": "", "2009-02-28": "", "2008-11-30": "", "2008-08-31": "", "2008-05-31": "", "2008-02-29": "", "2007-11-30": "", "2007-08-31": "", "2007-05-31": "", "2007-02-28": "", "2006-11-30": "", "2006-08-31": "", "2006-05-31": "", "2006-02-28": "", "2005-11-30": "", "2005-08-31": "", "2005-05-31": "", "2005-02-28": ""}, "Goodwill And Intangible Assets": {"2020-09-30": "35997.02000", "2020-06-30": "36218.55000", "2020-03-31": "36477.16000", "2019-12-31": "36914.39000", "2019-09-30": "36938.84000", "2019-06-30": "8653.89600", "2019-03-31": "8751.33100", "2018-12-31": "8829.97300", "2018-09-30": "8409.88900", "2018-06-30": "7669.24200", "2018-03-31": "7811.20600", "2017-12-31": "7885.69900", "2017-09-30": "7945.12300", "2017-06-30": "6817.18300", "2017-03-31": "6856.80700", "2016-12-31": "6892.88600", "2016-11-30": "6939.59800", "2016-09-30": "", "2016-08-31": "7060.96900", "2016-06-30": "", "2016-05-31": "7094.11300", "2016-03-31": "", "2016-02-29": "2202.44500", "2015-11-30": "2243.12200", "2015-08-31": "2290.44500", "2015-05-31": "2051.96900", "2015-02-28": "1938.98300", "2014-11-30": "2026.60700", "2014-08-31": "1835.63900", "2014-05-31": "1872.45800", "2014-02-28": "1429.38100", "2013-11-30": "1442.66000", "2013-08-31": "1434.81200", "2013-05-31": "1445.07000", "2013-02-28": "1464.60900", "2012-11-30": "1475.69000", "2012-08-31": "1025.51600", "2012-05-31": "1014.87500", "2012-02-29": "1079.81500", "2011-11-30": "1040.76100", "2011-08-31": "1102.49900", "2011-05-31": "1121.13700", "2011-02-28": "1113.35300", "2010-11-30": "789.59800", "2010-08-31": "785.16000", "2010-05-31": "774.20000", "2010-02-28": "787.52700", "2009-11-30": "825.08300", "2009-08-31": "877.28800", "2009-05-31": "883.21400", "2009-02-28": "761.21200", "2008-11-30": "948.24500", "2008-08-31": "1048.08300", "2008-05-31": "672.77200", "2008-02-29": "649.09800", "2007-11-30": "647.91800", "2007-08-31": "627.67200", "2007-05-31": "626.86400", "2007-02-28": "616.96400", "2006-11-30": "623.28900", "2006-08-31": "616.43200", "2006-05-31": "554.46200", "2006-02-28": "550.55000", "2005-11-30": "549.64400", "2005-08-31": "550.53800", "2005-05-31": "547.75000", "2005-02-28": "551.85100"}, "Other Long-Term Assets": {"2020-09-30": "2051.11200", "2020-06-30": "1947.73700", "2020-03-31": "1854.07600", "2019-12-31": "1810.22500", "2019-09-30": "1844.89000", "2019-06-30": "663.15100", "2019-03-31": "647.05200", "2018-12-31": "362.92300", "2018-09-30": "365.14400", "2018-06-30": "345.83900", "2018-03-31": "323.01900", "2017-12-31": "207.29700", "2017-09-30": "192.20500", "2017-06-30": "149.26000", "2017-03-31": "135.94000", "2016-12-31": "113.29900", "2016-11-30": "57.42000", "2016-09-30": "", "2016-08-31": "58.98200", "2016-06-30": "", "2016-05-31": "48.12900", "2016-03-31": "", "2016-02-29": "40.55900", "2015-11-30": "35.36500", "2015-08-31": "36.26500", "2015-05-31": "32.84600", "2015-02-28": "36.75300", "2014-11-30": "31.75500", "2014-08-31": "32.76500", "2014-05-31": "31.06700", "2014-02-28": "25.17200", "2013-11-30": "22.38400", "2013-08-31": "22.59400", "2013-05-31": "22.25200", "2013-02-28": "29.55400", "2012-11-30": "26.95000", "2012-08-31": "22.53200", "2012-05-31": "21.44600", "2012-02-29": "23.64400", "2011-11-30": "28.61900", "2011-08-31": "20.40300", "2011-05-31": "20.97800", "2011-02-28": "23.75200", "2010-11-30": "22.31000", "2010-08-31": "21.55000", "2010-05-31": "22.45400", "2010-02-28": "22.48900", "2009-11-30": "23.24600", "2009-08-31": "25.29500", "2009-05-31": "22.19300", "2009-02-28": "11.56000", "2008-11-30": "12.53500", "2008-08-31": "13.42200", "2008-05-31": "14.31000", "2008-02-29": "13.20400", "2007-11-30": "10.59300", "2007-08-31": "11.02100", "2007-05-31": "10.84100", "2007-02-28": "13.11500", "2006-11-30": "7.93400", "2006-08-31": "12.36200", "2006-05-31": "7.83300", "2006-02-28": "10.59100", "2005-11-30": "10.59800", "2005-08-31": "10.76600", "2005-05-31": "11.59200", "2005-02-28": "6.12200"}, "Total Long-Term Assets": {"2020-09-30": "39581.13000", "2020-06-30": "39650.14000", "2020-03-31": "39779.93000", "2019-12-31": "40113.71000", "2019-09-30": "40219.48000", "2019-06-30": "10036.39000", "2019-03-31": "10079.87000", "2018-12-31": "9854.56500", "2018-09-30": "9425.24500", "2018-06-30": "8640.93300", "2018-03-31": "8745.41900", "2017-12-31": "8694.49000", "2017-09-30": "8731.25200", "2017-06-30": "7520.71000", "2017-03-31": "7560.53600", "2016-12-31": "7548.34400", "2016-11-30": "7538.15000", "2016-09-30": "", "2016-08-31": "7652.95100", "2016-06-30": "", "2016-05-31": "7658.63900", "2016-03-31": "", "2016-02-29": "2633.99800", "2015-11-30": "2672.28000", "2015-08-31": "2725.88000", "2015-05-31": "2489.38600", "2015-02-28": "2425.17000", "2014-11-30": "2516.33200", "2014-08-31": "2332.63200", "2014-05-31": "2375.20600", "2014-02-28": "1922.46000", "2013-11-30": "1923.25600", "2013-08-31": "1909.42200", "2013-05-31": "1910.56400", "2013-02-28": "1929.36200", "2012-11-30": "1938.80100", "2012-08-31": "1468.61100", "2012-05-31": "1439.40400", "2012-02-29": "1490.47200", "2011-11-30": "1423.92900", "2011-08-31": "1477.57900", "2011-05-31": "1502.55600", "2011-02-28": "1482.70600", "2010-11-30": "1127.93200", "2010-08-31": "1103.47600", "2010-05-31": "1071.06200", "2010-02-28": "1078.41500", "2009-11-30": "1118.75400", "2009-08-31": "1178.37200", "2009-05-31": "1081.63300", "2009-02-28": "914.18400", "2008-11-30": "1106.44400", "2008-08-31": "1215.03800", "2008-05-31": "828.49690", "2008-02-29": "796.99700", "2007-11-30": "792.73200", "2007-08-31": "761.28100", "2007-05-31": "756.20000", "2007-02-28": "743.55000", "2006-11-30": "743.93500", "2006-08-31": "738.19000", "2006-05-31": "670.27200", "2006-02-28": "663.87100", "2005-11-30": "663.15700", "2005-08-31": "670.35200", "2005-05-31": "663.51500", "2005-02-28": "665.52200"}, "Total Assets": {"2020-09-30": "44549.78000", "2020-06-30": "44001.48000", "2020-03-31": "43849.60000", "2019-12-31": "44480.16000", "2019-09-30": "45212.05000", "2019-06-30": "14584.07000", "2019-03-31": "14749.62000", "2018-12-31": "13230.77000", "2018-09-30": "13839.24000", "2018-06-30": "12299.88000", "2018-03-31": "12903.30000", "2017-12-31": "12998.07000", "2017-09-30": "12281.55000", "2017-06-30": "10036.78000", "2017-03-31": "9959.71600", "2016-12-31": "10664.35000", "2016-11-30": "10113.11000", "2016-09-30": "0.00000", "2016-08-31": "10237.78000", "2016-06-30": "0.00000", "2016-05-31": "10509.95000", "2016-03-31": "0.00000", "2016-02-29": "4699.10100", "2015-11-30": "5328.10100", "2015-08-31": "5472.91800", "2015-05-31": "5779.30100", "2015-02-28": "4018.32000", "2014-11-30": "4541.58700", "2014-08-31": "4339.35600", "2014-05-31": "4018.65000", "2014-02-28": "3455.71500", "2013-11-30": "3981.56400", "2013-08-31": "3499.49000", "2013-05-31": "3125.05600", "2013-02-28": "3076.22400", "2012-11-30": "3428.72100", "2012-08-31": "2805.49200", "2012-05-31": "2688.14300", "2012-02-29": "2616.97100", "2011-11-30": "2614.33900", "2011-08-31": "2715.15800", "2011-05-31": "3350.53100", "2011-02-28": "3052.41800", "2010-11-30": "2056.59000", "2010-08-31": "1908.74500", "2010-05-31": "2039.32600", "2010-02-28": "1979.66800", "2009-11-30": "2509.84800", "2009-08-31": "2430.92800", "2009-05-31": "1676.82100", "2009-02-28": "1444.59600", "2008-11-30": "1613.43000", "2008-08-31": "1699.75800", "2008-05-31": "1445.90700", "2008-02-29": "1325.76900", "2007-11-30": "1302.74900", "2007-08-31": "1185.37800", "2007-05-31": "1200.62900", "2007-02-28": "1158.95100", "2006-11-30": "1120.84800", "2006-08-31": "1051.02000", "2006-05-31": "1018.67800", "2006-02-28": "981.98600", "2005-11-30": "890.13600", "2005-08-31": "841.64500", "2005-05-31": "853.50500", "2005-02-28": "831.15300"}, "Total Current Liabilities": {"2020-09-30": "4415.25400", "2020-06-30": "4229.34300", "2020-03-31": "3036.27900", "2019-12-31": "3579.34600", "2019-09-30": "4283.15200", "2019-06-30": "4483.58200", "2019-03-31": "4516.22200", "2018-12-31": "3268.62000", "2018-09-30": "4267.07100", "2018-06-30": "3364.36700", "2018-03-31": "3908.91900", "2017-12-31": "3815.59000", "2017-09-30": "3123.91100", "2017-06-30": "2098.46400", "2017-03-31": "2092.86200", "2016-12-31": "2851.95600", "2016-11-30": "2209.85500", "2016-09-30": "", "2016-08-31": "2232.17200", "2016-06-30": "", "2016-05-31": "2430.70700", "2016-03-31": "", "2016-02-29": "1748.13200", "2015-11-30": "2267.64500", "2015-08-31": "2390.23600", "2015-05-31": "3015.18800", "2015-02-28": "1242.70000", "2014-11-30": "1676.13300", "2014-08-31": "1579.49700", "2014-05-31": "1211.61800", "2014-02-28": "688.00200", "2013-11-30": "1573.00500", "2013-08-31": "1044.82000", "2013-05-31": "704.11400", "2013-02-28": "673.82800", "2012-11-30": "1037.47000", "2012-08-31": "1045.94600", "2012-05-31": "837.28500", "2012-02-29": "752.37000", "2011-11-30": "807.42400", "2011-08-31": "802.38700", "2011-05-31": "1444.36400", "2011-02-28": "1237.91800", "2010-11-30": "605.98500", "2010-08-31": "508.01100", "2010-05-31": "672.47100", "2010-02-28": "542.67800", "2009-11-30": "1052.00900", "2009-08-31": "1029.77300", "2009-05-31": "336.17700", "2009-02-28": "264.70700", "2008-11-30": "272.59200", "2008-08-31": "270.36200", "2008-05-31": "217.75200", "2008-02-29": "169.05800", "2007-11-30": "189.12400", "2007-08-31": "142.07000", "2007-05-31": "142.87700", "2007-02-28": "165.00800", "2006-11-30": "160.03200", "2006-08-31": "132.32900", "2006-05-31": "149.65500", "2006-02-28": "166.01400", "2005-11-30": "130.89000", "2005-08-31": "126.78500", "2005-05-31": "182.80300", "2005-02-28": "179.23700"}, "Long Term Debt": {"2020-09-30": "8436.96200", "2020-06-30": "8440.26700", "2020-03-31": "9636.07600", "2019-12-31": "9090.36400", "2019-09-30": "8987.70400", "2019-06-30": "5000.58500", "2019-03-31": "5170.37700", "2018-12-31": "5015.16800", "2018-09-30": "4707.51000", "2018-06-30": "4255.14200", "2018-03-31": "4176.85100", "2017-12-31": "4559.40800", "2017-09-30": "4677.91000", "2017-06-30": "4175.41100", "2017-03-31": "4221.25800", "2016-12-31": "4260.82700", "2016-11-30": "4316.39100", "2016-09-30": "", "2016-08-31": "4289.66600", "2016-06-30": "", "2016-05-31": "4379.74400", "2016-03-31": "", "2016-02-29": "1787.67500", "2015-11-30": "1915.80300", "2015-08-31": "1932.02800", "2015-05-31": "1678.28300", "2015-02-28": "1546.00000", "2014-11-30": "1554.12500", "2014-08-31": "1388.75000", "2014-05-31": "1376.00200", "2014-02-28": "1252.05600", "2013-11-30": "922.54500", "2013-08-31": "1000.38300", "2013-05-31": "891.13400", "2013-02-28": "883.46200", "2012-11-30": "777.98800", "2012-08-31": "285.46400", "2012-05-31": "236.56500", "2012-02-29": "177.84600", "2011-11-30": "203.22200", "2011-08-31": "285.76600", "2011-05-31": "268.21700", "2011-02-28": "301.31900", "2010-11-30": "202.61000", "2010-08-31": "238.24800", "2010-05-31": "272.96500", "2010-02-28": "307.29800", "2009-11-30": "341.97800", "2009-08-31": "374.36600", "2009-05-31": "167.61000", "2009-02-28": "165.00000", "2008-11-30": "170.00000", "2008-08-31": "175.00000", "2008-05-31": "", "2008-02-29": "72.26400", "2007-11-30": "", "2007-08-31": "", "2007-05-31": "70.76800", "2007-02-28": "", "2006-11-30": "", "2006-08-31": "", "2006-05-31": "", "2006-02-28": "", "2005-11-30": "0.10000", "2005-08-31": "0.39700", "2005-05-31": "0.74600", "2005-02-28": "1.08700"}, "Other Non-Current Liabilities": {"2020-09-30": "767.70400", "2020-06-30": "726.73600", "2020-03-31": "632.40100", "2019-12-31": "609.82200", "2019-09-30": "632.74600", "2019-06-30": "368.65900", "2019-03-31": "351.39200", "2018-12-31": "175.61800", "2018-09-30": "172.73000", "2018-06-30": "220.49300", "2018-03-31": "225.26700", "2017-12-31": "220.96100", "2017-09-30": "152.12700", "2017-06-30": "140.96000", "2017-03-31": "132.39700", "2016-12-31": "95.75300", "2016-11-30": "89.77300", "2016-09-30": "", "2016-08-31": "86.70700", "2016-06-30": "", "2016-05-31": "77.23500", "2016-03-31": "", "2016-02-29": "15.19000", "2015-11-30": "15.92400", "2015-08-31": "16.66700", "2015-05-31": "19.42200", "2015-02-28": "86.25500", "2014-11-30": "88.24500", "2014-08-31": "90.65500", "2014-05-31": "89.13200", "2014-02-28": "86.25100", "2013-11-30": "81.34200", "2013-08-31": "76.02500", "2013-05-31": "72.47800", "2013-02-28": "71.30700", "2012-11-30": "71.09700", "2012-08-31": "66.96600", "2012-05-31": "62.30600", "2012-02-29": "56.80300", "2011-11-30": "-85.14600", "2011-08-31": "-85.73600", "2011-05-31": "49.84300", "2011-02-28": "-80.98800", "2010-11-30": "-76.45400", "2010-08-31": "-69.83700", "2010-05-31": "-71.23600", "2010-02-28": "-72.71200", "2009-11-30": "-71.48800", "2009-08-31": "-73.77600", "2009-05-31": "-380.36800", "2009-02-28": "11.60000", "2008-11-30": "12.00100", "2008-08-31": "14.75200", "2008-05-31": "11.61200", "2008-02-29": "10.16700", "2007-11-30": "17.73500", "2007-08-31": "15.70800", "2007-05-31": "14.27500", "2007-02-28": "15.96600", "2006-11-30": "15.94900", "2006-08-31": "16.80700", "2006-05-31": "17.01300", "2006-02-28": "15.90300", "2005-11-30": "16.25600", "2005-08-31": "16.35600", "2005-05-31": "16.39500", "2005-02-28": "17.19700"}, "Total Long Term Liabilities": {"2020-09-30": "12170.69000", "2020-06-30": "12139.14000", "2020-03-31": "13292.89000", "2019-12-31": "12845.83000", "2019-09-30": "12973.18000", "2019-06-30": "5925.37400", "2019-03-31": "6090.93800", "2018-12-31": "5775.81100", "2018-09-30": "5396.59700", "2018-06-30": "4919.50900", "2018-03-31": "4854.58800", "2017-12-31": "5217.24800", "2017-09-30": "5462.68500", "2017-06-30": "4933.67900", "2017-03-31": "4990.56300", "2016-12-31": "5033.05200", "2016-11-30": "5101.42200", "2016-09-30": "", "2016-08-31": "5100.39600", "2016-06-30": "", "2016-05-31": "5201.84100", "2016-03-31": "", "2016-02-29": "1998.21900", "2015-11-30": "2134.35700", "2015-08-31": "2165.53900", "2015-05-31": "1900.56000", "2015-02-28": "1833.99200", "2014-11-30": "1843.21800", "2014-08-31": "1689.34600", "2014-05-31": "1674.23300", "2014-02-28": "1504.00400", "2013-11-30": "1176.87500", "2013-08-31": "1249.98100", "2013-05-31": "1134.33500", "2013-02-28": "1117.15800", "2012-11-30": "1016.45000", "2012-08-31": "476.52600", "2012-05-31": "549.93700", "2012-02-29": "497.29400", "2011-11-30": "513.10100", "2011-08-31": "599.03700", "2011-05-31": "568.35000", "2011-02-28": "575.15100", "2010-11-30": "452.14000", "2010-08-31": "468.57700", "2010-05-31": "495.33800", "2010-02-28": "491.79500", "2009-11-30": "525.82800", "2009-08-31": "570.46800", "2009-05-31": "662.40100", "2009-02-28": "264.82300", "2008-11-30": "274.29700", "2008-08-31": "302.73500", "2008-05-31": "101.33700", "2008-02-29": "98.56000", "2007-11-30": "109.86900", "2007-08-31": "99.69100", "2007-05-31": "99.97600", "2007-02-28": "91.25900", "2006-11-30": "94.50700", "2006-08-31": "97.80100", "2006-05-31": "98.80000", "2006-02-28": "98.51500", "2005-11-30": "93.87300", "2005-08-31": "95.54000", "2005-05-31": "92.35200", "2005-02-28": "96.54800"}, "Total Liabilities": {"2020-09-30": "16585.94000", "2020-06-30": "16368.49000", "2020-03-31": "16329.17000", "2019-12-31": "16425.17000", "2019-09-30": "17256.33000", "2019-06-30": "10408.96000", "2019-03-31": "10607.16000", "2018-12-31": "9044.43100", "2018-09-30": "9663.66800", "2018-06-30": "8283.87600", "2018-03-31": "8763.50700", "2017-12-31": "9032.83800", "2017-09-30": "8586.59600", "2017-06-30": "7032.14300", "2017-03-31": "7083.42500", "2016-12-31": "7885.00800", "2016-11-30": "7311.27700", "2016-09-30": "", "2016-08-31": "7332.56800", "2016-06-30": "", "2016-05-31": "7632.54800", "2016-03-31": "", "2016-02-29": "3746.35100", "2015-11-30": "4402.00200", "2015-08-31": "4555.77500", "2015-05-31": "4915.74800", "2015-02-28": "3076.69200", "2014-11-30": "3519.35100", "2014-08-31": "3268.84300", "2014-05-31": "2885.85100", "2014-02-28": "2192.00600", "2013-11-30": "2749.88000", "2013-08-31": "2294.80100", "2013-05-31": "1838.44900", "2013-02-28": "1790.98600", "2012-11-30": "2053.92000", "2012-08-31": "1522.47200", "2012-05-31": "1387.22200", "2012-02-29": "1249.66400", "2011-11-30": "1320.52500", "2011-08-31": "1401.42400", "2011-05-31": "2012.71400", "2011-02-28": "1813.06900", "2010-11-30": "1058.12500", "2010-08-31": "976.58800", "2010-05-31": "1167.80900", "2010-02-28": "1034.48000", "2009-11-30": "1577.83700", "2009-08-31": "1600.24100", "2009-05-31": "998.58000", "2009-02-28": "529.53000", "2008-11-30": "546.88900", "2008-08-31": "573.09700", "2008-05-31": "319.08900", "2008-02-29": "267.61800", "2007-11-30": "298.99300", "2007-08-31": "241.76100", "2007-05-31": "242.85300", "2007-02-28": "256.26700", "2006-11-30": "254.53900", "2006-08-31": "230.13000", "2006-05-31": "248.45500", "2006-02-28": "264.52900", "2005-11-30": "224.76300", "2005-08-31": "222.32500", "2005-05-31": "275.15500", "2005-02-28": "275.78500"}, "Common Stock Net": {"2020-09-30": "", "2020-06-30": "", "2020-03-31": "", "2019-12-31": "", "2019-09-30": "", "2019-06-30": "", "2019-03-31": "", "2018-12-31": "", "2018-09-30": "", "2018-06-30": "", "2018-03-31": "", "2017-12-31": "", "2017-09-30": "", "2017-06-30": "", "2017-03-31": "", "2016-12-31": "", "2016-11-30": "", "2016-09-30": "", "2016-08-31": "", "2016-06-30": "", "2016-05-31": "", "2016-03-31": "", "2016-02-29": "", "2015-11-30": "", "2015-08-31": "", "2015-05-31": "", "2015-02-28": "", "2014-11-30": "", "2014-08-31": "", "2014-05-31": "", "2014-02-28": "", "2013-11-30": "", "2013-08-31": "", "2013-05-31": "", "2013-02-28": "", "2012-11-30": "", "2012-08-31": "", "2012-05-31": "", "2012-02-29": "", "2011-11-30": "", "2011-08-31": "", "2011-05-31": "", "2011-02-28": "", "2010-11-30": "", "2010-08-31": "", "2010-05-31": "", "2010-02-28": "", "2009-11-30": "", "2009-08-31": "", "2009-05-31": "", "2009-02-28": "", "2008-11-30": "", "2008-08-31": "", "2008-05-31": "", "2008-02-29": "", "2007-11-30": "", "2007-08-31": "", "2007-05-31": "", "2007-02-28": "", "2006-11-30": "", "2006-08-31": "", "2006-05-31": "", "2006-02-28": "", "2005-11-30": "", "2005-08-31": "", "2005-05-31": "", "2005-02-28": ""}, "Retained Earnings (Accumulated Deficit)": {"2020-09-30": "2476.96200", "2020-06-30": "2314.42300", "2020-03-31": "2335.40700", "2019-12-31": "2333.01100", "2019-09-30": "2297.89700", "2019-06-30": "2204.44500", "2019-03-31": "2111.79800", "2018-12-31": "2066.41500", "2018-09-30": "1994.00300", "2018-06-30": "1819.21300", "2018-03-31": "1738.54500", "2017-12-31": "1597.89700", "2017-09-30": "1357.52600", "2017-06-30": "1255.55200", "2017-03-31": "1192.51900", "2016-12-31": "1137.23000", "2016-11-30": "1146.84400", "2016-09-30": "", "2016-08-31": "1099.02600", "2016-06-30": "", "2016-05-31": "1015.81100", "2016-03-31": "", "2016-02-29": "981.01300", "2015-11-30": "917.98900", "2015-08-31": "861.21200", "2015-05-31": "795.22600", "2015-02-28": "861.95500", "2014-11-30": "852.97200", "2014-08-31": "822.46100", "2014-05-31": "815.98000", "2014-02-28": "940.54500", "2013-11-30": "896.59700", "2013-08-31": "917.55000", "2013-05-31": "958.75100", "2013-02-28": "946.19500", "2012-11-30": "957.97800", "2012-08-31": "889.37000", "2012-05-31": "843.45600", "2012-02-29": "842.48700", "2011-11-30": "790.53200", "2011-08-31": "736.86800", "2011-05-31": "685.62400", "2011-02-28": "675.18200", "2010-11-30": "636.59400", "2010-08-31": "592.43900", "2010-05-31": "544.77200", "2010-02-28": "513.06800", "2009-11-30": "467.47600", "2009-08-31": "404.93400", "2009-05-31": "273.09000", "2009-02-28": "616.72500", "2008-11-30": "725.09900", "2008-08-31": "677.80600", "2008-05-31": "621.87500", "2008-02-29": "582.65700", "2007-11-30": "544.19300", "2007-08-31": "507.45100", "2007-05-31": "466.41700", "2007-02-28": "434.85600", "2006-11-30": "402.17300", "2006-08-31": "369.78200", "2006-05-31": "329.87400", "2006-02-28": "297.40800", "2005-11-30": "268.88800", "2005-08-31": "239.85800", "2005-05-31": "210.68600", "2005-02-28": "188.75200"}, "Comprehensive Income": {"2020-09-30": "-351.90400", "2020-06-30": "-459.14600", "2020-03-31": "-539.78000", "2019-12-31": "-310.57100", "2019-09-30": "-428.06700", "2019-06-30": "-339.90600", "2019-03-31": "-312.60800", "2018-12-31": "-310.17500", "2018-09-30": "-270.54500", "2018-06-30": "-243.62900", "2018-03-31": "-176.96100", "2017-12-31": "-183.14400", "2017-09-30": "-202.50800", "2017-06-30": "-243.45900", "2017-03-31": "-287.80600", "2016-12-31": "-322.71700", "2016-11-30": "-309.71700", "2016-09-30": "", "2016-08-31": "-265.51100", "2016-06-30": "", "2016-05-31": "-246.05000", "2016-03-31": "", "2016-02-29": "-277.30100", "2015-11-30": "-245.23400", "2015-08-31": "-212.72700", "2015-05-31": "-185.99200", "2015-02-28": "-184.22600", "2014-11-30": "-102.72600", "2014-08-31": "-19.35100", "2014-05-31": "-1.77600", "2014-02-28": "-5.74500", "2013-11-30": "2.23500", "2013-08-31": "-17.37600", "2013-05-31": "-15.06200", "2013-02-28": "-6.77400", "2012-11-30": "18.43200", "2012-08-31": "1.49800", "2012-05-31": "-30.00000", "2012-02-29": "33.29900", "2011-11-30": "12.90900", "2011-08-31": "70.35000", "2011-05-31": "79.32000", "2011-02-28": "49.28300", "2010-11-30": "-4.45700", "2010-08-31": "-20.41300", "2010-05-31": "-44.25500", "2010-02-28": "-20.43800", "2009-11-30": "19.20300", "2009-08-31": "0.00900", "2009-05-31": "-10.90100", "2009-02-28": "-103.73600", "2008-11-30": "-54.62200", "2008-08-31": "60.93700", "2008-05-31": "124.20200", "2008-02-29": "101.06900", "2007-11-30": "90.72200", "2007-08-31": "66.76100", "2007-05-31": "61.19300", "2007-02-28": "45.81400", "2006-11-30": "50.77700", "2006-08-31": "51.51100", "2006-05-31": "52.83600", "2006-02-28": "39.72100", "2005-11-30": "35.00900", "2005-08-31": "32.62000", "2005-05-31": "21.79500", "2005-02-28": "27.29700"}, "Other Share Holders Equity": {"2020-09-30": "", "2020-06-30": "", "2020-03-31": "", "2019-12-31": "", "2019-09-30": "", "2019-06-30": "", "2019-03-31": "", "2018-12-31": "", "2018-09-30": "", "2018-06-30": "", "2018-03-31": "", "2017-12-31": "", "2017-09-30": "", "2017-06-30": "", "2017-03-31": "", "2016-12-31": "", "2016-11-30": "", "2016-09-30": "", "2016-08-31": "", "2016-06-30": "", "2016-05-31": "", "2016-03-31": "", "2016-02-29": "", "2015-11-30": "", "2015-08-31": "", "2015-05-31": "", "2015-02-28": "", "2014-11-30": "", "2014-08-31": "", "2014-05-31": "", "2014-02-28": "", "2013-11-30": "", "2013-08-31": "", "2013-05-31": "", "2013-02-28": "", "2012-11-30": "", "2012-08-31": "", "2012-05-31": "", "2012-02-29": "", "2011-11-30": "", "2011-08-31": "", "2011-05-31": "", "2011-02-28": "", "2010-11-30": "", "2010-08-31": "", "2010-05-31": "", "2010-02-28": "", "2009-11-30": "", "2009-08-31": "", "2009-05-31": "", "2009-02-28": "", "2008-11-30": "", "2008-08-31": "", "2008-05-31": "", "2008-02-29": "", "2007-11-30": "", "2007-08-31": "", "2007-05-31": "", "2007-02-28": "", "2006-11-30": "", "2006-08-31": "", "2006-05-31": "", "2006-02-28": "", "2005-11-30": "", "2005-08-31": "", "2005-05-31": "", "2005-02-28": ""}, "Share Holder Equity": {"2020-09-30": "27963.84000", "2020-06-30": "27632.99000", "2020-03-31": "27520.43000", "2019-12-31": "28054.99000", "2019-09-30": "27955.72000", "2019-06-30": "4175.11600", "2019-03-31": "4142.46100", "2018-12-31": "4186.34300", "2018-09-30": "4175.56800", "2018-06-30": "4016.00100", "2018-03-31": "4139.79000", "2017-12-31": "3965.23100", "2017-09-30": "3694.95300", "2017-06-30": "3004.63800", "2017-03-31": "2876.29100", "2016-12-31": "2779.34200", "2016-11-30": "2801.83700", "2016-09-30": "", "2016-08-31": "2905.21200", "2016-06-30": "", "2016-05-31": "2877.40400", "2016-03-31": "", "2016-02-29": "952.75000", "2015-11-30": "926.09900", "2015-08-31": "917.14300", "2015-05-31": "863.55300", "2015-02-28": "941.62800", "2014-11-30": "1022.23600", "2014-08-31": "1070.51300", "2014-05-31": "1132.79900", "2014-02-28": "1263.70900", "2013-11-30": "1231.68400", "2013-08-31": "1204.68900", "2013-05-31": "1286.60700", "2013-02-28": "1285.23800", "2012-11-30": "1374.80100", "2012-08-31": "1283.02000", "2012-05-31": "1300.92100", "2012-02-29": "1367.30700", "2011-11-30": "1293.81400", "2011-08-31": "1313.73400", "2011-05-31": "1337.81700", "2011-02-28": "1239.34900", "2010-11-30": "998.46500", "2010-08-31": "932.15700", "2010-05-31": "871.51700", "2010-02-28": "945.19500", "2009-11-30": "932.01100", "2009-08-31": "830.68700", "2009-05-31": "678.24300", "2009-02-28": "915.06600", "2008-11-30": "1066.54100", "2008-08-31": "1126.66100", "2008-05-31": "1126.81800", "2008-02-29": "1058.15100", "2007-11-30": "1003.75600", "2007-08-31": "943.61700", "2007-05-31": "957.77600", "2007-02-28": "902.68400", "2006-11-30": "866.30900", "2006-08-31": "820.89000", "2006-05-31": "770.22300", "2006-02-28": "717.45700", "2005-11-30": "665.37300", "2005-08-31": "619.32000", "2005-05-31": "578.35000", "2005-02-28": "555.36800"}, "Total Liabilities And Share Holders Equity": {"2020-09-30": "44549.78000", "2020-06-30": "44001.48000", "2020-03-31": "43849.60000", "2019-12-31": "44480.16000", "2019-09-30": "45212.05000", "2019-06-30": "14584.07000", "2019-03-31": "14749.62000", "2018-12-31": "13230.77000", "2018-09-30": "13839.24000", "2018-06-30": "12299.88000", "2018-03-31": "12903.30000", "2017-12-31": "12998.07000", "2017-09-30": "12281.55000", "2017-06-30": "10036.78000", "2017-03-31": "9959.71600", "2016-12-31": "10664.35000", "2016-11-30": "10113.11000", "2016-09-30": "", "2016-08-31": "10237.78000", "2016-06-30": "", "2016-05-31": "10509.95000", "2016-03-31": "", "2016-02-29": "4699.10100", "2015-11-30": "5328.10100", "2015-08-31": "5472.91800", "2015-05-31": "5779.30100", "2015-02-28": "4018.32000", "2014-11-30": "4541.58700", "2014-08-31": "4339.35600", "2014-05-31": "4018.65000", "2014-02-28": "3455.71500", "2013-11-30": "3981.56400", "2013-08-31": "3499.49000", "2013-05-31": "3125.05600", "2013-02-28": "3076.22400", "2012-11-30": "3428.72100", "2012-08-31": "2805.49200", "2012-05-31": "2688.14300", "2012-02-29": "2616.97100", "2011-11-30": "2614.33900", "2011-08-31": "2715.15800", "2011-05-31": "3350.53100", "2011-02-28": "3052.41800", "2010-11-30": "2056.59000", "2010-08-31": "1908.74500", "2010-05-31": "2039.32600", "2010-02-28": "1979.66800", "2009-11-30": "2509.84800", "2009-08-31": "2430.92800", "2009-05-31": "1676.82100", "2009-02-28": "1444.59600", "2008-11-30": "1613.43000", "2008-08-31": "1699.75800", "2008-05-31": "1445.90700", "2008-02-29": "1325.76900", "2007-11-30": "1302.74900", "2007-08-31": "1185.37800", "2007-05-31": "1200.62900", "2007-02-28": "1158.95100", "2006-11-30": "1120.84800", "2006-08-31": "1051.02000", "2006-05-31": "1018.67800", "2006-02-28": "981.98600", "2005-11-30": "890.13600", "2005-08-31": "841.64500", "2005-05-31": "853.50500", "2005-02-28": "831.15300"}}, "cash flow statement": {"Net Income/Loss": {"2019-12-31": "469.27600", "2018-12-31": "484.66700", "2017-12-31": "494.07000", "2016-12-31": "290.21700", "2016-05-31": "290.21700", "2015-05-31": "309.11500", "2014-05-31": "269.95200", "2013-05-31": "238.71300", "2012-05-31": "217.56600", "2011-05-31": "228.15600", "2010-05-31": "219.10900", "2009-05-31": "74.17800", "2008-05-31": "170.81500", "2007-05-31": "142.98500", "2006-05-31": "125.52400", "2005-05-31": "92.89600"}, "Total Depreciation And Amortization - Cash Flow": {"2019-12-31": "944.42100", "2018-12-31": "574.35400", "2017-12-31": "496.24900", "2016-12-31": "189.65700", "2016-05-31": "189.65700", "2015-05-31": "137.50500", "2014-05-31": "122.06900", "2013-05-31": "111.78800", "2012-05-31": "99.09900", "2011-05-31": "82.23700", "2010-05-31": "68.66700", "2009-05-31": "66.28800", "2008-05-31": "44.03400", "2007-05-31": "40.36500", "2006-05-31": "40.48900", "2005-05-31": "45.30600"}, "Other Non-Cash Items": {"2019-12-31": "133.55500", "2018-12-31": "91.58700", "2017-12-31": "-119.06200", "2016-12-31": "55.21900", "2016-05-31": "55.21900", "2015-05-31": "124.89000", "2014-05-31": "47.08400", "2013-05-31": "68.32000", "2012-05-31": "16.53500", "2011-05-31": "52.64200", "2010-05-31": "72.57200", "2009-05-31": "197.32200", "2008-05-31": "39.25900", "2007-05-31": "46.58600", "2006-05-31": "37.89900", "2005-05-31": "44.06800"}, "Total Non-Cash Items": {"2019-12-31": "1077.97600", "2018-12-31": "665.94100", "2017-12-31": "377.18700", "2016-12-31": "244.87600", "2016-05-31": "244.87600", "2015-05-31": "262.39500", "2014-05-31": "169.15300", "2013-05-31": "180.10800", "2012-05-31": "115.63400", "2011-05-31": "134.87900", "2010-05-31": "141.23900", "2009-05-31": "263.61000", "2008-05-31": "83.29300", "2007-05-31": "86.95100", "2006-05-31": "78.38800", "2005-05-31": "89.37400"}, "Change In Accounts Receivable": {"2019-12-31": "-115.52800", "2018-12-31": "-33.38600", "2017-12-31": "-14.09600", "2016-12-31": "-14.54200", "2016-05-31": "-14.54200", "2015-05-31": "1.24800", "2014-05-31": "-18.53900", "2013-05-31": "-5.45800", "2012-05-31": "-16.42200", "2011-05-31": "-34.72300", "2010-05-31": "-11.68900", "2009-05-31": "-25.07700", "2008-05-31": "-23.95700", "2007-05-31": "-8.57900", "2006-05-31": "-12.81500", "2005-05-31": "-7.49400"}, "Change In Inventories": {"2019-12-31": "", "2018-12-31": "", "2017-12-31": "", "2016-12-31": "", "2016-05-31": "", "2015-05-31": "", "2014-05-31": "", "2013-05-31": "-1.18700", "2012-05-31": "-2.39400", "2011-05-31": "1.97900", "2010-05-31": "-4.72700", "2009-05-31": "-1.65300", "2008-05-31": "-0.62300", "2007-05-31": "-0.16700", "2006-05-31": "-0.52000", "2005-05-31": "0.20900"}, "Change In Accounts Payable": {"2019-12-31": "", "2018-12-31": "", "2017-12-31": "", "2016-12-31": "", "2016-05-31": "", "2015-05-31": "", "2014-05-31": "", "2013-05-31": "", "2012-05-31": "", "2011-05-31": "", "2010-05-31": "-6.10700", "2009-05-31": "3.06700", "2008-05-31": "2.68700", "2007-05-31": "0.22800", "2006-05-31": "0.66700", "2005-05-31": "1.98800"}, "Change In Assets/Liabilities": {"2019-12-31": "54.64500", "2018-12-31": "-77.32200", "2017-12-31": "-491.10000", "2016-12-31": "153.84500", "2016-05-31": "153.84500", "2015-05-31": "-73.36800", "2014-05-31": "-229.21200", "2013-05-31": "-138.84300", "2012-05-31": "-578.34300", "2011-05-31": "289.00700", "2010-05-31": "112.31600", "2009-05-31": "47.93700", "2008-05-31": "11.46300", "2007-05-31": "-35.80900", "2006-05-31": "12.92200", "2005-05-31": "41.18900"}, "Total Change In Assets/Liabilities": {"2019-12-31": "-155.97400", "2018-12-31": "-44.52600", "2017-12-31": "-358.86900", "2016-12-31": "57.79700", "2016-05-31": "57.79700", "2015-05-31": "-141.63300", "2014-05-31": "-245.00700", "2013-05-31": "-178.27500", "2012-05-31": "-506.67500", "2011-05-31": "346.73700", "2010-05-31": "105.41300", "2009-05-31": "45.18300", "2008-05-31": "18.30600", "2007-05-31": "-38.80400", "2006-05-31": "30.86100", "2005-05-31": "47.28900"}, "Cash Flow From Operating Activities": {"2019-12-31": "1391.27800", "2018-12-31": "1106.08200", "2017-12-31": "512.38800", "2016-12-31": "592.89000", "2016-05-31": "592.89000", "2015-05-31": "429.87700", "2014-05-31": "194.09800", "2013-05-31": "240.54600", "2012-05-31": "-173.47500", "2011-05-31": "709.77200", "2010-05-31": "465.76100", "2009-05-31": "382.97100", "2008-05-31": "272.41400", "2007-05-31": "191.13200", "2006-05-31": "234.77300", "2005-05-31": "229.55900"}, "Net Change In Property, Plant, And Equipment": {"2019-12-31": "-307.86800", "2018-12-31": "-213.29000", "2017-12-31": "-144.34000", "2016-12-31": "-91.59100", "2016-05-31": "-91.59100", "2015-05-31": "-81.95300", "2014-05-31": "-81.41100", "2013-05-31": "-98.59000", "2012-05-31": "-109.87600", "2011-05-31": "-98.53700", "2010-05-31": "-56.05400", "2009-05-31": "-40.94000", "2008-05-31": "-44.97400", "2007-05-31": "-35.37400", "2006-05-31": "-25.03800", "2005-05-31": "-34.30500"}, "Net Change In Intangible Assets": {"2019-12-31": "", "2018-12-31": "", "2017-12-31": "", "2016-12-31": "", "2016-05-31": "", "2015-05-31": "", "2014-05-31": "", "2013-05-31": "", "2012-05-31": "", "2011-05-31": "", "2010-05-31": "", "2009-05-31": "", "2008-05-31": "", "2007-05-31": "", "2006-05-31": "", "2005-05-31": ""}, "Net Acquisitions/Divestitures": {"2019-12-31": "-644.62200", "2018-12-31": "-1259.69200", "2017-12-31": "-562.68800", "2016-12-31": "-2034.40600", "2016-05-31": "-2034.40600", "2015-05-31": "-355.97100", "2014-05-31": "-426.52400", "2013-05-31": "-434.01600", "2012-05-31": "-44.27400", "2011-05-31": "-170.54500", "2010-05-31": "30.71800", "2009-05-31": "-525.20500", "2008-05-31": "-18.24700", "2007-05-31": "-81.26100", "2006-05-31": "-4.91700", "2005-05-31": "-30.77300"}, "Net Change In Short-term Investments": {"2019-12-31": "", "2018-12-31": "", "2017-12-31": "", "2016-12-31": "", "2016-05-31": "", "2015-05-31": "", "2014-05-31": "", "2013-05-31": "", "2012-05-31": "", "2011-05-31": "", "2010-05-31": "", "2009-05-31": "", "2008-05-31": "", "2007-05-31": "", "2006-05-31": "", "2005-05-31": ""}, "Net Change In Long-Term Investments": {"2019-12-31": "", "2018-12-31": "", "2017-12-31": "", "2016-12-31": "", "2016-05-31": "", "2015-05-31": "", "2014-05-31": "", "2013-05-31": "1.22700", "2012-05-31": "1.15200", "2011-05-31": "", "2010-05-31": "0.31100", "2009-05-31": "6.88800", "2008-05-31": "", "2007-05-31": "", "2006-05-31": "", "2005-05-31": ""}, "Net Change In Investments - Total": {"2019-12-31": "", "2018-12-31": "", "2017-12-31": "", "2016-12-31": "", "2016-05-31": "", "2015-05-31": "", "2014-05-31": "", "2013-05-31": "1.22700", "2012-05-31": "1.15200", "2011-05-31": "", "2010-05-31": "0.31100", "2009-05-31": "6.88800", "2008-05-31": "", "2007-05-31": "", "2006-05-31": "", "2005-05-31": ""}, "Investing Activities - Other": {"2019-12-31": "35.40400", "2018-12-31": "-3.30500", "2017-12-31": "-28.99700", "2016-12-31": "-1.25100", "2016-05-31": "-1.25100", "2015-05-31": "-2.99700", "2014-05-31": "6.26500", "2013-05-31": "2.81200", "2012-05-31": "2.56500", "2011-05-31": "2.06200", "2010-05-31": "-0.17900", "2009-05-31": "", "2008-05-31": "", "2007-05-31": "", "2006-05-31": "", "2005-05-31": ""}, "Cash Flow From Investing Activities": {"2019-12-31": "-917.08600", "2018-12-31": "-1476.28700", "2017-12-31": "-736.02500", "2016-12-31": "-2127.24800", "2016-05-31": "-2127.24800", "2015-05-31": "-440.92100", "2014-05-31": "-501.67000", "2013-05-31": "-528.56700", "2012-05-31": "-150.43300", "2011-05-31": "-267.02000", "2010-05-31": "-25.20400", "2009-05-31": "-559.25700", "2008-05-31": "-63.22100", "2007-05-31": "-116.63500", "2006-05-31": "-29.95500", "2005-05-31": "-65.07800"}, "Net Long-Term Debt": {"2019-12-31": "719.21390", "2018-12-31": "469.90010", "2017-12-31": "212.78300", "2016-12-31": "2386.62200", "2016-05-31": "2386.62200", "2015-05-31": "347.93510", "2014-05-31": "429.40310", "2013-05-31": "652.97800", "2012-05-31": "-37.86100", "2011-05-31": "-74.90000", "2010-05-31": "230.53900", "2009-05-31": "183.26600", "2008-05-31": "", "2007-05-31": "-0.74600", "2006-05-31": "-3.04200", "2005-05-31": "-11.20800"}, "Net Current Debt": {"2019-12-31": "-236.47300", "2018-12-31": "70.78300", "2017-12-31": "221.53200", "2016-12-31": "-206.00900", "2016-05-31": "-206.00900", "2015-05-31": "198.88400", "2014-05-31": "252.66700", "2013-05-31": "-27.93000", "2012-05-31": "-55.35400", "2011-05-31": "191.55800", "2010-05-31": "69.01300", "2009-05-31": "8.64700", "2008-05-31": "1.52700", "2007-05-31": "", "2006-05-31": "-58.60600", "2005-05-31": "-146.50300"}, "Debt Issuance/Retirement Net - Total": {"2019-12-31": "482.74080", "2018-12-31": "540.68320", "2017-12-31": "434.31490", "2016-12-31": "2180.61300", "2016-05-31": "2180.61300", "2015-05-31": "546.81910", "2014-05-31": "682.07010", "2013-05-31": "625.04800", "2012-05-31": "-93.21500", "2011-05-31": "116.65800", "2010-05-31": "299.55200", "2009-05-31": "191.91300", "2008-05-31": "1.52700", "2007-05-31": "-0.74600", "2006-05-31": "-61.64800", "2005-05-31": "-157.71100"}, "Net Common Equity Issued/Repurchased": {"2019-12-31": "-349.44600", "2018-12-31": "-225.39000", "2017-12-31": "-56.45700", "2016-12-31": "-130.88600", "2016-05-31": "-130.88600", "2015-05-31": "-365.52700", "2014-05-31": "-421.26100", "2013-05-31": "-174.99800", "2012-05-31": "-93.01900", "2011-05-31": "3.46400", "2010-05-31": "-67.83200", "2009-05-31": "9.05000", "2008-05-31": "-69.63500", "2007-05-31": "19.33200", "2006-05-31": "23.92200", "2005-05-31": "21.22500"}, "Net Total Equity Issued/Repurchased": {"2019-12-31": "-349.44600", "2018-12-31": "-225.39000", "2017-12-31": "-56.45700", "2016-12-31": "-130.88600", "2016-05-31": "-130.88600", "2015-05-31": "-365.52700", "2014-05-31": "-421.26100", "2013-05-31": "-174.99800", "2012-05-31": "-93.01900", "2011-05-31": "3.46400", "2010-05-31": "-67.83200", "2009-05-31": "9.05000", "2008-05-31": "-69.63500", "2007-05-31": "19.33200", "2006-05-31": "23.92200", "2005-05-31": "21.22500"}, "Total Common And Preferred Stock Dividends Paid": {"2019-12-31": "-63.49800", "2018-12-31": "-6.33200", "2017-12-31": "-6.73200", "2016-12-31": "-5.43900", "2016-05-31": "-5.43900", "2015-05-31": "-5.34000", "2014-05-31": "-5.75700", "2013-05-31": "-6.19800", "2012-05-31": "-6.31100", "2011-05-31": "-6.38800", "2010-05-31": "-6.49700", "2009-05-31": "-6.41700", "2008-05-31": "-6.37700", "2007-05-31": "-6.44200", "2006-05-31": "-6.33600", "2005-05-31": "-6.20500"}, "Financial Activities - Other": {"2019-12-31": "-98.47100", "2018-12-31": "-22.03100", "2017-12-31": "-18.82100", "2016-12-31": "-86.69000", "2016-05-31": "-86.69000", "2015-05-31": "-39.75300", "2014-05-31": "-36.15600", "2013-05-31": "-260.33000", "2012-05-31": "-25.64100", "2011-05-31": "0.38900", "2010-05-31": "-320.97300", "2009-05-31": "-33.06100", "2008-05-31": "-1.88800", "2007-05-31": "-1.25800", "2006-05-31": "-10.21200", "2005-05-31": "-9.66200"}, "Cash Flow From Financial Activities": {"2019-12-31": "-28.67400", "2018-12-31": "286.93000", "2017-12-31": "352.30500", "2016-12-31": "1957.59800", "2016-05-31": "1957.59800", "2015-05-31": "136.19900", "2014-05-31": "218.89600", "2013-05-31": "183.52200", "2012-05-31": "-218.18600", "2011-05-31": "114.12300", "2010-05-31": "-95.75000", "2009-05-31": "161.48500", "2008-05-31": "-76.37300", "2007-05-31": "10.88600", "2006-05-31": "-54.27400", "2005-05-31": "-152.35300"}, "Net Cash Flow": {"2019-12-31": "467.39500", "2018-12-31": "-124.97700", "2017-12-31": "173.07600", "2016-12-31": "393.98900", "2016-05-31": "393.98900", "2015-05-31": "68.86700", "2014-05-31": "-98.59800", "2013-05-31": "-100.80500", "2012-05-31": "-573.01000", "2011-05-31": "584.33900", "2010-05-31": "343.01100", "2009-05-31": "-29.12500", "2008-05-31": "147.18800", "2007-05-31": "90.39700", "2006-05-31": "169.49600", "2005-05-31": "14.50700"}, "Stock-Based Compensation": {"2019-12-31": "89.63400", "2018-12-31": "57.82600", "2017-12-31": "39.09500", "2016-12-31": "30.80900", "2016-05-31": "30.80900", "2015-05-31": "21.05600", "2014-05-31": "29.79300", "2013-05-31": "18.42700", "2012-05-31": "16.39100", "2011-05-31": "15.88500", "2010-05-31": "18.07200", "2009-05-31": "14.57000", "2008-05-31": "13.82600", "2007-05-31": "15.15400", "2006-05-31": "2.84700", "2005-05-31": "3.53700"}, "Common Stock Dividends Paid": {"2019-12-31": "-63.49800", "2018-12-31": "-6.33200", "2017-12-31": "-6.73200", "2016-12-31": "-5.43900", "2016-05-31": "-5.43900", "2015-05-31": "-5.34000", "2014-05-31": "-5.75700", "2013-05-31": "-6.19800", "2012-05-31": "-6.31100", "2011-05-31": "-6.38800", "2010-05-31": "-6.49700", "2009-05-31": "-6.41700", "2008-05-31": "-6.37700", "2007-05-31": "-6.44200", "2006-05-31": "-6.33600", "2005-05-31": "-6.20500"}}, "cash flow statement, quarterly": {"Net Income/Loss": {"2020-09-30": 230.232, "2020-06-30": 39.442, "2020-03-31": "150.60800", "2019-12-31": 114.302, "2019-09-30": 105.729, "2019-06-30": 130.04, "2019-03-31": "119.20500", "2018-12-31": 83.323, "2018-09-30": 186.029, "2018-06-30": 117.729, "2018-03-31": "97.58600", "2017-12-31": 250.305, "2017-09-30": 118.363, "2017-06-30": 72.443, "2017-03-31": "52.95900", "2016-12-31": 145.143, "2016-11-30": -47.73, "2016-09-30": 100.346, "2016-08-31": -38.122, "2016-06-30": 130.58, "2016-05-31": -63.447, "2016-03-31": "63.44700", "2016-02-29": "249.03800", "2015-11-30": 83.078, "2015-08-31": 93.048, "2015-05-31": -239.005, "2015-02-28": "239.00500", "2014-11-30": 85.256, "2014-08-31": 84.434, "2014-05-31": -211.686, "2014-02-28": "211.68600", "2013-11-30": 79.857, "2013-08-31": 71.708, "2013-05-31": -192.347, "2013-02-28": "192.34700", "2012-11-30": 75.371, "2012-08-31": 54.162, "2012-05-31": -205.92, "2012-02-29": "205.92000", "2011-11-30": 68.149, "2011-08-31": 72.081, "2011-05-31": -165.799, "2011-02-28": "165.79900", "2010-11-30": 57.883, "2010-08-31": 53.794, "2010-05-31": -180.078, "2010-02-28": "180.07800", "2009-11-30": 66.182, "2009-08-31": 62.444, "2009-05-31": -27.376, "2009-02-28": "27.37600", "2008-11-30": 60.246, "2008-08-31": 65.848, "2008-05-31": -121.943, "2008-02-29": "121.94300", "2007-11-30": 38.313, "2007-08-31": 43.575, "2007-05-31": -109.807, "2007-02-28": "109.80700", "2006-11-30": 34.002, "2006-08-31": 41.509, "2006-05-31": -91.462, "2006-02-28": "91.46200", "2005-11-30": 30.613, "2005-08-31": 30.738, "2005-05-31": -69.399, "2005-02-28": "69.39900"}, "Total Depreciation And Amortization - Cash Flow": {"2020-09-30": 426.717, "2020-06-30": 422.007, "2020-03-31": "416.55600", "2019-12-31": 419.145, "2019-09-30": 199.558, "2019-06-30": 161.241, "2019-03-31": "164.47700", "2018-12-31": 167.625, "2018-09-30": 137.503, "2018-06-30": 137.27, "2018-03-31": "131.95600", "2017-12-31": 133.423, "2017-09-30": 126.831, "2017-06-30": 118.014, "2017-03-31": "117.98100", "2016-12-31": -34.503, "2016-11-30": -21.486, "2016-09-30": 142.46, "2016-08-31": -27.92, "2016-06-30": 131.106, "2016-05-31": -39.312, "2016-03-31": "39.31200", "2016-02-29": "116.67400", "2015-11-30": 38.749, "2015-08-31": 38.757, "2015-05-31": -102.812, "2015-02-28": "102.81200", "2014-11-30": 34.606, "2014-08-31": 34.566, "2014-05-31": -87.198, "2014-02-28": "87.19800", "2013-11-30": 29.018, "2013-08-31": 28.374, "2013-05-31": -82.947, "2013-02-28": "82.94700", "2012-11-30": 28.16, "2012-08-31": 23.895, "2012-05-31": -73.497, "2012-02-29": "73.49700", "2011-11-30": 24.024, "2011-08-31": 24.216, "2011-05-31": -56.519, "2011-02-28": "56.51900", "2010-11-30": 18.024, "2010-08-31": 16.704, "2010-05-31": -50.425, "2010-02-28": "50.42500", "2009-11-30": 16.783, "2009-08-31": 16.922, "2009-05-31": -50.397, "2009-02-28": "50.39700", "2008-11-30": 18.304, "2008-08-31": 16.796, "2008-05-31": -32.22, "2008-02-29": "32.22000", "2007-11-30": 10.749, "2007-08-31": 10.229, "2007-05-31": -30.344, "2007-02-28": "30.34400", "2006-11-30": 10.253, "2006-08-31": 9.805, "2006-05-31": -30.676, "2006-02-28": "30.67600", "2005-11-30": 9.982, "2005-08-31": 10.396, "2005-05-31": -33.394, "2005-02-28": "33.39400"}, "Other Non-Cash Items": {"2020-09-30": 17.989, "2020-06-30": 35.159, "2020-03-31": "31.66100", "2019-12-31": 79.211, "2019-09-30": -8.193, "2019-06-30": 35.141, "2019-03-31": "27.39600", "2018-12-31": 36.499, "2018-09-30": 11.331, "2018-06-30": 20.649, "2018-03-31": "23.10800", "2017-12-31": -170.133, "2017-09-30": 25.524, "2017-06-30": 17.948, "2017-03-31": "7.59900", "2016-12-31": 94.905, "2016-11-30": -46.951, "2016-09-30": 43.176, "2016-08-31": -18.035, "2016-06-30": -17.876, "2016-05-31": -13.87, "2016-03-31": "13.87000", "2016-02-29": "35.53500", "2015-11-30": 14.18, "2015-08-31": 15.647, "2015-05-31": -39.305, "2015-02-28": "39.30500", "2014-11-30": 3.884, "2014-08-31": 11.324, "2014-05-31": -33.569, "2014-02-28": "33.56900", "2013-11-30": 10.027, "2013-08-31": 13.915, "2013-05-31": -54.334, "2013-02-28": "54.33400", "2012-11-30": 29.406, "2012-08-31": 19.566, "2012-05-31": -36.538, "2012-02-29": "36.53800", "2011-11-30": 8.239, "2011-08-31": 19.062, "2011-05-31": -27.928, "2011-02-28": "27.92800", "2010-11-30": 5.987, "2010-08-31": 11.58, "2010-05-31": -26.25, "2010-02-28": "26.25000", "2009-11-30": 6.982, "2009-08-31": 11.211, "2009-05-31": -175.368, "2009-02-28": "175.36800", "2008-11-30": 10.211, "2008-08-31": 9.573, "2008-05-31": -30.011, "2008-02-29": "30.01100", "2007-11-30": 15.03, "2007-08-31": 10.014, "2007-05-31": -26.25, "2007-02-28": "26.25000", "2006-11-30": 8.728, "2006-08-31": 12.205, "2006-05-31": -32.075, "2006-02-28": "32.07500", "2005-11-30": 8.72, "2005-08-31": 10.526, "2005-05-31": -30.957, "2005-02-28": "30.95700"}, "Total Non-Cash Items": {"2020-09-30": 444.706, "2020-06-30": 457.166, "2020-03-31": "448.21700", "2019-12-31": 498.356, "2019-09-30": 191.365, "2019-06-30": 196.382, "2019-03-31": "191.87300", "2018-12-31": 204.124, "2018-09-30": 148.834, "2018-06-30": 157.919, "2018-03-31": "155.06400", "2017-12-31": -36.71, "2017-09-30": 152.355, "2017-06-30": 135.962, "2017-03-31": "125.58000", "2016-12-31": 60.402, "2016-11-30": -68.437, "2016-09-30": 185.636, "2016-08-31": -45.955, "2016-06-30": 113.23, "2016-05-31": -53.182, "2016-03-31": "53.18200", "2016-02-29": "152.20900", "2015-11-30": 52.929, "2015-08-31": 54.404, "2015-05-31": -142.117, "2015-02-28": "142.11700", "2014-11-30": 38.49, "2014-08-31": 45.89, "2014-05-31": -120.767, "2014-02-28": "120.76700", "2013-11-30": 39.045, "2013-08-31": 42.289, "2013-05-31": -137.281, "2013-02-28": "137.28100", "2012-11-30": 57.566, "2012-08-31": 43.461, "2012-05-31": -110.035, "2012-02-29": "110.03500", "2011-11-30": 32.263, "2011-08-31": 43.278, "2011-05-31": -84.447, "2011-02-28": "84.44700", "2010-11-30": 24.011, "2010-08-31": 28.284, "2010-05-31": -76.675, "2010-02-28": "76.67500", "2009-11-30": 23.765, "2009-08-31": 28.133, "2009-05-31": -225.765, "2009-02-28": "225.76500", "2008-11-30": 28.515, "2008-08-31": 26.369, "2008-05-31": -62.231, "2008-02-29": "62.23100", "2007-11-30": 25.779, "2007-08-31": 20.243, "2007-05-31": -56.594, "2007-02-28": "56.59400", "2006-11-30": 18.981, "2006-08-31": 22.01, "2006-05-31": -62.751, "2006-02-28": "62.75100", "2005-11-30": 18.702, "2005-08-31": 20.922, "2005-05-31": -64.351, "2005-02-28": "64.35100"}, "Change In Accounts Receivable": {"2020-09-30": -32.834, "2020-06-30": 8.562, "2020-03-31": "47.62400", "2019-12-31": -34.819, "2019-09-30": -30.935, "2019-06-30": -13.281, "2019-03-31": "-36.49300", "2018-12-31": -5.69, "2018-09-30": -5.933, "2018-06-30": -34.813, "2018-03-31": "13.05000", "2017-12-31": -8.026, "2017-09-30": -1.169, "2017-06-30": -16.83, "2017-03-31": "11.92900", "2016-12-31": -24.235, "2016-11-30": -4.523, "2016-09-30": 21.942, "2016-08-31": -16.633, "2016-06-30": 8.907, "2016-05-31": -52.461, "2016-03-31": "52.46100", "2016-02-29": "23.42800", "2015-11-30": 3.241, "2015-08-31": -7.512, "2015-05-31": -32.124, "2015-02-28": "32.12400", "2014-11-30": 9.588, "2014-08-31": 7.933, "2014-05-31": -14.442, "2014-02-28": "14.44200", "2013-11-30": -7.155, "2013-08-31": 0.802, "2013-05-31": -17.706, "2013-02-28": "17.70600", "2012-11-30": -2.366, "2012-08-31": 3.087, "2012-05-31": -10.502, "2012-02-29": "10.50200", "2011-11-30": 14.709, "2011-08-31": -10.812, "2011-05-31": 5.836, "2011-02-28": "-5.83600", "2010-11-30": 1.411, "2010-08-31": -18.96, "2010-05-31": -1.942, "2010-02-28": "1.94200", "2009-11-30": -4.986, "2009-08-31": -2.883, "2009-05-31": 8.856, "2009-02-28": "-8.85600", "2008-11-30": 27.979, "2008-08-31": -41.189, "2008-05-31": 6.976, "2008-02-29": "-6.97600", "2007-11-30": 4.512, "2007-08-31": -12.116, "2007-05-31": 2.747, "2007-02-28": "-2.74700", "2006-11-30": 1.583, "2006-08-31": -8.545, "2006-05-31": 5.096, "2006-02-28": "-5.09600", "2005-11-30": 4.878, "2005-08-31": -12.26, "2005-05-31": 1.26, "2005-02-28": "-1.26000"}, "Change In Inventories": {"2020-09-30": 0, "2020-06-30": 0, "2020-03-31": "", "2019-12-31": 0, "2019-09-30": 0, "2019-06-30": 0, "2019-03-31": "", "2018-12-31": 0, "2018-09-30": 0, "2018-06-30": 0, "2018-03-31": "", "2017-12-31": 0, "2017-09-30": 0, "2017-06-30": 0, "2017-03-31": "", "2016-12-31": 0, "2016-11-30": 0, "2016-09-30": 0, "2016-08-31": 0, "2016-06-30": 0, "2016-05-31": 0, "2016-03-31": "", "2016-02-29": "", "2015-11-30": 0, "2015-08-31": 0, "2015-05-31": 0, "2015-02-28": "", "2014-11-30": 0, "2014-08-31": 0, "2014-05-31": -3.811, "2014-02-28": "3.81100", "2013-11-30": -2.211, "2013-08-31": 4.448, "2013-05-31": 1.535, "2013-02-28": "-1.53500", "2012-11-30": -1.305, "2012-08-31": -2.992, "2012-05-31": 4.773, "2012-02-29": "-4.77300", "2011-11-30": -1.351, "2011-08-31": -2.861, "2011-05-31": 0.069, "2011-02-28": "-0.06900", "2010-11-30": -1.142, "2010-08-31": 3.096, "2010-05-31": 6.785, "2010-02-28": "-6.78500", "2009-11-30": 0.107, "2009-08-31": -7.381, "2009-05-31": 2.314, "2009-02-28": "-2.31400", "2008-11-30": 1.316, "2008-08-31": -2.5, "2008-05-31": 1.964, "2008-02-29": "-1.96400", "2007-11-30": -2.247, "2007-08-31": -0.589, "2007-05-31": 1.24, "2007-02-28": "-1.24000", "2006-11-30": -1.232, "2006-08-31": -0.841, "2006-05-31": 0.06, "2006-02-28": "-0.06000", "2005-11-30": -0.416, "2005-08-31": 0.251, "2005-05-31": -0.344, "2005-02-28": "0.34400"}, "Change In Accounts Payable": {"2020-09-30": 0, "2020-06-30": 0, "2020-03-31": "", "2019-12-31": 0, "2019-09-30": 0, "2019-06-30": 0, "2019-03-31": "", "2018-12-31": 0, "2018-09-30": 0, "2018-06-30": 0, "2018-03-31": "", "2017-12-31": 0, "2017-09-30": 0, "2017-06-30": 0, "2017-03-31": "", "2016-12-31": 0, "2016-11-30": 0, "2016-09-30": 0, "2016-08-31": 0, "2016-06-30": 0, "2016-05-31": 0, "2016-03-31": "", "2016-02-29": "", "2015-11-30": 0, "2015-08-31": 0, "2015-05-31": 0, "2015-02-28": "", "2014-11-30": 0, "2014-08-31": 0, "2014-05-31": 0, "2014-02-28": "", "2013-11-30": 0, "2013-08-31": 0, "2013-05-31": 0, "2013-02-28": "", "2012-11-30": 0, "2012-08-31": 0, "2012-05-31": 0, "2012-02-29": "", "2011-11-30": 0, "2011-08-31": 0, "2011-05-31": 0, "2011-02-28": "", "2010-11-30": 0, "2010-08-31": 0, "2010-05-31": 0.532, "2010-02-28": "-0.53200", "2009-11-30": -0.617, "2009-08-31": -4.465, "2009-05-31": 0.446, "2009-02-28": "-0.44600", "2008-11-30": -1.66, "2008-08-31": 4.628, "2008-05-31": -1.005, "2008-02-29": "1.00500", "2007-11-30": -1.151, "2007-08-31": 1.355, "2007-05-31": 0.082, "2007-02-28": "-0.08200", "2006-11-30": 0.509, "2006-08-31": -0.533, "2006-05-31": -1.794, "2006-02-28": "1.79400", "2005-11-30": 0.77, "2005-08-31": -1.566, "2005-05-31": -3.432, "2005-02-28": "3.43200"}, "Change In Assets/Liabilities": {"2020-09-30": -124.219, "2020-06-30": 79.374, "2020-03-31": "-40.57400", "2019-12-31": -420.919, "2019-09-30": 665.714, "2019-06-30": -231.757, "2019-03-31": "41.60700", "2018-12-31": 99.195, "2018-09-30": -179.595, "2018-06-30": -22.251, "2018-03-31": "25.32900", "2017-12-31": -180.085, "2017-09-30": -222.485, "2017-06-30": -205.006, "2017-03-31": "116.47600", "2016-12-31": 287.117, "2016-11-30": -60.264, "2016-09-30": -45.822, "2016-08-31": 37.428, "2016-06-30": -64.614, "2016-05-31": -48.676, "2016-03-31": "48.67600", "2016-02-29": "473.23100", "2015-11-30": -196.675, "2015-08-31": 372.301, "2015-05-31": 40.794, "2015-02-28": "-40.79400", "2014-11-30": 165.823, "2014-08-31": -180.579, "2014-05-31": 9.834, "2014-02-28": "-9.83400", "2013-11-30": 305.976, "2013-08-31": -102.475, "2013-05-31": 56.161, "2013-02-28": "-56.16100", "2012-11-30": -9.851, "2012-08-31": -19.624, "2012-05-31": 537.934, "2012-02-29": "-537.93400", "2011-11-30": 181.951, "2011-08-31": -689.618, "2011-05-31": -424.643, "2011-02-28": "424.64300", "2010-11-30": -55.35, "2010-08-31": -197.315, "2010-05-31": -37.904, "2010-02-28": "37.90400", "2009-11-30": 7.533, "2009-08-31": 604.516, "2009-05-31": -21.771, "2009-02-28": "21.77100", "2008-11-30": 38.534, "2008-08-31": -7.149, "2008-05-31": -0.213, "2008-02-29": "0.21300", "2007-11-30": 49.153, "2007-08-31": -18.407, "2007-05-31": 2.458, "2007-02-28": "-2.45800", "2006-11-30": 22.962, "2006-08-31": -23.077, "2006-05-31": -73.633, "2006-02-28": "73.63300", "2005-11-30": 41.492, "2005-08-31": 12.715, "2005-05-31": -45.693, "2005-02-28": "45.69300"}, "Total Change In Assets/Liabilities": {"2020-09-30": -90.467, "2020-06-30": 27.107, "2020-03-31": "-162.25100", "2019-12-31": -570.769, "2019-09-30": 804.942, "2019-06-30": -308.798, "2019-03-31": "-81.34900", "2018-12-31": 157.629, "2018-09-30": -180.613, "2018-06-30": -53.433, "2018-03-31": "31.89100", "2017-12-31": -61.33, "2017-09-30": -178.656, "2017-06-30": -234.309, "2017-03-31": "115.42600", "2016-12-31": 193.802, "2016-11-30": -57.722, "2016-09-30": -74.217, "2016-08-31": -9.553, "2016-06-30": 5.487, "2016-05-31": -91.584, "2016-03-31": "91.58400", "2016-02-29": "476.77200", "2015-11-30": -195.329, "2015-08-31": 365.94, "2015-05-31": 34.037, "2015-02-28": "-34.03700", "2014-11-30": 166.663, "2014-08-31": -193.797, "2014-05-31": 18.052, "2014-02-28": "-18.05200", "2013-11-30": 315.968, "2013-08-31": -137.184, "2013-05-31": 124.861, "2013-02-28": "-124.86100", "2012-11-30": -76.771, "2012-08-31": -28.996, "2012-05-31": 542.801, "2012-02-29": "-542.80100", "2011-11-30": 191.4, "2011-08-31": -721.237, "2011-05-31": -483.045, "2011-02-28": "483.04500", "2010-11-30": -38.433, "2010-08-31": -186.455, "2010-05-31": -61.444, "2010-02-28": "61.44400", "2009-11-30": -1.233, "2009-08-31": 605.931, "2009-05-31": -15.636, "2009-02-28": "15.63600", "2008-11-30": 43.962, "2008-08-31": -24.443, "2008-05-31": 0.264, "2008-02-29": "-0.26400", "2007-11-30": 47.146, "2007-08-31": -25.679, "2007-05-31": 2.473, "2007-02-28": "-2.47300", "2006-11-30": 38.876, "2006-08-31": -41.159, "2006-05-31": -73.846, "2006-02-28": "73.84600", "2005-11-30": 39.565, "2005-08-31": 2.399, "2005-05-31": -54.277, "2005-02-28": "54.27700"}, "Cash Flow From Operating Activities": {"2020-09-30": 584.471, "2020-06-30": 523.715, "2020-03-31": "436.57400", "2019-12-31": 41.889, "2019-09-30": 1102.036, "2019-06-30": 17.624, "2019-03-31": "229.72900", "2018-12-31": 445.076, "2018-09-30": 154.25, "2018-06-30": 222.215, "2018-03-31": "284.54100", "2017-12-31": 152.265, "2017-09-30": 92.062, "2017-06-30": -25.904, "2017-03-31": "293.96500", "2016-12-31": 399.347, "2016-11-30": -173.889, "2016-09-30": 211.765, "2016-08-31": -93.63, "2016-06-30": 249.297, "2016-05-31": -208.213, "2016-03-31": "208.21300", "2016-02-29": "878.01900", "2015-11-30": -59.322, "2015-08-31": 513.392, "2015-05-31": -347.085, "2015-02-28": "347.08500", "2014-11-30": 290.409, "2014-08-31": -63.473, "2014-05-31": -314.401, "2014-02-28": "314.40100", "2013-11-30": 434.87, "2013-08-31": -23.187, "2013-05-31": -204.767, "2013-02-28": "204.76700", "2012-11-30": 56.166, "2012-08-31": 68.627, "2012-05-31": 226.846, "2012-02-29": "-226.84600", "2011-11-30": 291.812, "2011-08-31": -605.878, "2011-05-31": -733.291, "2011-02-28": "733.29100", "2010-11-30": 43.461, "2010-08-31": -104.377, "2010-05-31": -318.197, "2010-02-28": "318.19700", "2009-11-30": 88.714, "2009-08-31": 696.508, "2009-05-31": -268.777, "2009-02-28": "268.77700", "2008-11-30": 132.723, "2008-08-31": 67.774, "2008-05-31": -183.91, "2008-02-29": "183.91000", "2007-11-30": 111.238, "2007-08-31": 38.139, "2007-05-31": -163.928, "2007-02-28": "163.92800", "2006-11-30": 91.859, "2006-08-31": 22.36, "2006-05-31": -228.059, "2006-02-28": "228.05900", "2005-11-30": 88.88, "2005-08-31": 54.059, "2005-05-31": -188.027, "2005-02-28": "188.02700"}, "Net Change In Property, Plant, And Equipment": {"2020-09-30": -121.029, "2020-06-30": -103.582, "2020-03-31": "-104.80200", "2019-12-31": -106.851, "2019-09-30": -67.705, "2019-06-30": -78.189, "2019-03-31": "-55.12300", "2018-12-31": -57.23, "2018-09-30": -53.391, "2018-06-30": -58.894, "2018-03-31": "-43.77500", "2017-12-31": -45.248, "2017-09-30": -46.631, "2017-06-30": -6.242, "2017-03-31": "-46.21900", "2016-12-31": -8.323, "2016-11-30": 19.174, "2016-09-30": -61.061, "2016-08-31": 21.472, "2016-06-30": -62.853, "2016-05-31": 24.367, "2016-03-31": "-24.36700", "2016-02-29": "-57.54800", "2015-11-30": -19.388, "2015-08-31": -16.858, "2015-05-31": 56.746, "2015-02-28": "-56.74600", "2014-11-30": -15.133, "2014-08-31": -18.157, "2014-05-31": 61.27, "2014-02-28": "-61.27000", "2013-11-30": -20.915, "2013-08-31": -20.263, "2013-05-31": 75.016, "2013-02-28": "-75.01600", "2012-11-30": -25.156, "2012-08-31": -29.237, "2012-05-31": 71.084, "2012-02-29": "-71.08400", "2011-11-30": -22.995, "2011-08-31": -12.151, "2011-05-31": 77.095, "2011-02-28": "-77.09500", "2010-11-30": -26.924, "2010-08-31": -24.785, "2010-05-31": 36.52, "2010-02-28": "-36.52000", "2009-11-30": -9.576, "2009-08-31": -11.101, "2009-05-31": 25.458, "2009-02-28": "-25.45800", "2008-11-30": -9.733, "2008-08-31": -7.663, "2008-05-31": 31.926, "2008-02-29": "-31.92600", "2007-11-30": -13.309, "2007-08-31": -9.605, "2007-05-31": 23.234, "2007-02-28": "-23.23400", "2006-11-30": -8.33, "2006-08-31": -6.929, "2006-05-31": 17.835, "2006-02-28": "-17.83500", "2005-11-30": -7.332, "2005-08-31": -5.206, "2005-05-31": 27.639, "2005-02-28": "-27.63900"}, "Net Change In Intangible Assets": {"2020-09-30": 0, "2020-06-30": 0, "2020-03-31": "", "2019-12-31": 0, "2019-09-30": 0, "2019-06-30": 0, "2019-03-31": "", "2018-12-31": 0, "2018-09-30": 0, "2018-06-30": 0, "2018-03-31": "", "2017-12-31": 0, "2017-09-30": 0, "2017-06-30": 0, "2017-03-31": "", "2016-12-31": 0, "2016-11-30": 0, "2016-09-30": 0, "2016-08-31": 0, "2016-06-30": 0, "2016-05-31": 0, "2016-03-31": "", "2016-02-29": "", "2015-11-30": 0, "2015-08-31": 0, "2015-05-31": 0, "2015-02-28": "", "2014-11-30": 0, "2014-08-31": 0, "2014-05-31": 0, "2014-02-28": "", "2013-11-30": 0, "2013-08-31": 0, "2013-05-31": 0, "2013-02-28": "", "2012-11-30": 0, "2012-08-31": 0, "2012-05-31": 0, "2012-02-29": "", "2011-11-30": 0, "2011-08-31": 0, "2011-05-31": 0, "2011-02-28": "", "2010-11-30": 0, "2010-08-31": 0, "2010-05-31": 0, "2010-02-28": "", "2009-11-30": 0, "2009-08-31": 0, "2009-05-31": 0, "2009-02-28": "", "2008-11-30": 0, "2008-08-31": 0, "2008-05-31": 0, "2008-02-29": "", "2007-11-30": 0, "2007-08-31": 0, "2007-05-31": 0, "2007-02-28": "", "2006-11-30": 0, "2006-08-31": 0, "2006-05-31": 0, "2006-02-28": "", "2005-11-30": 0, "2005-08-31": 0, "2005-05-31": 0, "2005-02-28": ""}, "Net Acquisitions/Divestitures": {"2020-09-30": -3.085, "2020-06-30": -6.899, "2020-03-31": "-67.19600", "2019-12-31": -310.239, "2019-09-30": -256.138, "2019-06-30": -3.415, "2019-03-31": "-74.83000", "2018-12-31": -490.61, "2018-09-30": -769.082, "2018-06-30": 0, "2018-03-31": "", "2017-12-31": 0.321, "2017-09-30": -563.009, "2017-06-30": 0, "2017-03-31": "", "2016-12-31": -1999.146, "2016-11-30": 1790.715, "2016-09-30": -1791.412, "2016-08-31": 1792.094, "2016-06-30": -1826.657, "2016-05-31": 0, "2016-03-31": "", "2016-02-29": "-241.98200", "2015-11-30": -0.404, "2015-08-31": -241.53, "2015-05-31": 232.864, "2015-02-28": "-232.86400", "2014-11-30": -218.878, "2014-08-31": -4.773, "2014-05-31": 2.519, "2014-02-28": "-2.51900", "2013-11-30": -2.324, "2013-08-31": 0, "2013-05-31": 433.427, "2013-02-28": "-433.42700", "2012-11-30": -409.541, "2012-08-31": -0.19, "2012-05-31": 44.245, "2012-02-29": "-44.24500", "2011-11-30": -7, "2011-08-31": 0, "2011-05-31": 167.775, "2011-02-28": "-167.77500", "2010-11-30": -0.999, "2010-08-31": -2.489, "2010-05-31": 17.059, "2010-02-28": "-17.05900", "2009-11-30": -16.81, "2009-08-31": -0.249, "2009-05-31": 454.279, "2009-02-28": "-454.27900", "2008-11-30": -12.142, "2008-08-31": -442.123, "2008-05-31": 12.051, "2008-02-29": "-12.05100", "2007-11-30": -8.926, "2007-08-31": -2.625, "2007-05-31": 80.23, "2007-02-28": "-80.23000", "2006-11-30": -12.335, "2006-08-31": -67.195, "2006-05-31": 3.379, "2006-02-28": "-3.37900", "2005-11-30": -1.091, "2005-08-31": -0.48, "2005-05-31": 30.49, "2005-02-28": "-30.49000"}, "Net Change In Short-term Investments": {"2020-09-30": 0, "2020-06-30": 0, "2020-03-31": "", "2019-12-31": 0, "2019-09-30": 0, "2019-06-30": 0, "2019-03-31": "", "2018-12-31": 0, "2018-09-30": 0, "2018-06-30": 0, "2018-03-31": "", "2017-12-31": 0, "2017-09-30": 0, "2017-06-30": 0, "2017-03-31": "", "2016-12-31": 0, "2016-11-30": 0, "2016-09-30": 0, "2016-08-31": 0, "2016-06-30": 0, "2016-05-31": 0, "2016-03-31": "", "2016-02-29": "", "2015-11-30": 0, "2015-08-31": 0, "2015-05-31": 0, "2015-02-28": "", "2014-11-30": 0, "2014-08-31": 0, "2014-05-31": 0, "2014-02-28": "", "2013-11-30": 0, "2013-08-31": 0, "2013-05-31": 0, "2013-02-28": "", "2012-11-30": 0, "2012-08-31": 0, "2012-05-31": 0, "2012-02-29": "", "2011-11-30": 0, "2011-08-31": 0, "2011-05-31": 0, "2011-02-28": "", "2010-11-30": 0, "2010-08-31": 0, "2010-05-31": 0, "2010-02-28": "", "2009-11-30": 0, "2009-08-31": 0, "2009-05-31": 0, "2009-02-28": "", "2008-11-30": 0, "2008-08-31": 0, "2008-05-31": 0, "2008-02-29": "", "2007-11-30": 0, "2007-08-31": 0, "2007-05-31": 0, "2007-02-28": "", "2006-11-30": 0, "2006-08-31": 0, "2006-05-31": 0, "2006-02-28": "", "2005-11-30": 0, "2005-08-31": 0, "2005-05-31": 0, "2005-02-28": ""}, "Net Change In Long-Term Investments": {"2020-09-30": 0, "2020-06-30": 0, "2020-03-31": "", "2019-12-31": 0, "2019-09-30": 0, "2019-06-30": 0, "2019-03-31": "", "2018-12-31": 0, "2018-09-30": 0, "2018-06-30": 0, "2018-03-31": "", "2017-12-31": 0, "2017-09-30": 0, "2017-06-30": 0, "2017-03-31": "", "2016-12-31": -37.717, "2016-11-30": -0.066, "2016-09-30": 0.066, "2016-08-31": 0, "2016-06-30": 37.717, "2016-05-31": 0, "2016-03-31": "", "2016-02-29": "", "2015-11-30": 0, "2015-08-31": 0, "2015-05-31": -10.597, "2015-02-28": "10.59700", "2014-11-30": 0, "2014-08-31": 10.528, "2014-05-31": -3.521, "2014-02-28": "3.52100", "2013-11-30": 2.112, "2013-08-31": 0.99, "2013-05-31": 0, "2013-02-28": "", "2012-11-30": 0, "2012-08-31": 0, "2012-05-31": 0, "2012-02-29": "", "2011-11-30": 0, "2011-08-31": 0, "2011-05-31": 0, "2011-02-28": "", "2010-11-30": 0, "2010-08-31": 0, "2010-05-31": -0.297, "2010-02-28": "0.29700", "2009-11-30": 0, "2009-08-31": 0.253, "2009-05-31": -6.796, "2009-02-28": "6.79600", "2008-11-30": 1.219, "2008-08-31": 5.737, "2008-05-31": 0, "2008-02-29": "", "2007-11-30": 0, "2007-08-31": 0, "2007-05-31": 0, "2007-02-28": "", "2006-11-30": 0, "2006-08-31": 0, "2006-05-31": 0, "2006-02-28": "", "2005-11-30": 0, "2005-08-31": 0, "2005-05-31": 0, "2005-02-28": ""}, "Net Change In Investments - Total": {"2020-09-30": 0, "2020-06-30": 0, "2020-03-31": "", "2019-12-31": 0, "2019-09-30": 0, "2019-06-30": 0, "2019-03-31": "", "2018-12-31": 0, "2018-09-30": 0, "2018-06-30": 0, "2018-03-31": "", "2017-12-31": 0, "2017-09-30": 0, "2017-06-30": 0, "2017-03-31": "", "2016-12-31": -37.717, "2016-11-30": -0.066, "2016-09-30": 0.066, "2016-08-31": 0, "2016-06-30": 37.717, "2016-05-31": 0, "2016-03-31": "", "2016-02-29": "", "2015-11-30": 0, "2015-08-31": 0, "2015-05-31": -10.597, "2015-02-28": "10.59700", "2014-11-30": 0, "2014-08-31": 10.528, "2014-05-31": -3.521, "2014-02-28": "3.52100", "2013-11-30": 2.112, "2013-08-31": 0.99, "2013-05-31": 0, "2013-02-28": "", "2012-11-30": 0, "2012-08-31": 0, "2012-05-31": 0, "2012-02-29": "", "2011-11-30": 0, "2011-08-31": 0, "2011-05-31": 0, "2011-02-28": "", "2010-11-30": 0, "2010-08-31": 0, "2010-05-31": -0.297, "2010-02-28": "0.29700", "2009-11-30": 0, "2009-08-31": 0.253, "2009-05-31": -6.796, "2009-02-28": "6.79600", "2008-11-30": 1.219, "2008-08-31": 5.737, "2008-05-31": 0, "2008-02-29": "", "2007-11-30": 0, "2007-08-31": 0, "2007-05-31": 0, "2007-02-28": "", "2006-11-30": 0, "2006-08-31": 0, "2006-05-31": 0, "2006-02-28": "", "2005-11-30": 0, "2005-08-31": 0, "2005-05-31": 0, "2005-02-28": ""}, "Investing Activities - Other": {"2020-09-30": -0.613, "2020-06-30": 9.84, "2020-03-31": "2.34800", "2019-12-31": 6.292, "2019-09-30": 15.93, "2019-06-30": -0.49, "2019-03-31": "13.67200", "2018-12-31": -0.922, "2018-09-30": -0.947, "2018-06-30": 0.15, "2018-03-31": "-1.58600", "2017-12-31": 19.059, "2017-09-30": -13.814, "2017-06-30": -33.82, "2017-03-31": "-0.42200", "2016-12-31": -1.251, "2016-11-30": 1.409, "2016-09-30": -1.409, "2016-08-31": 0.37, "2016-06-30": -0.37, "2016-05-31": 0.074, "2016-03-31": "-0.07400", "2016-02-29": "", "2015-11-30": 0, "2015-08-31": 0, "2015-05-31": -0.219, "2015-02-28": "0.21900", "2014-11-30": 0, "2014-08-31": 0.219, "2014-05-31": -1.997, "2014-02-28": "1.99700", "2013-11-30": 0.663, "2013-08-31": 0.665, "2013-05-31": -2.158, "2013-02-28": "2.15800", "2012-11-30": 0.745, "2012-08-31": 0.74, "2012-05-31": -1.862, "2012-02-29": "1.86200", "2011-11-30": 0.62, "2011-08-31": 0.583, "2011-05-31": 0.407, "2011-02-28": "-0.40700", "2010-11-30": -1.384, "2010-08-31": 0.454, "2010-05-31": 0.649, "2010-02-28": "-0.64900", "2009-11-30": -0.501, "2009-08-31": 0, "2009-05-31": 0, "2009-02-28": "", "2008-11-30": 0, "2008-08-31": 0, "2008-05-31": 0, "2008-02-29": "", "2007-11-30": 0, "2007-08-31": 0, "2007-05-31": 0, "2007-02-28": "", "2006-11-30": 0, "2006-08-31": 0, "2006-05-31": 0, "2006-02-28": "", "2005-11-30": 0, "2005-08-31": 0, "2005-05-31": 0, "2005-02-28": ""}, "Cash Flow From Investing Activities": {"2020-09-30": -124.727, "2020-06-30": -100.641, "2020-03-31": "-169.65000", "2019-12-31": -410.798, "2019-09-30": -307.913, "2019-06-30": -82.094, "2019-03-31": "-116.28100", "2018-12-31": -548.762, "2018-09-30": -823.42, "2018-06-30": -58.744, "2018-03-31": "-45.36100", "2017-12-31": -25.868, "2017-09-30": -623.454, "2017-06-30": -40.062, "2017-03-31": "-46.64100", "2016-12-31": -2046.437, "2016-11-30": 1811.232, "2016-09-30": -1853.816, "2016-08-31": 1813.936, "2016-06-30": -1852.163, "2016-05-31": 24.441, "2016-03-31": "-24.44100", "2016-02-29": "-299.53000", "2015-11-30": -19.792, "2015-08-31": -258.388, "2015-05-31": 278.794, "2015-02-28": "-278.79400", "2014-11-30": -234.011, "2014-08-31": -12.183, "2014-05-31": 58.271, "2014-02-28": "-58.27100", "2013-11-30": -20.464, "2013-08-31": -18.608, "2013-05-31": 506.285, "2013-02-28": "-506.28500", "2012-11-30": -433.952, "2012-08-31": -28.687, "2012-05-31": 113.467, "2012-02-29": "-113.46700", "2011-11-30": -29.375, "2011-08-31": -11.568, "2011-05-31": 245.277, "2011-02-28": "-245.27700", "2010-11-30": -29.307, "2010-08-31": -26.82, "2010-05-31": 53.931, "2010-02-28": "-53.93100", "2009-11-30": -26.887, "2009-08-31": -11.097, "2009-05-31": 472.941, "2009-02-28": "-472.94100", "2008-11-30": -20.656, "2008-08-31": -444.049, "2008-05-31": 43.977, "2008-02-29": "-43.97700", "2007-11-30": -22.235, "2007-08-31": -12.23, "2007-05-31": 103.464, "2007-02-28": "-103.46400", "2006-11-30": -20.665, "2006-08-31": -74.124, "2006-05-31": 21.214, "2006-02-28": "-21.21400", "2005-11-30": -8.423, "2005-08-31": -5.686, "2005-05-31": 58.129, "2005-02-28": "-58.12900"}, "Net Long-Term Debt": {"2020-09-30": -19.2471, "2020-06-30": -438.2129, "2020-03-31": "496.02200", "2019-12-31": 111.605, "2019-09-30": 590.7279, "2019-06-30": -154.059, "2019-03-31": "170.94000", "2018-12-31": 332.1911, "2018-09-30": 468.19, "2018-06-30": 48.339, "2018-03-31": "-378.82000", "2017-12-31": -113.82, "2017-09-30": 507.177, "2017-06-30": -139.842, "2017-03-31": "-40.73200", "2016-12-31": 2412.421, "2016-11-30": -2178.586, "2016-09-30": 2199.006, "2016-08-31": -2283.338, "2016-06-30": 2237.119, "2016-05-31": 15, "2016-03-31": "-15.00000", "2016-02-29": "136.00000", "2015-11-30": -16.5, "2015-08-31": 194.5, "2015-05-31": -214.821, "2015-02-28": "214.82100", "2014-11-30": 181, "2014-08-31": 26.321, "2014-05-31": -290.1311, "2014-02-28": "290.13110", "2013-11-30": -77.865, "2013-08-31": 108.485, "2013-05-31": -645.538, "2013-02-28": "645.53800", "2012-11-30": 547.274, "2012-08-31": 19.92, "2012-05-31": 91.108, "2012-02-29": "-91.10800", "2011-11-30": -86.705, "2011-08-31": 26.734, "2011-05-31": 46.841, "2011-02-28": "-46.84100", "2010-11-30": -31.115, "2010-08-31": -47.806, "2010-05-31": -254.006, "2010-02-28": "254.00600", "2009-11-30": -300.487, "2009-08-31": 300.487, "2009-05-31": -190, "2009-02-28": "190.00000", "2008-11-30": -5, "2008-08-31": 200, "2008-05-31": 0, "2008-02-29": "", "2007-11-30": 0, "2007-08-31": 0, "2007-05-31": 0.746, "2007-02-28": "-0.74600", "2006-11-30": -0.195, "2006-08-31": -0.349, "2006-05-31": 2.661, "2006-02-28": "-2.66100", "2005-11-30": -1.045, "2005-08-31": -1.012, "2005-05-31": 8.412, "2005-02-28": "-8.41200"}, "Net Current Debt": {"2020-09-30": -5.523, "2020-06-30": 52.546, "2020-03-31": "-78.09200", "2019-12-31": -92, "2019-09-30": -176.636, "2019-06-30": 87.513, "2019-03-31": "-55.35000", "2018-12-31": 21.402, "2018-09-30": 137.706, "2018-06-30": 104.192, "2018-03-31": "-192.51700", "2017-12-31": 144.135, "2017-09-30": 165.887, "2017-06-30": 29.299, "2017-03-31": "-117.78900", "2016-12-31": -300.766, "2016-11-30": 95.709, "2016-09-30": 46.384, "2016-08-31": 50.316, "2016-06-30": -97.652, "2016-05-31": 135.071, "2016-03-31": "-135.07100", "2016-02-29": "-388.12000", "2015-11-30": 337.505, "2015-08-31": -236.041, "2015-05-31": -44.622, "2015-02-28": "44.62200", "2014-11-30": -121.436, "2014-08-31": 212.029, "2014-05-31": -74.594, "2014-02-28": "74.59400", "2013-11-30": 118.021, "2013-08-31": 141.026, "2013-05-31": 48.239, "2013-02-28": "-48.23900", "2012-11-30": 3.145, "2012-08-31": -6.137, "2012-05-31": 55.029, "2012-02-29": "-55.02900", "2011-11-30": -85.396, "2011-08-31": 40.327, "2011-05-31": -109.774, "2011-02-28": "109.77400", "2010-11-30": 96.746, "2010-08-31": 4.948, "2010-05-31": -0.339, "2010-02-28": "0.33900", "2009-11-30": 278.166, "2009-08-31": -25.539, "2009-05-31": -2.583, "2009-02-28": "2.58300", "2008-11-30": -4.059, "2008-08-31": 9.106, "2008-05-31": -1.126, "2008-02-29": "1.12600", "2007-11-30": 0.546, "2007-08-31": 0.133, "2007-05-31": 0, "2007-02-28": "", "2006-11-30": -0.049, "2006-08-31": 0.049, "2006-05-31": 58.606, "2006-02-28": "-58.60600", "2005-11-30": -0.933, "2005-08-31": -57.673, "2005-05-31": 110.509, "2005-02-28": "-110.50900"}, "Debt Issuance/Retirement Net - Total": {"2020-09-30": -24.7701, "2020-06-30": -385.6669, "2020-03-31": "417.93000", "2019-12-31": 19.6049, "2019-09-30": 414.0919, "2019-06-30": -66.546, "2019-03-31": "115.59000", "2018-12-31": 353.5932, "2018-09-30": 605.896, "2018-06-30": 152.531, "2018-03-31": "-571.33700", "2017-12-31": 30.3149, "2017-09-30": 673.064, "2017-06-30": -110.543, "2017-03-31": "-158.52100", "2016-12-31": 2111.6549, "2016-11-30": -2082.8769, "2016-09-30": 2245.39, "2016-08-31": -2233.022, "2016-06-30": 2139.467, "2016-05-31": 150.071, "2016-03-31": "-150.07100", "2016-02-29": "-252.12000", "2015-11-30": 321.005, "2015-08-31": -41.541, "2015-05-31": -259.4431, "2015-02-28": "259.44310", "2014-11-30": 59.564, "2014-08-31": 238.35, "2014-05-31": -364.7251, "2014-02-28": "364.72510", "2013-11-30": 40.156, "2013-08-31": 249.511, "2013-05-31": -597.299, "2013-02-28": "597.29900", "2012-11-30": 550.419, "2012-08-31": 13.783, "2012-05-31": 146.137, "2012-02-29": "-146.13700", "2011-11-30": -172.101, "2011-08-31": 67.061, "2011-05-31": -62.933, "2011-02-28": "62.93300", "2010-11-30": 65.631, "2010-08-31": -42.858, "2010-05-31": -254.345, "2010-02-28": "254.34500", "2009-11-30": -22.321, "2009-08-31": 274.948, "2009-05-31": -192.583, "2009-02-28": "192.58300", "2008-11-30": -9.059, "2008-08-31": 209.106, "2008-05-31": -1.126, "2008-02-29": "1.12600", "2007-11-30": 0.546, "2007-08-31": 0.133, "2007-05-31": 0.746, "2007-02-28": "-0.74600", "2006-11-30": -0.244, "2006-08-31": -0.3, "2006-05-31": 61.267, "2006-02-28": "-61.26700", "2005-11-30": -1.978, "2005-08-31": -58.685, "2005-05-31": 118.921, "2005-02-28": "-118.92100"}, "Net Common Equity Issued/Repurchased": {"2020-09-30": 5.683, "2020-06-30": 19.376, "2020-03-31": "-437.13200", "2019-12-31": -88.422, "2019-09-30": -28.813, "2019-06-30": -74.555, "2019-03-31": "-157.65600", "2018-12-31": -12.24, "2018-09-30": -32.24, "2018-06-30": -182.465, "2018-03-31": "1.55500", "2017-12-31": -9.543, "2017-09-30": -47.342, "2017-06-30": -0.554, "2017-03-31": "0.98200", "2016-12-31": 57.027, "2016-11-30": -63.965, "2016-09-30": -37.148, "2016-08-31": -22.425, "2016-06-30": -64.375, "2016-05-31": 3.249, "2016-03-31": "-3.24900", "2016-02-29": "-94.91500", "2015-11-30": -44.623, "2015-08-31": -39.937, "2015-05-31": 229.152, "2015-02-28": "-229.15200", "2014-11-30": -43.53, "2014-08-31": -134.8, "2014-05-31": 234.504, "2014-02-28": "-234.50400", "2013-11-30": -83.771, "2013-08-31": -144.306, "2013-05-31": 138.611, "2013-02-28": "-138.61100", "2012-11-30": -10.575, "2012-08-31": -5.222, "2012-05-31": 94.821, "2012-02-29": "-94.82100", "2011-11-30": -24.314, "2011-08-31": -76.058, "2011-05-31": 2.828, "2011-02-28": "-2.82800", "2010-11-30": 2.436, "2010-08-31": -15.374, "2010-05-31": -20.699, "2010-02-28": "20.69900", "2009-11-30": 13.969, "2009-08-31": 4.048, "2009-05-31": -7.961, "2009-02-28": "7.96100", "2008-11-30": 3.51, "2008-08-31": 2.91, "2008-05-31": 71.791, "2008-02-29": "-71.79100", "2007-11-30": -8.217, "2007-08-31": -65.552, "2007-05-31": -15.268, "2007-02-28": "15.26800", "2006-11-30": 7.134, "2006-08-31": 4.946, "2006-05-31": -20.464, "2006-02-28": "20.46400", "2005-11-30": 14.223, "2005-08-31": 0.55, "2005-05-31": -17.992, "2005-02-28": "17.99200"}, "Net Total Equity Issued/Repurchased": {"2020-09-30": 5.683, "2020-06-30": 19.376, "2020-03-31": "-437.13200", "2019-12-31": -88.422, "2019-09-30": -28.813, "2019-06-30": -74.555, "2019-03-31": "-157.65600", "2018-12-31": -12.24, "2018-09-30": -32.24, "2018-06-30": -182.465, "2018-03-31": "1.55500", "2017-12-31": -9.543, "2017-09-30": -47.342, "2017-06-30": -0.554, "2017-03-31": "0.98200", "2016-12-31": 57.027, "2016-11-30": -63.965, "2016-09-30": -37.148, "2016-08-31": -22.425, "2016-06-30": -64.375, "2016-05-31": 3.249, "2016-03-31": "-3.24900", "2016-02-29": "-94.91500", "2015-11-30": -44.623, "2015-08-31": -39.937, "2015-05-31": 229.152, "2015-02-28": "-229.15200", "2014-11-30": -43.53, "2014-08-31": -134.8, "2014-05-31": 234.504, "2014-02-28": "-234.50400", "2013-11-30": -83.771, "2013-08-31": -144.306, "2013-05-31": 138.611, "2013-02-28": "-138.61100", "2012-11-30": -10.575, "2012-08-31": -5.222, "2012-05-31": 94.821, "2012-02-29": "-94.82100", "2011-11-30": -24.314, "2011-08-31": -76.058, "2011-05-31": 2.828, "2011-02-28": "-2.82800", "2010-11-30": 2.436, "2010-08-31": -15.374, "2010-05-31": -20.699, "2010-02-28": "20.69900", "2009-11-30": 13.969, "2009-08-31": 4.048, "2009-05-31": -7.961, "2009-02-28": "7.96100", "2008-11-30": 3.51, "2008-08-31": 2.91, "2008-05-31": 71.791, "2008-02-29": "-71.79100", "2007-11-30": -8.217, "2007-08-31": -65.552, "2007-05-31": -15.268, "2007-02-28": "15.26800", "2006-11-30": 7.134, "2006-08-31": 4.946, "2006-05-31": -20.464, "2006-02-28": "20.46400", "2005-11-30": 14.223, "2005-08-31": 0.55, "2005-05-31": -17.992, "2005-02-28": "17.99200"}, "Total Common And Preferred Stock Dividends Paid": {"2020-09-30": -58.434, "2020-06-30": -58.312, "2020-03-31": "-58.27900", "2019-12-31": -58.771, "2019-09-30": -1.59, "2019-06-30": -1.566, "2019-03-31": "-1.57100", "2018-12-31": -1.582, "2018-09-30": -1.579, "2018-06-30": -1.578, "2018-03-31": "-1.59300", "2017-12-31": -1.591, "2017-09-30": -1.59, "2017-06-30": -2.029, "2017-03-31": "-1.52200", "2016-12-31": -2.37, "2016-11-30": 1.307, "2016-09-30": -2.837, "2016-08-31": 1.298, "2016-06-30": -2.837, "2016-05-31": 1.293, "2016-03-31": "-1.29300", "2016-02-29": "-3.89500", "2015-11-30": -1.297, "2015-08-31": -1.305, "2015-05-31": 4.035, "2015-02-28": "-4.03500", "2014-11-30": -1.323, "2014-08-31": -1.37, "2014-05-31": 4.33, "2014-02-28": "-4.33000", "2013-11-30": -1.438, "2013-08-31": -1.456, "2013-05-31": 4.688, "2013-02-28": "-4.68800", "2012-11-30": -1.575, "2012-08-31": -1.578, "2012-05-31": 4.74, "2012-02-29": "-4.74000", "2011-11-30": -1.556, "2011-08-31": -1.613, "2011-05-31": 4.782, "2011-02-28": "-4.78200", "2010-11-30": -1.594, "2010-08-31": -1.586, "2010-05-31": 4.877, "2010-02-28": "-4.87700", "2009-11-30": -1.629, "2009-08-31": -1.616, "2009-05-31": 4.808, "2009-02-28": "-4.80800", "2008-11-30": -1.614, "2008-08-31": -1.596, "2008-05-31": 4.784, "2008-02-29": "-4.78400", "2007-11-30": -1.571, "2007-08-31": -1.622, "2007-05-31": 4.825, "2007-02-28": "-4.82500", "2006-11-30": -1.611, "2006-08-31": -1.601, "2006-05-31": 4.74, "2006-02-28": "-4.74000", "2005-11-30": -1.583, "2005-08-31": -1.566, "2005-05-31": 4.642, "2005-02-28": "-4.64200"}, "Financial Activities - Other": {"2020-09-30": -7.024, "2020-06-30": -8.006, "2020-03-31": "", "2019-12-31": -10.962, "2019-09-30": -61.27, "2019-06-30": -20.667, "2019-03-31": "-5.57200", "2018-12-31": -3.801, "2018-09-30": -7.346, "2018-06-30": -10.298, "2018-03-31": "-0.58600", "2017-12-31": 0, "2017-09-30": -0.059, "2017-06-30": -17.858, "2017-03-31": "-0.90400", "2016-12-31": -78.063, "2016-11-30": 60.037, "2016-09-30": -75.492, "2016-08-31": 70.016, "2016-06-30": -63.188, "2016-05-31": 6.839, "2016-03-31": "-6.83900", "2016-02-29": "-16.87700", "2015-11-30": 0.761, "2015-08-31": -7.332, "2015-05-31": 15.504, "2015-02-28": "-15.50400", "2014-11-30": -3.791, "2014-08-31": -8.095, "2014-05-31": 34.923, "2014-02-28": "-34.92300", "2013-11-30": 0.091, "2013-08-31": -11.269, "2013-05-31": 257.852, "2013-02-28": "-257.85200", "2012-11-30": -6.936, "2012-08-31": -1, "2012-05-31": 22.298, "2012-02-29": "-22.29800", "2011-11-30": -2.173, "2011-08-31": -1.051, "2011-05-31": 5.315, "2011-02-28": "-5.31500", "2010-11-30": -2.31, "2010-08-31": -1.957, "2010-05-31": 321.557, "2010-02-28": "-321.55700", "2009-11-30": -0.822, "2009-08-31": -319.074, "2009-05-31": 20.479, "2009-02-28": "-20.47900", "2008-11-30": -16.975, "2008-08-31": 7.364, "2008-05-31": -0.299, "2008-02-29": "0.29900", "2007-11-30": 1.704, "2007-08-31": 0.459, "2007-05-31": -0.069, "2007-02-28": "0.06900", "2006-11-30": 0.735, "2006-08-31": -0.29, "2006-05-31": 7.889, "2006-02-28": "-7.88900", "2005-11-30": -2.589, "2005-08-31": -2.818, "2005-05-31": 7.507, "2005-02-28": "-7.50700"}, "Cash Flow From Financial Activities": {"2020-09-30": -84.545, "2020-06-30": -432.609, "2020-03-31": "-77.48100", "2019-12-31": -138.55, "2019-09-30": 322.419, "2019-06-30": -163.334, "2019-03-31": "-49.20900", "2018-12-31": 335.97, "2018-09-30": 564.731, "2018-06-30": -41.81, "2018-03-31": "-571.96100", "2017-12-31": 19.181, "2017-09-30": 624.073, "2017-06-30": -130.984, "2017-03-31": "-159.96500", "2016-12-31": 2088.249, "2016-11-30": -2085.498, "2016-09-30": 2129.913, "2016-08-31": -2184.133, "2016-06-30": 2009.067, "2016-05-31": 161.452, "2016-03-31": "-161.45200", "2016-02-29": "-367.80700", "2015-11-30": 275.846, "2015-08-31": -90.115, "2015-05-31": -10.752, "2015-02-28": "10.75200", "2014-11-30": 10.92, "2014-08-31": 94.085, "2014-05-31": -90.968, "2014-02-28": "90.96800", "2013-11-30": -44.962, "2013-08-31": 92.48, "2013-05-31": -196.148, "2013-02-28": "196.14800", "2012-11-30": 531.333, "2012-08-31": 5.983, "2012-05-31": 267.996, "2012-02-29": "-267.99600", "2011-11-30": -200.144, "2011-08-31": -11.661, "2011-05-31": -50.008, "2011-02-28": "50.00800", "2010-11-30": 64.163, "2010-08-31": -61.775, "2010-05-31": 51.39, "2010-02-28": "-51.39000", "2009-11-30": -10.803, "2009-08-31": -41.694, "2009-05-31": -175.257, "2009-02-28": "175.25700", "2008-11-30": -24.138, "2008-08-31": 217.784, "2008-05-31": 75.15, "2008-02-29": "-75.15000", "2007-11-30": -7.538, "2007-08-31": -66.582, "2007-05-31": -9.766, "2007-02-28": "9.76600", "2006-11-30": 6.014, "2006-08-31": 2.755, "2006-05-31": 53.432, "2006-02-28": "-53.43200", "2005-11-30": 8.073, "2005-08-31": -62.519, "2005-05-31": 113.078, "2005-02-28": "-113.07800"}, "Net Cash Flow": {"2020-09-30": 395.197, "2020-06-30": 25.564, "2020-03-31": "121.78800", "2019-12-31": -449.343, "2019-09-30": 1079.889, "2019-06-30": -229.906, "2019-03-31": "66.75500", "2018-12-31": 220.274, "2018-09-30": -108.925, "2018-06-30": 93.706, "2018-03-31": "-330.03200", "2017-12-31": 149.805, "2017-09-30": 105.474, "2017-06-30": -181.269, "2017-03-31": "99.06600", "2016-12-31": 442.901, "2016-11-30": -472.006, "2016-09-30": 490.046, "2016-08-31": -467.571, "2016-06-30": 400.619, "2016-05-31": -40.169, "2016-03-31": "40.16900", "2016-02-29": "174.76100", "2015-11-30": 185.148, "2015-08-31": 152.57, "2015-05-31": -28.276, "2015-02-28": "28.27600", "2014-11-30": 48.585, "2014-08-31": 14.012, "2014-05-31": -333.09, "2014-02-28": "333.09000", "2013-11-30": 370.946, "2013-08-31": 45.417, "2013-05-31": 98.315, "2013-02-28": "-98.31500", "2012-11-30": 156.93, "2012-08-31": 60.056, "2012-05-31": 618.552, "2012-02-29": "-618.55200", "2011-11-30": 46.908, "2011-08-31": -630.333, "2011-05-31": -559.119, "2011-02-28": "559.11900", "2010-11-30": 85.447, "2010-08-31": -191.733, "2010-05-31": -162.685, "2010-02-28": "162.68500", "2009-11-30": 55.849, "2009-08-31": 645.414, "2009-05-31": 68.467, "2009-02-28": "-68.46700", "2008-11-30": 68.513, "2008-08-31": -168.339, "2008-05-31": -79.595, "2008-02-29": "79.59500", "2007-11-30": 92.853, "2007-08-31": -38.328, "2007-05-31": -73.584, "2007-02-28": "73.58400", "2006-11-30": 80.669, "2006-08-31": -49.897, "2006-05-31": -164.164, "2006-02-28": "164.16400", "2005-11-30": 96.242, "2005-08-31": -13.525, "2005-05-31": -23.73, "2005-02-28": "23.73000"}, "Stock-Based Compensation": {"2020-09-30": 42.276, "2020-06-30": 34.983, "2020-03-31": "27.82200", "2019-12-31": 33.843, "2019-09-30": 27.877, "2019-06-30": 16.496, "2019-03-31": "11.41800", "2018-12-31": 12.889, "2018-09-30": 14.833, "2018-06-30": 15.206, "2018-03-31": "14.89800", "2017-12-31": 8.324, "2017-09-30": 9.618, "2017-06-30": 12.337, "2017-03-31": "8.81600", "2016-12-31": 14.443, "2016-11-30": -9.694, "2016-09-30": 18.441, "2016-08-31": -9.753, "2016-06-30": 17.372, "2016-05-31": -7.047, "2016-03-31": "7.04700", "2016-02-29": "20.47200", "2015-11-30": 7.005, "2015-08-31": 6.467, "2015-05-31": -14.827, "2015-02-28": "14.82700", "2014-11-30": 5.079, "2014-08-31": 4.066, "2014-05-31": -17.269, "2014-02-28": "17.26900", "2013-11-30": 7.177, "2013-08-31": 4.788, "2013-05-31": -14.063, "2013-02-28": "14.06300", "2012-11-30": 4.956, "2012-08-31": 4.222, "2012-05-31": -12.796, "2012-02-29": "12.79600", "2011-11-30": 4.447, "2011-08-31": 3.978, "2011-05-31": -11.748, "2011-02-28": "11.74800", "2010-11-30": 4.198, "2010-08-31": 3.492, "2010-05-31": -11.843, "2010-02-28": "11.84300", "2009-11-30": 4.429, "2009-08-31": 3.004, "2009-05-31": -10.954, "2009-02-28": "10.95400", "2008-11-30": 3.863, "2008-08-31": 3.291, "2008-05-31": -9.853, "2008-02-29": "9.85300", "2007-11-30": 3.445, "2007-08-31": 3.147, "2007-05-31": -12.413, "2007-02-28": "12.41300", "2006-11-30": 3.716, "2006-08-31": 4.898, "2006-05-31": -1.872, "2006-02-28": "1.87200", "2005-11-30": 0.376, "2005-08-31": 0.458, "2005-05-31": 0, "2005-02-28": ""}, "Common Stock Dividends Paid": {"2020-09-30": -58.434, "2020-06-30": -58.312, "2020-03-31": "-58.27900", "2019-12-31": -58.771, "2019-09-30": -1.59, "2019-06-30": -1.566, "2019-03-31": "-1.57100", "2018-12-31": -1.582, "2018-09-30": -1.579, "2018-06-30": -1.578, "2018-03-31": "-1.59300", "2017-12-31": -1.591, "2017-09-30": -1.59, "2017-06-30": -2.029, "2017-03-31": "-1.52200", "2016-12-31": -2.37, "2016-11-30": 1.307, "2016-09-30": -2.837, "2016-08-31": 1.298, "2016-06-30": -2.837, "2016-05-31": 1.293, "2016-03-31": "-1.29300", "2016-02-29": "-3.89500", "2015-11-30": -1.297, "2015-08-31": -1.305, "2015-05-31": 4.035, "2015-02-28": "-4.03500", "2014-11-30": -1.323, "2014-08-31": -1.37, "2014-05-31": 4.33, "2014-02-28": "-4.33000", "2013-11-30": -1.438, "2013-08-31": -1.456, "2013-05-31": 4.688, "2013-02-28": "-4.68800", "2012-11-30": -1.575, "2012-08-31": -1.578, "2012-05-31": 4.74, "2012-02-29": "-4.74000", "2011-11-30": -1.556, "2011-08-31": -1.613, "2011-05-31": 4.782, "2011-02-28": "-4.78200", "2010-11-30": -1.594, "2010-08-31": -1.586, "2010-05-31": 4.877, "2010-02-28": "-4.87700", "2009-11-30": -1.629, "2009-08-31": -1.616, "2009-05-31": 4.808, "2009-02-28": "-4.80800", "2008-11-30": -1.614, "2008-08-31": -1.596, "2008-05-31": 4.784, "2008-02-29": "-4.78400", "2007-11-30": -1.571, "2007-08-31": -1.622, "2007-05-31": 4.825, "2007-02-28": "-4.82500", "2006-11-30": -1.611, "2006-08-31": -1.601, "2006-05-31": 4.74, "2006-02-28": "-4.74000", "2005-11-30": -1.583, "2005-08-31": -1.566, "2005-05-31": 4.642, "2005-02-28": "-4.64200"}}, "financial ratios": {"Current Ratio": {"2019-12-31": "1.21990", "2018-12-31": "1.03290", "2017-12-31": "1.12790", "2016-12-31": "1.09260", "2016-05-31": "1.17300", "2015-05-31": "1.09110", "2014-05-31": "1.35640", "2013-05-31": "1.72490", "2012-05-31": "1.49140", "2011-05-31": "1.27940", "2010-05-31": "1.43990", "2009-05-31": "1.77050", "2008-05-31": "2.83540", "2007-05-31": "3.11060", "2006-05-31": "2.32810", "2005-05-31": "1.03930"}, "Long-term Debt / Capital": {"2019-12-31": "0.24470", "2018-12-31": "0.54500", "2017-12-31": "0.53490", "2016-12-31": "0.60520", "2016-05-31": "0.60350", "2015-05-31": "0.66030", "2014-05-31": "0.54850", "2013-05-31": "0.40920", "2012-05-31": "0.15390", "2011-05-31": "0.16700", "2010-05-31": "0.23850", "2009-05-31": "0.19820", "2008-05-31": "", "2007-05-31": "", "2006-05-31": "", "2005-05-31": "0.00130"}, "Debt/Equity Ratio": {"2019-12-31": "0.34180", "2018-12-31": "1.39280", "2017-12-31": "1.33530", "2016-12-31": "1.73810", "2016-05-31": "1.70070", "2015-05-31": "2.70130", "2014-05-31": "1.61880", "2013-05-31": "0.89450", "2012-05-31": "0.40620", "2011-05-31": "0.46700", "2010-05-31": "0.57410", "2009-05-31": "0.30550", "2008-05-31": "0.00140", "2007-05-31": "", "2006-05-31": "0.00100", "2005-05-31": "0.10790"}, "Gross Margin": {"2019-12-31": "57.78000", "2018-12-31": "67.47190", "2017-12-31": "51.49790", "2016-12-31": "60.40100", "2016-05-31": "60.40100", "2015-05-31": "63.15030", "2014-05-31": "62.71980", "2013-05-31": "63.71620", "2012-05-31": "64.39150", "2011-05-31": "64.24260", "2010-05-31": "64.40670", "2009-05-31": "65.47540", "2008-05-31": "66.75970", "2007-05-31": "60.92060", "2006-05-31": "60.57290", "2005-05-31": "56.99880"}, "Operating Margin": {"2019-12-31": "16.11230", "2018-12-31": "21.89470", "2017-12-31": "14.05900", "2016-12-31": "14.66260", "2016-05-31": "14.66260", "2015-05-31": "16.46160", "2014-05-31": "15.87560", "2013-05-31": "15.03470", "2012-05-31": "13.94600", "2011-05-31": "17.82950", "2010-05-31": "19.68250", "2009-05-31": "20.00580", "2008-05-31": "21.02610", "2007-05-31": "20.54490", "2006-05-31": "22.14490", "2005-05-31": "20.41240"}, "EBIT Margin": {"2019-12-31": "16.11230", "2018-12-31": "21.89470", "2017-12-31": "14.05900", "2016-12-31": "14.66260", "2016-05-31": "14.66260", "2015-05-31": "16.46160", "2014-05-31": "15.87560", "2013-05-31": "15.03470", "2012-05-31": "13.94600", "2011-05-31": "17.82950", "2010-05-31": "19.68250", "2009-05-31": "20.00580", "2008-05-31": "21.02610", "2007-05-31": "20.54490", "2006-05-31": "22.14490", "2005-05-31": "20.41240"}, "EBITDA Margin": {"2019-12-31": "35.33950", "2018-12-31": "38.95620", "2017-12-31": "26.54270", "2016-12-31": "21.20670", "2016-05-31": "21.20670", "2015-05-31": "21.41900", "2014-05-31": "20.65460", "2013-05-31": "19.73970", "2012-05-31": "18.44270", "2011-05-31": "22.25140", "2010-05-31": "23.86320", "2009-05-31": "24.53890", "2008-05-31": "24.92080", "2007-05-31": "24.34750", "2006-05-31": "26.60380", "2005-05-31": "26.18880"}, "Pre-Tax Profit Margin": {"2019-12-31": "10.54430", "2018-12-31": "16.69920", "2017-12-31": "9.87840", "2016-12-31": "12.45320", "2016-05-31": "12.45320", "2015-05-31": "15.03790", "2014-05-31": "14.77350", "2013-05-31": "14.06970", "2012-05-31": "13.63280", "2011-05-31": "17.43230", "2010-05-31": "18.89770", "2009-05-31": "19.98690", "2008-05-31": "21.82530", "2007-05-31": "21.32140", "2006-05-31": "22.19250", "2005-05-31": "19.62400"}, "Net Profit Margin": {"2019-12-31": "8.76670", "2018-12-31": "13.42850", "2017-12-31": "11.78380", "2016-12-31": "9.37380", "2016-05-31": "9.37380", "2015-05-31": "10.02410", "2014-05-31": "9.60310", "2013-05-31": "9.09650", "2012-05-31": "8.53780", "2011-05-31": "11.25060", "2010-05-31": "12.37880", "2009-05-31": "2.54510", "2008-05-31": "14.39530", "2007-05-31": "13.46980", "2006-05-31": "13.82340", "2005-05-31": "11.84400"}, "Asset Turnover": {"2019-12-31": "0.11040", "2018-12-31": "0.25440", "2017-12-31": "0.30580", "2016-12-31": "0.27180", "2016-05-31": "0.27580", "2015-05-31": "0.47990", "2014-05-31": "0.63560", "2013-05-31": "0.76030", "2012-05-31": "0.81980", "2011-05-31": "0.55510", "2010-05-31": "0.80540", "2009-05-31": "0.87210", "2008-05-31": "0.78190", "2007-05-31": "0.88410", "2006-05-31": "0.89140", "2005-05-31": "0.91900"}, "Inventory Turnover Ratio": {"2019-12-31": "", "2018-12-31": "", "2017-12-31": "", "2016-12-31": "", "2016-05-31": "", "2015-05-31": "", "2014-05-31": "143.49380", "2013-05-31": "77.96650", "2012-05-31": "79.55760", "2011-05-31": "87.04410", "2010-05-31": "60.02150", "2009-05-31": "85.36610", "2008-05-31": "98.35570", "2007-05-31": "120.76770", "2006-05-31": "108.49090", "2005-05-31": "128.48460"}, "Receiveable Turnover": {"2019-12-31": "5.48670", "2018-12-31": "9.66240", "2017-12-31": "13.16770", "2016-12-31": "10.53750", "2016-05-31": "10.04870", "2015-05-31": "13.66780", "2014-05-31": "11.85900", "2013-05-31": "12.46610", "2012-05-31": "11.97800", "2011-05-31": "11.10640", "2010-05-31": "12.39780", "2009-05-31": "11.84650", "2008-05-31": "11.13540", "2007-05-31": "13.30030", "2006-05-31": "13.27980", "2005-05-31": "14.03880"}, "Days Sales In Receivables": {"2019-12-31": "66.52420", "2018-12-31": "37.77550", "2017-12-31": "27.71930", "2016-12-31": "34.63820", "2016-05-31": "36.32320", "2015-05-31": "26.70510", "2014-05-31": "30.77820", "2013-05-31": "29.27950", "2012-05-31": "30.47250", "2011-05-31": "32.86410", "2010-05-31": "29.44080", "2009-05-31": "30.81080", "2008-05-31": "32.77840", "2007-05-31": "27.44300", "2006-05-31": "27.48550", "2005-05-31": "25.99950"}, "ROE - Return On Equity": {"2019-12-31": "1.67270", "2018-12-31": "11.57730", "2017-12-31": "12.46010", "2016-12-31": "10.44190", "2016-05-31": "10.08610", "2015-05-31": "35.79570", "2014-05-31": "23.83050", "2013-05-31": "18.55370", "2012-05-31": "16.72400", "2011-05-31": "17.12720", "2010-05-31": "25.58870", "2009-05-31": "30.52250", "2008-05-31": "14.30560", "2007-05-31": "14.92890", "2006-05-31": "16.29710", "2005-05-31": "16.06230"}, "Return On Tangible Equity": {"2019-12-31": "-5.29690", "2018-12-31": "-10.43730", "2017-12-31": "-12.60230", "2016-12-31": "-7.05520", "2016-05-31": "-6.88250", "2015-05-31": "-26.01070", "2014-05-31": "-36.49680", "2013-05-31": "-150.64260", "2012-05-31": "76.05980", "2011-05-31": "105.74620", "2010-05-31": "229.15810", "2009-05-31": "-100.99820", "2008-05-31": "35.50260", "2007-05-31": "43.20940", "2006-05-31": "58.17740", "2005-05-31": "303.58200"}, "ROA - Return On Assets": {"2019-12-31": "1.05500", "2018-12-31": "3.66320", "2017-12-31": "3.80110", "2016-12-31": "2.72140", "2016-05-31": "2.76140", "2015-05-31": "5.34870", "2014-05-31": "6.71750", "2013-05-31": "7.63870", "2012-05-31": "8.09350", "2011-05-31": "6.83860", "2010-05-31": "10.93550", "2009-05-31": "12.34580", "2008-05-31": "11.14860", "2007-05-31": "11.90920", "2006-05-31": "12.32230", "2005-05-31": "10.88410"}, "ROI - Return On Investment": {"2019-12-31": "1.26340", "2018-12-31": "5.26730", "2017-12-31": "5.79580", "2016-12-31": "4.12230", "2016-05-31": "3.99910", "2015-05-31": "12.16110", "2014-05-31": "10.76020", "2013-05-31": "10.96150", "2012-05-31": "14.15080", "2011-05-31": "14.26690", "2010-05-31": "19.48570", "2009-05-31": "24.47440", "2008-05-31": "14.30560", "2007-05-31": "14.92890", "2006-05-31": "16.29710", "2005-05-31": "16.04160"}, "Book Value Per Share": {"2019-12-31": "93.44620", "2018-12-31": "26.50220", "2017-12-31": "24.91040", "2016-12-31": "18.26280", "2016-05-31": "18.63340", "2015-05-31": "6.61430", "2014-05-31": "8.22710", "2013-05-31": "8.52890", "2012-05-31": "8.28070", "2011-05-31": "8.32650", "2010-05-31": "5.47120", "2009-05-31": "4.21560", "2008-05-31": "7.07470", "2007-05-31": "5.92110", "2006-05-31": "4.82510", "2005-05-31": "3.69790"}, "Operating Cash Flow Per Share": {"2019-12-31": 0.0419, "2018-12-31": 3.6502, "2017-12-31": -1.1577, "2016-12-31": 0, "2016-05-31": 1.2661, "2015-05-31": 1.851, "2014-05-31": -0.2024, "2013-05-31": 2.6295, "2012-05-31": -5.5017, "2011-05-31": 1.5738, "2010-05-31": 0.4733, "2009-05-31": 0.6839, "2008-05-31": 0.5107, "2007-05-31": -0.2609, "2006-05-31": -0.0102, "2005-05-31": 1.4391}, "Free Cash Flow Per Share": {"2019-12-31": -0.1649, "2018-12-31": 3.2391, "2017-12-31": -1.398, "2016-12-31": 0, "2016-05-31": 1.1857, "2015-05-31": 1.8036, "2014-05-31": -0.1322, "2013-05-31": 2.6909, "2012-05-31": -5.5811, "2011-05-31": 1.3029, "2010-05-31": 0.3846, "2009-05-31": 0.7084, "2008-05-31": 0.4498, "2007-05-31": -0.3248, "2006-05-31": 0.0526, "2005-05-31": 1.224}}, "financial ratios, quarterly": {"Current Ratio": {"2020-09-30": "1.12530", "2020-06-30": "1.02880", "2020-03-31": "1.34030", "2019-12-31": "1.21990", "2019-09-30": "1.16560", "2019-06-30": "1.01430", "2019-03-31": "1.03400", "2018-12-31": "1.03290", "2018-09-30": "1.03440", "2018-06-30": "1.08760", "2018-03-31": "1.06370", "2017-12-31": "1.12790", "2017-09-30": "1.13650", "2017-06-30": "1.19900", "2017-03-31": "1.14640", "2016-12-31": "1.09260", "2016-11-30": "1.16520", "2016-09-30": "", "2016-08-31": "1.15800", "2016-06-30": "", "2016-05-31": "", "2016-03-31": "", "2016-02-29": "1.18130", "2015-11-30": "1.17120", "2015-08-31": "1.14930", "2015-05-31": "", "2015-02-28": "1.28200", "2014-11-30": "1.20830", "2014-08-31": "1.27050", "2014-05-31": "", "2014-02-28": "2.22860", "2013-11-30": "1.30850", "2013-08-31": "1.52190", "2013-05-31": "", "2013-02-28": "1.70200", "2012-11-30": "1.43610", "2012-08-31": "1.27820", "2012-05-31": "", "2012-02-29": "1.49730", "2011-11-30": "1.47430", "2011-08-31": "1.54240", "2011-05-31": "", "2011-02-28": "1.26800", "2010-11-30": "1.53250", "2010-08-31": "1.58510", "2010-05-31": "", "2010-02-28": "1.66080", "2009-11-30": "1.32230", "2009-08-31": "1.21630", "2009-05-31": "", "2009-02-28": "2.00380", "2008-11-30": "1.85990", "2008-08-31": "1.79290", "2008-05-31": "", "2008-02-29": "3.12780", "2007-11-30": "2.69670", "2007-08-31": "2.98510", "2007-05-31": "", "2007-02-28": "2.51750", "2006-11-30": "2.35520", "2006-08-31": "2.36400", "2006-05-31": "", "2006-02-28": "1.91620", "2005-11-30": "1.73410", "2005-08-31": "1.35110", "2005-05-31": "", "2005-02-28": "0.92410"}, "Long-term Debt / Capital": {"2020-09-30": "0.23180", "2020-06-30": "0.23400", "2020-03-31": "0.25930", "2019-12-31": "0.24470", "2019-09-30": "0.24330", "2019-06-30": "0.54500", "2019-03-31": "0.55520", "2018-12-31": "0.54500", "2018-09-30": "0.52990", "2018-06-30": "0.51450", "2018-03-31": "0.50220", "2017-12-31": "0.53490", "2017-09-30": "0.55870", "2017-06-30": "0.58150", "2017-03-31": "0.59470", "2016-12-31": "0.60520", "2016-11-30": "0.60640", "2016-09-30": "", "2016-08-31": "0.59620", "2016-06-30": "", "2016-05-31": "", "2016-03-31": "", "2016-02-29": "0.65230", "2015-11-30": "0.67410", "2015-08-31": "0.67810", "2015-05-31": "", "2015-02-28": "0.62150", "2014-11-30": "0.60320", "2014-08-31": "0.56470", "2014-05-31": "", "2014-02-28": "0.49770", "2013-11-30": "0.42820", "2013-08-31": "0.45370", "2013-05-31": "", "2013-02-28": "0.40740", "2012-11-30": "0.36140", "2012-08-31": "0.18200", "2012-05-31": "", "2012-02-29": "0.11510", "2011-11-30": "0.13570", "2011-08-31": "0.17870", "2011-05-31": "", "2011-02-28": "0.19560", "2010-11-30": "0.16870", "2010-08-31": "0.20360", "2010-05-31": "", "2010-02-28": "0.24530", "2009-11-30": "0.26840", "2009-08-31": "0.31070", "2009-05-31": "", "2009-02-28": "0.15280", "2008-11-30": "0.13750", "2008-08-31": "0.13440", "2008-05-31": "", "2008-02-29": "0.06390", "2007-11-30": "", "2007-08-31": "", "2007-05-31": "", "2007-02-28": "", "2006-11-30": "", "2006-08-31": "", "2006-05-31": "", "2006-02-28": "", "2005-11-30": "0.00020", "2005-08-31": "0.00060", "2005-05-31": "", "2005-02-28": "0.00200"}, "Debt/Equity Ratio": {"2020-09-30": "0.34720", "2020-06-30": "0.35150", "2020-03-31": "0.36630", "2019-12-31": "0.34180", "2019-09-30": "0.34230", "2019-06-30": "1.41020", "2019-03-31": "1.43520", "2018-12-31": "1.39280", "2018-09-30": "1.31390", "2018-06-30": "1.21440", "2018-03-31": "1.14300", "2017-12-31": "1.33530", "2017-09-30": "1.42320", "2017-06-30": "1.52440", "2017-03-31": "1.62590", "2016-12-31": "1.73810", "2016-11-30": "1.77080", "2016-09-30": "", "2016-08-31": "1.65350", "2016-06-30": "", "2016-05-31": "", "2016-03-31": "", "2016-02-29": "2.16640", "2015-11-30": "2.80850", "2015-08-31": "2.49550", "2015-05-31": "", "2015-02-28": "2.18270", "2014-11-30": "2.08540", "2014-08-31": "1.93570", "2014-05-31": "", "2014-02-28": "1.20000", "2013-11-30": "1.17030", "2013-08-31": "1.16300", "2013-05-31": "", "2013-02-28": "0.87370", "2012-11-30": "0.79490", "2012-08-31": "0.42260", "2012-05-31": "", "2012-02-29": "0.34820", "2011-11-30": "0.39950", "2011-08-31": "0.52580", "2011-05-31": "", "2011-02-28": "0.46000", "2010-11-30": "0.52740", "2010-08-31": "0.49380", "2010-05-31": "", "2010-02-28": "0.48430", "2009-11-30": "0.49460", "2009-08-31": "0.58070", "2009-05-31": "", "2009-02-28": "0.21210", "2008-11-30": "0.18900", "2008-08-31": "0.18700", "2008-05-31": "", "2008-02-29": "0.06940", "2007-11-30": "0.00070", "2007-08-31": "0.00010", "2007-05-31": "", "2007-02-28": "", "2006-11-30": "0.00020", "2006-08-31": "0.00050", "2006-05-31": "", "2006-02-28": "0.00160", "2005-11-30": "0.00260", "2005-08-31": "0.00600", "2005-05-31": "", "2005-02-28": "0.18070"}, "Gross Margin": {"2020-09-30": "53.02360", "2020-06-30": "46.54510", "2020-03-31": "50.94180", "2019-12-31": "47.75140", "2019-09-30": "61.32520", "2019-06-30": "67.67630", "2019-03-31": "65.43410", "2018-12-31": "64.44620", "2018-09-30": "69.10080", "2018-06-30": "68.24830", "2018-03-31": "68.25240", "2017-12-31": "51.71290", "2017-09-30": "52.46130", "2017-06-30": "51.24410", "2017-03-31": "50.42890", "2016-12-31": "281.06510", "2016-11-30": "50.26840", "2016-09-30": "50.62640", "2016-08-31": "50.75790", "2016-06-30": "51.71470", "2016-05-31": "", "2016-03-31": "60.36990", "2016-02-29": "61.94840", "2015-11-30": "62.54380", "2015-08-31": "63.58610", "2015-05-31": "", "2015-02-28": "62.36670", "2014-11-30": "63.02890", "2014-08-31": "63.13790", "2014-05-31": "", "2014-02-28": "62.21330", "2013-11-30": "62.91410", "2013-08-31": "63.35550", "2013-05-31": "", "2013-02-28": "62.42480", "2012-11-30": "64.27280", "2012-08-31": "65.37430", "2012-05-31": "", "2012-02-29": "63.59820", "2011-11-30": "64.95210", "2011-08-31": "64.71150", "2011-05-31": "", "2011-02-28": "63.11600", "2010-11-30": "65.23200", "2010-08-31": "65.68330", "2010-05-31": "", "2010-02-28": "63.31510", "2009-11-30": "64.57250", "2009-08-31": "65.55430", "2009-05-31": "", "2009-02-28": "65.51010", "2008-11-30": "64.15700", "2008-08-31": "64.46720", "2008-05-31": "", "2008-02-29": "62.12320", "2007-11-30": "62.26620", "2007-08-31": "62.59920", "2007-05-31": "", "2007-02-28": "60.23510", "2006-11-30": "59.42950", "2006-08-31": "62.27930", "2006-05-31": "", "2006-02-28": "60.53320", "2005-11-30": "60.43570", "2005-08-31": "58.48500", "2005-05-31": "", "2005-02-28": "55.31130"}, "Operating Margin": {"2020-09-30": "15.14320", "2020-06-30": "6.43400", "2020-03-31": "12.81670", "2019-12-31": "9.86850", "2019-09-30": "15.73660", "2019-06-30": "23.71020", "2019-03-31": "22.59150", "2018-12-31": "18.96370", "2018-09-30": "26.01960", "2018-06-30": "22.89310", "2018-03-31": "19.64460", "2017-12-31": "14.18780", "2017-09-30": "16.60120", "2017-06-30": "13.70260", "2017-03-31": "11.41270", "2016-12-31": "77.26630", "2016-11-30": "11.17700", "2016-09-30": "12.64740", "2016-08-31": "12.89060", "2016-06-30": "7.25820", "2016-05-31": "", "2016-03-31": "15.10130", "2016-02-29": "15.85510", "2015-11-30": "17.05060", "2015-08-31": "18.39910", "2015-05-31": "", "2015-02-28": "15.73200", "2014-11-30": "17.78080", "2014-08-31": "17.64780", "2014-05-31": "", "2014-02-28": "15.78240", "2013-11-30": "17.64760", "2013-08-31": "17.05360", "2013-05-31": "", "2013-02-28": "15.68460", "2012-11-30": "19.80880", "2012-08-31": "13.63540", "2012-05-31": "", "2012-02-29": "17.30860", "2011-11-30": "18.20530", "2011-08-31": "20.01030", "2011-05-31": "", "2011-02-28": "17.13460", "2010-11-30": "18.74590", "2010-08-31": "18.65480", "2010-05-31": "", "2010-02-28": "18.53010", "2009-11-30": "21.69010", "2009-08-31": "21.77020", "2009-05-31": "", "2009-02-28": "17.35140", "2008-11-30": "21.28600", "2008-08-31": "22.94400", "2008-05-31": "", "2008-02-29": "19.28620", "2007-11-30": "18.92340", "2007-08-31": "21.29780", "2007-05-31": "", "2007-02-28": "19.65800", "2006-11-30": "20.06280", "2006-08-31": "24.40460", "2006-05-31": "", "2006-02-28": "21.37820", "2005-11-30": "22.77390", "2005-08-31": "22.50950", "2005-05-31": "", "2005-02-28": "19.54680"}, "EBIT Margin": {"2020-09-30": "15.14320", "2020-06-30": "6.43400", "2020-03-31": "12.81670", "2019-12-31": "9.86850", "2019-09-30": "15.73660", "2019-06-30": "23.71020", "2019-03-31": "22.59150", "2018-12-31": "18.96370", "2018-09-30": "26.01960", "2018-06-30": "22.89310", "2018-03-31": "19.64460", "2017-12-31": "14.18780", "2017-09-30": "16.60120", "2017-06-30": "13.70260", "2017-03-31": "11.41270", "2016-12-31": "83.35720", "2016-11-30": "11.17700", "2016-09-30": "12.64740", "2016-08-31": "12.89060", "2016-06-30": "7.25820", "2016-05-31": "", "2016-03-31": "15.10130", "2016-02-29": "15.85510", "2015-11-30": "17.05060", "2015-08-31": "18.39910", "2015-05-31": "", "2015-02-28": "15.73200", "2014-11-30": "17.78080", "2014-08-31": "17.64780", "2014-05-31": "", "2014-02-28": "15.78240", "2013-11-30": "17.64760", "2013-08-31": "17.05360", "2013-05-31": "", "2013-02-28": "15.68460", "2012-11-30": "19.80880", "2012-08-31": "13.63540", "2012-05-31": "", "2012-02-29": "17.30860", "2011-11-30": "18.20530", "2011-08-31": "20.01030", "2011-05-31": "", "2011-02-28": "17.13460", "2010-11-30": "18.74590", "2010-08-31": "18.65480", "2010-05-31": "", "2010-02-28": "18.53010", "2009-11-30": "21.69010", "2009-08-31": "21.77020", "2009-05-31": "", "2009-02-28": "17.35140", "2008-11-30": "21.28600", "2008-08-31": "22.94400", "2008-05-31": "", "2008-02-29": "19.28620", "2007-11-30": "18.92340", "2007-08-31": "21.29780", "2007-05-31": "", "2007-02-28": "19.65800", "2006-11-30": "20.06280", "2006-08-31": "24.40460", "2006-05-31": "", "2006-02-28": "21.37820", "2005-11-30": "22.77390", "2005-08-31": "22.50950", "2005-05-31": "", "2005-02-28": "19.54680"}, "EBITDA Margin": {"2020-09-30": "", "2020-06-30": "", "2020-03-31": "", "2019-12-31": "", "2019-09-30": "", "2019-06-30": "", "2019-03-31": "", "2018-12-31": "", "2018-09-30": "", "2018-06-30": "", "2018-03-31": "", "2017-12-31": "", "2017-09-30": "", "2017-06-30": "", "2017-03-31": "", "2016-12-31": "", "2016-11-30": "", "2016-09-30": "", "2016-08-31": "", "2016-06-30": "", "2016-05-31": "", "2016-03-31": "", "2016-02-29": "", "2015-11-30": "", "2015-08-31": "", "2015-05-31": "", "2015-02-28": "", "2014-11-30": "", "2014-08-31": "", "2014-05-31": "", "2014-02-28": "", "2013-11-30": "", "2013-08-31": "", "2013-05-31": "", "2013-02-28": "", "2012-11-30": "", "2012-08-31": "", "2012-05-31": "", "2012-02-29": "", "2011-11-30": "", "2011-08-31": "", "2011-05-31": "", "2011-02-28": "", "2010-11-30": "", "2010-08-31": "", "2010-05-31": "", "2010-02-28": "", "2009-11-30": "", "2009-08-31": "", "2009-05-31": "", "2009-02-28": "", "2008-11-30": "", "2008-08-31": "", "2008-05-31": "", "2008-02-29": "", "2007-11-30": "", "2007-08-31": "", "2007-05-31": "", "2007-02-28": "", "2006-11-30": "", "2006-08-31": "", "2006-05-31": "", "2006-02-28": "", "2005-11-30": "", "2005-08-31": "", "2005-05-31": "", "2005-02-28": ""}, "Pre-Tax Profit Margin": {"2020-09-30": "12.38000", "2020-06-30": "1.64510", "2020-03-31": "8.08160", "2019-12-31": "6.19720", "2019-09-30": "8.05720", "2019-06-30": "17.35400", "2019-03-31": "16.23310", "2018-12-31": "12.98850", "2018-09-30": "20.98010", "2018-06-30": "17.47380", "2018-03-31": "15.37890", "2017-12-31": "10.24670", "2017-09-30": "12.90340", "2017-06-30": "8.86710", "2017-03-31": "7.09750", "2016-12-31": "100.96790", "2016-11-30": "5.75180", "2016-09-30": "8.00990", "2016-08-31": "12.82630", "2016-06-30": "7.96650", "2016-05-31": "", "2016-03-31": "13.21820", "2016-02-29": "14.05960", "2015-11-30": "15.27390", "2015-08-31": "16.78310", "2015-05-31": "", "2015-02-28": "13.88700", "2014-11-30": "16.48040", "2014-08-31": "16.25490", "2014-05-31": "", "2014-02-28": "13.59040", "2013-11-30": "17.21590", "2013-08-31": "16.33250", "2013-05-31": "", "2013-02-28": "14.90240", "2012-11-30": "17.69810", "2012-08-31": "13.37080", "2012-05-31": "", "2012-02-29": "17.05930", "2011-11-30": "17.71160", "2011-08-31": "19.71810", "2011-05-31": "", "2011-02-28": "16.54650", "2010-11-30": "18.69470", "2010-08-31": "17.90420", "2010-05-31": "", "2010-02-28": "17.82200", "2009-11-30": "20.77730", "2009-08-31": "20.92840", "2009-05-31": "", "2009-02-28": "17.03090", "2008-11-30": "21.32340", "2008-08-31": "23.18240", "2008-05-31": "", "2008-02-29": "20.11330", "2007-11-30": "20.04750", "2007-08-31": "22.34740", "2007-05-31": "", "2007-02-28": "20.55230", "2006-11-30": "20.82650", "2006-08-31": "24.95540", "2006-05-31": "", "2006-02-28": "21.59010", "2005-11-30": "22.64550", "2005-08-31": "22.23960", "2005-05-31": "", "2005-02-28": "18.43390"}, "Net Profit Margin": {"2020-09-30": "11.52200", "2020-06-30": "2.23280", "2020-03-31": "7.54230", "2019-12-31": "5.17010", "2019-09-30": "8.59390", "2019-06-30": "12.88110", "2019-03-31": "12.72210", "2018-12-31": "8.54180", "2018-09-30": "20.56390", "2018-06-30": "13.09090", "2018-03-31": "11.49710", "2017-12-31": "22.95110", "2017-09-30": "10.65930", "2017-06-30": "6.95350", "2017-03-31": "5.30710", "2016-12-31": "64.56800", "2016-11-30": "5.25070", "2016-09-30": "5.83160", "2016-08-31": "9.05730", "2016-06-30": "7.38540", "2016-05-31": "", "2016-03-31": "9.56650", "2016-02-29": "10.15690", "2015-11-30": "10.90480", "2015-08-31": "11.57140", "2015-05-31": "", "2015-02-28": "9.40900", "2014-11-30": "10.72450", "2014-08-31": "10.69180", "2014-05-31": "", "2014-02-28": "8.94170", "2013-11-30": "11.65340", "2013-08-31": "10.26590", "2013-05-31": "", "2013-02-28": "10.10150", "2012-11-30": "11.92500", "2012-08-31": "7.90720", "2012-05-31": "", "2012-02-29": "10.85580", "2011-11-30": "11.53260", "2011-08-31": "11.78660", "2011-05-31": "", "2011-02-28": "10.47130", "2010-11-30": "12.06360", "2010-08-31": "11.21650", "2010-05-31": "", "2010-02-28": "12.15980", "2009-11-30": "15.36490", "2009-08-31": "14.10750", "2009-05-31": "", "2009-02-28": "-29.69890", "2008-11-30": "13.36680", "2008-08-31": "14.17770", "2008-05-31": "", "2008-02-29": "12.89430", "2007-11-30": "12.40800", "2007-08-31": "14.01220", "2007-05-31": "", "2007-02-28": "13.16960", "2006-11-30": "13.04270", "2006-08-31": "15.94610", "2006-05-31": "", "2006-02-28": "13.37320", "2005-11-30": "13.93570", "2005-08-31": "13.69440", "2005-05-31": "", "2005-02-28": "11.05890"}, "Asset Turnover": {"2020-09-30": "0.04300", "2020-06-30": "0.03800", "2020-03-31": "0.04340", "2019-12-31": "0.04470", "2019-09-30": "0.02450", "2019-06-30": "0.06410", "2019-03-31": "0.05990", "2018-12-31": "0.06660", "2018-09-30": "0.06200", "2018-06-30": "0.06770", "2018-03-31": "0.06160", "2017-12-31": "0.08110", "2017-09-30": "0.08460", "2017-06-30": "0.09590", "2017-03-31": "0.09230", "2016-12-31": "0.01520", "2016-11-30": "0.09310", "2016-09-30": "", "2016-08-31": "0.09180", "2016-06-30": "", "2016-05-31": "", "2016-03-31": "", "2016-02-29": "0.14470", "2015-11-30": "0.13560", "2015-08-31": "0.13680", "2015-05-31": "", "2015-02-28": "0.16550", "2014-11-30": "0.15350", "2014-08-31": "0.16240", "2014-05-31": "", "2014-02-28": "0.17840", "2013-11-30": "0.15930", "2013-08-31": "0.17990", "2013-05-31": "", "2013-02-28": "0.18810", "2012-11-30": "0.17160", "2012-08-31": "0.21040", "2012-05-31": "", "2012-02-29": "0.20390", "2011-11-30": "0.20290", "2011-08-31": "0.19990", "2011-05-31": "", "2011-02-28": "0.14950", "2010-11-30": "0.21570", "2010-08-31": "0.23060", "2010-05-31": "", "2010-02-28": "0.20130", "2009-11-30": "0.16290", "2009-08-31": "0.16860", "2009-05-31": "", "2009-02-28": "0.24890", "2008-11-30": "0.22680", "2008-08-31": "0.23870", "2008-05-31": "", "2008-02-29": "0.23430", "2007-11-30": "0.23700", "2007-08-31": "0.26230", "2007-05-31": "", "2007-02-28": "0.22470", "2006-11-30": "0.23260", "2006-08-31": "0.24770", "2006-05-31": "", "2006-02-28": "0.22930", "2005-11-30": "0.24680", "2005-08-31": "0.26670", "2005-05-31": "", "2005-02-28": "0.23520"}, "Inventory Turnover Ratio": {"2020-09-30": "", "2020-06-30": "", "2020-03-31": "", "2019-12-31": "", "2019-09-30": "", "2019-06-30": "", "2019-03-31": "", "2018-12-31": "", "2018-09-30": "", "2018-06-30": "", "2018-03-31": "", "2017-12-31": "", "2017-09-30": "", "2017-06-30": "", "2017-03-31": "", "2016-12-31": "", "2016-11-30": "", "2016-09-30": "", "2016-08-31": "", "2016-06-30": "", "2016-05-31": "", "2016-03-31": "", "2016-02-29": "", "2015-11-30": "", "2015-08-31": "", "2015-05-31": "", "2015-02-28": "44.79240", "2014-11-30": "32.21650", "2014-08-31": "45.90800", "2014-05-31": "", "2014-02-28": "31.84370", "2013-11-30": "26.46520", "2013-08-31": "34.55820", "2013-05-31": "", "2013-02-28": "19.16160", "2012-11-30": "14.86310", "2012-08-31": "15.91950", "2012-05-31": "", "2012-02-29": "15.68810", "2011-11-30": "15.77020", "2011-08-31": "18.32180", "2011-05-31": "", "2011-02-28": "17.11740", "2010-11-30": "19.93090", "2010-08-31": "22.43960", "2010-05-31": "", "2010-02-28": "12.03710", "2009-11-30": "11.26780", "2009-08-31": "10.63040", "2009-05-31": "", "2009-02-28": "19.46640", "2008-11-30": "24.69760", "2008-08-31": "21.92470", "2008-05-31": "", "2008-02-29": "22.89130", "2007-11-30": "18.63610", "2007-08-31": "28.54210", "2007-05-31": "", "2007-02-28": "22.81450", "2006-11-30": "19.31800", "2006-08-31": "23.44000", "2006-05-31": "", "2006-02-28": "32.79080", "2005-11-30": "31.85920", "2005-08-31": "41.97430", "2005-05-31": "", "2005-02-28": "31.93640"}, "Receiveable Turnover": {"2020-09-30": "2.33300", "2020-06-30": "2.11990", "2020-03-31": "2.38010", "2019-12-31": "2.22040", "2019-09-30": "1.27390", "2019-06-30": "2.36990", "2019-03-31": "2.31400", "2018-12-31": "2.52740", "2018-09-30": "2.66640", "2018-06-30": "2.62640", "2018-03-31": "2.75940", "2017-12-31": "3.49220", "2017-09-30": "3.50550", "2017-06-30": "3.33930", "2017-03-31": "3.38140", "2016-12-31": "0.58830", "2016-11-30": "3.42460", "2016-09-30": "", "2016-08-31": "3.18880", "2016-06-30": "", "2016-05-31": "", "2016-03-31": "", "2016-02-29": "3.76860", "2015-11-30": "3.42760", "2015-08-31": "3.48070", "2015-05-31": "", "2015-02-28": "3.87790", "2014-11-30": "3.52830", "2014-08-31": "3.39870", "2014-05-31": "", "2014-02-28": "3.50780", "2013-11-30": "3.22790", "2013-08-31": "3.31880", "2013-05-31": "", "2013-02-28": "3.46210", "2012-11-30": "3.19470", "2012-08-31": "3.26200", "2012-05-31": "", "2012-02-29": "3.39420", "2011-11-30": "3.24140", "2011-08-31": "3.04160", "2011-05-31": "", "2011-02-28": "3.29480", "2010-11-30": "2.95140", "2010-08-31": "2.90140", "2010-05-31": "", "2010-02-28": "3.24940", "2009-11-30": "3.08590", "2009-08-31": "3.23910", "2009-05-31": "", "2009-02-28": "3.39830", "2008-11-30": "3.28810", "2008-08-31": "2.88310", "2008-05-31": "", "2008-02-29": "3.63300", "2007-11-30": "3.51580", "2007-08-31": "3.39210", "2007-05-31": "", "2007-02-28": "3.62710", "2006-11-30": "3.46100", "2006-08-31": "3.34810", "2006-05-31": "", "2006-02-28": "3.47040", "2005-11-30": "3.47910", "2005-08-31": "3.29590", "2005-05-31": "", "2005-02-28": "3.95910"}, "Days Sales In Receivables": {"2020-09-30": "38.57670", "2020-06-30": "42.45500", "2020-03-31": "37.81360", "2019-12-31": "40.53350", "2019-09-30": "70.64750", "2019-06-30": "37.97700", "2019-03-31": "38.89380", "2018-12-31": "35.60940", "2018-09-30": "33.75400", "2018-06-30": "34.26690", "2018-03-31": "32.61620", "2017-12-31": "25.77160", "2017-09-30": "25.67400", "2017-06-30": "26.95150", "2017-03-31": "26.61590", "2016-12-31": "152.98460", "2016-11-30": "26.28050", "2016-09-30": "", "2016-08-31": "28.22350", "2016-06-30": "", "2016-05-31": "", "2016-03-31": "", "2016-02-29": "23.88160", "2015-11-30": "26.25720", "2015-08-31": "25.85660", "2015-05-31": "", "2015-02-28": "23.20830", "2014-11-30": "25.50830", "2014-08-31": "26.48040", "2014-05-31": "", "2014-02-28": "25.65690", "2013-11-30": "27.88190", "2013-08-31": "27.11830", "2013-05-31": "", "2013-02-28": "25.99610", "2012-11-30": "28.17180", "2012-08-31": "27.59020", "2012-05-31": "", "2012-02-29": "26.51580", "2011-11-30": "27.76610", "2011-08-31": "29.59000", "2011-05-31": "", "2011-02-28": "27.31540", "2010-11-30": "30.49370", "2010-08-31": "31.01940", "2010-05-31": "", "2010-02-28": "27.69720", "2009-11-30": "29.16500", "2009-08-31": "27.78540", "2009-05-31": "", "2009-02-28": "26.48370", "2008-11-30": "27.37160", "2008-08-31": "31.21630", "2008-05-31": "", "2008-02-29": "24.77280", "2007-11-30": "25.59870", "2007-08-31": "26.53200", "2007-05-31": "", "2007-02-28": "24.81330", "2006-11-30": "26.00400", "2006-08-31": "26.88130", "2006-05-31": "", "2006-02-28": "25.93370", "2005-11-30": "25.86850", "2005-08-31": "27.30640", "2005-05-31": "", "2005-02-28": "22.73220"}, "ROE - Return On Equity": {"2020-09-30": "0.82330", "2020-06-30": "0.14270", "2020-03-31": "0.54730", "2019-12-31": "0.40740", "2019-09-30": "0.37820", "2019-06-30": "3.11460", "2019-03-31": "2.87760", "2018-12-31": "1.99040", "2018-09-30": "4.45520", "2018-06-30": "2.93150", "2018-03-31": "2.35730", "2017-12-31": "6.31250", "2017-09-30": "3.20330", "2017-06-30": "2.41100", "2017-03-31": "1.84120", "2016-12-31": "2.80680", "2016-11-30": "1.87790", "2016-09-30": "", "2016-08-31": "3.18250", "2016-06-30": "", "2016-05-31": "", "2016-03-31": "", "2016-02-29": "7.65280", "2015-11-30": "8.97070", "2015-08-31": "10.14540", "2015-05-31": "", "2015-02-28": "7.36120", "2014-11-30": "8.34010", "2014-08-31": "7.88720", "2014-05-31": "", "2014-02-28": "4.75750", "2013-11-30": "6.48360", "2013-08-31": "5.95240", "2013-05-31": "", "2013-02-28": "4.88730", "2012-11-30": "5.48230", "2012-08-31": "4.22140", "2012-05-31": "", "2012-02-29": "4.80430", "2011-11-30": "5.26730", "2011-08-31": "5.48670", "2011-05-31": "", "2011-02-28": "4.40170", "2010-11-30": "5.84600", "2010-08-31": "5.77390", "2010-05-31": "", "2010-02-28": "5.36700", "2009-11-30": "6.57870", "2009-08-31": "7.25380", "2009-05-31": "", "2009-02-28": "4.66630", "2008-11-30": "5.36370", "2008-08-31": "5.84450", "2008-05-31": "", "2008-02-29": "3.78540", "2007-11-30": "3.81700", "2007-08-31": "4.61790", "2007-05-31": "", "2007-02-28": "3.79930", "2006-11-30": "3.92490", "2006-08-31": "5.05660", "2006-05-31": "", "2006-02-28": "4.19690", "2005-11-30": "4.60090", "2005-08-31": "4.96320", "2005-05-31": "", "2005-02-28": "3.89350"}, "Return On Tangible Equity": {"2020-09-30": "-2.86600", "2020-06-30": "-0.45940", "2020-03-31": "-1.68150", "2019-12-31": "-1.29020", "2019-09-30": "-1.17700", "2019-06-30": "-2.90340", "2019-03-31": "-2.58640", "2018-12-31": "-1.79440", "2018-09-30": "-4.39340", "2018-06-30": "-3.22260", "2018-03-31": "-2.65800", "2017-12-31": "-6.38460", "2017-09-30": "-2.78490", "2017-06-30": "-1.90010", "2017-03-31": "-1.33050", "2016-12-31": "-1.89640", "2016-11-30": "-1.27160", "2016-09-30": "", "2016-08-31": "-2.22480", "2016-06-30": "", "2016-05-31": "", "2016-03-31": "", "2016-02-29": "-5.83440", "2015-11-30": "-6.30800", "2015-08-31": "-6.77550", "2015-05-31": "", "2015-02-28": "-6.94990", "2014-11-30": "-8.48850", "2014-08-31": "-11.03530", "2014-05-31": "", "2014-02-28": "-36.28920", "2013-11-30": "-37.85120", "2013-08-31": "-31.16070", "2013-05-31": "", "2013-02-28": "-35.01910", "2012-11-30": "-74.70680", "2012-08-31": "21.03350", "2012-05-31": "", "2012-02-29": "22.84930", "2011-11-30": "26.93070", "2011-08-31": "34.12360", "2011-05-31": "", "2011-02-28": "43.29740", "2010-11-30": "27.94600", "2010-08-31": "36.61440", "2010-05-31": "", "2010-02-28": "32.17600", "2009-11-30": "57.34150", "2009-08-31": "-129.30210", "2009-05-31": "", "2009-02-28": "27.75360", "2008-11-30": "48.35840", "2008-08-31": "83.79940", "2008-05-31": "", "2008-02-29": "9.79210", "2007-11-30": "10.76700", "2007-08-31": "13.79200", "2007-05-31": "", "2007-02-28": "12.00340", "2006-11-30": "13.99140", "2006-08-31": "20.30200", "2006-05-31": "", "2006-02-28": "18.04060", "2005-11-30": "26.45230", "2005-08-31": "44.68900", "2005-05-31": "", "2005-02-28": "614.79800"}, "ROA - Return On Assets": {"2020-09-30": "0.51680", "2020-06-30": "0.08960", "2020-03-31": "0.34350", "2019-12-31": "0.25700", "2019-09-30": "0.23390", "2019-06-30": "0.89170", "2019-03-31": "0.80820", "2018-12-31": "0.62980", "2018-09-30": "1.34420", "2018-06-30": "0.95720", "2018-03-31": "0.75630", "2017-12-31": "1.92570", "2017-09-30": "0.96370", "2017-06-30": "0.72180", "2017-03-31": "0.53170", "2016-12-31": "0.73150", "2016-11-30": "0.52030", "2016-09-30": "", "2016-08-31": "0.90310", "2016-06-30": "", "2016-05-31": "", "2016-03-31": "", "2016-02-29": "1.55160", "2015-11-30": "1.55920", "2015-08-31": "1.70020", "2015-05-31": "", "2015-02-28": "1.72500", "2014-11-30": "1.87720", "2014-08-31": "1.94580", "2014-05-31": "", "2014-02-28": "1.73980", "2013-11-30": "2.00570", "2013-08-31": "2.04910", "2013-05-31": "", "2013-02-28": "2.04190", "2012-11-30": "2.19820", "2012-08-31": "1.93060", "2012-05-31": "", "2012-02-29": "2.51020", "2011-11-30": "2.60670", "2011-08-31": "2.65480", "2011-05-31": "", "2011-02-28": "1.78720", "2010-11-30": "2.83820", "2010-08-31": "2.81980", "2010-05-31": "", "2010-02-28": "2.56250", "2009-11-30": "2.44290", "2009-08-31": "2.47870", "2009-05-31": "", "2009-02-28": "2.95580", "2008-11-30": "3.54560", "2008-08-31": "3.87400", "2008-05-31": "", "2008-02-29": "3.02130", "2007-11-30": "2.94090", "2007-08-31": "3.67600", "2007-05-31": "", "2007-02-28": "2.95920", "2006-11-30": "3.03360", "2006-08-31": "3.94940", "2006-05-31": "", "2006-02-28": "3.06630", "2005-11-30": "3.43910", "2005-08-31": "3.65210", "2005-05-31": "", "2005-02-28": "2.60160"}, "ROI - Return On Investment": {"2020-09-30": "0.63250", "2020-06-30": "0.10930", "2020-03-31": "0.40530", "2019-12-31": "0.30770", "2019-09-30": "0.28620", "2019-06-30": "1.41720", "2019-03-31": "1.28000", "2018-12-31": "0.90550", "2018-09-30": "2.09420", "2018-06-30": "1.42340", "2018-03-31": "1.17340", "2017-12-31": "2.93630", "2017-09-30": "1.41360", "2017-06-30": "1.00890", "2017-03-31": "0.74620", "2016-12-31": "1.10810", "2016-11-30": "0.73920", "2016-09-30": "", "2016-08-31": "1.28510", "2016-06-30": "", "2016-05-31": "", "2016-03-31": "", "2016-02-29": "2.66060", "2015-11-30": "2.92330", "2015-08-31": "3.26580", "2015-05-31": "", "2015-02-28": "2.78640", "2014-11-30": "3.30920", "2014-08-31": "3.43330", "2014-05-31": "", "2014-02-28": "2.38980", "2013-11-30": "3.70700", "2013-08-31": "3.25200", "2013-05-31": "", "2013-02-28": "2.89640", "2012-11-30": "3.50110", "2012-08-31": "3.45310", "2012-05-31": "", "2012-02-29": "4.25140", "2011-11-30": "4.55230", "2011-08-31": "4.50650", "2011-05-31": "", "2011-02-28": "3.54090", "2010-11-30": "4.85980", "2010-08-31": "4.59860", "2010-05-31": "", "2010-02-28": "4.05020", "2009-11-30": "4.81280", "2009-08-31": "5.00030", "2009-05-31": "", "2009-02-28": "3.95350", "2008-11-30": "4.62630", "2008-08-31": "5.05880", "2008-05-31": "", "2008-02-29": "3.54340", "2007-11-30": "3.81700", "2007-08-31": "4.61790", "2007-05-31": "", "2007-02-28": "3.79930", "2006-11-30": "3.92490", "2006-08-31": "5.05660", "2006-05-31": "", "2006-02-28": "4.19690", "2005-11-30": "4.60020", "2005-08-31": "4.96000", "2005-05-31": "", "2005-02-28": "3.88580"}, "Book Value Per Share": {"2020-09-30": "93.43490", "2020-06-30": "92.34270", "2020-03-31": "92.03850", "2019-12-31": "93.44620", "2019-09-30": "93.01680", "2019-06-30": "26.64830", "2019-03-31": "26.36330", "2018-12-31": "26.50220", "2018-09-30": "26.39660", "2018-06-30": "25.40630", "2018-03-31": "25.94940", "2017-12-31": "24.91040", "2017-09-30": "23.27340", "2017-06-30": "19.69520", "2017-03-31": "18.86060", "2016-12-31": "18.26280", "2016-11-30": "18.40080", "2016-09-30": "", "2016-08-31": "18.90380", "2016-06-30": "", "2016-05-31": "", "2016-03-31": "", "2016-02-29": "7.37090", "2015-11-30": "7.15900", "2015-08-31": "7.06140", "2015-05-31": "", "2015-02-28": "7.08440", "2014-11-30": "7.62510", "2014-08-31": "7.90950", "2014-05-31": "", "2014-02-28": "8.81730", "2013-11-30": "8.56420", "2013-08-31": "8.26030", "2013-05-31": "", "2013-02-28": "8.37300", "2012-11-30": "8.73170", "2012-08-31": "8.13890", "2012-05-31": "", "2012-02-29": "8.70400", "2011-11-30": "8.25610", "2011-08-31": "8.34120", "2011-05-31": "", "2011-02-28": "7.73950", "2010-11-30": "6.08600", "2010-08-31": "5.84890", "2010-05-31": "", "2010-02-28": "5.79180", "2009-11-30": "5.71980", "2009-08-31": "5.12710", "2009-05-31": "", "2009-02-28": "5.69160", "2008-11-30": "6.64150", "2008-08-31": "7.03080", "2008-05-31": "", "2008-02-29": "6.65150", "2007-11-30": "6.31520", "2007-08-31": "5.94280", "2007-05-31": "", "2007-02-28": "5.59280", "2006-11-30": "5.38060", "2006-08-31": "5.12100", "2006-05-31": "", "2006-02-28": "4.50740", "2005-11-30": "4.20030", "2005-08-31": "3.95360", "2005-05-31": "", "2005-02-28": "3.56510"}, "Operating Cash Flow Per Share": {"2020-09-30": 1.9425, "2020-06-30": 1.7471, "2020-03-31": "1.45120", "2019-12-31": -0.6138, "2019-09-30": 6.0275, "2019-06-30": 0.1191, "2019-03-31": "1.45380", "2018-12-31": 2.7797, "2018-09-30": 0.9914, "2018-06-30": 1.3956, "2018-03-31": "1.77800", "2017-12-31": 0.9771, "2017-09-30": 0.5717, "2017-06-30": -0.1724, "2017-03-31": "1.91810", "2016-12-31": 3.1954, "2016-11-30": -1.1209, "2016-09-30": 1.3726, "2016-08-31": -0.6634, "2016-06-30": 1.6685, "2016-05-31": -1.6, "2016-03-31": "1.60000", "2016-02-29": "6.74570", "2015-11-30": -0.4313, "2015-08-31": 3.9147, "2015-05-31": -2.5784, "2015-02-28": "2.57840", "2014-11-30": 2.1376, "2014-08-31": -0.4625, "2014-05-31": -2.1703, "2014-02-28": "2.17030", "2013-11-30": 2.9872, "2013-08-31": -0.1561, "2013-05-31": -1.3072, "2013-02-28": "1.30720", "2012-11-30": 0.3543, "2012-08-31": 0.4341, "2012-05-31": 1.4346, "2012-02-29": "-1.43460", "2011-11-30": 1.7569, "2011-08-31": -3.7478, "2011-05-31": -4.5415, "2011-02-28": "4.54150", "2010-11-30": 0.2705, "2010-08-31": -0.6496, "2010-05-31": -1.9253, "2010-02-28": "1.92530", "2009-11-30": 0.4933, "2009-08-31": 4.2837, "2009-05-31": -1.6602, "2009-02-28": "1.66020", "2008-11-30": 0.8182, "2008-08-31": 0.417, "2008-05-31": -1.1402, "2008-02-29": "1.14020", "2007-11-30": 0.6949, "2007-08-31": 0.2328, "2007-05-31": -0.9999, "2007-02-28": "0.99990", "2006-11-30": 0.5617, "2006-08-31": 0.1371, "2006-05-31": -1.3777, "2006-02-28": "1.37770", "2005-11-30": 0.539, "2005-08-31": 0.3336, "2005-05-31": -1.1722, "2005-02-28": "1.17220"}, "Free Cash Flow Per Share": {"2020-09-30": 1.5402, "2020-06-30": 1.4015, "2020-03-31": "1.10280", "2019-12-31": -1.0275, "2019-09-30": 5.7429, "2019-06-30": -0.3798, "2019-03-31": "1.10500", "2018-12-31": 2.4239, "2018-09-30": 0.6509, "2018-06-30": 1.0262, "2018-03-31": "1.50450", "2017-12-31": 0.6867, "2017-09-30": 0.2756, "2017-06-30": -0.2125, "2017-03-31": "1.61660", "2016-12-31": 3.0483, "2016-11-30": -0.9987, "2016-09-30": 0.9769, "2016-08-31": -0.5099, "2016-06-30": 1.2478, "2016-05-31": -1.4127, "2016-03-31": "1.41270", "2016-02-29": "6.30360", "2015-11-30": -0.5808, "2015-08-31": 3.7861, "2015-05-31": -2.1569, "2015-02-28": "2.15690", "2014-11-30": 2.0242, "2014-08-31": -0.5948, "2014-05-31": -1.7473, "2014-02-28": "1.74730", "2013-11-30": 2.8404, "2013-08-31": -0.2924, "2013-05-31": -0.8283, "2013-02-28": "0.82830", "2012-11-30": 0.1956, "2012-08-31": 0.2492, "2012-05-31": 1.8841, "2012-02-29": "-1.88410", "2011-11-30": 1.6093, "2011-08-31": -3.823, "2011-05-31": -4.064, "2011-02-28": "4.06400", "2010-11-30": 0.103, "2010-08-31": -0.8039, "2010-05-31": -1.7043, "2010-02-28": "1.70430", "2009-11-30": 0.4358, "2009-08-31": 4.2154, "2009-05-31": -1.5029, "2009-02-28": "1.50290", "2008-11-30": 0.7583, "2008-08-31": 0.3698, "2008-05-31": -0.9422, "2008-02-29": "0.94220", "2007-11-30": 0.6112, "2007-08-31": 0.1742, "2007-05-31": -0.8582, "2007-02-28": "0.85820", "2006-11-30": 0.5108, "2006-08-31": 0.0946, "2006-05-31": -1.2699, "2006-02-28": "1.26990", "2005-11-30": 0.4945, "2005-08-31": 0.3015, "2005-05-31": -0.9999, "2005-02-28": "0.99990"}}, "revenue": {"Global Payments Annual Revenue (Millions of US $)": {"2019": "$4,912", "2018": "$3,366", "2017": "$3,975", "2016": "$2,898", "2015": "$2,774", "2014": "$2,554", "2013": "$2,376", "2012": "$2,204", "2011": "$1,860", "2010": "$1,642", "2009": "$1,462", "2008": "$1,131", "2007": "$1,062", "2006": "$908", "2005": "$784"}, "Global Payments Quarterly Revenue (Millions of US $)": {"2020-09-30": "$1,918", "2020-06-30": "$1,672", "2020-03-31": "$1,904", "2019-12-31": "$1,988", "2019-09-30": "$1,106", "2019-06-30": "$935", "2019-03-31": "$883", "2018-12-31": "$881", "2018-09-30": "$858", "2018-06-30": "$833", "2018-03-31": "$795", "2017-12-31": "$1,054", "2017-09-30": "$1,039", "2017-06-30": "$962", "2017-03-31": "$920", "2016-12-31": "$162", "2016-11-30": "$942", "2016-09-30": "$952", "2016-08-31": "$939", "2016-06-30": "$843", "2016-05-31": "", "2016-03-31": "$626", "2016-02-29": "$680", "2015-11-30": "$722", "2015-08-31": "$749", "2015-05-31": "", "2015-02-28": "$665", "2014-11-30": "$697", "2014-08-31": "$705", "2014-05-31": "", "2014-02-28": "$616", "2013-11-30": "$634", "2013-08-31": "$630", "2013-05-31": "", "2013-02-28": "$579", "2012-11-30": "$589", "2012-08-31": "$590", "2012-05-31": "", "2012-02-29": "$534", "2011-11-30": "$531", "2011-08-31": "$543", "2011-05-31": "", "2011-02-28": "$456", "2010-11-30": "$444", "2010-08-31": "$440", "2010-05-31": "", "2010-02-28": "$399", "2009-11-30": "$409", "2009-08-31": "$410", "2009-05-31": "", "2009-02-28": "$360", "2008-11-30": "$366", "2008-08-31": "$406", "2008-05-31": "", "2008-02-29": "$311", "2007-11-30": "$309", "2007-08-31": "$311", "2007-05-31": "", "2007-02-28": "$260", "2006-11-30": "$261", "2006-08-31": "$260", "2006-05-31": "", "2006-02-28": "$225", "2005-11-30": "$220", "2005-08-31": "$224", "2005-05-31": "", "2005-02-28": "$196"}}, "gross-profit": {"Global Payments Annual Gross Profit (Millions of US $)": {"2019": "$2,838", "2018": "$2,271", "2017": "$2,047", "2016": "$1,751", "2015": "$1,752", "2014": "$1,602", "2013": "$1,514", "2012": "$1,419", "2011": "$1,195", "2010": "$1,058", "2009": "$957", "2008": "$755", "2007": "$647", "2006": "$550", "2005": "$447"}, "Global Payments Quarterly Gross Profit (Millions of US $)": {"2020-09-30": "$1,017", "2020-06-30": "$778", "2020-03-31": "$970", "2019-12-31": "$949", "2019-09-30": "$678", "2019-06-30": "$633", "2019-03-31": "$578", "2018-12-31": "$567", "2018-09-30": "$593", "2018-06-30": "$569", "2018-03-31": "$543", "2017-12-31": "$545", "2017-09-30": "$545", "2017-06-30": "$493", "2017-03-31": "$464", "2016-12-31": "$359", "2016-11-30": "$473", "2016-09-30": "$482", "2016-08-31": "$477", "2016-06-30": "$436", "2016-05-31": "", "2016-03-31": "$378", "2016-02-29": "$421", "2015-11-30": "$452", "2015-08-31": "$476", "2015-05-31": "", "2015-02-28": "$415", "2014-11-30": "$439", "2014-08-31": "$445", "2014-05-31": "", "2014-02-28": "$384", "2013-11-30": "$399", "2013-08-31": "$399", "2013-05-31": "", "2013-02-28": "$361", "2012-11-30": "$378", "2012-08-31": "$386", "2012-05-31": "", "2012-02-29": "$339", "2011-11-30": "$345", "2011-08-31": "$351", "2011-05-31": "", "2011-02-28": "$288", "2010-11-30": "$289", "2010-08-31": "$289", "2010-05-31": "", "2010-02-28": "$252", "2009-11-30": "$264", "2009-08-31": "$269", "2009-05-31": "", "2009-02-28": "$236", "2008-11-30": "$235", "2008-08-31": "$262", "2008-05-31": "", "2008-02-29": "$193", "2007-11-30": "$192", "2007-08-31": "$195", "2007-05-31": "", "2007-02-28": "$157", "2006-11-30": "$155", "2006-08-31": "$162", "2006-05-31": "", "2006-02-28": "$136", "2005-11-30": "$133", "2005-08-31": "$131", "2005-05-31": "", "2005-02-28": "$108"}}, "operating-income": {"Global Payments Annual Operating Income (Millions of US $)": {"2019": "$791", "2018": "$737", "2017": "$559", "2016": "$425", "2015": "$457", "2014": "$405", "2013": "$357", "2012": "$307", "2011": "$332", "2010": "$323", "2009": "$293", "2008": "$238", "2007": "$218", "2006": "$201", "2005": "$160"}, "Global Payments Quarterly Operating Income (Millions of US $)": {"2020-09-30": "$290", "2020-06-30": "$108", "2020-03-31": "$244", "2019-12-31": "$196", "2019-09-30": "$174", "2019-06-30": "$222", "2019-03-31": "$199", "2018-12-31": "$167", "2018-09-30": "$223", "2018-06-30": "$191", "2018-03-31": "$156", "2017-12-31": "$150", "2017-09-30": "$172", "2017-06-30": "$132", "2017-03-31": "$105", "2016-12-31": "$125", "2016-11-30": "$105", "2016-09-30": "$120", "2016-08-31": "$121", "2016-06-30": "$61", "2016-05-31": "", "2016-03-31": "$95", "2016-02-29": "$108", "2015-11-30": "$123", "2015-08-31": "$138", "2015-05-31": "", "2015-02-28": "$105", "2014-11-30": "$124", "2014-08-31": "$124", "2014-05-31": "", "2014-02-28": "$97", "2013-11-30": "$112", "2013-08-31": "$107", "2013-05-31": "", "2013-02-28": "$91", "2012-11-30": "$117", "2012-08-31": "$80", "2012-05-31": "", "2012-02-29": "$92", "2011-11-30": "$97", "2011-08-31": "$109", "2011-05-31": "", "2011-02-28": "$78", "2010-11-30": "$83", "2010-08-31": "$82", "2010-05-31": "", "2010-02-28": "$74", "2009-11-30": "$89", "2009-08-31": "$89", "2009-05-31": "", "2009-02-28": "$62", "2008-11-30": "$78", "2008-08-31": "$93", "2008-05-31": "", "2008-02-29": "$60", "2007-11-30": "$58", "2007-08-31": "$66", "2007-05-31": "", "2007-02-28": "$51", "2006-11-30": "$52", "2006-08-31": "$64", "2006-05-31": "", "2006-02-28": "$48", "2005-11-30": "$50", "2005-08-31": "$51", "2005-05-31": "", "2005-02-28": "$38"}}, "ebitda": {"Global Payments Annual EBITDA (Millions of US $)": {"2019": "$1,736", "2018": "$1,311", "2017": "$1,055", "2016": "$615", "2015": "$594", "2014": "$528", "2013": "$469", "2012": "$406", "2011": "$414", "2010": "$392", "2009": "$359", "2008": "$282", "2007": "$258", "2006": "$242", "2005": "$205"}, "Global Payments Quarterly EBITDA (Millions of US $)": {"2020-09-30": "$717", "2020-06-30": "$530", "2020-03-31": "$661", "2019-12-31": "$615", "2019-09-30": "$374", "2019-06-30": "$383", "2019-03-31": "$364", "2018-12-31": "$335", "2018-09-30": "$361", "2018-06-30": "$328", "2018-03-31": "$288", "2017-12-31": "$283", "2017-09-30": "$299", "2017-06-30": "$250", "2017-03-31": "$223", "2016-12-31": "$211", "2016-11-30": "$329", "2016-09-30": "$92", "2016-08-31": "$93", "2016-06-30": "$-32", "2016-05-31": "", "2016-03-31": "$319", "2016-02-29": "$332", "2015-11-30": "$226", "2015-08-31": "$138", "2015-05-31": "", "2015-02-28": "$207", "2014-11-30": "$211", "2014-08-31": "$124", "2014-05-31": "", "2014-02-28": "$184", "2013-11-30": "$169", "2013-08-31": "$107", "2013-05-31": "", "2013-02-28": "$148", "2012-11-30": "$190", "2012-08-31": "$80", "2012-05-31": "", "2012-02-29": "$166", "2011-11-30": "$153", "2011-08-31": "$109", "2011-05-31": "", "2011-02-28": "$135", "2010-11-30": "$134", "2010-08-31": "$82", "2010-05-31": "", "2010-02-28": "$124", "2009-11-30": "$139", "2009-08-31": "$89", "2009-05-31": "", "2009-02-28": "$113", "2008-11-30": "$113", "2008-08-31": "$93", "2008-05-31": "", "2008-02-29": "$95", "2007-11-30": "$89", "2007-08-31": "$66", "2007-05-31": "", "2007-02-28": "$82", "2006-11-30": "$83", "2006-08-31": "$64", "2006-05-31": "", "2006-02-28": "$79", "2005-11-30": "$83", "2005-08-31": "$51", "2005-05-31": "", "2005-02-28": "$72"}}, "net-income": {"Global Payments Annual Net Income (Millions of US $)": {"2019": "$431", "2018": "$452", "2017": "$468", "2016": "$272", "2015": "$278", "2014": "$245", "2013": "$216", "2012": "$188", "2011": "$209", "2010": "$203", "2009": "$37", "2008": "$163", "2007": "$143", "2006": "$126", "2005": "$93"}, "Global Payments Quarterly Net Income (Millions of US $)": {"2020-09-30": "$221", "2020-06-30": "$37", "2020-03-31": "$144", "2019-12-31": "$103", "2019-09-30": "$95", "2019-06-30": "$120", "2019-03-31": "$112", "2018-12-31": "$75", "2018-09-30": "$176", "2018-06-30": "$109", "2018-03-31": "$91", "2017-12-31": "$242", "2017-09-30": "$111", "2017-06-30": "$67", "2017-03-31": "$49", "2016-12-31": "$104", "2016-11-30": "$49", "2016-09-30": "$56", "2016-08-31": "$85", "2016-06-30": "$62", "2016-05-31": "", "2016-03-31": "$60", "2016-02-29": "$69", "2015-11-30": "$79", "2015-08-31": "$87", "2015-05-31": "", "2015-02-28": "$63", "2014-11-30": "$75", "2014-08-31": "$75", "2014-05-31": "", "2014-02-28": "$55", "2013-11-30": "$74", "2013-08-31": "$65", "2013-05-31": "", "2013-02-28": "$58", "2012-11-30": "$70", "2012-08-31": "$47", "2012-05-31": "", "2012-02-29": "$58", "2011-11-30": "$61", "2011-08-31": "$64", "2011-05-31": "", "2011-02-28": "$48", "2010-11-30": "$54", "2010-08-31": "$49", "2010-05-31": "", "2010-02-28": "$48", "2009-11-30": "$63", "2009-08-31": "$58", "2009-05-31": "", "2009-02-28": "$-107", "2008-11-30": "$49", "2008-08-31": "$58", "2008-05-31": "", "2008-02-29": "$40", "2007-11-30": "$38", "2007-08-31": "$44", "2007-05-31": "", "2007-02-28": "$34", "2006-11-30": "$34", "2006-08-31": "$42", "2006-05-31": "", "2006-02-28": "$30", "2005-11-30": "$31", "2005-08-31": "$31", "2005-05-31": "", "2005-02-28": "$22"}}, "eps-earnings-per-share-diluted": {"Global Payments Annual EPS": {"2019": "$2.16", "2018": "$2.84", "2017": "$3.01", "2016": "$2.04", "2015": "$2.06", "2014": "$1.69", "2013": "$1.38", "2012": "$1.19", "2011": "$1.30", "2010": "$1.24", "2009": "$0.23", "2008": "$1.01", "2007": "$0.88", "2006": "$0.77", "2005": "$0.58"}, "Global Payments Quarterly EPS": {"2020-09-30": "$0.74", "2020-06-30": "$0.12", "2020-03-31": "$0.48", "2019-12-31": "$0.14", "2019-09-30": "$0.54", "2019-06-30": "$0.77", "2019-03-31": "$0.71", "2018-12-31": "$0.48", "2018-09-30": "$1.11", "2018-06-30": "$0.68", "2018-03-31": "$0.57", "2017-12-31": "$1.54", "2017-09-30": "$0.71", "2017-06-30": "$0.44", "2017-03-31": "$0.32", "2016-12-31": "$0.80", "2016-11-30": "$0.32", "2016-09-30": "$0.36", "2016-08-31": "$0.55", "2016-06-30": "$0.42", "2016-05-31": "$0.00", "2016-03-31": "$0.46", "2016-02-29": "$0.53", "2015-11-30": "$0.60", "2015-08-31": "$0.66", "2015-05-31": "$0.00", "2015-02-28": "$0.46", "2014-11-30": "$0.55", "2014-08-31": "$0.55", "2014-05-31": "$0.00", "2014-02-28": "$0.38", "2013-11-30": "$0.51", "2013-08-31": "$0.44", "2013-05-31": "$0.00", "2013-02-28": "$0.38", "2012-11-30": "$0.45", "2012-08-31": "$0.30", "2012-05-31": "$0.00", "2012-02-29": "$0.37", "2011-11-30": "$0.39", "2011-08-31": "$0.40", "2011-05-31": "$0.00", "2011-02-28": "$0.30", "2010-11-30": "$0.34", "2010-08-31": "$0.31", "2010-05-31": "$0.00", "2010-02-28": "$0.30", "2009-11-30": "$0.38", "2009-08-31": "$0.36", "2009-05-31": "$0.00", "2009-02-28": "$-0.67", "2008-11-30": "$0.30", "2008-08-31": "$0.36", "2008-05-31": "$0.00", "2008-02-29": "$0.25", "2007-11-30": "$0.24", "2007-08-31": "$0.27", "2007-05-31": "$0.00", "2007-02-28": "$0.21", "2006-11-30": "$0.21", "2006-08-31": "$0.26", "2006-05-31": "$0.00", "2006-02-28": "$0.18", "2005-11-30": "$0.19", "2005-08-31": "$0.19", "2005-05-31": "$0.00", "2005-02-28": "$0.14"}}, "shares-outstanding": {"Global Payments Annual Shares Outstanding (Millions of Shares)": {"2019": "199", "2018": "159", "2017": "156", "2016": "133", "2015": "135", "2014": "145", "2013": "156", "2012": "159", "2011": "161", "2010": "164", "2009": "162", "2008": "162", "2007": "164", "2006": "164", "2005": "160"}, "Global Payments Quarterly Shares Outstanding (Millions of Shares)": {"2020-09-30": "300", "2020-06-30": "300", "2020-03-31": "301", "2019-12-31": "199", "2019-09-30": "178", "2019-06-30": "157", "2019-03-31": "158", "2018-12-31": "159", "2018-09-30": "159", "2018-06-30": "160", "2018-03-31": "160", "2017-12-31": "156", "2017-09-30": "155", "2017-06-30": "154", "2017-03-31": "153", "2016-12-31": "133", "2016-11-30": "154", "2016-09-30": "155", "2016-08-31": "155", "2016-06-30": "149", "2016-05-31": "", "2016-03-31": "130", "2016-02-29": "130", "2015-11-30": "130", "2015-08-31": "131", "2015-05-31": "", "2015-02-28": "135", "2014-11-30": "135", "2014-08-31": "137", "2014-05-31": "", "2014-02-28": "145", "2013-11-30": "145", "2013-08-31": "149", "2013-05-31": "", "2013-02-28": "157", "2012-11-30": "158", "2012-08-31": "158", "2012-05-31": "", "2012-02-29": "158", "2011-11-30": "158", "2011-08-31": "162", "2011-05-31": "", "2011-02-28": "161", "2010-11-30": "161", "2010-08-31": "161", "2010-05-31": "", "2010-02-28": "165", "2009-11-30": "164", "2009-08-31": "163", "2009-05-31": "", "2009-02-28": "162", "2008-11-30": "162", "2008-08-31": "163", "2008-05-31": "", "2008-02-29": "161", "2007-11-30": "161", "2007-08-31": "164", "2007-05-31": "", "2007-02-28": "164", "2006-11-30": "163", "2006-08-31": "163", "2006-05-31": "", "2006-02-28": "166", "2005-11-30": "164", "2005-08-31": "162", "2005-05-31": "", "2005-02-28": "160"}}, "total-assets": {"Global Payments Annual Total Assets (Millions of US $)": {"2019": "$44,480", "2018": "$13,231", "2017": "$12,998", "2016": "$10,510", "2015": "$5,779", "2014": "$4,019", "2013": "$3,125", "2012": "$2,688", "2011": "$3,351", "2010": "$2,039", "2009": "$1,677", "2008": "$1,446", "2007": "$1,201", "2006": "$1,019", "2005": "$854"}, "Global Payments Quarterly Total Assets (Millions of US $)": {"2020-09-30": "$44,550", "2020-06-30": "$44,001", "2020-03-31": "$43,850", "2019-12-31": "$44,480", "2019-09-30": "$45,212", "2019-06-30": "$14,584", "2019-03-31": "$14,750", "2018-12-31": "$13,231", "2018-09-30": "$13,839", "2018-06-30": "$12,300", "2018-03-31": "$12,903", "2017-12-31": "$12,998", "2017-09-30": "$12,282", "2017-06-30": "$10,037", "2017-03-31": "$9,960", "2016-12-31": "$10,664", "2016-11-30": "$10,113", "2016-09-30": "$0", "2016-08-31": "$10,238", "2016-06-30": "$0", "2016-05-31": "$10,510", "2016-03-31": "$0", "2016-02-29": "$4,699", "2015-11-30": "$5,328", "2015-08-31": "$5,473", "2015-05-31": "$5,779", "2015-02-28": "$4,018", "2014-11-30": "$4,542", "2014-08-31": "$4,339", "2014-05-31": "$4,019", "2014-02-28": "$3,456", "2013-11-30": "$3,982", "2013-08-31": "$3,499", "2013-05-31": "$3,125", "2013-02-28": "$3,076", "2012-11-30": "$3,429", "2012-08-31": "$2,805", "2012-05-31": "$2,688", "2012-02-29": "$2,617", "2011-11-30": "$2,614", "2011-08-31": "$2,715", "2011-05-31": "$3,351", "2011-02-28": "$3,052", "2010-11-30": "$2,057", "2010-08-31": "$1,909", "2010-05-31": "$2,039", "2010-02-28": "$1,980", "2009-11-30": "$2,510", "2009-08-31": "$2,431", "2009-05-31": "$1,677", "2009-02-28": "$1,445", "2008-11-30": "$1,613", "2008-08-31": "$1,700", "2008-05-31": "$1,446", "2008-02-29": "$1,326", "2007-11-30": "$1,303", "2007-08-31": "$1,185", "2007-05-31": "$1,201", "2007-02-28": "$1,159", "2006-11-30": "$1,121", "2006-08-31": "$1,051", "2006-05-31": "$1,019", "2006-02-28": "$982", "2005-11-30": "$890", "2005-08-31": "$842", "2005-05-31": "$854", "2005-02-28": "$831"}}, "cash-on-hand": {"Global Payments Annual Cash on Hand (Millions of US $)": {"2019": "$1,678", "2018": "$1,211", "2017": "$1,336", "2016": "$1,045", "2015": "$651", "2014": "$582", "2013": "$680", "2012": "$781", "2011": "$1,354", "2010": "$770", "2009": "$427", "2008": "$456", "2007": "$309", "2006": "$218", "2005": "$49"}, "Global Payments Quarterly Cash on Hand (Millions of US $)": {"2020-09-30": "$2,221", "2020-06-30": "$1,826", "2020-03-31": "$1,800", "2019-12-31": "$1,678", "2019-09-30": "$2,128", "2019-06-30": "$1,048", "2019-03-31": "$1,278", "2018-12-31": "$1,211", "2018-09-30": "$991", "2018-06-30": "$1,100", "2018-03-31": "$1,006", "2017-12-31": "$1,336", "2017-09-30": "$1,186", "2017-06-30": "$1,081", "2017-03-31": "$1,262", "2016-12-31": "$1,163", "2016-11-30": "$996", "2016-09-30": "", "2016-08-31": "$978", "2016-06-30": "", "2016-05-31": "$1,045", "2016-03-31": "", "2016-02-29": "$826", "2015-11-30": "$988", "2015-08-31": "$803", "2015-05-31": "$651", "2015-02-28": "$610", "2014-11-30": "$644", "2014-08-31": "$596", "2014-05-31": "$582", "2014-02-28": "$1,014", "2013-11-30": "$1,097", "2013-08-31": "$726", "2013-05-31": "$680", "2013-02-28": "$683", "2012-11-30": "$998", "2012-08-31": "$841", "2012-05-31": "$781", "2012-02-29": "$736", "2011-11-30": "$771", "2011-08-31": "$724", "2011-05-31": "$1,354", "2011-02-28": "$1,329", "2010-11-30": "$664", "2010-08-31": "$578", "2010-05-31": "$770", "2010-02-28": "$590", "2009-11-30": "$1,091", "2009-08-31": "$1,072", "2009-05-31": "$427", "2009-02-28": "$388", "2008-11-30": "$356", "2008-08-31": "$288", "2008-05-31": "$456", "2008-02-29": "$388", "2007-11-30": "$363", "2007-08-31": "$271", "2007-05-31": "$309", "2007-02-28": "$292", "2006-11-30": "$249", "2006-08-31": "$169", "2006-05-31": "$218", "2006-02-28": "$213", "2005-11-30": "$132", "2005-08-31": "$35", "2005-05-31": "$49", "2005-02-28": "$58"}}, "long-term-debt": {"Global Payments Annual Long Term Debt (Millions of US $)": {"2019": "$9,090", "2018": "$5,015", "2017": "$4,559", "2016": "$4,380", "2015": "$1,678", "2014": "$1,376", "2013": "$891", "2012": "$237", "2011": "$268", "2010": "$273", "2009": "$168", "2008": "$", "2007": "$", "2006": "$", "2005": "$1"}, "Global Payments Quarterly Long Term Debt (Millions of US $)": {"2020-09-30": "$8,437", "2020-06-30": "$8,440", "2020-03-31": "$9,636", "2019-12-31": "$9,090", "2019-09-30": "$8,988", "2019-06-30": "$5,001", "2019-03-31": "$5,170", "2018-12-31": "$5,015", "2018-09-30": "$4,708", "2018-06-30": "$4,255", "2018-03-31": "$4,177", "2017-12-31": "$4,559", "2017-09-30": "$4,678", "2017-06-30": "$4,175", "2017-03-31": "$4,221", "2016-12-31": "$4,261", "2016-11-30": "$4,316", "2016-09-30": "", "2016-08-31": "$4,290", "2016-06-30": "", "2016-05-31": "$4,380", "2016-03-31": "", "2016-02-29": "$1,788", "2015-11-30": "$1,916", "2015-08-31": "$1,932", "2015-05-31": "$1,678", "2015-02-28": "$1,546", "2014-11-30": "$1,554", "2014-08-31": "$1,389", "2014-05-31": "$1,376", "2014-02-28": "$1,252", "2013-11-30": "$923", "2013-08-31": "$1,000", "2013-05-31": "$891", "2013-02-28": "$883", "2012-11-30": "$778", "2012-08-31": "$285", "2012-05-31": "$237", "2012-02-29": "$178", "2011-11-30": "$203", "2011-08-31": "$286", "2011-05-31": "$268", "2011-02-28": "$301", "2010-11-30": "$203", "2010-08-31": "$238", "2010-05-31": "$273", "2010-02-28": "$307", "2009-11-30": "$342", "2009-08-31": "$374", "2009-05-31": "$168", "2009-02-28": "$165", "2008-11-30": "$170", "2008-08-31": "$175", "2008-05-31": "", "2008-02-29": "$72", "2007-11-30": "", "2007-08-31": "", "2007-05-31": "$71", "2007-02-28": "", "2006-11-30": "", "2006-08-31": "", "2006-05-31": "", "2006-02-28": "", "2005-11-30": "$0", "2005-08-31": "$0", "2005-05-31": "$1", "2005-02-28": "$1"}}, "total-liabilities": {"Global Payments Annual Total Liabilities (Millions of US $)": {"2019": "$16,425", "2018": "$9,044", "2017": "$9,033", "2016": "$7,633", "2015": "$4,916", "2014": "$2,886", "2013": "$1,838", "2012": "$1,387", "2011": "$2,013", "2010": "$1,168", "2009": "$999", "2008": "$319", "2007": "$243", "2006": "$248", "2005": "$275"}, "Global Payments Quarterly Total Liabilities (Millions of US $)": {"2020-09-30": "$16,586", "2020-06-30": "$16,368", "2020-03-31": "$16,329", "2019-12-31": "$16,425", "2019-09-30": "$17,256", "2019-06-30": "$10,409", "2019-03-31": "$10,607", "2018-12-31": "$9,044", "2018-09-30": "$9,664", "2018-06-30": "$8,284", "2018-03-31": "$8,764", "2017-12-31": "$9,033", "2017-09-30": "$8,587", "2017-06-30": "$7,032", "2017-03-31": "$7,083", "2016-12-31": "$7,885", "2016-11-30": "$7,311", "2016-09-30": "", "2016-08-31": "$7,333", "2016-06-30": "", "2016-05-31": "$7,633", "2016-03-31": "", "2016-02-29": "$3,746", "2015-11-30": "$4,402", "2015-08-31": "$4,556", "2015-05-31": "$4,916", "2015-02-28": "$3,077", "2014-11-30": "$3,519", "2014-08-31": "$3,269", "2014-05-31": "$2,886", "2014-02-28": "$2,192", "2013-11-30": "$2,750", "2013-08-31": "$2,295", "2013-05-31": "$1,838", "2013-02-28": "$1,791", "2012-11-30": "$2,054", "2012-08-31": "$1,522", "2012-05-31": "$1,387", "2012-02-29": "$1,250", "2011-11-30": "$1,321", "2011-08-31": "$1,401", "2011-05-31": "$2,013", "2011-02-28": "$1,813", "2010-11-30": "$1,058", "2010-08-31": "$977", "2010-05-31": "$1,168", "2010-02-28": "$1,034", "2009-11-30": "$1,578", "2009-08-31": "$1,600", "2009-05-31": "$999", "2009-02-28": "$530", "2008-11-30": "$547", "2008-08-31": "$573", "2008-05-31": "$319", "2008-02-29": "$268", "2007-11-30": "$299", "2007-08-31": "$242", "2007-05-31": "$243", "2007-02-28": "$256", "2006-11-30": "$255", "2006-08-31": "$230", "2006-05-31": "$248", "2006-02-28": "$265", "2005-11-30": "$225", "2005-08-31": "$222", "2005-05-31": "$275", "2005-02-28": "$276"}}, "total-share-holder-equity": {"Global Payments Annual Share Holder Equity (Millions of US $)": {"2019": "$28,055", "2018": "$4,186", "2017": "$3,965", "2016": "$2,877", "2015": "$864", "2014": "$1,133", "2013": "$1,287", "2012": "$1,301", "2011": "$1,338", "2010": "$872", "2009": "$678", "2008": "$1,127", "2007": "$958", "2006": "$770", "2005": "$578"}, "Global Payments Quarterly Share Holder Equity (Millions of US $)": {"2020-09-30": "$27,964", "2020-06-30": "$27,633", "2020-03-31": "$27,520", "2019-12-31": "$28,055", "2019-09-30": "$27,956", "2019-06-30": "$4,175", "2019-03-31": "$4,142", "2018-12-31": "$4,186", "2018-09-30": "$4,176", "2018-06-30": "$4,016", "2018-03-31": "$4,140", "2017-12-31": "$3,965", "2017-09-30": "$3,695", "2017-06-30": "$3,005", "2017-03-31": "$2,876", "2016-12-31": "$2,779", "2016-11-30": "$2,802", "2016-09-30": "", "2016-08-31": "$2,905", "2016-06-30": "", "2016-05-31": "$2,877", "2016-03-31": "", "2016-02-29": "$953", "2015-11-30": "$926", "2015-08-31": "$917", "2015-05-31": "$864", "2015-02-28": "$942", "2014-11-30": "$1,022", "2014-08-31": "$1,071", "2014-05-31": "$1,133", "2014-02-28": "$1,264", "2013-11-30": "$1,232", "2013-08-31": "$1,205", "2013-05-31": "$1,287", "2013-02-28": "$1,285", "2012-11-30": "$1,375", "2012-08-31": "$1,283", "2012-05-31": "$1,301", "2012-02-29": "$1,367", "2011-11-30": "$1,294", "2011-08-31": "$1,314", "2011-05-31": "$1,338", "2011-02-28": "$1,239", "2010-11-30": "$998", "2010-08-31": "$932", "2010-05-31": "$872", "2010-02-28": "$945", "2009-11-30": "$932", "2009-08-31": "$831", "2009-05-31": "$678", "2009-02-28": "$915", "2008-11-30": "$1,067", "2008-08-31": "$1,127", "2008-05-31": "$1,127", "2008-02-29": "$1,058", "2007-11-30": "$1,004", "2007-08-31": "$944", "2007-05-31": "$958", "2007-02-28": "$903", "2006-11-30": "$866", "2006-08-31": "$821", "2006-05-31": "$770", "2006-02-28": "$717", "2005-11-30": "$665", "2005-08-31": "$619", "2005-05-31": "$578", "2005-02-28": "$555"}}, "profit-margins": {"current": "6.75%"}, "gross margin": {"2020-09-30": "49.64%", "2020-06-30": "50.60%", "2020-03-31": "54.44%", "2019-12-31": "57.78%", "2019-09-30": "64.55%", "2019-06-30": "66.66%", "2019-03-31": "66.77%", "2018-12-31": "67.48%", "2018-09-30": "63.56%", "2018-06-30": "59.18%", "2018-03-31": "55.22%", "2017-12-31": "51.50%", "2017-09-30": "60.36%", "2017-06-30": "59.91%", "2017-03-31": "59.74%", "2016-12-31": "59.80%", "2016-11-30": "50.82%", "2016-08-31": "53.61%", "2016-06-30": "57.47%", "2016-03-31": "62.19%", "2015-11-30": "62.87%", "2015-08-31": "63.00%", "2014-11-30": "62.83%", "2014-08-31": "62.81%", "2013-11-30": "62.89%", "2013-08-31": "63.29%", "2012-11-30": "64.39%", "2012-08-31": "64.65%", "2011-11-30": "64.31%", "2011-08-31": "64.31%", "2010-11-30": "64.69%", "2010-08-31": "64.50%", "2009-11-30": "65.22%", "2009-08-31": "65.14%", "2008-11-30": "63.71%", "2008-08-31": "63.06%", "2007-11-30": "61.82%", "2007-08-31": "60.94%", "2006-11-30": "60.72%", "2006-08-31": "61.13%", "2005-11-30": "58.13%"}, "operating margin": {"2020-09-30": "11.20%", "2020-06-30": "10.82%", "2020-03-31": "14.09%", "2019-12-31": "16.10%", "2019-09-30": "20.03%", "2019-06-30": "22.80%", "2019-03-31": "22.58%", "2018-12-31": "21.89%", "2018-09-30": "20.34%", "2018-06-30": "17.98%", "2018-03-31": "15.84%", "2017-12-31": "14.06%", "2017-09-30": "17.32%", "2017-06-30": "15.64%", "2017-03-31": "15.29%", "2016-12-31": "15.73%", "2016-11-30": "11.07%", "2016-08-31": "11.50%", "2016-06-30": "12.28%", "2016-03-31": "16.71%", "2015-11-30": "17.13%", "2015-08-31": "17.39%", "2014-11-30": "17.10%", "2014-08-31": "17.03%", "2013-11-30": "16.82%", "2013-08-31": "17.52%", "2012-11-30": "16.87%", "2012-08-31": "16.25%", "2011-11-30": "18.56%", "2011-08-31": "18.71%", "2010-11-30": "18.63%", "2010-08-31": "19.63%", "2009-11-30": "20.36%", "2009-08-31": "20.16%", "2008-11-30": "21.33%", "2008-08-31": "20.57%", "2007-11-30": "19.89%", "2007-08-31": "20.31%", "2006-11-30": "21.98%", "2006-08-31": "22.98%", "2005-11-30": "21.72%"}, "ebitda margin": {"2020-09-30": "33.72%", "2020-06-30": "32.68%", "2020-03-31": "34.27%", "2019-12-31": "35.34%", "2019-09-30": "38.27%", "2019-06-30": "40.57%", "2019-03-31": "40.17%", "2018-12-31": "38.97%", "2018-09-30": "35.59%", "2018-06-30": "32.20%", "2018-03-31": "29.09%", "2017-12-31": "26.54%", "2017-09-30": "31.88%", "2017-06-30": "33.92%", "2017-03-31": "28.73%", "2016-12-31": "24.21%", "2016-11-30": "13.11%", "2016-08-31": "15.78%", "2016-06-30": "28.80%", "2016-03-31": "36.55%", "2015-11-30": "26.73%", "2015-08-31": "26.34%", "2014-11-30": "25.72%", "2014-08-31": "24.40%", "2013-11-30": "23.01%", "2013-08-31": "24.75%", "2012-11-30": "25.45%", "2012-08-31": "24.11%", "2011-11-30": "25.95%", "2011-08-31": "26.20%", "2010-11-30": "26.50%", "2010-08-31": "27.64%", "2009-11-30": "28.92%", "2009-08-31": "27.73%", "2008-11-30": "27.79%", "2008-08-31": "27.00%", "2007-11-30": "26.93%", "2007-08-31": "27.76%", "2006-11-30": "30.29%", "2006-08-31": "32.06%", "2005-11-30": "32.19%"}, "pre tax profit margin": {"2020-09-30": "7.24%", "2020-06-30": "5.91%", "2020-03-31": "8.90%", "2019-12-31": "10.53%", "2019-09-30": "13.35%", "2019-06-30": "16.84%", "2019-03-31": "16.87%", "2018-12-31": "16.69%", "2018-09-30": "15.71%", "2018-06-30": "13.71%", "2018-03-31": "11.66%", "2017-12-31": "9.86%", "2017-09-30": "14.50%", "2017-06-30": "12.29%", "2017-03-31": "12.03%", "2016-12-31": "13.82%", "2016-11-30": "8.65%", "2016-08-31": "11.25%", "2016-06-30": "11.45%", "2016-03-31": "14.94%", "2015-11-30": "15.36%", "2015-08-31": "15.77%", "2014-11-30": "15.56%", "2014-08-31": "15.75%", "2013-11-30": "16.17%", "2013-08-31": "16.30%", "2012-11-30": "16.00%", "2012-08-31": "15.95%", "2011-11-30": "18.10%", "2011-08-31": "18.43%", "2010-11-30": "18.16%", "2010-08-31": "18.83%", "2009-11-30": "19.68%", "2009-08-31": "19.81%", "2008-11-30": "21.61%", "2008-08-31": "21.25%", "2007-11-30": "21.02%", "2007-08-31": "21.27%", "2006-11-30": "22.52%", "2006-08-31": "23.26%", "2005-11-30": "21.25%"}, "net profit margin": {"2020-09-30": "6.75%", "2020-06-30": "5.68%", "2020-03-31": "7.79%", "2019-12-31": "8.75%", "2019-09-30": "10.57%", "2019-06-30": "13.58%", "2019-03-31": "13.66%", "2018-12-31": "13.39%", "2018-09-30": "17.46%", "2018-06-30": "14.86%", "2018-03-31": "13.27%", "2017-12-31": "11.80%", "2017-09-30": "10.74%", "2017-06-30": "9.01%", "2017-03-31": "8.67%", "2016-12-31": "9.82%", "2016-11-30": "6.86%", "2016-08-31": "8.60%", "2016-06-30": "8.89%", "2016-03-31": "10.62%", "2015-11-30": "10.72%", "2015-08-31": "10.66%", "2014-11-30": "10.16%", "2014-08-31": "10.43%", "2013-11-30": "10.69%", "2013-08-31": "10.73%", "2012-11-30": "10.22%", "2012-08-31": "10.03%", "2011-11-30": "11.31%", "2011-08-31": "11.50%", "2010-11-30": "11.77%", "2010-08-31": "12.82%", "2009-11-30": "1.19%", "2009-08-31": "0.00%", "2008-11-30": "13.57%", "2008-08-31": "13.26%", "2007-11-30": "13.18%", "2007-08-31": "13.46%", "2006-11-30": "14.21%", "2006-08-31": "14.61%", "2005-11-30": "13.13%"}, "pe ratio": {"current": "33.27", "2021-02-05": "118.02", "2020-09-30": "105.60", "2020-06-30": "114.36", "2020-03-31": "67.49", "2019-12-31": "77.01", "2019-09-30": "63.50", "2019-06-30": "52.03", "2019-03-31": "45.70", "2018-12-31": "36.23", "2018-09-30": "32.73", "2018-06-30": "31.94", "2018-03-31": "34.32", "2017-12-31": "33.43", "2017-09-30": "52.76", "2017-06-30": "83.10", "2017-03-31": "67.36", "2016-12-31": "79.25", "2016-11-30": "84.07", "2016-09-30": "94.13", "2016-08-31": "95.49", "2016-06-30": "89.73", "2016-05-31": "145.58", "2016-03-31": "122.34", "2016-02-29": "0.00", "2015-11-30": "0.00", "2015-08-31": "0.00", "2015-05-31": "0.00", "2015-02-28": "0.00", "2014-11-30": "0.00", "2014-08-31": "0.00", "2014-05-31": "0.00", "2014-02-28": "0.00", "2013-11-30": "0.00", "2013-08-31": "0.00", "2013-05-31": "0.00", "2013-02-28": "0.00", "2012-11-30": "0.00", "2012-08-31": "0.00", "2012-05-31": "0.00", "2012-02-29": "0.00", "2011-11-30": "0.00", "2011-08-31": "0.00", "2011-05-31": "0.00", "2011-02-28": "0.00", "2010-11-30": "0.00", "2010-08-31": "0.00", "2010-05-31": "0.00", "2010-02-28": "0.00", "2009-11-30": "0.00", "2009-08-31": "0.00", "2009-05-31": "0.00", "2009-02-28": "0.00", "2008-11-30": "0.00", "2008-08-31": "0.00", "2008-05-31": "0.00", "2008-02-29": "0.00", "2007-11-30": "0.00", "2007-08-31": "0.00", "2007-05-31": "0.00", "2007-02-28": "0.00", "2006-11-30": "0.00"}, "price sales": {"2021-02-05": "7.02", "2020-09-30": "6.28", "2020-06-30": "6.02", "2020-03-31": "5.05", "2019-12-31": "6.55", "2019-09-30": "6.79", "2019-06-30": "7.09", "2019-03-31": "6.24", "2018-12-31": "4.86", "2018-09-30": "5.66", "2018-06-30": "4.69", "2018-03-31": "4.49", "2017-12-31": "3.87", "2017-09-30": "4.68", "2017-06-30": "4.58", "2017-03-31": "4.11", "2016-12-31": "3.53", "2016-11-30": "2.84", "2016-09-30": "4.27", "2016-08-31": "4.57", "2016-06-30": "4.52", "2016-05-31": "4.95", "2016-03-31": "3.05", "2016-02-29": "3.67", "2015-11-30": "4.34", "2015-08-31": "3.50", "2015-05-31": "3.40", "2015-02-28": "2.99", "2014-11-30": "2.95", "2014-08-31": "2.62", "2014-05-31": "2.64", "2014-02-28": "2.71", "2013-11-30": "2.54", "2013-08-31": "2.03", "2013-05-31": "2.13", "2013-02-28": "2.14", "2012-11-30": "2.01", "2012-08-31": "1.97", "2012-05-31": "2.08", "2012-02-29": "2.53", "2011-11-30": "2.29", "2011-08-31": "2.53", "2011-05-31": "3.08", "2011-02-28": "2.84", "2010-11-30": "2.59", "2010-08-31": "2.43", "2010-05-31": "2.80", "2010-02-28": "2.84", "2009-11-30": "3.49", "2009-08-31": "2.98", "2009-05-31": "2.54", "2009-02-28": "2.16", "2008-11-30": "2.66", "2008-08-31": "3.73", "2008-05-31": "4.03", "2008-02-29": "3.39", "2007-11-30": "3.92", "2007-08-31": "3.81", "2007-05-31": "4.10", "2007-02-28": "3.94", "2006-11-30": "4.92"}, "price book": {"current": "2.12", "2021-02-05": "2.12", "2020-09-30": "1.90", "2020-06-30": "1.83", "2020-03-31": "1.56", "2019-12-31": "1.94", "2019-09-30": "1.70", "2019-06-30": "5.97", "2019-03-31": "5.15", "2018-12-31": "3.87", "2018-09-30": "4.80", "2018-06-30": "4.36", "2018-03-31": "4.27", "2017-12-31": "4.00", "2017-09-30": "4.06", "2017-06-30": "4.56", "2017-03-31": "4.25", "2016-12-31": "3.78", "2016-11-30": "3.70", "2016-09-30": "0.00", "2016-08-31": "3.99", "2016-06-30": "0.00", "2016-05-31": "0.00", "2016-03-31": "0.00", "2016-02-29": "8.21", "2015-11-30": "9.83", "2015-08-31": "7.83", "2015-05-31": "0.00", "2015-02-28": "6.43", "2014-11-30": "5.62", "2014-08-31": "4.56", "2014-05-31": "0.00", "2014-02-28": "3.95", "2013-11-30": "3.65", "2013-08-31": "2.86", "2013-05-31": "0.00", "2013-02-28": "2.85", "2012-11-30": "2.49", "2012-08-31": "2.53", "2012-05-31": "0.00", "2012-02-29": "2.93", "2011-11-30": "2.65", "2011-08-31": "2.71", "2011-05-31": "0.00", "2011-02-28": "3.06", "2010-11-30": "3.37", "2010-08-31": "3.17", "2010-05-31": "0.00", "2010-02-28": "3.64", "2009-11-30": "4.41", "2009-08-31": "4.07", "2009-05-31": "0.00", "2009-02-28": "2.65", "2008-11-30": "2.67", "2008-08-31": "3.37", "2008-05-31": "0.00", "2008-02-29": "2.92", "2007-11-30": "3.35", "2007-08-31": "3.25", "2007-05-31": "0.00", "2007-02-28": "3.37", "2006-11-30": "4.16", "2006-08-31": "3.63", "2006-05-31": "0.00", "2006-02-28": "5.64"}, "price fcf": {"2021-02-05": "", "2020-09-30": "$3.02", "2020-06-30": "$7.22", "2020-03-31": "$5.44", "2019-12-31": "$5.44", "2019-09-30": "$8.89", "2019-06-30": "$3.80", "2019-03-31": "$5.21", "2018-12-31": "$5.61", "2018-09-30": "$3.87", "2018-06-30": "$3.49", "2018-03-31": "$2.25", "2017-12-31": "$2.37", "2017-09-30": "$4.73", "2017-06-30": "$3.45", "2017-03-31": "$4.64", "2016-12-31": "$2.52", "2016-11-30": "$0.72", "2016-09-30": "$0.30", "2016-08-31": "$0.74", "2016-06-30": "$7.55", "2016-05-31": "$5.72", "2016-03-31": "$10.92", "2016-02-29": "$7.35", "2015-11-30": "$3.21", "2015-08-31": "$5.81", "2015-05-31": "$1.43", "2015-02-28": "$1.84", "2014-11-30": "$1.43", "2014-08-31": "$2.25", "2014-05-31": "$2.55", "2014-02-28": "$3.47", "2013-11-30": "$2.55", "2013-08-31": "$-0.10", "2013-05-31": "$0.44", "2013-02-28": "$3.16", "2012-11-30": "$0.44", "2012-08-31": "$1.86", "2012-05-31": "$-2.21", "2012-02-29": "$-8.16", "2011-11-30": "$-2.21", "2011-08-31": "$-3.72", "2011-05-31": "$-0.70", "2011-02-28": "$1.66", "2010-11-30": "$-0.70", "2010-08-31": "$-0.37", "2010-05-31": "$4.65", "2010-02-28": "$4.85", "2009-11-30": "$4.65", "2009-08-31": "$4.97", "2009-05-31": "$1.13", "2009-02-28": "$1.69", "2008-11-30": "$1.13", "2008-08-31": "$0.98", "2008-05-31": "$0.79", "2008-02-29": "$0.87", "2007-11-30": "$0.79", "2007-08-31": "$0.69", "2007-05-31": "$0.61", "2007-02-28": "$0.19", "2006-11-30": "$0.61"}, "net worth": {"value": "$59.35B"}, "current ratio": {"current": "1.13", "2020-09-30": "1.13", "2020-06-30": "1.03", "2020-03-31": "1.34", "2019-12-31": "1.22", "2019-09-30": "1.17", "2019-06-30": "1.01", "2019-03-31": "1.03", "2018-12-31": "1.03", "2018-09-30": "1.03", "2018-06-30": "1.09", "2018-03-31": "1.06", "2017-12-31": "1.13", "2017-09-30": "1.14", "2017-06-30": "1.20", "2017-03-31": "1.15", "2016-12-31": "1.09", "2016-11-30": "1.17", "2016-09-30": "0.00", "2016-08-31": "1.16", "2016-06-30": "0.00", "2016-05-31": "1.17", "2016-03-31": "0.00", "2016-02-29": "1.18", "2015-11-30": "1.17", "2015-08-31": "1.15", "2015-05-31": "1.09", "2015-02-28": "1.28", "2014-11-30": "1.21", "2014-08-31": "1.27", "2014-05-31": "1.36", "2014-02-28": "2.23", "2013-11-30": "1.31", "2013-08-31": "1.52", "2013-05-31": "1.73", "2013-02-28": "1.70", "2012-11-30": "1.44", "2012-08-31": "1.28", "2012-05-31": "1.49", "2012-02-29": "1.50", "2011-11-30": "1.47", "2011-08-31": "1.54", "2011-05-31": "1.28", "2011-02-28": "1.27", "2010-11-30": "1.53", "2010-08-31": "1.59", "2010-05-31": "1.44", "2010-02-28": "1.66", "2009-11-30": "1.32", "2009-08-31": "1.22", "2009-05-31": "1.77", "2009-02-28": "2.00", "2008-11-30": "1.86", "2008-08-31": "1.79", "2008-05-31": "2.84", "2008-02-29": "3.13", "2007-11-30": "2.70", "2007-08-31": "2.99", "2007-05-31": "3.11", "2007-02-28": "2.52", "2006-11-30": "2.36", "2006-08-31": "2.36", "2006-05-31": "2.33", "2006-02-28": "1.92", "2005-11-30": "1.73", "2005-08-31": "1.35", "2005-05-31": "1.04", "2005-02-28": "0.92"}, "quick ratio": {"2020-09-30": "0.00", "2020-06-30": "0.00", "2020-03-31": "0.00", "2019-12-31": "0.00", "2019-09-30": "0.00", "2019-06-30": "0.00", "2019-03-31": "0.00", "2018-12-31": "0.00", "2018-09-30": "0.00", "2018-06-30": "0.00", "2018-03-31": "0.00", "2017-12-31": "0.00", "2017-09-30": "0.00", "2017-06-30": "0.00", "2017-03-31": "0.00", "2016-12-31": "0.00", "2016-11-30": "0.00", "2016-09-30": "0.00", "2016-08-31": "0.00", "2016-06-30": "0.00", "2016-05-31": "0.00", "2016-03-31": "0.00", "2016-02-29": "0.00", "2015-11-30": "0.00", "2015-08-31": "0.00", "2015-05-31": "0.00", "2015-02-28": "1.28", "2014-11-30": "1.20", "2014-08-31": "1.27", "2014-05-31": "1.35", "2014-02-28": "2.22", "2013-11-30": "1.30", "2013-08-31": "1.52", "2013-05-31": "1.71", "2013-02-28": "1.69", "2012-11-30": "1.42", "2012-08-31": "1.27", "2012-05-31": "1.48", "2012-02-29": "1.48", "2011-11-30": "1.46", "2011-08-31": "1.53", "2011-05-31": "1.27", "2011-02-28": "1.26", "2010-11-30": "1.52", "2010-08-31": "1.57", "2010-05-31": "1.43", "2010-02-28": "1.64", "2009-11-30": "1.31", "2009-08-31": "1.20", "2009-05-31": "1.75", "2009-02-28": "1.98", "2008-11-30": "1.84", "2008-08-31": "1.77", "2008-05-31": "2.82", "2008-02-29": "3.10", "2007-11-30": "2.66", "2007-08-31": "2.96", "2007-05-31": "3.09", "2007-02-28": "2.49", "2006-11-30": "2.32", "2006-08-31": "2.33", "2006-05-31": "2.31", "2006-02-28": "1.90", "2005-11-30": "1.71", "2005-08-31": "1.33", "2005-05-31": "1.03", "2005-02-28": "0.91"}, "debt equity ratio": {"current": "0.30", "2020-09-30": "0.59", "2020-06-30": "0.59", "2020-03-31": "0.59", "2019-12-31": "0.59", "2019-09-30": "0.62", "2019-06-30": "2.49", "2019-03-31": "2.56", "2018-12-31": "2.16", "2018-09-30": "2.31", "2018-06-30": "2.06", "2018-03-31": "2.12", "2017-12-31": "2.28", "2017-09-30": "2.32", "2017-06-30": "2.34", "2017-03-31": "2.46", "2016-12-31": "2.84", "2016-11-30": "2.61", "2016-09-30": "0.00", "2016-08-31": "2.52", "2016-06-30": "0.00", "2016-05-31": "2.65", "2016-03-31": "0.00", "2016-02-29": "3.93", "2015-11-30": "4.75", "2015-08-31": "4.97", "2015-05-31": "5.69", "2015-02-28": "3.27", "2014-11-30": "3.44", "2014-08-31": "3.05", "2014-05-31": "2.55", "2014-02-28": "1.74", "2013-11-30": "2.23", "2013-08-31": "1.91", "2013-05-31": "1.43", "2013-02-28": "1.39", "2012-11-30": "1.49", "2012-08-31": "1.19", "2012-05-31": "1.07", "2012-02-29": "0.91", "2011-11-30": "1.02", "2011-08-31": "1.07", "2011-05-31": "1.50", "2011-02-28": "1.46", "2010-11-30": "1.06", "2010-08-31": "1.05", "2010-05-31": "1.34", "2010-02-28": "1.09", "2009-11-30": "1.69", "2009-08-31": "1.93", "2009-05-31": "1.47", "2009-02-28": "0.58", "2008-11-30": "0.51", "2008-08-31": "0.51", "2008-05-31": "0.28", "2008-02-29": "0.25", "2007-11-30": "0.30", "2007-08-31": "0.26", "2007-05-31": "0.25", "2007-02-28": "0.28", "2006-11-30": "0.29", "2006-08-31": "0.28", "2006-05-31": "0.32", "2006-02-28": "0.37", "2005-11-30": "0.34", "2005-08-31": "0.36", "2005-05-31": "0.48", "2005-02-28": "0.50"}, "return on equity": {"2020-09-30": "1.82%", "2020-06-30": "1.36%", "2020-03-31": "2.11%", "2019-12-31": "2.67%", "2019-09-30": "3.97%", "2019-06-30": "11.58%", "2019-03-31": "11.43%", "2018-12-31": "10.92%", "2018-09-30": "15.17%", "2018-06-30": "13.99%", "2018-03-31": "13.81%", "2017-12-31": "13.85%", "2017-09-30": "10.72%", "2017-06-30": "9.39%", "2017-03-31": "12.20%", "2016-12-31": "13.86%", "2016-11-30": "17.66%", "2016-08-31": "14.32%", "2016-06-30": "19.95%", "2016-03-31": "42.20%", "2015-11-30": "25.10%", "2015-08-31": "24.03%", "2014-11-30": "18.26%", "2014-08-31": "17.36%", "2013-11-30": "15.73%", "2013-08-31": "14.98%", "2012-11-30": "13.14%", "2012-08-31": "12.66%", "2011-11-30": "13.35%", "2011-08-31": "13.58%", "2010-11-30": "16.12%", "2010-08-31": "17.39%", "2009-11-30": "1.67%", "2009-08-31": "0.00%", "2008-11-30": "13.43%", "2008-08-31": "12.60%", "2007-11-30": "12.18%", "2007-08-31": "12.20%", "2006-11-30": "13.36%", "2006-08-31": "13.86%", "2005-11-30": "13.90%"}, "return on assets": {"2020-09-30": "1.14%", "2020-06-30": "0.85%", "2020-03-31": "1.25%", "2019-12-31": "1.45%", "2019-09-30": "1.83%", "2019-06-30": "3.43%", "2019-03-31": "3.49%", "2018-12-31": "3.45%", "2018-09-30": "4.75%", "2018-06-30": "4.38%", "2018-03-31": "4.24%", "2017-12-31": "4.14%", "2017-09-30": "3.08%", "2017-06-30": "2.64%", "2017-03-31": "3.36%", "2016-12-31": "3.79%", "2016-11-30": "4.95%", "2016-08-31": "3.99%", "2016-06-30": "5.02%", "2016-03-31": "7.61%", "2015-11-30": "4.45%", "2015-08-31": "4.54%", "2014-11-30": "5.01%", "2014-08-31": "5.17%", "2013-11-30": "5.76%", "2013-08-31": "5.88%", "2012-11-30": "6.07%", "2012-08-31": "6.19%", "2011-11-30": "5.90%", "2011-08-31": "5.94%", "2010-11-30": "7.56%", "2010-08-31": "7.58%", "2009-11-30": "0.69%", "2009-08-31": "0.00%", "2008-11-30": "9.66%", "2008-08-31": "9.42%", "2007-11-30": "9.57%", "2007-08-31": "9.60%", "2006-11-30": "10.16%", "2006-08-31": "10.45%", "2005-11-30": "9.83%"}, "return on investments": {"2020-09-30": "2.28%", "2020-06-30": "1.96%", "2020-03-31": "2.78%", "2019-12-31": "3.42%", "2019-09-30": "4.72%", "2019-06-30": "8.87%", "2019-03-31": "8.75%", "2018-12-31": "8.50%", "2018-09-30": "8.47%", "2018-06-30": "7.99%", "2018-03-31": "7.53%", "2017-12-31": "7.17%", "2017-09-30": "7.19%", "2017-06-30": "6.57%", "2017-03-31": "8.56%", "2016-12-31": "8.82%", "2016-11-30": "11.37%", "2016-08-31": "7.67%", "2016-06-30": "10.56%", "2016-03-31": "22.01%", "2015-11-30": "13.66%", "2015-08-31": "14.04%", "2014-11-30": "13.72%", "2014-08-31": "13.82%", "2013-11-30": "14.24%", "2013-08-31": "14.47%", "2012-11-30": "16.99%", "2012-08-31": "17.50%", "2011-11-30": "18.19%", "2011-08-31": "18.16%", "2010-11-30": "20.05%", "2010-08-31": "20.25%", "2009-11-30": "21.79%", "2009-08-31": "20.97%", "2008-11-30": "25.18%", "2008-08-31": "34.70%", "2007-11-30": "68.03%", "2007-08-31": "65.69%", "2006-11-30": "inf%", "2006-08-31": "97.44%", "2005-11-30": "22.98%"}, "return on tangible equity": {"2020-09-30": "-5.87%", "2020-06-30": "-4.28%", "2020-03-31": "-5.91%", "2019-12-31": "-6.39%", "2019-09-30": "-7.08%", "2019-06-30": "-10.75%", "2019-03-31": "-11.02%", "2018-12-31": "-11.13%", "2018-09-30": "-15.97%", "2018-06-30": "-14.28%", "2018-03-31": "-13.06%", "2017-12-31": "-11.75%", "2017-09-30": "-8.19%", "2017-06-30": "-6.71%", "2017-03-31": "-8.44%", "2016-12-31": "-9.48%", "2016-11-30": "-12.15%", "2016-08-31": "-9.89%", "2016-06-30": "-13.97%", "2016-03-31": "-29.95%", "2015-11-30": "-18.79%", "2015-08-31": "-19.73%", "2014-11-30": "-30.65%", "2014-08-31": "-43.36%", "2013-11-30": "-101.29%", "2013-08-31": "-115.57%", "2012-11-30": "95.89%", "2012-08-31": "61.25%", "2011-11-30": "85.75%", "2011-08-31": "87.02%", "2010-11-30": "98.85%", "2010-08-31": "125.74%", "2009-11-30": "622.22%", "2009-08-31": "0.00%", "2008-11-30": "55.47%", "2008-08-31": "41.91%", "2007-11-30": "36.00%", "2007-08-31": "38.10%", "2006-11-30": "51.08%", "2006-08-31": "58.61%", "2005-11-30": "152.73%"}, "dividend yield history": {"last payout": "$0.78", "last yield": "0.39%"}}