{"ticker": "GDDY", "price": {"title": "GoDaddy Historical Annual Stock Price Data", "value": 87.04, "historical": {"2020": {"Average Stock Price": "73.0328", "Year Open": "68.5600", "Year High": "88.0000", "Year Low": "41.9200", "Year Close": "82.9500", "Annual % Change": "22.13%"}, "2019": {"Average Stock Price": "69.8771", "Year Open": "62.8200", "Year High": "81.7500", "Year Low": "60.2300", "Year Close": "67.9200", "Annual % Change": "3.51%"}, "2018": {"Average Stock Price": "67.8531", "Year Open": "49.0700", "Year High": "84.0000", "Year Low": "49.0700", "Year Close": "65.6200", "Annual % Change": "30.51%"}, "2017": {"Average Stock Price": "41.7165", "Year Open": "35.7200", "Year High": "51.0600", "Year Low": "34.4100", "Year Close": "50.2800", "Annual % Change": "43.86%"}, "2016": {"Average Stock Price": "32.1040", "Year Open": "32.8100", "Year High": "36.8200", "Year Low": "24.2500", "Year Close": "34.9500", "Annual % Change": "9.01%"}, "2015": {"Average Stock Price": "27.8861", "Year Open": "26.1500", "Year High": "34.2400", "Year Low": "23.5900", "Year Close": "32.0600", "Annual % Change": "0.00%"}}}, "market cap": {"value": "$14.7B"}, "income statement": {"Revenue": {"2019-12-31": "2988.10000", "2018-12-31": "2660.10000", "2017-12-31": "2231.90000", "2016-12-31": "1847.90000", "2015-12-31": "1607.30000", "2014-12-31": "1387.30000", "2013-12-31": "1130.80000", "2012-12-31": "910.90300"}, "Cost Of Goods Sold": {"2019-12-31": "1026.80000", "2018-12-31": "893.90000", "2017-12-31": "775.50000", "2016-12-31": "657.80000", "2015-12-31": "565.90000", "2014-12-31": "518.40000", "2013-12-31": "473.90000", "2012-12-31": "430.29900"}, "Gross Profit": {"2019-12-31": "1961.30000", "2018-12-31": "1766.20000", "2017-12-31": "1456.40000", "2016-12-31": "1190.10000", "2015-12-31": "1041.40000", "2014-12-31": "868.90000", "2013-12-31": "656.90000", "2012-12-31": "480.60400"}, "Research And Development Expenses": {"2019-12-31": "492.60000", "2018-12-31": "434.00000", "2017-12-31": "355.80000", "2016-12-31": "287.80000", "2015-12-31": "270.20000", "2014-12-31": "250.80000", "2013-12-31": "206.00000", "2012-12-31": "175.40600"}, "SG&A Expenses": {"2019-12-31": "707.70000", "2018-12-31": "625.40000", "2017-12-31": "535.60000", "2016-12-31": "450.00000", "2015-12-31": "421.90000", "2014-12-31": "336.70000", "2013-12-31": "291.30000", "2012-12-31": "236.50000"}, "Other Operating Income Or Expenses": {"2019-12-31": "-348.70000", "2018-12-31": "-323.10000", "2017-12-31": "-292.30000", "2016-12-31": "-242.10000", "2015-12-31": "-221.50000", "2014-12-31": "-190.50000", "2013-12-31": "-150.90000", "2012-12-31": "-132.58200"}, "Operating Expenses": {"2019-12-31": "2785.50000", "2018-12-31": "2510.50000", "2017-12-31": "2165.00000", "2016-12-31": "1797.80000", "2015-12-31": "1638.30000", "2014-12-31": "1449.20000", "2013-12-31": "1262.70000", "2012-12-31": "1113.40700"}, "Operating Income": {"2019-12-31": "202.60010", "2018-12-31": "149.60010", "2017-12-31": "66.89990", "2016-12-31": "50.10010", "2015-12-31": "-31.00000", "2014-12-31": "-61.89990", "2013-12-31": "-131.90000", "2012-12-31": "-202.50400"}, "Total Non-Operating Income/Expense": {"2019-12-31": "-76.20000", "2018-12-31": "-76.60000", "2017-12-31": "39.90000", "2016-12-31": "-71.60000", "2015-12-31": "-89.60000", "2014-12-31": "-84.20000", "2013-12-31": "-69.10000", "2012-12-31": "-76.76600"}, "Pre-Tax Income": {"2019-12-31": "126.40000", "2018-12-31": "73.00000", "2017-12-31": "106.80000", "2016-12-31": "-21.50000", "2015-12-31": "-120.60000", "2014-12-31": "-146.10000", "2013-12-31": "-201.00000", "2012-12-31": "-279.27000"}, "Income Taxes": {"2019-12-31": "-12.00000", "2018-12-31": "-9.00000", "2017-12-31": "-18.90000", "2016-12-31": "0.40000", "2015-12-31": "-0.20000", "2014-12-31": "-2.80000", "2013-12-31": "-1.10000", "2012-12-31": "-0.21800"}, "Income After Taxes": {"2019-12-31": "138.40000", "2018-12-31": "82.00000", "2017-12-31": "125.70000", "2016-12-31": "-21.90000", "2015-12-31": "-120.40000", "2014-12-31": "-143.30000", "2013-12-31": "-199.90000", "2012-12-31": "-279.05200"}, "Other Income": {"2019-12-31": "", "2018-12-31": "", "2017-12-31": "", "2016-12-31": "", "2015-12-31": "", "2014-12-31": "", "2013-12-31": "", "2012-12-31": ""}, "Income From Continuous Operations": {"2019-12-31": "138.40000", "2018-12-31": "82.00000", "2017-12-31": "125.70000", "2016-12-31": "-21.90000", "2015-12-31": "-120.40000", "2014-12-31": "-143.30000", "2013-12-31": "-199.90000", "2012-12-31": "-279.05200"}, "Income From Discontinued Operations": {"2019-12-31": "0.00000", "2018-12-31": "0.00000", "2017-12-31": "14.10000", "2016-12-31": "", "2015-12-31": "", "2014-12-31": "", "2013-12-31": "", "2012-12-31": ""}, "Net Income": {"2019-12-31": "137.00000", "2018-12-31": "77.10000", "2017-12-31": "136.40000", "2016-12-31": "-16.50000", "2015-12-31": "-47.40000", "2014-12-31": "-43.20000", "2013-12-31": "-61.30000", "2012-12-31": "-279.05200"}, "EBITDA": {"2019-12-31": "412.30010", "2018-12-31": "383.70010", "2017-12-31": "272.69990", "2016-12-31": "210.20010", "2015-12-31": "127.80000", "2014-12-31": "100.00010", "2013-12-31": "18.00000", "2012-12-31": "-55.60900"}, "EBIT": {"2019-12-31": "202.60010", "2018-12-31": "149.60010", "2017-12-31": "66.89990", "2016-12-31": "50.10010", "2015-12-31": "-31.00000", "2014-12-31": "-61.89990", "2013-12-31": "-131.90000", "2012-12-31": "-202.50400"}, "Basic Shares Outstanding": {"2019-12-31": "173.43100", "2018-12-31": "155.23400", "2017-12-31": "108.77900", "2016-12-31": "79.83500", "2015-12-31": "58.67600", "2014-12-31": "38.82600", "2013-12-31": "38.82600", "2012-12-31": "126.09800"}, "Shares Outstanding": {"2019-12-31": "181.72100", "2018-12-31": "181.35300", "2017-12-31": "177.05400", "2016-12-31": "79.83500", "2015-12-31": "58.67600", "2014-12-31": "38.82600", "2013-12-31": "38.82600", "2012-12-31": "126.09800"}, "Basic EPS": {"2019-12-31": "0.79000", "2018-12-31": "0.50000", "2017-12-31": "1.25000", "2016-12-31": "-0.21000", "2015-12-31": "-0.81000", "2014-12-31": "-1.11000", "2013-12-31": "-1.58000", "2012-12-31": "-2.21000"}, "EPS - Earnings Per Share": {"2019-12-31": "0.76000", "2018-12-31": "0.45000", "2017-12-31": "0.79000", "2016-12-31": "-0.21000", "2015-12-31": "-0.81000", "2014-12-31": "-1.11000", "2013-12-31": "-1.58000", "2012-12-31": "-2.21000"}}, "income statement, quarterly": {"Revenue": {"2020-09-30": "844.40000", "2020-06-30": "806.40000", "2020-03-31": "792.00000", "2019-12-31": "780.40010", "2019-09-30": "760.50000", "2019-06-30": "737.20000", "2019-03-31": "710.00000", "2018-12-31": "695.80010", "2018-09-30": "679.50000", "2018-06-30": "651.60000", "2018-03-31": "633.20000", "2017-12-31": "602.19990", "2017-09-30": "582.20000", "2017-06-30": "557.80000", "2017-03-31": "489.70000", "2016-12-31": "485.90000", "2016-09-30": "472.10000", "2016-06-30": "456.20000", "2016-03-31": "433.70000", "2015-12-31": "425.40010", "2015-09-30": "411.10000", "2015-06-30": "394.50000", "2015-03-31": "376.30000", "2014-12-31": "371.70000", "2014-09-30": "356.90000", "2014-06-30": "338.50000", "2014-03-31": "320.20000", "2013-12-31": "", "2012-12-31": ""}, "Cost Of Goods Sold": {"2020-09-30": "290.20000", "2020-06-30": "289.40000", "2020-03-31": "277.10000", "2019-12-31": "270.80000", "2019-09-30": "265.00000", "2019-06-30": "254.60000", "2019-03-31": "236.40000", "2018-12-31": "230.40000", "2018-09-30": "226.90000", "2018-06-30": "221.30000", "2018-03-31": "215.30000", "2017-12-31": "202.00000", "2017-09-30": "200.30000", "2017-06-30": "196.40000", "2017-03-31": "176.80000", "2016-12-31": "172.10000", "2016-09-30": "169.20000", "2016-06-30": "162.10000", "2016-03-31": "154.40000", "2015-12-31": "145.00000", "2015-09-30": "144.00000", "2015-06-30": "139.70000", "2015-03-31": "137.20000", "2014-12-31": "133.80000", "2014-09-30": "131.70000", "2014-06-30": "127.10000", "2014-03-31": "125.80000", "2013-12-31": "", "2012-12-31": ""}, "Gross Profit": {"2020-09-30": "554.20000", "2020-06-30": "517.00000", "2020-03-31": "514.90000", "2019-12-31": "509.60010", "2019-09-30": "495.50000", "2019-06-30": "482.60000", "2019-03-31": "473.60000", "2018-12-31": "465.40010", "2018-09-30": "452.60000", "2018-06-30": "430.30000", "2018-03-31": "417.90000", "2017-12-31": "400.19990", "2017-09-30": "381.90000", "2017-06-30": "361.40000", "2017-03-31": "312.90000", "2016-12-31": "313.80000", "2016-09-30": "302.90000", "2016-06-30": "294.10000", "2016-03-31": "279.30000", "2015-12-31": "280.40010", "2015-09-30": "267.10000", "2015-06-30": "254.80000", "2015-03-31": "239.10000", "2014-12-31": "237.90000", "2014-09-30": "225.20000", "2014-06-30": "211.40000", "2014-03-31": "194.40000", "2013-12-31": "", "2012-12-31": ""}, "Research And Development Expenses": {"2020-09-30": "141.40000", "2020-06-30": "135.90000", "2020-03-31": "134.50000", "2019-12-31": "125.00000", "2019-09-30": "116.40000", "2019-06-30": "127.20000", "2019-03-31": "124.00000", "2018-12-31": "114.70000", "2018-09-30": "112.20000", "2018-06-30": "105.10000", "2018-03-31": "102.00000", "2017-12-31": "94.50000", "2017-09-30": "91.00000", "2017-06-30": "90.10000", "2017-03-31": "80.20000", "2016-12-31": "73.60000", "2016-09-30": "72.30000", "2016-06-30": "70.20000", "2016-03-31": "71.70000", "2015-12-31": "69.00000", "2015-09-30": "67.30000", "2015-06-30": "67.00000", "2015-03-31": "66.90000", "2014-12-31": "67.04000", "2014-09-30": "62.40000", "2014-06-30": "63.40000", "2014-03-31": "61.60000", "2013-12-31": "", "2012-12-31": ""}, "SG&A Expenses": {"2020-09-30": "191.80000", "2020-06-30": "186.60000", "2020-03-31": "178.60000", "2019-12-31": "177.50000", "2019-09-30": "151.80000", "2019-06-30": "195.10000", "2019-03-31": "183.30000", "2018-12-31": "166.30000", "2018-09-30": "159.80000", "2018-06-30": "148.40000", "2018-03-31": "150.90000", "2017-12-31": "148.70000", "2017-09-30": "124.20000", "2017-06-30": "134.30000", "2017-03-31": "128.40000", "2016-12-31": "125.30000", "2016-09-30": "106.20000", "2016-06-30": "112.80000", "2016-03-31": "105.70000", "2015-12-31": "102.50000", "2015-09-30": "93.50000", "2015-06-30": "127.30000", "2015-03-31": "98.60000", "2014-12-31": "137.40000", "2014-09-30": "82.00000", "2014-06-30": "83.40000", "2014-03-31": "83.80000", "2013-12-31": "", "2012-12-31": ""}, "Other Operating Income Or Expenses": {"2020-09-30": "-73.60000", "2020-06-30": "-83.80000", "2020-03-31": "-85.20000", "2019-12-31": "-84.80000", "2019-09-30": "-86.00000", "2019-06-30": "-87.60000", "2019-03-31": "-90.30000", "2018-12-31": "-84.60000", "2018-09-30": "-81.80000", "2018-06-30": "-76.30000", "2018-03-31": "-80.40000", "2017-12-31": "-75.30000", "2017-09-30": "-74.60000", "2017-06-30": "-75.40000", "2017-03-31": "-67.00000", "2016-12-31": "-58.50000", "2016-09-30": "-59.80000", "2016-06-30": "-62.10000", "2016-03-31": "-61.70000", "2015-12-31": "-54.30000", "2015-09-30": "-54.80000", "2015-06-30": "-55.70000", "2015-03-31": "-56.70000", "2014-12-31": "-49.90000", "2014-09-30": "-48.90000", "2014-06-30": "-45.30000", "2014-03-31": "-46.40000", "2013-12-31": "", "2012-12-31": ""}, "Operating Expenses": {"2020-09-30": "752.00000", "2020-06-30": "783.50000", "2020-03-31": "727.60000", "2019-12-31": "706.90000", "2019-09-30": "669.10000", "2019-06-30": "718.29990", "2019-03-31": "691.20000", "2018-12-31": "654.00000", "2018-09-30": "641.99990", "2018-06-30": "608.10000", "2018-03-31": "606.40000", "2017-12-31": "579.20000", "2017-09-30": "550.10000", "2017-06-30": "551.70000", "2017-03-31": "484.00000", "2016-12-31": "467.99990", "2016-09-30": "450.90000", "2016-06-30": "446.50000", "2016-03-31": "432.40000", "2015-12-31": "413.20000", "2015-09-30": "400.20000", "2015-06-30": "428.10000", "2015-03-31": "396.80000", "2014-12-31": "378.04000", "2014-09-30": "363.50000", "2014-06-30": "357.00000", "2014-03-31": "354.30000", "2013-12-31": "", "2012-12-31": ""}, "Operating Income": {"2020-09-30": "92.40000", "2020-06-30": "22.90000", "2020-03-31": "64.40000", "2019-12-31": "73.50020", "2019-09-30": "91.40000", "2019-06-30": "18.90010", "2019-03-31": "18.80000", "2018-12-31": "41.80010", "2018-09-30": "37.50010", "2018-06-30": "43.50000", "2018-03-31": "26.80000", "2017-12-31": "22.99990", "2017-09-30": "32.10000", "2017-06-30": "6.10000", "2017-03-31": "5.70000", "2016-12-31": "17.90020", "2016-09-30": "21.20000", "2016-06-30": "9.70000", "2016-03-31": "1.30000", "2015-12-31": "12.20000", "2015-09-30": "10.90000", "2015-06-30": "-33.60000", "2015-03-31": "-20.50000", "2014-12-31": "-6.34000", "2014-09-30": "-6.60000", "2014-06-30": "-18.50000", "2014-03-31": "-34.10000", "2013-12-31": "", "2012-12-31": ""}, "Total Non-Operating Income/Expense": {"2020-09-30": "-22.70000", "2020-06-30": "-695.20000", "2020-03-31": "-22.60000", "2019-12-31": "-17.00000", "2019-09-30": "-17.30000", "2019-06-30": "-32.40000", "2019-03-31": "-9.50000", "2018-12-31": "-4.90000", "2018-09-30": "-24.30000", "2018-06-30": "-24.50000", "2018-03-31": "-22.90000", "2017-12-31": "63.00000", "2017-09-30": "-28.00000", "2017-06-30": "12.70000", "2017-03-31": "-7.80000", "2016-12-31": "-18.40000", "2016-09-30": "-13.80000", "2016-06-30": "-21.20000", "2016-03-31": "-18.20000", "2015-12-31": "-13.60000", "2015-09-30": "-15.20000", "2015-06-30": "-37.50000", "2015-03-31": "-23.30000", "2014-12-31": "-23.90000", "2014-09-30": "-22.00000", "2014-06-30": "-19.90000", "2014-03-31": "-18.40000", "2013-12-31": "", "2012-12-31": ""}, "Pre-Tax Income": {"2020-09-30": "69.70000", "2020-06-30": "-672.30000", "2020-03-31": "41.80000", "2019-12-31": "56.50000", "2019-09-30": "74.10000", "2019-06-30": "-13.50000", "2019-03-31": "9.30000", "2018-12-31": "36.90000", "2018-09-30": "13.20000", "2018-06-30": "19.00000", "2018-03-31": "3.90000", "2017-12-31": "86.00000", "2017-09-30": "4.10000", "2017-06-30": "18.80000", "2017-03-31": "-2.10000", "2016-12-31": "-0.50000", "2016-09-30": "7.40000", "2016-06-30": "-11.50000", "2016-03-31": "-16.90000", "2015-12-31": "-1.40000", "2015-09-30": "-4.30000", "2015-06-30": "-71.10000", "2015-03-31": "-43.80000", "2014-12-31": "-26.60000", "2014-09-30": "-28.60000", "2014-06-30": "-38.40000", "2014-03-31": "-52.50000", "2013-12-31": "", "2012-12-31": ""}, "Income Taxes": {"2020-09-30": "4.60000", "2020-06-30": "0.90000", "2020-03-31": "-1.40000", "2019-12-31": "-4.60000", "2019-09-30": "-2.70000", "2019-06-30": "-0.80000", "2019-03-31": "-3.90000", "2018-12-31": "-6.60000", "2018-09-30": "-0.90000", "2018-06-30": "-1.20000", "2018-03-31": "-0.30000", "2017-12-31": "-12.30000", "2017-09-30": "-3.00000", "2017-06-30": "-4.60000", "2017-03-31": "1.00000", "2016-12-31": "0.30000", "2016-09-30": "-0.90000", "2016-06-30": "-0.40000", "2016-03-31": "1.40000", "2015-12-31": "-0.90000", "2015-09-30": "0.90000", "2015-06-30": "0.20000", "2015-03-31": "-0.40000", "2014-12-31": "0.20000", "2014-09-30": "-1.00000", "2014-06-30": "-0.80000", "2014-03-31": "-1.20000", "2013-12-31": "", "2012-12-31": ""}, "Income After Taxes": {"2020-09-30": "65.10000", "2020-06-30": "-673.20000", "2020-03-31": "43.20000", "2019-12-31": "61.10000", "2019-09-30": "76.80000", "2019-06-30": "-12.70000", "2019-03-31": "13.20000", "2018-12-31": "43.50000", "2018-09-30": "14.10000", "2018-06-30": "20.20000", "2018-03-31": "4.20000", "2017-12-31": "98.30000", "2017-09-30": "7.10000", "2017-06-30": "23.40000", "2017-03-31": "-3.10000", "2016-12-31": "-0.80000", "2016-09-30": "8.30000", "2016-06-30": "-11.10000", "2016-03-31": "-18.30000", "2015-12-31": "-0.50000", "2015-09-30": "-5.20000", "2015-06-30": "-71.30000", "2015-03-31": "-43.40000", "2014-12-31": "-26.80000", "2014-09-30": "-27.60000", "2014-06-30": "-37.60000", "2014-03-31": "-51.30000", "2013-12-31": "", "2012-12-31": ""}, "Other Income": {"2020-09-30": "", "2020-06-30": "", "2020-03-31": "", "2019-12-31": "", "2019-09-30": "", "2019-06-30": "", "2019-03-31": "", "2018-12-31": "", "2018-09-30": "", "2018-06-30": "", "2018-03-31": "", "2017-12-31": "", "2017-09-30": "", "2017-06-30": "", "2017-03-31": "", "2016-12-31": "", "2016-09-30": "", "2016-06-30": "", "2016-03-31": "", "2015-12-31": "", "2015-09-30": "", "2015-06-30": "", "2015-03-31": "", "2014-12-31": "0.00000", "2014-09-30": "", "2014-06-30": "", "2014-03-31": "", "2013-12-31": "", "2012-12-31": ""}, "Income From Continuous Operations": {"2020-09-30": "65.10000", "2020-06-30": "-673.20000", "2020-03-31": "43.20000", "2019-12-31": "61.10000", "2019-09-30": "76.80000", "2019-06-30": "-12.70000", "2019-03-31": "13.20000", "2018-12-31": "43.50000", "2018-09-30": "14.10000", "2018-06-30": "20.20000", "2018-03-31": "4.20000", "2017-12-31": "98.30000", "2017-09-30": "7.10000", "2017-06-30": "23.40000", "2017-03-31": "-3.10000", "2016-12-31": "-0.80000", "2016-09-30": "8.30000", "2016-06-30": "-11.10000", "2016-03-31": "-18.30000", "2015-12-31": "-0.50000", "2015-09-30": "-5.20000", "2015-06-30": "-71.30000", "2015-03-31": "-43.40000", "2014-12-31": "-26.80000", "2014-09-30": "-27.60000", "2014-06-30": "-37.60000", "2014-03-31": "-51.30000", "2013-12-31": "", "2012-12-31": ""}, "Income From Discontinued Operations": {"2020-09-30": "", "2020-06-30": "", "2020-03-31": "", "2019-12-31": "", "2019-09-30": "", "2019-06-30": "", "2019-03-31": "", "2018-12-31": "", "2018-09-30": "", "2018-06-30": "", "2018-03-31": "", "2017-12-31": "-3.50000", "2017-09-30": "22.90000", "2017-06-30": "-5.30000", "2017-03-31": "", "2016-12-31": "", "2016-09-30": "", "2016-06-30": "", "2016-03-31": "", "2015-12-31": "", "2015-09-30": "", "2015-06-30": "", "2015-03-31": "", "2014-12-31": "0.00000", "2014-09-30": "", "2014-06-30": "", "2014-03-31": "", "2013-12-31": "", "2012-12-31": ""}, "Net Income": {"2020-09-30": "64.70000", "2020-06-30": "-673.20000", "2020-03-31": "42.90000", "2019-12-31": "60.50000", "2019-09-30": "76.20000", "2019-06-30": "-12.60000", "2019-03-31": "12.90000", "2018-12-31": "42.50000", "2018-09-30": "13.20000", "2018-06-30": "18.10000", "2018-03-31": "3.30000", "2017-12-31": "92.60000", "2017-09-30": "22.40000", "2017-06-30": "20.80000", "2017-03-31": "0.60000", "2016-12-31": "-1.90000", "2016-09-30": "4.80000", "2016-06-30": "-8.90000", "2016-03-31": "-10.50000", "2015-12-31": "-2.00000", "2015-09-30": "-2.50000", "2015-06-30": "-29.80000", "2015-03-31": "-13.10000", "2014-12-31": "-26.80000", "2014-09-30": "-27.60000", "2014-06-30": "-37.60000", "2014-03-31": "-51.30000", "2013-12-31": "", "2012-12-31": ""}, "EBITDA": {"2020-09-30": "143.10000", "2020-06-30": "71.30000", "2020-03-31": "116.60000", "2019-12-31": "122.30020", "2019-09-30": "141.30000", "2019-06-30": "72.70010", "2019-03-31": "76.00000", "2018-12-31": "99.80010", "2018-09-30": "98.80010", "2018-06-30": "100.50000", "2018-03-31": "84.60000", "2017-12-31": "81.69990", "2017-09-30": "92.10000", "2017-06-30": "61.60000", "2017-03-31": "37.30000", "2016-12-31": "56.40020", "2016-09-30": "64.60000", "2016-06-30": "49.00000", "2016-03-31": "40.20000", "2015-12-31": "54.60000", "2015-09-30": "51.50000", "2015-06-30": "4.80000", "2015-03-31": "16.90000", "2014-12-31": "42.47000", "2014-09-30": "31.90000", "2014-06-30": "19.30000", "2014-03-31": "2.60000", "2013-12-31": "", "2012-12-31": ""}, "EBIT": {"2020-09-30": "92.40000", "2020-06-30": "22.90000", "2020-03-31": "64.40000", "2019-12-31": "73.50000", "2019-09-30": "91.40000", "2019-06-30": "18.90010", "2019-03-31": "18.80000", "2018-12-31": "41.80010", "2018-09-30": "37.50010", "2018-06-30": "43.50000", "2018-03-31": "26.80000", "2017-12-31": "22.99990", "2017-09-30": "32.10000", "2017-06-30": "6.10000", "2017-03-31": "5.70000", "2016-12-31": "17.90020", "2016-09-30": "21.20000", "2016-06-30": "9.70000", "2016-03-31": "1.30000", "2015-12-31": "12.20010", "2015-09-30": "10.90000", "2015-06-30": "-33.60000", "2015-03-31": "-20.50000", "2014-12-31": "-6.34000", "2014-09-30": "-6.60000", "2014-06-30": "-18.50000", "2014-03-31": "-34.10000", "2013-12-31": "", "2012-12-31": ""}, "Basic Shares Outstanding": {"2020-09-30": "167.25800", "2020-06-30": "165.84500", "2020-03-31": "173.11300", "2019-12-31": "173.43100", "2019-09-30": "174.82000", "2019-06-30": "176.00700", "2019-03-31": "171.00100", "2018-12-31": "155.23400", "2018-09-30": "162.35900", "2018-06-30": "152.57700", "2018-03-31": "137.84100", "2017-12-31": "108.77900", "2017-09-30": "114.83600", "2017-06-30": "101.80000", "2017-03-31": "89.60000", "2016-12-31": "79.83500", "2016-09-30": "83.73300", "2016-06-30": "79.87200", "2016-03-31": "67.83400", "2015-12-31": "58.67600", "2015-09-30": "64.99900", "2015-06-30": "64.63500", "2015-03-31": "38.82600", "2014-12-31": "38.82600", "2014-09-30": "38.82600", "2014-06-30": "38.82600", "2014-03-31": "128.01500", "2013-12-31": "", "2012-12-31": ""}, "Shares Outstanding": {"2020-09-30": "171.40500", "2020-06-30": "165.84500", "2020-03-31": "177.85700", "2019-12-31": "181.72100", "2019-09-30": "181.65400", "2019-06-30": "176.00700", "2019-03-31": "183.14800", "2018-12-31": "181.35300", "2018-09-30": "182.39200", "2018-06-30": "180.88100", "2018-03-31": "178.78700", "2017-12-31": "177.05400", "2017-09-30": "175.21900", "2017-06-30": "176.71600", "2017-03-31": "100.24200", "2016-12-31": "79.83500", "2016-09-30": "175.93200", "2016-06-30": "79.87200", "2016-03-31": "67.83400", "2015-12-31": "58.67600", "2015-09-30": "64.99900", "2015-06-30": "64.63500", "2015-03-31": "38.82600", "2014-12-31": "38.82600", "2014-09-30": "38.82600", "2014-06-30": "38.82600", "2014-03-31": "128.01500", "2013-12-31": "", "2012-12-31": ""}, "Basic EPS": {"2020-09-30": "0.39000", "2020-06-30": "-4.06000", "2020-03-31": "0.25000", "2019-12-31": "0.34000", "2019-09-30": "0.44000", "2019-06-30": "-0.07000", "2019-03-31": "0.08000", "2018-12-31": "0.28000", "2018-09-30": "0.08000", "2018-06-30": "0.12000", "2018-03-31": "0.02000", "2017-12-31": "0.84000", "2017-09-30": "0.20000", "2017-06-30": "0.20000", "2017-03-31": "0.01000", "2016-12-31": "-0.01000", "2016-09-30": "0.06000", "2016-06-30": "-0.11000", "2016-03-31": "-0.15000", "2015-12-31": "0.03000", "2015-09-30": "-0.04000", "2015-06-30": "-0.46000", "2015-03-31": "-0.34000", "2014-12-31": "-0.21000", "2014-09-30": "-0.21000", "2014-06-30": "-0.29000", "2014-03-31": "-0.40000", "2013-12-31": "", "2012-12-31": ""}, "EPS - Earnings Per Share": {"2020-09-30": "0.38000", "2020-06-30": "-4.06000", "2020-03-31": "0.24000", "2019-12-31": "0.34000", "2019-09-30": "0.42000", "2019-06-30": "-0.07000", "2019-03-31": "0.07000", "2018-12-31": "0.24000", "2018-09-30": "0.08000", "2018-06-30": "0.11000", "2018-03-31": "0.02000", "2017-12-31": "0.51000", "2017-09-30": "0.17000", "2017-06-30": "0.10000", "2017-03-31": "0.01000", "2016-12-31": "0.00000", "2016-09-30": "0.05000", "2016-06-30": "-0.11000", "2016-03-31": "-0.15000", "2015-12-31": "0.03000", "2015-09-30": "-0.04000", "2015-06-30": "-0.46000", "2015-03-31": "-0.34000", "2014-12-31": "-0.21000", "2014-09-30": "-0.21000", "2014-06-30": "-0.29000", "2014-03-31": "-0.40000", "2013-12-31": "0.00000", "2012-12-31": "0.00000"}}, "balance sheet": {"Cash On Hand": {"2019-12-31": "1086.40000", "2018-12-31": "951.30000", "2017-12-31": "595.00000", "2016-12-31": "572.70000", "2015-12-31": "352.50000", "2014-12-31": "142.00000", "2013-12-31": "98.62100", "2012-12-31": ""}, "Receivables": {"2019-12-31": "30.20000", "2018-12-31": "26.40000", "2017-12-31": "18.40000", "2016-12-31": "8.00000", "2015-12-31": "4.80000", "2014-12-31": "3.50000", "2013-12-31": "5.28300", "2012-12-31": ""}, "Inventory": {"2019-12-31": "", "2018-12-31": "", "2017-12-31": "", "2016-12-31": "", "2015-12-31": "", "2014-12-31": "", "2013-12-31": "", "2012-12-31": ""}, "Pre-Paid Expenses": {"2019-12-31": "431.50000", "2018-12-31": "421.30000", "2017-12-31": "411.40000", "2016-12-31": "331.50000", "2015-12-31": "317.90000", "2014-12-31": "296.10000", "2013-12-31": "285.97600", "2012-12-31": ""}, "Other Current Assets": {"2019-12-31": "27.20000", "2018-12-31": "28.30000", "2017-12-31": "34.70000", "2016-12-31": "20.60000", "2015-12-31": "18.70000", "2014-12-31": "17.80000", "2013-12-31": "15.14200", "2012-12-31": ""}, "Total Current Assets": {"2019-12-31": "1575.30000", "2018-12-31": "1427.30000", "2017-12-31": "1059.50000", "2016-12-31": "932.80000", "2015-12-31": "693.90000", "2014-12-31": "459.40000", "2013-12-31": "405.87500", "2012-12-31": ""}, "Property, Plant, And Equipment": {"2019-12-31": "258.60000", "2018-12-31": "299.00000", "2017-12-31": "297.90000", "2016-12-31": "231.00000", "2015-12-31": "225.00000", "2014-12-31": "220.90000", "2013-12-31": "183.24800", "2012-12-31": ""}, "Long-Term Investments": {"2019-12-31": "", "2018-12-31": "", "2017-12-31": "", "2016-12-31": "", "2015-12-31": "", "2014-12-31": "", "2013-12-31": "", "2012-12-31": ""}, "Goodwill And Intangible Assets": {"2019-12-31": "4074.20000", "2018-12-31": "4159.50000", "2017-12-31": "4185.90000", "2016-12-31": "2434.90000", "2015-12-31": "2398.70000", "2014-12-31": "2410.90000", "2013-12-31": "2463.60300", "2012-12-31": "0.00000"}, "Other Long-Term Assets": {"2019-12-31": "196.50000", "2018-12-31": "197.60000", "2017-12-31": "195.00000", "2016-12-31": "188.20000", "2015-12-31": "175.80000", "2014-12-31": "167.10000", "2013-12-31": "160.02800", "2012-12-31": ""}, "Total Long-Term Assets": {"2019-12-31": "4725.90000", "2018-12-31": "4656.10000", "2017-12-31": "4678.80000", "2016-12-31": "2854.10000", "2015-12-31": "2804.90000", "2014-12-31": "2801.30000", "2013-12-31": "2807.25500", "2012-12-31": ""}, "Total Assets": {"2019-12-31": "6301.20000", "2018-12-31": "6083.40000", "2017-12-31": "5738.30000", "2016-12-31": "3786.90000", "2015-12-31": "3498.80000", "2014-12-31": "3260.70000", "2013-12-31": "3213.13000", "2012-12-31": "0.00000"}, "Total Current Liabilities": {"2019-12-31": "2001.10000", "2018-12-31": "1886.20000", "2017-12-31": "1810.70000", "2016-12-31": "1262.20000", "2015-12-31": "1113.60000", "2014-12-31": "972.20000", "2013-12-31": "858.52900", "2012-12-31": ""}, "Long Term Debt": {"2019-12-31": "2376.80000", "2018-12-31": "2394.20000", "2017-12-31": "2410.80000", "2016-12-31": "1035.70000", "2015-12-31": "1039.80000", "2014-12-31": "1410.40000", "2013-12-31": "1083.93400", "2012-12-31": ""}, "Other Non-Current Liabilities": {"2019-12-31": "193.00000", "2018-12-31": "237.50000", "2017-12-31": "228.00000", "2016-12-31": "242.10000", "2015-12-31": "185.90000", "2014-12-31": "38.50000", "2013-12-31": "10.34100", "2012-12-31": ""}, "Total Long Term Liabilities": {"2019-12-31": "3518.00000", "2018-12-31": "3372.70000", "2017-12-31": "3381.10000", "2016-12-31": "1810.50000", "2015-12-31": "1704.20000", "2014-12-31": "1878.10000", "2013-12-31": "1542.09400", "2012-12-31": ""}, "Total Liabilities": {"2019-12-31": "5519.10000", "2018-12-31": "5258.90000", "2017-12-31": "5191.80000", "2016-12-31": "3072.70000", "2015-12-31": "2817.80000", "2014-12-31": "2850.30000", "2013-12-31": "2400.62300", "2012-12-31": "0.00000"}, "Common Stock Net": {"2019-12-31": "0.20000", "2018-12-31": "0.20000", "2017-12-31": "0.10000", "2016-12-31": "0.20000", "2015-12-31": "0.20000", "2014-12-31": "", "2013-12-31": "", "2012-12-31": "0.00000"}, "Retained Earnings (Accumulated Deficit)": {"2019-12-31": "-153.50000", "2018-12-31": "164.80000", "2017-12-31": "87.70000", "2016-12-31": "-48.70000", "2015-12-31": "-32.20000", "2014-12-31": "", "2013-12-31": "-532.51000", "2012-12-31": ""}, "Comprehensive Income": {"2019-12-31": "-78.20000", "2018-12-31": "-72.10000", "2017-12-31": "-85.70000", "2016-12-31": "2.70000", "2015-12-31": "3.20000", "2014-12-31": "", "2013-12-31": "", "2012-12-31": ""}, "Other Share Holders Equity": {"2019-12-31": "", "2018-12-31": "", "2017-12-31": "", "2016-12-31": "", "2015-12-31": "", "2014-12-31": "410.40000", "2013-12-31": "1345.01700", "2012-12-31": "0.00000"}, "Share Holder Equity": {"2019-12-31": "782.10000", "2018-12-31": "824.50000", "2017-12-31": "546.50000", "2016-12-31": "714.20000", "2015-12-31": "681.00000", "2014-12-31": "410.40000", "2013-12-31": "812.50700", "2012-12-31": "0.00000"}, "Total Liabilities And Share Holders Equity": {"2019-12-31": "6301.20000", "2018-12-31": "6083.40000", "2017-12-31": "5738.30000", "2016-12-31": "3786.90000", "2015-12-31": "3498.80000", "2014-12-31": "3260.70000", "2013-12-31": "3213.13000", "2012-12-31": "0.00000"}}, "balance sheet, quarterly": {"Cash On Hand": {"2020-09-30": "621.80000", "2020-06-30": "772.70000", "2020-03-31": "851.40000", "2019-12-31": "1086.40000", "2019-09-30": "990.20000", "2019-06-30": "1222.40000", "2019-03-31": "1109.00000", "2018-12-31": "951.30000", "2018-09-30": "852.20000", "2018-06-30": "828.50000", "2018-03-31": "729.50000", "2017-12-31": "595.00000", "2017-09-30": "553.30000", "2017-06-30": "591.20000", "2017-03-31": "670.60000", "2016-12-31": "572.70000", "2016-09-30": "565.80000", "2016-06-30": "481.70000", "2016-03-31": "440.10000", "2015-12-31": "352.50000", "2015-09-30": "333.10000", "2015-06-30": "294.80000", "2015-03-31": "197.90000", "2014-12-31": "142.00000", "2014-09-30": "", "2014-06-30": "", "2014-03-31": "", "2013-12-31": "98.62000", "2012-12-31": ""}, "Receivables": {"2020-09-30": "38.70000", "2020-06-30": "33.40000", "2020-03-31": "31.60000", "2019-12-31": "30.20000", "2019-09-30": "29.00000", "2019-06-30": "24.80000", "2019-03-31": "35.40000", "2018-12-31": "26.40000", "2018-09-30": "22.50000", "2018-06-30": "23.60000", "2018-03-31": "24.00000", "2017-12-31": "18.40000", "2017-09-30": "17.30000", "2017-06-30": "17.40000", "2017-03-31": "8.40000", "2016-12-31": "8.00000", "2016-09-30": "10.80000", "2016-06-30": "7.40000", "2016-03-31": "6.10000", "2015-12-31": "4.80000", "2015-09-30": "6.20000", "2015-06-30": "5.30000", "2015-03-31": "5.00000", "2014-12-31": "3.50000", "2014-09-30": "", "2014-06-30": "", "2014-03-31": "", "2013-12-31": "5.28000", "2012-12-31": ""}, "Inventory": {"2020-09-30": "", "2020-06-30": "", "2020-03-31": "", "2019-12-31": "", "2019-09-30": "", "2019-06-30": "", "2019-03-31": "", "2018-12-31": "", "2018-09-30": "", "2018-06-30": "", "2018-03-31": "", "2017-12-31": "", "2017-09-30": "", "2017-06-30": "", "2017-03-31": "", "2016-12-31": "", "2016-09-30": "", "2016-06-30": "", "2016-03-31": "", "2015-12-31": "", "2015-09-30": "", "2015-06-30": "", "2015-03-31": "", "2014-12-31": "", "2014-09-30": "", "2014-06-30": "", "2014-03-31": "", "2013-12-31": "", "2012-12-31": ""}, "Pre-Paid Expenses": {"2020-09-30": "450.80000", "2020-06-30": "470.70000", "2020-03-31": "460.90000", "2019-12-31": "431.50000", "2019-09-30": "442.90000", "2019-06-30": "449.00000", "2019-03-31": "439.50000", "2018-12-31": "421.30000", "2018-09-30": "445.50000", "2018-06-30": "452.60000", "2018-03-31": "426.60000", "2017-12-31": "411.40000", "2017-09-30": "407.40000", "2017-06-30": "412.50000", "2017-03-31": "348.50000", "2016-12-31": "331.50000", "2016-09-30": "342.40000", "2016-06-30": "350.60000", "2016-03-31": "340.20000", "2015-12-31": "317.90000", "2015-09-30": "323.20000", "2015-06-30": "324.70000", "2015-03-31": "313.60000", "2014-12-31": "296.10000", "2014-09-30": "", "2014-06-30": "", "2014-03-31": "", "2013-12-31": "", "2012-12-31": ""}, "Other Current Assets": {"2020-09-30": "24.60000", "2020-06-30": "27.70000", "2020-03-31": "21.70000", "2019-12-31": "27.20000", "2019-09-30": "22.50000", "2019-06-30": "24.20000", "2019-03-31": "27.90000", "2018-12-31": "28.30000", "2018-09-30": "25.00000", "2018-06-30": "46.10000", "2018-03-31": "41.20000", "2017-12-31": "34.70000", "2017-09-30": "25.60000", "2017-06-30": "583.90000", "2017-03-31": "18.70000", "2016-12-31": "20.60000", "2016-09-30": "21.60000", "2016-06-30": "21.00000", "2016-03-31": "25.40000", "2015-12-31": "18.70000", "2015-09-30": "21.20000", "2015-06-30": "20.20000", "2015-03-31": "18.70000", "2014-12-31": "17.80000", "2014-09-30": "", "2014-06-30": "", "2014-03-31": "", "2013-12-31": "301.97000", "2012-12-31": ""}, "Total Current Assets": {"2020-09-30": "1135.90000", "2020-06-30": "1304.50000", "2020-03-31": "1365.60000", "2019-12-31": "1575.30000", "2019-09-30": "1484.60000", "2019-06-30": "1720.40000", "2019-03-31": "1611.80000", "2018-12-31": "1427.30000", "2018-09-30": "1345.20000", "2018-06-30": "1350.80000", "2018-03-31": "1221.30000", "2017-12-31": "1059.50000", "2017-09-30": "1003.60000", "2017-06-30": "1605.00000", "2017-03-31": "1046.20000", "2016-12-31": "932.80000", "2016-09-30": "940.60000", "2016-06-30": "860.70000", "2016-03-31": "811.80000", "2015-12-31": "693.90000", "2015-09-30": "683.70000", "2015-06-30": "645.00000", "2015-03-31": "535.20000", "2014-12-31": "459.40000", "2014-09-30": "", "2014-06-30": "", "2014-03-31": "", "2013-12-31": "405.87000", "2012-12-31": ""}, "Property, Plant, And Equipment": {"2020-09-30": "246.70000", "2020-06-30": "248.80000", "2020-03-31": "254.40000", "2019-12-31": "258.60000", "2019-09-30": "255.40000", "2019-06-30": "260.10000", "2019-03-31": "270.00000", "2018-12-31": "299.00000", "2018-09-30": "273.10000", "2018-06-30": "281.00000", "2018-03-31": "295.30000", "2017-12-31": "297.90000", "2017-09-30": "296.30000", "2017-06-30": "297.00000", "2017-03-31": "228.10000", "2016-12-31": "231.00000", "2016-09-30": "230.80000", "2016-06-30": "233.30000", "2016-03-31": "223.80000", "2015-12-31": "225.00000", "2015-09-30": "221.50000", "2015-06-30": "230.00000", "2015-03-31": "222.50000", "2014-12-31": "220.90000", "2014-09-30": "", "2014-06-30": "", "2014-03-31": "", "2013-12-31": "310.10000", "2012-12-31": ""}, "Long-Term Investments": {"2020-09-30": "", "2020-06-30": "", "2020-03-31": "", "2019-12-31": "", "2019-09-30": "", "2019-06-30": "", "2019-03-31": "", "2018-12-31": "", "2018-09-30": "", "2018-06-30": "", "2018-03-31": "", "2017-12-31": "", "2017-09-30": "", "2017-06-30": "", "2017-03-31": "", "2016-12-31": "", "2016-09-30": "", "2016-06-30": "", "2016-03-31": "", "2015-12-31": "", "2015-09-30": "", "2015-06-30": "", "2015-03-31": "", "2014-12-31": "", "2014-09-30": "", "2014-06-30": "", "2014-03-31": "", "2013-12-31": "", "2012-12-31": ""}, "Goodwill And Intangible Assets": {"2020-09-30": "4476.00000", "2020-06-30": "4181.00000", "2020-03-31": "4146.50000", "2019-12-31": "4074.20000", "2019-09-30": "4040.80000", "2019-06-30": "4118.90000", "2019-03-31": "4128.20000", "2018-12-31": "4159.50000", "2018-09-30": "4219.40000", "2018-06-30": "4088.80000", "2018-03-31": "4215.70000", "2017-12-31": "4185.90000", "2017-09-30": "4198.80000", "2017-06-30": "4153.20000", "2017-03-31": "2419.50000", "2016-12-31": "2434.90000", "2016-09-30": "2383.60000", "2016-06-30": "2392.60000", "2016-03-31": "2374.80000", "2015-12-31": "2398.70000", "2015-09-30": "2390.50000", "2015-06-30": "2393.00000", "2015-03-31": "2388.70000", "2014-12-31": "2410.90000", "2014-09-30": "0.00000", "2014-06-30": "0.00000", "2014-03-31": "0.00000", "2013-12-31": "2463.60000", "2012-12-31": "0.00000"}, "Other Long-Term Assets": {"2020-09-30": "202.60000", "2020-06-30": "203.40000", "2020-03-31": "203.80000", "2019-12-31": "196.50000", "2019-09-30": "196.40000", "2019-06-30": "201.20000", "2019-03-31": "203.80000", "2018-12-31": "197.60000", "2018-09-30": "199.60000", "2018-06-30": "207.30000", "2018-03-31": "198.70000", "2017-12-31": "195.00000", "2017-09-30": "196.30000", "2017-06-30": "198.70000", "2017-03-31": "190.70000", "2016-12-31": "188.20000", "2016-09-30": "178.40000", "2016-06-30": "177.10000", "2016-03-31": "180.20000", "2015-12-31": "175.80000", "2015-09-30": "174.40000", "2015-06-30": "172.00000", "2015-03-31": "183.00000", "2014-12-31": "167.10000", "2014-09-30": "", "2014-06-30": "", "2014-03-31": "", "2013-12-31": "160.02000", "2012-12-31": ""}, "Total Long-Term Assets": {"2020-09-30": "5071.90000", "2020-06-30": "4787.60000", "2020-03-31": "4796.60000", "2019-12-31": "4725.90000", "2019-09-30": "4683.00000", "2019-06-30": "4728.50000", "2019-03-31": "4738.80000", "2018-12-31": "4656.10000", "2018-09-30": "4692.10100", "2018-06-30": "4577.10000", "2018-03-31": "4709.70000", "2017-12-31": "4678.80000", "2017-09-30": "4691.39900", "2017-06-30": "4648.90000", "2017-03-31": "2843.70000", "2016-12-31": "2854.10000", "2016-09-30": "2800.60000", "2016-06-30": "2810.00000", "2016-03-31": "2785.00000", "2015-12-31": "2804.90000", "2015-09-30": "2786.40000", "2015-06-30": "2795.00000", "2015-03-31": "2794.20000", "2014-12-31": "2801.30000", "2014-09-30": "", "2014-06-30": "", "2014-03-31": "", "2013-12-31": "2934.09000", "2012-12-31": ""}, "Total Assets": {"2020-09-30": "6207.80000", "2020-06-30": "6092.10000", "2020-03-31": "6162.20000", "2019-12-31": "6301.20000", "2019-09-30": "6167.60000", "2019-06-30": "6448.90000", "2019-03-31": "6350.60000", "2018-12-31": "6083.40000", "2018-09-30": "6037.30000", "2018-06-30": "5927.90000", "2018-03-31": "5931.00000", "2017-12-31": "5738.30000", "2017-09-30": "5695.00000", "2017-06-30": "6253.90000", "2017-03-31": "3889.90000", "2016-12-31": "3786.90000", "2016-09-30": "3741.20000", "2016-06-30": "3670.70000", "2016-03-31": "3596.80000", "2015-12-31": "3498.80000", "2015-09-30": "3470.10000", "2015-06-30": "3440.00000", "2015-03-31": "3329.40000", "2014-12-31": "3260.70000", "2014-09-30": "0.00000", "2014-06-30": "0.00000", "2014-03-31": "0.00000", "2013-12-31": "3213.13000", "2012-12-31": "0.00000"}, "Total Current Liabilities": {"2020-09-30": "2237.70000", "2020-06-30": "2972.30000", "2020-03-31": "2124.00000", "2019-12-31": "2001.10000", "2019-09-30": "1969.30000", "2019-06-30": "2020.10000", "2019-03-31": "1970.50000", "2018-12-31": "1886.20000", "2018-09-30": "1900.90000", "2018-06-30": "1854.10000", "2018-03-31": "1912.50000", "2017-12-31": "1810.70000", "2017-09-30": "1750.50000", "2017-06-30": "2324.10000", "2017-03-31": "1323.00000", "2016-12-31": "1262.20000", "2016-09-30": "1235.20000", "2016-06-30": "1233.10000", "2016-03-31": "1194.80000", "2015-12-31": "1113.60000", "2015-09-30": "1113.50000", "2015-06-30": "1095.20000", "2015-03-31": "1046.10000", "2014-12-31": "972.20000", "2014-09-30": "", "2014-06-30": "", "2014-03-31": "", "2013-12-31": "858.52000", "2012-12-31": ""}, "Long Term Debt": {"2020-09-30": "3097.40000", "2020-06-30": "2368.00000", "2020-03-31": "2372.30000", "2019-12-31": "2376.80000", "2019-09-30": "2383.10000", "2019-06-30": "2387.70000", "2019-03-31": "2390.00000", "2018-12-31": "2394.20000", "2018-09-30": "2398.40000", "2018-06-30": "2402.50000", "2018-03-31": "2406.60000", "2017-12-31": "2410.80000", "2017-09-30": "2415.80000", "2017-06-30": "2419.10000", "2017-03-31": "1031.40000", "2016-12-31": "1035.70000", "2016-09-30": "1036.70000", "2016-06-30": "1037.70000", "2016-03-31": "1038.70000", "2015-12-31": "1039.80000", "2015-09-30": "1043.20000", "2015-06-30": "1044.30000", "2015-03-31": "1413.10000", "2014-12-31": "1410.40000", "2014-09-30": "", "2014-06-30": "", "2014-03-31": "", "2013-12-31": "1083.93000", "2012-12-31": ""}, "Other Non-Current Liabilities": {"2020-09-30": "50.10000", "2020-06-30": "38.00000", "2020-03-31": "208.40000", "2019-12-31": "193.00000", "2019-09-30": "194.70000", "2019-06-30": "190.20000", "2019-03-31": "186.60000", "2018-12-31": "237.50000", "2018-09-30": "252.70000", "2018-06-30": "231.80000", "2018-03-31": "245.70000", "2017-12-31": "228.00000", "2017-09-30": "292.10000", "2017-06-30": "250.80000", "2017-03-31": "237.00000", "2016-12-31": "242.10000", "2016-09-30": "238.60000", "2016-06-30": "227.80000", "2016-03-31": "184.70000", "2015-12-31": "185.90000", "2015-09-30": "203.70000", "2015-06-30": "206.80000", "2015-03-31": "38.30000", "2014-12-31": "38.50000", "2014-09-30": "", "2014-06-30": "", "2014-03-31": "", "2013-12-31": "10.34000", "2012-12-31": ""}, "Total Long Term Liabilities": {"2020-09-30": "4133.90000", "2020-06-30": "3374.30000", "2020-03-31": "3549.10000", "2019-12-31": "3518.00000", "2019-09-30": "3518.40000", "2019-06-30": "3472.10000", "2019-03-31": "3456.70000", "2018-12-31": "3372.70000", "2018-09-30": "3406.60000", "2018-06-30": "3399.50000", "2018-03-31": "3422.20000", "2017-12-31": "3381.10000", "2017-09-30": "3475.30000", "2017-06-30": "3434.80000", "2017-03-31": "1827.50000", "2016-12-31": "1810.50000", "2016-09-30": "1803.70000", "2016-06-30": "1783.70000", "2016-03-31": "1727.70000", "2015-12-31": "1704.20000", "2015-09-30": "1725.40000", "2015-06-30": "1719.60000", "2015-03-31": "1907.20000", "2014-12-31": "1878.10000", "2014-09-30": "", "2014-06-30": "", "2014-03-31": "", "2013-12-31": "1542.08000", "2012-12-31": ""}, "Total Liabilities": {"2020-09-30": "6371.60000", "2020-06-30": "6346.60000", "2020-03-31": "5673.10000", "2019-12-31": "5519.10000", "2019-09-30": "5487.70000", "2019-06-30": "5492.20000", "2019-03-31": "5427.20000", "2018-12-31": "5258.90000", "2018-09-30": "5307.50000", "2018-06-30": "5253.60000", "2018-03-31": "5334.70000", "2017-12-31": "5191.80000", "2017-09-30": "5225.80000", "2017-06-30": "5758.90000", "2017-03-31": "3150.50000", "2016-12-31": "3072.70000", "2016-09-30": "3038.90000", "2016-06-30": "3016.80000", "2016-03-31": "2922.50000", "2015-12-31": "2817.80000", "2015-09-30": "2838.90000", "2015-06-30": "2814.80000", "2015-03-31": "2953.30000", "2014-12-31": "2850.30000", "2014-09-30": "0.00000", "2014-06-30": "0.00000", "2014-03-31": "0.00000", "2013-12-31": "2400.62000", "2012-12-31": "0.00000"}, "Common Stock Net": {"2020-09-30": "0.20000", "2020-06-30": "0.20000", "2020-03-31": "0.20000", "2019-12-31": "0.20000", "2019-09-30": "0.20000", "2019-06-30": "0.20000", "2019-03-31": "0.20000", "2018-12-31": "0.20000", "2018-09-30": "0.20000", "2018-06-30": "0.20000", "2018-03-31": "0.10000", "2017-12-31": "0.10000", "2017-09-30": "0.10000", "2017-06-30": "0.20000", "2017-03-31": "0.20000", "2016-12-31": "0.20000", "2016-09-30": "0.20000", "2016-06-30": "0.20000", "2016-03-31": "0.20000", "2015-12-31": "0.20000", "2015-09-30": "0.20000", "2015-06-30": "0.20000", "2015-03-31": "", "2014-12-31": "", "2014-09-30": "0.00000", "2014-06-30": "0.00000", "2014-03-31": "0.00000", "2013-12-31": "0.00000", "2012-12-31": "0.00000"}, "Retained Earnings (Accumulated Deficit)": {"2020-09-30": "-1261.40000", "2020-06-30": "-1326.10000", "2020-03-31": "-509.20000", "2019-12-31": "-153.50000", "2019-09-30": "-155.00000", "2019-06-30": "168.40000", "2019-03-31": "181.00000", "2018-12-31": "164.80000", "2018-09-30": "122.30000", "2018-06-30": "109.10000", "2018-03-31": "91.00000", "2017-12-31": "87.70000", "2017-09-30": "-4.90000", "2017-06-30": "-27.30000", "2017-03-31": "-48.10000", "2016-12-31": "-48.70000", "2016-09-30": "-46.80000", "2016-06-30": "-51.60000", "2016-03-31": "-42.70000", "2015-12-31": "-32.20000", "2015-09-30": "-32.30000", "2015-06-30": "-29.80000", "2015-03-31": "-719.20000", "2014-12-31": "", "2014-09-30": "", "2014-06-30": "", "2014-03-31": "", "2013-12-31": "-532.51000", "2012-12-31": ""}, "Comprehensive Income": {"2020-09-30": "-131.00000", "2020-06-30": "-99.90000", "2020-03-31": "-77.20000", "2019-12-31": "-78.20000", "2019-09-30": "-98.50000", "2019-06-30": "-117.60000", "2019-03-31": "-86.30000", "2018-12-31": "-72.10000", "2018-09-30": "-66.00000", "2018-06-30": "-67.80000", "2018-03-31": "-80.40000", "2017-12-31": "-85.70000", "2017-09-30": "-51.60000", "2017-06-30": "-22.80000", "2017-03-31": "0.70000", "2016-12-31": "2.70000", "2016-09-30": "2.70000", "2016-06-30": "2.90000", "2016-03-31": "1.40000", "2015-12-31": "3.20000", "2015-09-30": "0.90000", "2015-06-30": "", "2015-03-31": "", "2014-12-31": "", "2014-09-30": "", "2014-06-30": "", "2014-03-31": "", "2013-12-31": "", "2012-12-31": ""}, "Other Share Holders Equity": {"2020-09-30": "", "2020-06-30": "", "2020-03-31": "", "2019-12-31": "", "2019-09-30": "", "2019-06-30": "", "2019-03-31": "", "2018-12-31": "", "2018-09-30": "", "2018-06-30": "", "2018-03-31": "", "2017-12-31": "", "2017-09-30": "", "2017-06-30": "", "2017-03-31": "", "2016-12-31": "", "2016-09-30": "", "2016-06-30": "", "2016-03-31": "", "2015-12-31": "", "2015-09-30": "", "2015-06-30": "", "2015-03-31": "1095.30000", "2014-12-31": "410.40000", "2014-09-30": "0.00000", "2014-06-30": "0.00000", "2014-03-31": "0.00000", "2013-12-31": "1345.01000", "2012-12-31": "0.00000"}, "Share Holder Equity": {"2020-09-30": "-163.80000", "2020-06-30": "-254.50000", "2020-03-31": "489.10000", "2019-12-31": "782.10000", "2019-09-30": "679.90000", "2019-06-30": "956.70000", "2019-03-31": "923.40000", "2018-12-31": "824.50000", "2018-09-30": "729.80000", "2018-06-30": "674.30000", "2018-03-31": "596.30000", "2017-12-31": "546.50000", "2017-09-30": "469.20000", "2017-06-30": "495.00000", "2017-03-31": "739.40000", "2016-12-31": "714.20000", "2016-09-30": "702.30000", "2016-06-30": "653.90000", "2016-03-31": "674.30000", "2015-12-31": "681.00000", "2015-09-30": "631.20000", "2015-06-30": "625.20000", "2015-03-31": "376.10000", "2014-12-31": "410.40000", "2014-09-30": "0.00000", "2014-06-30": "0.00000", "2014-03-31": "0.00000", "2013-12-31": "812.50000", "2012-12-31": "0.00000"}, "Total Liabilities And Share Holders Equity": {"2020-09-30": "6207.80000", "2020-06-30": "6092.10000", "2020-03-31": "6162.20000", "2019-12-31": "6301.20000", "2019-09-30": "6167.60000", "2019-06-30": "6448.90000", "2019-03-31": "6350.60000", "2018-12-31": "6083.40000", "2018-09-30": "6037.30000", "2018-06-30": "5927.90000", "2018-03-31": "5931.00000", "2017-12-31": "5738.30000", "2017-09-30": "5695.00000", "2017-06-30": "6253.90000", "2017-03-31": "3889.90000", "2016-12-31": "3786.90000", "2016-09-30": "3741.20000", "2016-06-30": "3670.70000", "2016-03-31": "3596.80000", "2015-12-31": "3498.80000", "2015-09-30": "3470.10000", "2015-06-30": "3440.00000", "2015-03-31": "3329.40000", "2014-12-31": "3260.70000", "2014-09-30": "0.00000", "2014-06-30": "0.00000", "2014-03-31": "0.00000", "2013-12-31": "3213.13000", "2012-12-31": "0.00000"}}, "cash flow statement": {"Net Income/Loss": {"2019-12-31": "138.40000", "2018-12-31": "82.00000", "2017-12-31": "139.80000", "2016-12-31": "-21.90000", "2015-12-31": "-120.40000", "2014-12-31": "-143.30000", "2013-12-31": "-199.90000", "2012-12-31": "-279.05200"}, "Total Depreciation And Amortization - Cash Flow": {"2019-12-31": "209.70000", "2018-12-31": "234.10000", "2017-12-31": "205.80000", "2016-12-31": "160.10000", "2015-12-31": "158.80000", "2014-12-31": "161.90000", "2013-12-31": "149.90000", "2012-12-31": "146.89500"}, "Other Non-Cash Items": {"2019-12-31": "185.80000", "2018-12-31": "99.20000", "2017-12-31": "-93.90000", "2016-12-31": "86.00000", "2015-12-31": "70.50000", "2014-12-31": "24.60000", "2013-12-31": "12.80000", "2012-12-31": "11.10600"}, "Total Non-Cash Items": {"2019-12-31": "395.50000", "2018-12-31": "333.30000", "2017-12-31": "111.90000", "2016-12-31": "246.10000", "2015-12-31": "229.30000", "2014-12-31": "186.50000", "2013-12-31": "162.70000", "2012-12-31": "158.00100"}, "Change In Accounts Receivable": {"2019-12-31": "", "2018-12-31": "", "2017-12-31": "", "2016-12-31": "", "2015-12-31": "", "2014-12-31": "", "2013-12-31": "-2.40000", "2012-12-31": "0.47800"}, "Change In Inventories": {"2019-12-31": "", "2018-12-31": "", "2017-12-31": "", "2016-12-31": "", "2015-12-31": "", "2014-12-31": "", "2013-12-31": "", "2012-12-31": ""}, "Change In Accounts Payable": {"2019-12-31": "13.60000", "2018-12-31": "-3.40000", "2017-12-31": "-8.40000", "2016-12-31": "19.60000", "2015-12-31": "13.50000", "2014-12-31": "8.50000", "2013-12-31": "1.90000", "2012-12-31": "2.40100"}, "Change In Assets/Liabilities": {"2019-12-31": "135.50000", "2018-12-31": "133.00000", "2017-12-31": "199.70000", "2016-12-31": "132.70000", "2015-12-31": "127.30000", "2014-12-31": "151.20000", "2013-12-31": "130.40000", "2012-12-31": "222.69600"}, "Total Change In Assets/Liabilities": {"2019-12-31": "189.50000", "2018-12-31": "144.50000", "2017-12-31": "223.90000", "2016-12-31": "162.30000", "2015-12-31": "150.30000", "2014-12-31": "137.40000", "2013-12-31": "190.50000", "2012-12-31": "227.16100"}, "Cash Flow From Operating Activities": {"2019-12-31": "723.40000", "2018-12-31": "559.80000", "2017-12-31": "475.60000", "2016-12-31": "386.50000", "2015-12-31": "259.20000", "2014-12-31": "180.60000", "2013-12-31": "153.30000", "2012-12-31": "106.11000"}, "Net Change In Property, Plant, And Equipment": {"2019-12-31": "-87.60000", "2018-12-31": "-87.70000", "2017-12-31": "-83.20000", "2016-12-31": "-61.50000", "2015-12-31": "-55.80000", "2014-12-31": "-67.90000", "2013-12-31": "-52.10000", "2012-12-31": "-44.23000"}, "Net Change In Intangible Assets": {"2019-12-31": "-4.70000", "2018-12-31": "-9.30000", "2017-12-31": "-52.00000", "2016-12-31": "-1.30000", "2015-12-31": "-23.50000", "2014-12-31": "", "2013-12-31": "", "2012-12-31": ""}, "Net Acquisitions/Divestitures": {"2019-12-31": "-40.30000", "2018-12-31": "-147.20000", "2017-12-31": "-1876.90000", "2016-12-31": "-118.50000", "2015-12-31": "-64.70000", "2014-12-31": "-40.70000", "2013-12-31": "-156.80000", "2012-12-31": "-17.67900"}, "Net Change In Short-term Investments": {"2019-12-31": "-4.20000", "2018-12-31": "-6.30000", "2017-12-31": "-5.70000", "2016-12-31": "-2.10000", "2015-12-31": "-1.50000", "2014-12-31": "0.20000", "2013-12-31": "0.00000", "2012-12-31": "2.48300"}, "Net Change In Long-Term Investments": {"2019-12-31": "", "2018-12-31": "", "2017-12-31": "", "2016-12-31": "", "2015-12-31": "", "2014-12-31": "", "2013-12-31": "", "2012-12-31": ""}, "Net Change In Investments - Total": {"2019-12-31": "-4.20000", "2018-12-31": "-6.30000", "2017-12-31": "-5.70000", "2016-12-31": "-2.10000", "2015-12-31": "-1.50000", "2014-12-31": "0.20000", "2013-12-31": "", "2012-12-31": "2.48300"}, "Investing Activities - Other": {"2019-12-31": "1.50000", "2018-12-31": "-4.30000", "2017-12-31": "447.70000", "2016-12-31": "", "2015-12-31": "1.10000", "2014-12-31": "1.10000", "2013-12-31": "0.40000", "2012-12-31": "0.06100"}, "Cash Flow From Investing Activities": {"2019-12-31": "-135.30000", "2018-12-31": "-254.80000", "2017-12-31": "-1570.10000", "2016-12-31": "-183.40000", "2015-12-31": "-144.40000", "2014-12-31": "-107.30000", "2013-12-31": "-208.50000", "2012-12-31": "-59.36500"}, "Net Long-Term Debt": {"2019-12-31": "-29.50000", "2018-12-31": "-31.70000", "2017-12-31": "1928.60000", "2016-12-31": "-29.80000", "2015-12-31": "-386.00000", "2014-12-31": "327.10000", "2013-12-31": "91.90000", "2012-12-31": "-7.71000"}, "Net Current Debt": {"2019-12-31": "", "2018-12-31": "", "2017-12-31": "-596.60000", "2016-12-31": "", "2015-12-31": "", "2014-12-31": "", "2013-12-31": "", "2012-12-31": ""}, "Debt Issuance/Retirement Net - Total": {"2019-12-31": "-29.50000", "2018-12-31": "-31.70000", "2017-12-31": "1332.00000", "2016-12-31": "-29.80000", "2015-12-31": "-386.00000", "2014-12-31": "327.10000", "2013-12-31": "91.90000", "2012-12-31": "-7.71000"}, "Net Common Equity Issued/Repurchased": {"2019-12-31": "-359.40000", "2018-12-31": "89.10000", "2017-12-31": "101.40000", "2016-12-31": "60.00000", "2015-12-31": "506.60000", "2014-12-31": "0.60000", "2013-12-31": "3.30000", "2012-12-31": "-18.37700"}, "Net Total Equity Issued/Repurchased": {"2019-12-31": "-359.40000", "2018-12-31": "89.10000", "2017-12-31": "101.40000", "2016-12-31": "60.00000", "2015-12-31": "506.60000", "2014-12-31": "0.60000", "2013-12-31": "3.30000", "2012-12-31": "-18.37700"}, "Total Common And Preferred Stock Dividends Paid": {"2019-12-31": "", "2018-12-31": "", "2017-12-31": "", "2016-12-31": "", "2015-12-31": "", "2014-12-31": "", "2013-12-31": "", "2012-12-31": ""}, "Financial Activities - Other": {"2019-12-31": "-68.00000", "2018-12-31": "-10.40000", "2017-12-31": "-325.90000", "2016-12-31": "-15.10000", "2015-12-31": "-26.20000", "2014-12-31": "-357.40000", "2013-12-31": "-4.10000", "2012-12-31": "-9.00000"}, "Cash Flow From Financial Activities": {"2019-12-31": "-456.90000", "2018-12-31": "47.00000", "2017-12-31": "1107.50000", "2016-12-31": "15.10000", "2015-12-31": "94.40000", "2014-12-31": "-29.70000", "2013-12-31": "91.10000", "2012-12-31": "-35.08700"}, "Net Cash Flow": {"2019-12-31": "130.40000", "2018-12-31": "349.70000", "2017-12-31": "16.60000", "2016-12-31": "218.10000", "2015-12-31": "209.00000", "2014-12-31": "43.60000", "2013-12-31": "35.90000", "2012-12-31": "11.65800"}, "Stock-Based Compensation": {"2019-12-31": "147.00000", "2018-12-31": "125.50000", "2017-12-31": "76.40000", "2016-12-31": "56.80000", "2015-12-31": "40.40000", "2014-12-31": "30.10000", "2013-12-31": "16.40000", "2012-12-31": "11.68000"}, "Common Stock Dividends Paid": {"2019-12-31": "", "2018-12-31": "", "2017-12-31": "", "2016-12-31": "", "2015-12-31": "", "2014-12-31": "", "2013-12-31": "", "2012-12-31": ""}}, "cash flow statement, quarterly": {"Net Income/Loss": {"2020-09-30": 65.1, "2020-06-30": -673.2, "2020-03-31": "43.20000", "2019-12-31": 61.1, "2019-09-30": 76.8, "2019-06-30": -12.7, "2019-03-31": "13.20000", "2018-12-31": 43.5, "2018-09-30": 14.1, "2018-06-30": 20.2, "2018-03-31": "4.20000", "2017-12-31": 94.8, "2017-09-30": 30, "2017-06-30": 18.1, "2017-03-31": "-3.10000", "2016-12-31": -0.8, "2016-09-30": 8.3, "2016-06-30": -11.1, "2016-03-31": "-18.30000", "2015-12-31": -0.5, "2015-09-30": -5.2, "2015-06-30": -71.3, "2015-03-31": "-43.40000", "2014-12-31": -26.8, "2014-09-30": -27.6, "2014-06-30": -37.6, "2014-03-31": "-51.30000", "2013-12-31": 79.17, "2012-12-31": -279.05}, "Total Depreciation And Amortization - Cash Flow": {"2020-09-30": 50.7, "2020-06-30": 48.4, "2020-03-31": "52.20000", "2019-12-31": 48.8, "2019-09-30": 49.9, "2019-06-30": 53.8, "2019-03-31": "57.20000", "2018-12-31": 58, "2018-09-30": 61.3, "2018-06-30": 57, "2018-03-31": "57.80000", "2017-12-31": 58.7, "2017-09-30": 60, "2017-06-30": 55.5, "2017-03-31": "31.60000", "2016-12-31": 38.5, "2016-09-30": 43.4, "2016-06-30": 39.3, "2016-03-31": "38.90000", "2015-12-31": 42.4, "2015-09-30": 40.6, "2015-06-30": 38.4, "2015-03-31": "37.40000", "2014-12-31": 48.81, "2014-09-30": 38.5, "2014-06-30": 37.8, "2014-03-31": "36.70000", "2013-12-31": 2.97, "2012-12-31": 146.89}, "Other Non-Cash Items": {"2020-09-30": 60.3, "2020-06-30": 763.6, "2020-03-31": "52.50000", "2019-12-31": 52.4, "2019-09-30": 27.7, "2019-06-30": 63.3, "2019-03-31": "42.40000", "2018-12-31": 18.7, "2018-09-30": 27.2, "2018-06-30": 19.9, "2018-03-31": "33.40000", "2017-12-31": -77.1, "2017-09-30": -16.7, "2017-06-30": -19.2, "2017-03-31": "19.10000", "2016-12-31": 25.2, "2016-09-30": 21, "2016-06-30": 19.5, "2016-03-31": "20.30000", "2015-12-31": 13.1, "2015-09-30": 13, "2015-06-30": 33.4, "2015-03-31": "11.00000", "2014-12-31": -5.8, "2014-09-30": 11.7, "2014-06-30": 9.1, "2014-03-31": "9.60000", "2013-12-31": 0, "2012-12-31": 0}, "Total Non-Cash Items": {"2020-09-30": 111, "2020-06-30": 812, "2020-03-31": "104.70000", "2019-12-31": 101.2, "2019-09-30": 77.6, "2019-06-30": 117.1, "2019-03-31": "99.60000", "2018-12-31": 76.7, "2018-09-30": 88.5, "2018-06-30": 76.9, "2018-03-31": "91.20000", "2017-12-31": -18.4, "2017-09-30": 43.3, "2017-06-30": 36.3, "2017-03-31": "50.70000", "2016-12-31": 63.7, "2016-09-30": 64.4, "2016-06-30": 58.8, "2016-03-31": "59.20000", "2015-12-31": 55.5, "2015-09-30": 53.6, "2015-06-30": 71.8, "2015-03-31": "48.40000", "2014-12-31": 18.41, "2014-09-30": 50.2, "2014-06-30": 46.9, "2014-03-31": "46.30000", "2013-12-31": 2.97, "2012-12-31": 146.89}, "Change In Accounts Receivable": {"2020-09-30": 0, "2020-06-30": 0, "2020-03-31": "", "2019-12-31": 0, "2019-09-30": 0, "2019-06-30": 0, "2019-03-31": "", "2018-12-31": 0, "2018-09-30": 0, "2018-06-30": 0, "2018-03-31": "", "2017-12-31": 0, "2017-09-30": 0, "2017-06-30": 0, "2017-03-31": "", "2016-12-31": 0, "2016-09-30": 0, "2016-06-30": 0, "2016-03-31": "", "2015-12-31": 0, "2015-09-30": 0, "2015-06-30": 0, "2015-03-31": "", "2014-12-31": 0, "2014-09-30": 0, "2014-06-30": 0, "2014-03-31": "", "2013-12-31": 0, "2012-12-31": 0}, "Change In Inventories": {"2020-09-30": 0, "2020-06-30": 0, "2020-03-31": "", "2019-12-31": 0, "2019-09-30": 0, "2019-06-30": 0, "2019-03-31": "", "2018-12-31": 0, "2018-09-30": 0, "2018-06-30": 0, "2018-03-31": "", "2017-12-31": 0, "2017-09-30": 0, "2017-06-30": 0, "2017-03-31": "", "2016-12-31": 0, "2016-09-30": 0, "2016-06-30": 0, "2016-03-31": "", "2015-12-31": 0, "2015-09-30": 0, "2015-06-30": 0, "2015-03-31": "", "2014-12-31": 0, "2014-09-30": 0, "2014-06-30": 0, "2014-03-31": "", "2013-12-31": 0, "2012-12-31": 0}, "Change In Accounts Payable": {"2020-09-30": 0, "2020-06-30": 0, "2020-03-31": "", "2019-12-31": 13.6, "2019-09-30": 0, "2019-06-30": 0, "2019-03-31": "", "2018-12-31": -3.4, "2018-09-30": 0, "2018-06-30": 0, "2018-03-31": "", "2017-12-31": -8.4, "2017-09-30": 0, "2017-06-30": 0, "2017-03-31": "", "2016-12-31": 19.6, "2016-09-30": 0, "2016-06-30": 0, "2016-03-31": "", "2015-12-31": 13.5, "2015-09-30": 0, "2015-06-30": 0, "2015-03-31": "", "2014-12-31": 8.5, "2014-09-30": 0, "2014-06-30": 0, "2014-03-31": "", "2013-12-31": 0, "2012-12-31": 0}, "Change In Assets/Liabilities": {"2020-09-30": 21.2, "2020-06-30": 29.3, "2020-03-31": "85.40000", "2019-12-31": -54.1, "2019-09-30": 45.8, "2019-06-30": 56.9, "2019-03-31": "86.90000", "2018-12-31": -3.2, "2018-09-30": 51.4, "2018-06-30": 31.8, "2018-03-31": "53.00000", "2017-12-31": 3.7, "2017-09-30": 58.1, "2017-06-30": 57.5, "2017-03-31": "80.40000", "2016-12-31": -3.4, "2016-09-30": 27, "2016-06-30": 44.7, "2016-03-31": "64.40000", "2015-12-31": -16.9, "2015-09-30": 30.3, "2015-06-30": 46.8, "2015-03-31": "67.10000", "2014-12-31": 23.2, "2014-09-30": 27.7, "2014-06-30": 52.8, "2014-03-31": "47.50000", "2013-12-31": 0, "2012-12-31": 0}, "Total Change In Assets/Liabilities": {"2020-09-30": 21.2, "2020-06-30": 29.3, "2020-03-31": "85.40000", "2019-12-31": -0.1, "2019-09-30": 45.8, "2019-06-30": 56.9, "2019-03-31": "86.90000", "2018-12-31": 8.3, "2018-09-30": 51.4, "2018-06-30": 31.8, "2018-03-31": "53.00000", "2017-12-31": 27.9, "2017-09-30": 58.1, "2017-06-30": 58.9, "2017-03-31": "79.00000", "2016-12-31": 26.2, "2016-09-30": 27, "2016-06-30": 44.7, "2016-03-31": "64.40000", "2015-12-31": 6.1, "2015-09-30": 30.3, "2015-06-30": 46.8, "2015-03-31": "67.10000", "2014-12-31": 2.6, "2014-09-30": 27.7, "2014-06-30": 52.8, "2014-03-31": "47.50000", "2013-12-31": -40.17, "2012-12-31": 227.16}, "Cash Flow From Operating Activities": {"2020-09-30": 197.3, "2020-06-30": 168.1, "2020-03-31": "233.30000", "2019-12-31": 162.2, "2019-09-30": 200.2, "2019-06-30": 161.3, "2019-03-31": "199.70000", "2018-12-31": 128.5, "2018-09-30": 154, "2018-06-30": 128.9, "2018-03-31": "148.40000", "2017-12-31": 104.3, "2017-09-30": 131.4, "2017-06-30": 113.3, "2017-03-31": "126.60000", "2016-12-31": 89.1, "2016-09-30": 99.7, "2016-06-30": 92.4, "2016-03-31": "105.30000", "2015-12-31": 61.1, "2015-09-30": 78.7, "2015-06-30": 47.3, "2015-03-31": "72.10000", "2014-12-31": 25.66, "2014-09-30": 50.3, "2014-06-30": 62.1, "2014-03-31": "42.50000", "2013-12-31": 47.2, "2012-12-31": 106.11}, "Net Change In Property, Plant, And Equipment": {"2020-09-30": -8.4, "2020-06-30": -17.2, "2020-03-31": "-13.50000", "2019-12-31": -16.5, "2019-09-30": -25.2, "2019-06-30": -16.5, "2019-03-31": "-29.40000", "2018-12-31": -38.2, "2018-09-30": -13.6, "2018-06-30": -19.8, "2018-03-31": "-16.10000", "2017-12-31": -23, "2017-09-30": -23.7, "2017-06-30": -16.7, "2017-03-31": "-19.80000", "2016-12-31": -18.7, "2016-09-30": -16.2, "2016-06-30": -14.6, "2016-03-31": "-12.00000", "2015-12-31": -21.5, "2015-09-30": -11.3, "2015-06-30": -14.8, "2015-03-31": "-8.20000", "2014-12-31": -26.5, "2014-09-30": -22.8, "2014-06-30": -10.2, "2014-03-31": "-8.40000", "2013-12-31": -7.85, "2012-12-31": -44.23}, "Net Change In Intangible Assets": {"2020-09-30": 0, "2020-06-30": 0, "2020-03-31": "", "2019-12-31": -4.7, "2019-09-30": 0, "2019-06-30": 0, "2019-03-31": "", "2018-12-31": -9.3, "2018-09-30": 0, "2018-06-30": 0, "2018-03-31": "", "2017-12-31": -52, "2017-09-30": 0, "2017-06-30": 0, "2017-03-31": "", "2016-12-31": -1.3, "2016-09-30": 0, "2016-06-30": 0, "2016-03-31": "", "2015-12-31": -1, "2015-09-30": -22.5, "2015-06-30": 0, "2015-03-31": "", "2014-12-31": 0, "2014-09-30": 0, "2014-06-30": 0, "2014-03-31": "", "2013-12-31": 0, "2012-12-31": 0}, "Net Acquisitions/Divestitures": {"2020-09-30": -230.8, "2020-06-30": -43.5, "2020-03-31": "-146.40000", "2019-12-31": 0, "2019-09-30": -3.3, "2019-06-30": -37, "2019-03-31": "", "2018-12-31": 0, "2018-09-30": -133.1, "2018-06-30": -7.5, "2018-03-31": "-6.60000", "2017-12-31": -448.9, "2017-09-30": 443.2, "2017-06-30": -1867.2, "2017-03-31": "-4.00000", "2016-12-31": -60.6, "2016-09-30": -16.6, "2016-06-30": -41.3, "2016-03-31": "", "2015-12-31": -34, "2015-09-30": 0, "2015-06-30": -29.6, "2015-03-31": "-1.10000", "2014-12-31": -0.03, "2014-09-30": -41.8, "2014-06-30": 0, "2014-03-31": "1.10000", "2013-12-31": -139.08, "2012-12-31": -17.67}, "Net Change In Short-term Investments": {"2020-09-30": 0, "2020-06-30": 0, "2020-03-31": "23.70000", "2019-12-31": 0, "2019-09-30": 0.1, "2019-06-30": -4.7, "2019-03-31": "0.40000", "2018-12-31": -17.8, "2018-09-30": 18, "2018-06-30": 0, "2018-03-31": "-6.50000", "2017-12-31": 4, "2017-09-30": -3.9, "2017-06-30": 0, "2017-03-31": "-5.80000", "2016-12-31": 3, "2016-09-30": 0, "2016-06-30": -1.2, "2016-03-31": "-3.90000", "2015-12-31": 0.9, "2015-09-30": 0, "2015-06-30": -4.3, "2015-03-31": "1.90000", "2014-12-31": 0, "2014-09-30": 0, "2014-06-30": -3, "2014-03-31": "3.20000", "2013-12-31": 0, "2012-12-31": 0}, "Net Change In Long-Term Investments": {"2020-09-30": 0, "2020-06-30": 0, "2020-03-31": "", "2019-12-31": 0, "2019-09-30": 0, "2019-06-30": 0, "2019-03-31": "", "2018-12-31": 0, "2018-09-30": 0, "2018-06-30": 0, "2018-03-31": "", "2017-12-31": 0, "2017-09-30": 0, "2017-06-30": 0, "2017-03-31": "", "2016-12-31": 0, "2016-09-30": 0, "2016-06-30": 0, "2016-03-31": "", "2015-12-31": 0, "2015-09-30": 0, "2015-06-30": 0, "2015-03-31": "", "2014-12-31": 0, "2014-09-30": 0, "2014-06-30": 0, "2014-03-31": "", "2013-12-31": 0, "2012-12-31": 0}, "Net Change In Investments - Total": {"2020-09-30": 0, "2020-06-30": 0, "2020-03-31": "23.70000", "2019-12-31": 0, "2019-09-30": 0.1, "2019-06-30": -4.7, "2019-03-31": "0.40000", "2018-12-31": -17.8, "2018-09-30": 18, "2018-06-30": 0, "2018-03-31": "-6.50000", "2017-12-31": 4, "2017-09-30": -3.9, "2017-06-30": 0, "2017-03-31": "-5.80000", "2016-12-31": 3, "2016-09-30": 0, "2016-06-30": -1.2, "2016-03-31": "-3.90000", "2015-12-31": 0.9, "2015-09-30": 0, "2015-06-30": -4.3, "2015-03-31": "1.90000", "2014-12-31": -0.02, "2014-09-30": 0, "2014-06-30": -3, "2014-03-31": "3.20000", "2013-12-31": -2.49, "2012-12-31": 2.48}, "Investing Activities - Other": {"2020-09-30": -0.1, "2020-06-30": 0, "2020-03-31": "0.30000", "2019-12-31": 3.3, "2019-09-30": -0.5, "2019-06-30": -1.3, "2019-03-31": "", "2018-12-31": 5.8, "2018-09-30": 4.2, "2018-06-30": -10, "2018-03-31": "-4.30000", "2017-12-31": 447.7, "2017-09-30": 0, "2017-06-30": 0, "2017-03-31": "", "2016-12-31": 0, "2016-09-30": 0, "2016-06-30": 0, "2016-03-31": "", "2015-12-31": 0, "2015-09-30": 0, "2015-06-30": 1.1, "2015-03-31": "", "2014-12-31": 0.03, "2014-09-30": -0.1, "2014-06-30": 1.2, "2014-03-31": "", "2013-12-31": 0.34, "2012-12-31": 0.06}, "Cash Flow From Investing Activities": {"2020-09-30": -239.3, "2020-06-30": -60.7, "2020-03-31": "-135.90000", "2019-12-31": -17.9, "2019-09-30": -28.9, "2019-06-30": -59.5, "2019-03-31": "-29.00000", "2018-12-31": -59.5, "2018-09-30": -124.5, "2018-06-30": -37.3, "2018-03-31": "-33.50000", "2017-12-31": -72.2, "2017-09-30": 415.6, "2017-06-30": -1883.9, "2017-03-31": "-29.60000", "2016-12-31": -77.6, "2016-09-30": -32.8, "2016-06-30": -57.1, "2016-03-31": "-15.90000", "2015-12-31": -55.6, "2015-09-30": -33.8, "2015-06-30": -47.6, "2015-03-31": "-7.40000", "2014-12-31": -26.51, "2014-09-30": -64.7, "2014-06-30": -12, "2014-03-31": "-4.10000", "2013-12-31": -149.1, "2012-12-31": -59.36}, "Net Long-Term Debt": {"2020-09-30": 725.5, "2020-06-30": -7.4, "2020-03-31": "-6.70000", "2019-12-31": 5.4, "2019-09-30": -9.4, "2019-06-30": -18.2, "2019-03-31": "-7.30000", "2018-12-31": -13, "2018-09-30": -6.2, "2018-06-30": -3.7, "2018-03-31": "-8.80000", "2017-12-31": 856.1, "2017-09-30": -602.9, "2017-06-30": 1675.4, "2017-03-31": "", "2016-12-31": -21.6, "2016-09-30": -2.7, "2016-06-30": 1.5, "2016-03-31": "-7.00000", "2015-12-31": 4.6, "2015-09-30": -6.7, "2015-06-30": -379.5, "2015-03-31": "-4.40000", "2014-12-31": -4.6, "2014-09-30": -3.8, "2014-06-30": 338.1, "2014-03-31": "-2.60000", "2013-12-31": 0, "2012-12-31": 0}, "Net Current Debt": {"2020-09-30": 0, "2020-06-30": 0, "2020-03-31": "", "2019-12-31": 0, "2019-09-30": 0, "2019-06-30": 0, "2019-03-31": "", "2018-12-31": 0, "2018-09-30": 0, "2018-06-30": 0, "2018-03-31": "", "2017-12-31": -596.6, "2017-09-30": 0, "2017-06-30": 0, "2017-03-31": "", "2016-12-31": 0, "2016-09-30": 0, "2016-06-30": 0, "2016-03-31": "", "2015-12-31": 0, "2015-09-30": 0, "2015-06-30": 0, "2015-03-31": "", "2014-12-31": 0, "2014-09-30": 0, "2014-06-30": 0, "2014-03-31": "", "2013-12-31": 0, "2012-12-31": 0}, "Debt Issuance/Retirement Net - Total": {"2020-09-30": 725.5, "2020-06-30": -7.4, "2020-03-31": "-6.70000", "2019-12-31": 5.4, "2019-09-30": -9.4, "2019-06-30": -18.2, "2019-03-31": "-7.30000", "2018-12-31": -13, "2018-09-30": -6.2, "2018-06-30": -3.7, "2018-03-31": "-8.80000", "2017-12-31": 259.5, "2017-09-30": -602.9, "2017-06-30": 1675.4, "2017-03-31": "", "2016-12-31": -21.6, "2016-09-30": -2.7, "2016-06-30": 1.5, "2016-03-31": "-7.00000", "2015-12-31": 4.6, "2015-09-30": -6.7, "2015-06-30": -379.5, "2015-03-31": "-4.40000", "2014-12-31": -4.7, "2014-09-30": -3.8, "2014-06-30": 338.1, "2014-03-31": "-2.60000", "2013-12-31": 99.62, "2012-12-31": -7.71}, "Net Common Equity Issued/Repurchased": {"2020-09-30": 14.2, "2020-06-30": -179.3, "2020-03-31": "-300.40000", "2019-12-31": -22.4, "2019-09-30": -390.6, "2019-06-30": 36, "2019-03-31": "17.60000", "2018-12-31": 22.4, "2018-09-30": 19.1, "2018-06-30": 26.9, "2018-03-31": "20.70000", "2017-12-31": 22.2, "2017-09-30": 15, "2017-06-30": 50.3, "2017-03-31": "13.90000", "2016-12-31": 14.1, "2016-09-30": 22.6, "2016-06-30": 16.9, "2016-03-31": "6.40000", "2015-12-31": 23, "2015-09-30": 0.2, "2015-06-30": 483, "2015-03-31": "0.40000", "2014-12-31": -0.6, "2014-09-30": -0.5, "2014-06-30": -0.6, "2014-03-31": "2.30000", "2013-12-31": 0, "2012-12-31": 0}, "Net Total Equity Issued/Repurchased": {"2020-09-30": 14.2, "2020-06-30": -179.3, "2020-03-31": "-300.40000", "2019-12-31": -22.4, "2019-09-30": -390.6, "2019-06-30": 36, "2019-03-31": "17.60000", "2018-12-31": 22.4, "2018-09-30": 19.1, "2018-06-30": 26.9, "2018-03-31": "20.70000", "2017-12-31": 22.2, "2017-09-30": 15, "2017-06-30": 50.3, "2017-03-31": "13.90000", "2016-12-31": 14.1, "2016-09-30": 22.6, "2016-06-30": 16.9, "2016-03-31": "6.40000", "2015-12-31": 23, "2015-09-30": 0.2, "2015-06-30": 483, "2015-03-31": "0.40000", "2014-12-31": 1.15, "2014-09-30": -0.5, "2014-06-30": -0.6, "2014-03-31": "2.30000", "2013-12-31": 18.89, "2012-12-31": -18.37}, "Total Common And Preferred Stock Dividends Paid": {"2020-09-30": 0, "2020-06-30": 0, "2020-03-31": "", "2019-12-31": 0, "2019-09-30": 0, "2019-06-30": 0, "2019-03-31": "", "2018-12-31": 0, "2018-09-30": 0, "2018-06-30": 0, "2018-03-31": "", "2017-12-31": 0, "2017-09-30": 0, "2017-06-30": 0, "2017-03-31": "", "2016-12-31": 0, "2016-09-30": 0, "2016-06-30": 0, "2016-03-31": "", "2015-12-31": 0, "2015-09-30": 0, "2015-06-30": 0, "2015-03-31": "", "2014-12-31": 0.04, "2014-09-30": -0.5, "2014-06-30": -348.5, "2014-03-31": "", "2013-12-31": 0, "2012-12-31": 0}, "Financial Activities - Other": {"2020-09-30": -849.8, "2020-06-30": 0, "2020-03-31": "-0.20000", "2019-12-31": -32.5, "2019-09-30": -2, "2019-06-30": -11.3, "2019-03-31": "-22.20000", "2018-12-31": 3.6, "2018-09-30": -0.8, "2018-06-30": -13.2, "2018-03-31": "", "2017-12-31": -268.2, "2017-09-30": -2.6, "2017-06-30": -36.3, "2017-03-31": "-18.80000", "2016-12-31": 6, "2016-09-30": -2.7, "2016-06-30": -13.3, "2016-03-31": "-5.10000", "2015-12-31": -12.7, "2015-09-30": 0, "2015-06-30": -10.6, "2015-03-31": "-2.90000", "2014-12-31": -1.7, "2014-09-30": -0.4, "2014-06-30": -8, "2014-03-31": "", "2013-12-31": 7.69, "2012-12-31": -9}, "Cash Flow From Financial Activities": {"2020-09-30": -110.1, "2020-06-30": -186.7, "2020-03-31": "-307.30000", "2019-12-31": -49.5, "2019-09-30": -402, "2019-06-30": 6.5, "2019-03-31": "-11.90000", "2018-12-31": 13, "2018-09-30": 12.1, "2018-06-30": 10, "2018-03-31": "11.90000", "2017-12-31": 13.5, "2017-09-30": -590.5, "2017-06-30": 1689.4, "2017-03-31": "-4.90000", "2016-12-31": -1.5, "2016-09-30": 17.2, "2016-06-30": 5.1, "2016-03-31": "-5.70000", "2015-12-31": 14.9, "2015-09-30": -6.5, "2015-06-30": 92.9, "2015-03-31": "-6.90000", "2014-12-31": -5.21, "2014-09-30": -5.2, "2014-06-30": -19, "2014-03-31": "-0.30000", "2013-12-31": 126.2, "2012-12-31": -35.08}, "Net Cash Flow": {"2020-09-30": -150.9, "2020-06-30": -78.7, "2020-03-31": "-211.40000", "2019-12-31": 96.1, "2019-09-30": -232.1, "2019-06-30": 108.5, "2019-03-31": "157.90000", "2018-12-31": 81.2, "2018-09-30": 41.5, "2018-06-30": 99, "2018-03-31": "128.00000", "2017-12-31": 45.8, "2017-09-30": -41.9, "2017-06-30": -79.4, "2017-03-31": "92.10000", "2016-12-31": 9.9, "2016-09-30": 84.1, "2016-06-30": 40.4, "2016-03-31": "83.70000", "2015-12-31": 20.3, "2015-09-30": 38.3, "2015-06-30": 92.6, "2015-03-31": "57.80000", "2014-12-31": -6.07, "2014-09-30": -19.6, "2014-06-30": 31.1, "2014-03-31": "38.10000", "2013-12-31": 24.31, "2012-12-31": 11.65}, "Stock-Based Compensation": {"2020-09-30": 48.1, "2020-06-30": 48.6, "2020-03-31": "45.40000", "2019-12-31": 40.8, "2019-09-30": 17.7, "2019-06-30": 41.6, "2019-03-31": "46.90000", "2018-12-31": 35.2, "2018-09-30": 30.6, "2018-06-30": 28.2, "2018-03-31": "31.50000", "2017-12-31": 21.2, "2017-09-30": 19.8, "2017-06-30": 19, "2017-03-31": "16.40000", "2016-12-31": 16.5, "2016-09-30": 17.5, "2016-06-30": 10.8, "2016-03-31": "12.00000", "2015-12-31": 11.9, "2015-09-30": 10, "2015-06-30": 9.8, "2015-03-31": "8.70000", "2014-12-31": 7.9, "2014-09-30": 9.4, "2014-06-30": 6, "2014-03-31": "6.80000", "2013-12-31": 0, "2012-12-31": 0}, "Common Stock Dividends Paid": {"2020-09-30": 0, "2020-06-30": 0, "2020-03-31": "", "2019-12-31": 0, "2019-09-30": 0, "2019-06-30": 0, "2019-03-31": "", "2018-12-31": 0, "2018-09-30": 0, "2018-06-30": 0, "2018-03-31": "", "2017-12-31": 0, "2017-09-30": 0, "2017-06-30": 0, "2017-03-31": "", "2016-12-31": 0, "2016-09-30": 0, "2016-06-30": 0, "2016-03-31": "", "2015-12-31": 0, "2015-09-30": 0, "2015-06-30": 0, "2015-03-31": "", "2014-12-31": 349, "2014-09-30": -0.5, "2014-06-30": -348.5, "2014-03-31": "", "2013-12-31": 0, "2012-12-31": 0}}, "financial ratios": {"Current Ratio": {"2019-12-31": "0.78720", "2018-12-31": "0.75670", "2017-12-31": "0.58510", "2016-12-31": "0.73900", "2015-12-31": "0.62310", "2014-12-31": "0.47250", "2013-12-31": "0.47280", "2012-12-31": ""}, "Long-term Debt / Capital": {"2019-12-31": "0.75240", "2018-12-31": "0.74380", "2017-12-31": "0.81520", "2016-12-31": "0.59190", "2015-12-31": "0.60430", "2014-12-31": "0.77460", "2013-12-31": "0.57160", "2012-12-31": ""}, "Debt/Equity Ratio": {"2019-12-31": "3.06250", "2018-12-31": "2.92400", "2017-12-31": "4.44190", "2016-12-31": "1.45580", "2015-12-31": "1.53300", "2014-12-31": "3.44740", "2013-12-31": "1.33590", "2012-12-31": ""}, "Gross Margin": {"2019-12-31": "65.63700", "2018-12-31": "66.39600", "2017-12-31": "65.25380", "2016-12-31": "64.40280", "2015-12-31": "64.79190", "2014-12-31": "62.63250", "2013-12-31": "58.09160", "2012-12-31": "52.76130"}, "Operating Margin": {"2019-12-31": "6.78020", "2018-12-31": "5.62390", "2017-12-31": "2.99740", "2016-12-31": "2.71120", "2015-12-31": "-1.92870", "2014-12-31": "-4.46190", "2013-12-31": "-11.66430", "2012-12-31": "-22.23110"}, "EBIT Margin": {"2019-12-31": "6.78020", "2018-12-31": "5.62390", "2017-12-31": "2.99740", "2016-12-31": "2.71120", "2015-12-31": "-1.92870", "2014-12-31": "-4.46190", "2013-12-31": "-11.66430", "2012-12-31": "-22.23110"}, "EBITDA Margin": {"2019-12-31": "13.79810", "2018-12-31": "14.42430", "2017-12-31": "12.21830", "2016-12-31": "11.37510", "2015-12-31": "7.95120", "2014-12-31": "7.20830", "2013-12-31": "1.59180", "2012-12-31": "-6.10480"}, "Pre-Tax Profit Margin": {"2019-12-31": "4.23010", "2018-12-31": "2.74430", "2017-12-31": "4.78520", "2016-12-31": "-1.16350", "2015-12-31": "-7.50330", "2014-12-31": "-10.53130", "2013-12-31": "-17.77500", "2012-12-31": "-30.65860"}, "Net Profit Margin": {"2019-12-31": "4.58490", "2018-12-31": "2.89840", "2017-12-31": "6.11140", "2016-12-31": "-0.89290", "2015-12-31": "-2.94900", "2014-12-31": "-3.11400", "2013-12-31": "-5.42090", "2012-12-31": "-30.63470"}, "Asset Turnover": {"2019-12-31": "0.47420", "2018-12-31": "0.43730", "2017-12-31": "0.38890", "2016-12-31": "0.48800", "2015-12-31": "0.45940", "2014-12-31": "0.42550", "2013-12-31": "0.35190", "2012-12-31": ""}, "Inventory Turnover Ratio": {"2019-12-31": "", "2018-12-31": "", "2017-12-31": "", "2016-12-31": "", "2015-12-31": "", "2014-12-31": "", "2013-12-31": "", "2012-12-31": ""}, "Receiveable Turnover": {"2019-12-31": "98.94370", "2018-12-31": "100.76140", "2017-12-31": "121.29890", "2016-12-31": "230.98750", "2015-12-31": "334.85420", "2014-12-31": "396.37140", "2013-12-31": "214.04510", "2012-12-31": ""}, "Days Sales In Receivables": {"2019-12-31": "3.68900", "2018-12-31": "3.62240", "2017-12-31": "3.00910", "2016-12-31": "1.58020", "2015-12-31": "1.09000", "2014-12-31": "0.92090", "2013-12-31": "1.70520", "2012-12-31": ""}, "ROE - Return On Equity": {"2019-12-31": "17.69600", "2018-12-31": "9.94540", "2017-12-31": "23.00090", "2016-12-31": "-3.06640", "2015-12-31": "-17.67990", "2014-12-31": "-34.91720", "2013-12-31": "-24.60290", "2012-12-31": ""}, "Return On Tangible Equity": {"2019-12-31": "-4.20400", "2018-12-31": "-2.45880", "2017-12-31": "-3.45390", "2016-12-31": "1.27270", "2015-12-31": "7.00940", "2014-12-31": "7.16320", "2013-12-31": "12.10710", "2012-12-31": ""}, "ROA - Return On Assets": {"2019-12-31": "2.19640", "2018-12-31": "1.34790", "2017-12-31": "2.19050", "2016-12-31": "-0.57830", "2015-12-31": "-3.44120", "2014-12-31": "-4.39480", "2013-12-31": "-6.22130", "2012-12-31": ""}, "ROI - Return On Investment": {"2019-12-31": "4.38130", "2018-12-31": "2.54760", "2017-12-31": "4.25050", "2016-12-31": "-1.25150", "2015-12-31": "-6.99670", "2014-12-31": "-7.87020", "2013-12-31": "-10.54080", "2012-12-31": ""}, "Book Value Per Share": {"2019-12-31": "4.48560", "2018-12-31": "4.71670", "2017-12-31": "3.25300", "2016-12-31": "4.27380", "2015-12-31": "4.32430", "2014-12-31": "", "2013-12-31": "", "2012-12-31": ""}, "Operating Cash Flow Per Share": {"2019-12-31": 0.894, "2018-12-31": 0.4006, "2017-12-31": -2.155, "2016-12-31": 0.4237, "2015-12-31": -0.234, "2014-12-31": 0.7031, "2013-12-31": 3.1069, "2012-12-31": 0.8415}, "Free Cash Flow Per Share": {"2019-12-31": 0.8956, "2018-12-31": 0.3869, "2017-12-31": -1.8546, "2016-12-31": 0.6044, "2015-12-31": 0.5638, "2014-12-31": 0.2962, "2013-12-31": 2.1158, "2012-12-31": 0.4907}}, "financial ratios, quarterly": {"Current Ratio": {"2020-09-30": "0.50760", "2020-06-30": "0.43890", "2020-03-31": "0.64290", "2019-12-31": "0.78720", "2019-09-30": "0.75390", "2019-06-30": "0.85160", "2019-03-31": "0.81800", "2018-12-31": "0.75670", "2018-09-30": "0.70770", "2018-06-30": "0.72850", "2018-03-31": "0.63860", "2017-12-31": "0.58510", "2017-09-30": "0.57330", "2017-06-30": "0.69060", "2017-03-31": "0.79080", "2016-12-31": "0.73900", "2016-09-30": "0.76150", "2016-06-30": "0.69800", "2016-03-31": "0.67940", "2015-12-31": "0.62310", "2015-09-30": "0.61400", "2015-06-30": "0.58890", "2015-03-31": "0.51160", "2014-12-31": "0.47250", "2014-09-30": "", "2014-06-30": "", "2014-03-31": "", "2013-12-31": "", "2012-12-31": ""}, "Long-term Debt / Capital": {"2020-09-30": "1.05580", "2020-06-30": "1.12040", "2020-03-31": "0.82910", "2019-12-31": "0.75240", "2019-09-30": "0.77800", "2019-06-30": "0.71390", "2019-03-31": "0.72130", "2018-12-31": "0.74380", "2018-09-30": "0.76670", "2018-06-30": "0.78080", "2018-03-31": "0.80140", "2017-12-31": "0.81520", "2017-09-30": "0.83740", "2017-06-30": "0.83010", "2017-03-31": "0.58240", "2016-12-31": "0.59190", "2016-09-30": "0.59610", "2016-06-30": "0.61340", "2016-03-31": "0.60640", "2015-12-31": "0.60430", "2015-09-30": "0.62300", "2015-06-30": "0.62550", "2015-03-31": "0.78980", "2014-12-31": "0.77460", "2014-09-30": "", "2014-06-30": "", "2014-03-31": "", "2013-12-31": "", "2012-12-31": ""}, "Debt/Equity Ratio": {"2020-09-30": "-19.04760", "2020-06-30": "-9.37560", "2020-03-31": "4.88800", "2019-12-31": "3.06250", "2019-09-30": "3.53320", "2019-06-30": "2.51580", "2019-03-31": "2.60610", "2018-12-31": "2.92400", "2018-09-30": "3.30930", "2018-06-30": "3.58770", "2018-03-31": "4.06390", "2017-12-31": "4.44190", "2017-09-30": "5.18310", "2017-06-30": "6.06040", "2017-03-31": "1.40300", "2016-12-31": "1.45580", "2016-09-30": "1.48200", "2016-06-30": "1.59320", "2016-03-31": "1.54660", "2015-12-31": "1.53300", "2015-09-30": "1.66030", "2015-06-30": "1.67800", "2015-03-31": "3.77030", "2014-12-31": "3.44740", "2014-09-30": "", "2014-06-30": "", "2014-03-31": "", "2013-12-31": "", "2012-12-31": ""}, "Gross Margin": {"2020-09-30": "65.63240", "2020-06-30": "64.11210", "2020-03-31": "65.01260", "2019-12-31": "65.29980", "2019-09-30": "65.15450", "2019-06-30": "65.46390", "2019-03-31": "66.70420", "2018-12-31": "66.88700", "2018-09-30": "66.60780", "2018-06-30": "66.03750", "2018-03-31": "65.99810", "2017-12-31": "66.45630", "2017-09-30": "65.59600", "2017-06-30": "64.79030", "2017-03-31": "63.89630", "2016-12-31": "64.58120", "2016-09-30": "64.16010", "2016-06-30": "64.46730", "2016-03-31": "64.39940", "2015-12-31": "65.91440", "2015-09-30": "64.97200", "2015-06-30": "64.58810", "2015-03-31": "63.53970", "2014-12-31": "63.99520", "2014-09-30": "63.09890", "2014-06-30": "62.45200", "2014-03-31": "60.71210", "2013-12-31": "", "2012-12-31": ""}, "Operating Margin": {"2020-09-30": "10.94270", "2020-06-30": "2.83980", "2020-03-31": "8.13130", "2019-12-31": "9.41830", "2019-09-30": "12.01840", "2019-06-30": "2.56380", "2019-03-31": "2.64790", "2018-12-31": "6.00750", "2018-09-30": "5.51880", "2018-06-30": "6.67590", "2018-03-31": "4.23250", "2017-12-31": "3.81930", "2017-09-30": "5.51360", "2017-06-30": "1.09360", "2017-03-31": "1.16400", "2016-12-31": "3.68390", "2016-09-30": "4.49060", "2016-06-30": "2.12630", "2016-03-31": "0.29970", "2015-12-31": "2.86790", "2015-09-30": "2.65140", "2015-06-30": "-8.51710", "2015-03-31": "-5.44780", "2014-12-31": "-1.70570", "2014-09-30": "-1.84930", "2014-06-30": "-5.46530", "2014-03-31": "-10.64960", "2013-12-31": "", "2012-12-31": ""}, "EBIT Margin": {"2020-09-30": "10.94270", "2020-06-30": "2.83980", "2020-03-31": "8.13130", "2019-12-31": "9.41820", "2019-09-30": "12.01840", "2019-06-30": "2.56380", "2019-03-31": "2.64790", "2018-12-31": "6.00750", "2018-09-30": "5.51880", "2018-06-30": "6.67590", "2018-03-31": "4.23250", "2017-12-31": "3.81930", "2017-09-30": "5.51360", "2017-06-30": "1.09360", "2017-03-31": "1.16400", "2016-12-31": "3.68390", "2016-09-30": "4.49060", "2016-06-30": "2.12630", "2016-03-31": "0.29970", "2015-12-31": "2.86790", "2015-09-30": "2.65140", "2015-06-30": "-8.51710", "2015-03-31": "-5.44780", "2014-12-31": "-1.70570", "2014-09-30": "-1.84930", "2014-06-30": "-5.46530", "2014-03-31": "-10.64960", "2013-12-31": "", "2012-12-31": ""}, "EBITDA Margin": {"2020-09-30": "", "2020-06-30": "", "2020-03-31": "", "2019-12-31": "", "2019-09-30": "", "2019-06-30": "", "2019-03-31": "", "2018-12-31": "", "2018-09-30": "", "2018-06-30": "", "2018-03-31": "", "2017-12-31": "", "2017-09-30": "", "2017-06-30": "", "2017-03-31": "", "2016-12-31": "", "2016-09-30": "", "2016-06-30": "", "2016-03-31": "", "2015-12-31": "", "2015-09-30": "", "2015-06-30": "", "2015-03-31": "", "2014-12-31": "", "2014-09-30": "", "2014-06-30": "", "2014-03-31": "", "2013-12-31": "", "2012-12-31": ""}, "Pre-Tax Profit Margin": {"2020-09-30": "8.25440", "2020-06-30": "-83.37050", "2020-03-31": "5.27780", "2019-12-31": "7.23990", "2019-09-30": "9.74360", "2019-06-30": "-1.83130", "2019-03-31": "1.30990", "2018-12-31": "5.30320", "2018-09-30": "1.94260", "2018-06-30": "2.91590", "2018-03-31": "0.61590", "2017-12-31": "14.28100", "2017-09-30": "0.70420", "2017-06-30": "3.37040", "2017-03-31": "-0.42880", "2016-12-31": "-0.10290", "2016-09-30": "1.56750", "2016-06-30": "-2.52080", "2016-03-31": "-3.89670", "2015-12-31": "-0.32910", "2015-09-30": "-1.04600", "2015-06-30": "-18.02280", "2015-03-31": "-11.63970", "2014-12-31": "-7.15630", "2014-09-30": "-8.01350", "2014-06-30": "-11.34420", "2014-03-31": "-16.39600", "2013-12-31": "", "2012-12-31": ""}, "Net Profit Margin": {"2020-09-30": "7.66220", "2020-06-30": "-83.48210", "2020-03-31": "5.41670", "2019-12-31": "7.75240", "2019-09-30": "10.01970", "2019-06-30": "-1.70920", "2019-03-31": "1.81690", "2018-12-31": "6.10810", "2018-09-30": "1.94260", "2018-06-30": "2.77780", "2018-03-31": "0.52120", "2017-12-31": "15.37700", "2017-09-30": "3.84750", "2017-06-30": "3.72890", "2017-03-31": "0.12250", "2016-12-31": "-0.39100", "2016-09-30": "1.01670", "2016-06-30": "-1.95090", "2016-03-31": "-2.42100", "2015-12-31": "-0.47010", "2015-09-30": "-0.60810", "2015-06-30": "-7.55390", "2015-03-31": "-3.48130", "2014-12-31": "-7.21010", "2014-09-30": "-7.73330", "2014-06-30": "-11.10780", "2014-03-31": "-16.02120", "2013-12-31": "", "2012-12-31": ""}, "Asset Turnover": {"2020-09-30": "0.13600", "2020-06-30": "0.13240", "2020-03-31": "0.12850", "2019-12-31": "0.12380", "2019-09-30": "0.12330", "2019-06-30": "0.11430", "2019-03-31": "0.11180", "2018-12-31": "0.11440", "2018-09-30": "0.11260", "2018-06-30": "0.10990", "2018-03-31": "0.10680", "2017-12-31": "0.10490", "2017-09-30": "0.10220", "2017-06-30": "0.08920", "2017-03-31": "0.12590", "2016-12-31": "0.12830", "2016-09-30": "0.12620", "2016-06-30": "0.12430", "2016-03-31": "0.12060", "2015-12-31": "0.12160", "2015-09-30": "0.11850", "2015-06-30": "0.11470", "2015-03-31": "0.11300", "2014-12-31": "0.11400", "2014-09-30": "", "2014-06-30": "", "2014-03-31": "", "2013-12-31": "", "2012-12-31": ""}, "Inventory Turnover Ratio": {"2020-09-30": "", "2020-06-30": "", "2020-03-31": "", "2019-12-31": "", "2019-09-30": "", "2019-06-30": "", "2019-03-31": "", "2018-12-31": "", "2018-09-30": "", "2018-06-30": "", "2018-03-31": "", "2017-12-31": "", "2017-09-30": "", "2017-06-30": "", "2017-03-31": "", "2016-12-31": "", "2016-09-30": "", "2016-06-30": "", "2016-03-31": "", "2015-12-31": "", "2015-09-30": "", "2015-06-30": "", "2015-03-31": "", "2014-12-31": "", "2014-09-30": "", "2014-06-30": "", "2014-03-31": "", "2013-12-31": "", "2012-12-31": ""}, "Receiveable Turnover": {"2020-09-30": "21.81910", "2020-06-30": "24.14370", "2020-03-31": "25.06330", "2019-12-31": "25.84110", "2019-09-30": "26.22410", "2019-06-30": "29.72580", "2019-03-31": "20.05650", "2018-12-31": "26.35610", "2018-09-30": "30.20000", "2018-06-30": "27.61020", "2018-03-31": "26.38330", "2017-12-31": "32.72830", "2017-09-30": "33.65320", "2017-06-30": "32.05750", "2017-03-31": "58.29760", "2016-12-31": "60.73750", "2016-09-30": "43.71300", "2016-06-30": "61.64870", "2016-03-31": "71.09840", "2015-12-31": "88.62500", "2015-09-30": "66.30650", "2015-06-30": "74.43400", "2015-03-31": "75.26000", "2014-12-31": "106.20000", "2014-09-30": "", "2014-06-30": "", "2014-03-31": "", "2013-12-31": "", "2012-12-31": ""}, "Days Sales In Receivables": {"2020-09-30": "4.12480", "2020-06-30": "3.72770", "2020-03-31": "3.59090", "2019-12-31": "3.48280", "2019-09-30": "3.43200", "2019-06-30": "3.02770", "2019-03-31": "4.48730", "2018-12-31": "3.41480", "2018-09-30": "2.98010", "2018-06-30": "3.25970", "2018-03-31": "3.41120", "2017-12-31": "2.74990", "2017-09-30": "2.67430", "2017-06-30": "2.80750", "2017-03-31": "1.54380", "2016-12-31": "1.48180", "2016-09-30": "2.05890", "2016-06-30": "1.45990", "2016-03-31": "1.26590", "2015-12-31": "1.01550", "2015-09-30": "1.35730", "2015-06-30": "1.20910", "2015-03-31": "1.19590", "2014-12-31": "0.84750", "2014-09-30": "", "2014-06-30": "", "2014-03-31": "", "2013-12-31": "", "2012-12-31": ""}, "ROE - Return On Equity": {"2020-09-30": "-39.74360", "2020-06-30": "264.51860", "2020-03-31": "8.83260", "2019-12-31": "7.81230", "2019-09-30": "11.29580", "2019-06-30": "-1.32750", "2019-03-31": "1.42950", "2018-12-31": "5.27590", "2018-09-30": "1.93200", "2018-06-30": "2.99570", "2018-03-31": "0.70430", "2017-12-31": "17.98720", "2017-09-30": "1.51320", "2017-06-30": "4.72730", "2017-03-31": "-0.41930", "2016-12-31": "-0.11200", "2016-09-30": "1.18180", "2016-06-30": "-1.69750", "2016-03-31": "-2.71390", "2015-12-31": "-0.07340", "2015-09-30": "-0.82380", "2015-06-30": "-11.40440", "2015-03-31": "-11.53950", "2014-12-31": "-6.53020", "2014-09-30": "", "2014-06-30": "", "2014-03-31": "", "2013-12-31": "", "2012-12-31": ""}, "Return On Tangible Equity": {"2020-09-30": "-1.40310", "2020-06-30": "15.17750", "2020-03-31": "-1.18120", "2019-12-31": "-1.85600", "2019-09-30": "-2.28510", "2019-06-30": "0.40160", "2019-03-31": "-0.41190", "2018-12-31": "-1.30430", "2018-09-30": "-0.40410", "2018-06-30": "-0.59160", "2018-03-31": "-0.11600", "2017-12-31": "-2.70100", "2017-09-30": "-0.19040", "2017-06-30": "-0.63970", "2017-03-31": "0.18450", "2016-12-31": "0.04650", "2016-09-30": "-0.49370", "2016-06-30": "0.63840", "2016-03-31": "1.07620", "2015-12-31": "0.02910", "2015-09-30": "0.29560", "2015-06-30": "4.03330", "2015-03-31": "2.15640", "2014-12-31": "1.33970", "2014-09-30": "", "2014-06-30": "", "2014-03-31": "", "2013-12-31": "", "2012-12-31": ""}, "ROA - Return On Assets": {"2020-09-30": "1.04870", "2020-06-30": "-11.05040", "2020-03-31": "0.70100", "2019-12-31": "0.96970", "2019-09-30": "1.24520", "2019-06-30": "-0.19690", "2019-03-31": "0.20790", "2018-12-31": "0.71510", "2018-09-30": "0.23350", "2018-06-30": "0.34080", "2018-03-31": "0.07080", "2017-12-31": "1.71310", "2017-09-30": "0.12470", "2017-06-30": "0.37420", "2017-03-31": "-0.07970", "2016-12-31": "-0.02110", "2016-09-30": "0.22190", "2016-06-30": "-0.30240", "2016-03-31": "-0.50880", "2015-12-31": "-0.01430", "2015-09-30": "-0.14990", "2015-06-30": "-2.07270", "2015-03-31": "-1.30350", "2014-12-31": "-0.82190", "2014-09-30": "", "2014-06-30": "", "2014-03-31": "", "2013-12-31": "", "2012-12-31": ""}, "ROI - Return On Investment": {"2020-09-30": "2.21910", "2020-06-30": "-31.85240", "2020-03-31": "1.50980", "2019-12-31": "1.93420", "2019-09-30": "2.50730", "2019-06-30": "-0.37970", "2019-03-31": "0.39840", "2018-12-31": "1.35150", "2018-09-30": "0.45070", "2018-06-30": "0.65650", "2018-03-31": "0.13990", "2017-12-31": "3.32400", "2017-09-30": "0.24610", "2017-06-30": "0.80300", "2017-03-31": "-0.17510", "2016-12-31": "-0.04570", "2016-09-30": "0.47730", "2016-06-30": "-0.65620", "2016-03-31": "-1.06830", "2015-12-31": "-0.02910", "2015-09-30": "-0.31060", "2015-06-30": "-4.27070", "2015-03-31": "-2.42570", "2014-12-31": "-1.47190", "2014-09-30": "", "2014-06-30": "", "2014-03-31": "", "2013-12-31": "", "2012-12-31": ""}, "Book Value Per Share": {"2020-09-30": "-0.97030", "2020-06-30": "-1.51600", "2020-03-31": "2.89560", "2019-12-31": "4.48560", "2019-09-30": "3.93120", "2019-06-30": "5.36590", "2019-03-31": "5.22380", "2018-12-31": "4.71670", "2018-09-30": "4.21250", "2018-06-30": "3.92030", "2018-03-31": "3.49860", "2017-12-31": "3.25300", "2017-09-30": "2.82290", "2017-06-30": "3.00460", "2017-03-31": "4.37400", "2016-12-31": "4.27380", "2016-09-30": "4.24780", "2016-06-30": "4.05390", "2016-03-31": "4.26310", "2015-12-31": "4.32430", "2015-09-30": "4.05500", "2015-06-30": "4.02440", "2015-03-31": "2.42130", "2014-12-31": "", "2014-09-30": "", "2014-06-30": "", "2014-03-31": "", "2013-12-31": "", "2012-12-31": ""}, "Operating Cash Flow Per Share": {"2020-09-30": 1.0726, "2020-06-30": 1.1086, "2020-03-31": "1.31170", "2019-12-31": 0.8914, "2019-09-30": 1.0383, "2019-06-30": 0.9607, "2019-03-31": "1.09040", "2018-12-31": 0.7221, "2018-09-30": 0.8316, "2018-06-30": 0.7031, "2018-03-31": "0.83000", "2017-12-31": 0.5671, "2017-09-30": 0.7616, "2017-06-30": 0.0946, "2017-03-31": "1.26290", "2016-12-31": 3.1508, "2016-09-30": -0.7848, "2016-06-30": 0.9229, "2016-03-31": "1.55230", "2015-12-31": 1.3698, "2015-09-30": 1.2004, "2015-06-30": -0.0097, "2015-03-31": "1.85700", "2014-12-31": 0.6609, "2014-09-30": 1.2955, "2014-06-30": 2.3621, "2014-03-31": "0.33200", "2013-12-31": 0, "2012-12-31": 0}, "Free Cash Flow Per Share": {"2020-09-30": 1.0296, "2020-06-30": 0.9994, "2020-03-31": "1.23580", "2019-12-31": 0.8008, "2019-09-30": 0.9077, "2019-06-30": 0.8605, "2019-03-31": "0.92980", "2018-12-31": 0.5099, "2018-09-30": 0.7587, "2018-06-30": 0.5946, "2018-03-31": "0.74000", "2017-12-31": 0.4408, "2017-09-30": 0.6245, "2017-06-30": 0.0856, "2017-03-31": "1.06540", "2016-12-31": 2.6237, "2016-09-30": -0.695, "2016-06-30": 0.7668, "2016-03-31": "1.37540", "2015-12-31": 0.9465, "2015-09-30": 1.0285, "2015-06-30": -0.1543, "2015-03-31": "1.64580", "2014-12-31": -0.0216, "2014-09-30": 0.7083, "2014-06-30": 1.9486, "2014-03-31": "0.26640", "2013-12-31": 0, "2012-12-31": 0}}, "revenue": {"GoDaddy Annual Revenue (Millions of US $)": {"2019": "$2,988", "2018": "$2,660", "2017": "$2,232", "2016": "$1,848", "2015": "$1,607", "2014": "$1,387", "2013": "$1,131", "2012": "$911"}, "GoDaddy Quarterly Revenue (Millions of US $)": {"2020-09-30": "$844", "2020-06-30": "$806", "2020-03-31": "$792", "2019-12-31": "$780", "2019-09-30": "$761", "2019-06-30": "$737", "2019-03-31": "$710", "2018-12-31": "$696", "2018-09-30": "$680", "2018-06-30": "$652", "2018-03-31": "$633", "2017-12-31": "$602", "2017-09-30": "$582", "2017-06-30": "$558", "2017-03-31": "$490", "2016-12-31": "$486", "2016-09-30": "$472", "2016-06-30": "$456", "2016-03-31": "$434", "2015-12-31": "$425", "2015-09-30": "$411", "2015-06-30": "$395", "2015-03-31": "$376", "2014-12-31": "$372", "2014-09-30": "$357", "2014-06-30": "$339", "2014-03-31": "$320", "2013-12-31": "", "2012-12-31": ""}}, "gross-profit": {"GoDaddy Annual Gross Profit (Millions of US $)": {"2019": "$1,961", "2018": "$1,766", "2017": "$1,456", "2016": "$1,190", "2015": "$1,041", "2014": "$869", "2013": "$657", "2012": "$481"}, "GoDaddy Quarterly Gross Profit (Millions of US $)": {"2020-09-30": "$554", "2020-06-30": "$517", "2020-03-31": "$515", "2019-12-31": "$510", "2019-09-30": "$496", "2019-06-30": "$483", "2019-03-31": "$474", "2018-12-31": "$465", "2018-09-30": "$453", "2018-06-30": "$430", "2018-03-31": "$418", "2017-12-31": "$400", "2017-09-30": "$382", "2017-06-30": "$361", "2017-03-31": "$313", "2016-12-31": "$314", "2016-09-30": "$303", "2016-06-30": "$294", "2016-03-31": "$279", "2015-12-31": "$280", "2015-09-30": "$267", "2015-06-30": "$255", "2015-03-31": "$239", "2014-12-31": "$238", "2014-09-30": "$225", "2014-06-30": "$211", "2014-03-31": "$194", "2013-12-31": "", "2012-12-31": ""}}, "operating-income": {"GoDaddy Annual Operating Income (Millions of US $)": {"2019": "$203", "2018": "$150", "2017": "$67", "2016": "$50", "2015": "$-31", "2014": "$-62", "2013": "$-132", "2012": "$-203"}, "GoDaddy Quarterly Operating Income (Millions of US $)": {"2020-09-30": "$92", "2020-06-30": "$23", "2020-03-31": "$64", "2019-12-31": "$74", "2019-09-30": "$91", "2019-06-30": "$19", "2019-03-31": "$19", "2018-12-31": "$42", "2018-09-30": "$38", "2018-06-30": "$44", "2018-03-31": "$27", "2017-12-31": "$23", "2017-09-30": "$32", "2017-06-30": "$6", "2017-03-31": "$6", "2016-12-31": "$18", "2016-09-30": "$21", "2016-06-30": "$10", "2016-03-31": "$1", "2015-12-31": "$12", "2015-09-30": "$11", "2015-06-30": "$-34", "2015-03-31": "$-21", "2014-12-31": "$-6", "2014-09-30": "$-7", "2014-06-30": "$-19", "2014-03-31": "$-34", "2013-12-31": "", "2012-12-31": ""}}, "ebitda": {"GoDaddy Annual EBITDA (Millions of US $)": {"2019": "$412", "2018": "$384", "2017": "$273", "2016": "$210", "2015": "$128", "2014": "$100", "2013": "$18", "2012": "$-56"}, "GoDaddy Quarterly EBITDA (Millions of US $)": {"2020-09-30": "$143", "2020-06-30": "$71", "2020-03-31": "$117", "2019-12-31": "$122", "2019-09-30": "$141", "2019-06-30": "$73", "2019-03-31": "$76", "2018-12-31": "$100", "2018-09-30": "$99", "2018-06-30": "$101", "2018-03-31": "$85", "2017-12-31": "$82", "2017-09-30": "$92", "2017-06-30": "$62", "2017-03-31": "$37", "2016-12-31": "$56", "2016-09-30": "$65", "2016-06-30": "$49", "2016-03-31": "$40", "2015-12-31": "$55", "2015-09-30": "$52", "2015-06-30": "$5", "2015-03-31": "$17", "2014-12-31": "$42", "2014-09-30": "$32", "2014-06-30": "$19", "2014-03-31": "$3", "2013-12-31": "", "2012-12-31": ""}}, "net-income": {"GoDaddy Annual Net Income (Millions of US $)": {"2019": "$137", "2018": "$77", "2017": "$136", "2016": "$-17", "2015": "$-47", "2014": "$-43", "2013": "$-61", "2012": "$-279"}, "GoDaddy Quarterly Net Income (Millions of US $)": {"2020-09-30": "$65", "2020-06-30": "$-673", "2020-03-31": "$43", "2019-12-31": "$61", "2019-09-30": "$76", "2019-06-30": "$-13", "2019-03-31": "$13", "2018-12-31": "$43", "2018-09-30": "$13", "2018-06-30": "$18", "2018-03-31": "$3", "2017-12-31": "$93", "2017-09-30": "$22", "2017-06-30": "$21", "2017-03-31": "$1", "2016-12-31": "$-2", "2016-09-30": "$5", "2016-06-30": "$-9", "2016-03-31": "$-11", "2015-12-31": "$-2", "2015-09-30": "$-3", "2015-06-30": "$-30", "2015-03-31": "$-13", "2014-12-31": "$-27", "2014-09-30": "$-28", "2014-06-30": "$-38", "2014-03-31": "$-51", "2013-12-31": "", "2012-12-31": ""}}, "eps-earnings-per-share-diluted": {"GoDaddy Annual EPS": {"2019": "$0.76", "2018": "$0.45", "2017": "$0.79", "2016": "$-0.21", "2015": "$-0.81", "2014": "$-1.11", "2013": "$-1.58", "2012": "$-2.21"}, "GoDaddy Quarterly EPS": {"2020-09-30": "$0.38", "2020-06-30": "$-4.06", "2020-03-31": "$0.24", "2019-12-31": "$0.34", "2019-09-30": "$0.42", "2019-06-30": "$-0.07", "2019-03-31": "$0.07", "2018-12-31": "$0.24", "2018-09-30": "$0.08", "2018-06-30": "$0.11", "2018-03-31": "$0.02", "2017-12-31": "$0.51", "2017-09-30": "$0.17", "2017-06-30": "$0.10", "2017-03-31": "$0.01", "2016-12-31": "$0.00", "2016-09-30": "$0.05", "2016-06-30": "$-0.11", "2016-03-31": "$-0.15", "2015-12-31": "$0.03", "2015-09-30": "$-0.04", "2015-06-30": "$-0.46", "2015-03-31": "$-0.34", "2014-12-31": "$-0.21", "2014-09-30": "$-0.21", "2014-06-30": "$-0.29", "2014-03-31": "$-0.40", "2013-12-31": "$0.00", "2012-12-31": "$0.00"}}, "shares-outstanding": {"GoDaddy Annual Shares Outstanding (Millions of Shares)": {"2019": "182", "2018": "181", "2017": "177", "2016": "80", "2015": "59", "2014": "39", "2013": "39", "2012": "126"}, "GoDaddy Quarterly Shares Outstanding (Millions of Shares)": {"2020-09-30": "171", "2020-06-30": "166", "2020-03-31": "178", "2019-12-31": "182", "2019-09-30": "182", "2019-06-30": "176", "2019-03-31": "183", "2018-12-31": "181", "2018-09-30": "182", "2018-06-30": "181", "2018-03-31": "179", "2017-12-31": "177", "2017-09-30": "175", "2017-06-30": "177", "2017-03-31": "100", "2016-12-31": "80", "2016-09-30": "176", "2016-06-30": "80", "2016-03-31": "68", "2015-12-31": "59", "2015-09-30": "65", "2015-06-30": "65", "2015-03-31": "39", "2014-12-31": "39", "2014-09-30": "39", "2014-06-30": "39", "2014-03-31": "128", "2013-12-31": "", "2012-12-31": ""}}, "total-assets": {"GoDaddy Annual Total Assets (Millions of US $)": {"2019": "$6,301", "2018": "$6,083", "2017": "$5,738", "2016": "$3,787", "2015": "$3,499", "2014": "$3,261", "2013": "$3,213", "2012": "$0"}, "GoDaddy Quarterly Total Assets (Millions of US $)": {"2020-09-30": "$6,208", "2020-06-30": "$6,092", "2020-03-31": "$6,162", "2019-12-31": "$6,301", "2019-09-30": "$6,168", "2019-06-30": "$6,449", "2019-03-31": "$6,351", "2018-12-31": "$6,083", "2018-09-30": "$6,037", "2018-06-30": "$5,928", "2018-03-31": "$5,931", "2017-12-31": "$5,738", "2017-09-30": "$5,695", "2017-06-30": "$6,254", "2017-03-31": "$3,890", "2016-12-31": "$3,787", "2016-09-30": "$3,741", "2016-06-30": "$3,671", "2016-03-31": "$3,597", "2015-12-31": "$3,499", "2015-09-30": "$3,470", "2015-06-30": "$3,440", "2015-03-31": "$3,329", "2014-12-31": "$3,261", "2014-09-30": "$0", "2014-06-30": "$0", "2014-03-31": "$0", "2013-12-31": "$3,213", "2012-12-31": "$0"}}, "cash-on-hand": {"GoDaddy Annual Cash on Hand (Millions of US $)": {"2019": "$1,086", "2018": "$951", "2017": "$595", "2016": "$573", "2015": "$353", "2014": "$142", "2013": "$99", "2012": "$"}, "GoDaddy Quarterly Cash on Hand (Millions of US $)": {"2020-09-30": "$622", "2020-06-30": "$773", "2020-03-31": "$851", "2019-12-31": "$1,086", "2019-09-30": "$990", "2019-06-30": "$1,222", "2019-03-31": "$1,109", "2018-12-31": "$951", "2018-09-30": "$852", "2018-06-30": "$829", "2018-03-31": "$730", "2017-12-31": "$595", "2017-09-30": "$553", "2017-06-30": "$591", "2017-03-31": "$671", "2016-12-31": "$573", "2016-09-30": "$566", "2016-06-30": "$482", "2016-03-31": "$440", "2015-12-31": "$353", "2015-09-30": "$333", "2015-06-30": "$295", "2015-03-31": "$198", "2014-12-31": "$142", "2014-09-30": "", "2014-06-30": "", "2014-03-31": "", "2013-12-31": "$99", "2012-12-31": ""}}, "long-term-debt": {"GoDaddy Annual Long Term Debt (Millions of US $)": {"2019": "$2,377", "2018": "$2,394", "2017": "$2,411", "2016": "$1,036", "2015": "$1,040", "2014": "$1,410", "2013": "$1,084", "2012": "$"}, "GoDaddy Quarterly Long Term Debt (Millions of US $)": {"2020-09-30": "$3,097", "2020-06-30": "$2,368", "2020-03-31": "$2,372", "2019-12-31": "$2,377", "2019-09-30": "$2,383", "2019-06-30": "$2,388", "2019-03-31": "$2,390", "2018-12-31": "$2,394", "2018-09-30": "$2,398", "2018-06-30": "$2,403", "2018-03-31": "$2,407", "2017-12-31": "$2,411", "2017-09-30": "$2,416", "2017-06-30": "$2,419", "2017-03-31": "$1,031", "2016-12-31": "$1,036", "2016-09-30": "$1,037", "2016-06-30": "$1,038", "2016-03-31": "$1,039", "2015-12-31": "$1,040", "2015-09-30": "$1,043", "2015-06-30": "$1,044", "2015-03-31": "$1,413", "2014-12-31": "$1,410", "2014-09-30": "", "2014-06-30": "", "2014-03-31": "", "2013-12-31": "$1,084", "2012-12-31": ""}}, "total-liabilities": {"GoDaddy Annual Total Liabilities (Millions of US $)": {"2019": "$5,519", "2018": "$5,259", "2017": "$5,192", "2016": "$3,073", "2015": "$2,818", "2014": "$2,850", "2013": "$2,401", "2012": "$0"}, "GoDaddy Quarterly Total Liabilities (Millions of US $)": {"2020-09-30": "$6,372", "2020-06-30": "$6,347", "2020-03-31": "$5,673", "2019-12-31": "$5,519", "2019-09-30": "$5,488", "2019-06-30": "$5,492", "2019-03-31": "$5,427", "2018-12-31": "$5,259", "2018-09-30": "$5,308", "2018-06-30": "$5,254", "2018-03-31": "$5,335", "2017-12-31": "$5,192", "2017-09-30": "$5,226", "2017-06-30": "$5,759", "2017-03-31": "$3,151", "2016-12-31": "$3,073", "2016-09-30": "$3,039", "2016-06-30": "$3,017", "2016-03-31": "$2,923", "2015-12-31": "$2,818", "2015-09-30": "$2,839", "2015-06-30": "$2,815", "2015-03-31": "$2,953", "2014-12-31": "$2,850", "2014-09-30": "$0", "2014-06-30": "$0", "2014-03-31": "$0", "2013-12-31": "$2,401", "2012-12-31": "$0"}}, "total-share-holder-equity": {"GoDaddy Annual Share Holder Equity (Millions of US $)": {"2019": "$782", "2018": "$825", "2017": "$547", "2016": "$714", "2015": "$681", "2014": "$410", "2013": "$813", "2012": "$0"}, "GoDaddy Quarterly Share Holder Equity (Millions of US $)": {"2020-09-30": "$-164", "2020-06-30": "$-255", "2020-03-31": "$489", "2019-12-31": "$782", "2019-09-30": "$680", "2019-06-30": "$957", "2019-03-31": "$923", "2018-12-31": "$825", "2018-09-30": "$730", "2018-06-30": "$674", "2018-03-31": "$596", "2017-12-31": "$547", "2017-09-30": "$469", "2017-06-30": "$495", "2017-03-31": "$739", "2016-12-31": "$714", "2016-09-30": "$702", "2016-06-30": "$654", "2016-03-31": "$674", "2015-12-31": "$681", "2015-09-30": "$631", "2015-06-30": "$625", "2015-03-31": "$376", "2014-12-31": "$410", "2014-09-30": "$0", "2014-06-30": "$0", "2014-03-31": "$0", "2013-12-31": "$813", "2012-12-31": "$0"}}, "profit-margins": {"current": "-15.67%"}, "gross margin": {"2020-09-30": "65.05%", "2020-06-30": "64.93%", "2020-03-31": "65.28%", "2019-12-31": "65.70%", "2019-09-30": "66.05%", "2019-06-30": "66.42%", "2019-03-31": "66.54%", "2018-12-31": "66.37%", "2018-09-30": "66.26%", "2018-06-30": "66.02%", "2018-03-31": "65.73%", "2017-12-31": "65.23%", "2017-09-30": "64.74%", "2017-06-30": "64.36%", "2017-03-31": "64.29%", "2016-12-31": "64.39%", "2016-09-30": "64.69%", "2016-06-30": "64.89%", "2016-03-31": "64.92%", "2015-12-31": "64.78%", "2015-09-30": "64.29%", "2015-06-30": "63.80%", "2015-03-31": "63.23%", "2014-12-31": "62.54%"}, "operating margin": {"2020-09-30": "7.85%", "2020-06-30": "8.03%", "2020-03-31": "8.08%", "2019-12-31": "6.79%", "2019-09-30": "5.89%", "2019-06-30": "4.18%", "2019-03-31": "5.22%", "2018-12-31": "5.67%", "2018-09-30": "5.14%", "2018-06-30": "5.10%", "2018-03-31": "3.71%", "2017-12-31": "3.00%", "2017-09-30": "2.93%", "2017-06-30": "2.54%", "2017-03-31": "2.89%", "2016-12-31": "2.71%", "2016-09-30": "2.46%", "2016-06-30": "1.97%", "2016-03-31": "-0.60%", "2015-12-31": "-1.99%", "2015-09-30": "-3.22%", "2015-06-30": "-4.53%", "2015-03-31": "-3.67%", "2014-12-31": "-4.76%"}, "ebitda margin": {"2020-09-30": "14.06%", "2020-06-30": "14.37%", "2020-03-31": "14.76%", "2019-12-31": "13.79%", "2019-09-30": "13.43%", "2019-06-30": "12.33%", "2019-03-31": "13.73%", "2018-12-31": "14.47%", "2018-09-30": "14.30%", "2018-06-30": "14.58%", "2018-03-31": "13.52%", "2017-12-31": "12.23%", "2017-09-30": "11.67%", "2017-06-30": "10.97%", "2017-03-31": "10.87%", "2016-12-31": "11.36%", "2016-09-30": "11.70%", "2016-06-30": "11.36%", "2016-03-31": "9.13%", "2015-12-31": "8.03%", "2015-09-30": "7.46%", "2015-06-30": "6.40%", "2015-03-31": "7.62%", "2014-12-31": "6.92%"}, "pre tax profit margin": {"2020-09-30": "-15.61%", "2020-06-30": "-15.90%", "2020-03-31": "5.18%", "2019-12-31": "4.22%", "2019-09-30": "3.65%", "2019-06-30": "1.59%", "2019-03-31": "2.85%", "2018-12-31": "2.74%", "2018-09-30": "4.75%", "2018-06-30": "4.58%", "2018-03-31": "4.76%", "2017-12-31": "4.79%", "2017-09-30": "0.95%", "2017-06-30": "1.15%", "2017-03-31": "-0.42%", "2016-12-31": "-1.24%", "2016-09-30": "-1.29%", "2016-06-30": "-1.97%", "2016-03-31": "-5.59%", "2015-12-31": "-7.47%", "2015-09-30": "-9.40%", "2015-06-30": "-11.40%", "2015-03-31": "-9.56%", "2014-12-31": "-10.59%"}, "net profit margin": {"2020-09-30": "-15.64%", "2020-06-30": "-15.71%", "2020-03-31": "5.44%", "2019-12-31": "4.59%", "2019-09-30": "4.10%", "2019-06-30": "1.98%", "2019-03-31": "3.18%", "2018-12-31": "2.89%", "2018-09-30": "4.95%", "2018-06-30": "5.51%", "2018-03-31": "5.85%", "2017-12-31": "6.14%", "2017-09-30": "1.98%", "2017-06-30": "1.25%", "2017-03-31": "-0.26%", "2016-12-31": "-0.92%", "2016-09-30": "-0.95%", "2016-06-30": "-1.45%", "2016-03-31": "-2.76%", "2015-12-31": "-2.99%", "2015-09-30": "-4.70%", "2015-06-30": "-6.53%", "2015-03-31": "-7.34%", "2014-12-31": "-10.37%"}, "pe ratio": {"current": "75.03", "2021-02-05": "0.00", "2020-09-30": "0.00", "2020-06-30": "0.00", "2020-03-31": "61.41", "2019-12-31": "89.37", "2019-09-30": "99.97", "2019-06-30": "219.22", "2019-03-31": "150.38", "2018-12-31": "145.82", "2018-09-30": "111.19", "2018-06-30": "84.05", "2018-03-31": "74.00", "2017-12-31": "61.32", "2017-09-30": "167.35", "2017-06-30": "303.00", "2017-03-31": "0.00", "2016-12-31": "0.00", "2016-09-30": "0.00", "2016-06-30": "0.00", "2016-03-31": "0.00"}, "price sales": {"2021-02-05": "4.70", "2020-09-30": "4.10", "2020-06-30": "4.12", "2020-03-31": "3.34", "2019-12-31": "4.10", "2019-09-30": "4.10", "2019-06-30": "4.49", "2019-03-31": "5.00", "2018-12-31": "4.46", "2018-09-30": "5.84", "2018-06-30": "5.09", "2018-03-31": "4.58", "2017-12-31": "3.41", "2017-09-30": "2.49", "2017-06-30": "2.52", "2017-03-31": "1.96", "2016-12-31": "1.67", "2016-09-30": "1.57", "2016-06-30": "1.21", "2016-03-31": "1.24"}, "price book": {"current": "0.00", "2021-02-05": "0.00", "2020-09-30": "-78.30", "2020-06-30": "-48.37", "2020-03-31": "19.72", "2019-12-31": "15.14", "2019-09-30": "16.78", "2019-06-30": "13.07", "2019-03-31": "14.39", "2018-12-31": "13.91", "2018-09-30": "19.80", "2018-06-30": "18.01", "2018-03-31": "17.56", "2017-12-31": "15.46", "2017-09-30": "15.41", "2017-06-30": "14.12", "2017-03-31": "8.66", "2016-12-31": "8.18", "2016-09-30": "8.13", "2016-06-30": "7.69", "2016-03-31": "7.58", "2015-12-31": "7.41", "2015-09-30": "6.22", "2015-06-30": "7.00"}, "price fcf": {"2021-02-05": "", "2020-09-30": "$4.07", "2020-06-30": "$3.94", "2020-03-31": "$3.80", "2019-12-31": "$3.50", "2019-09-30": "$3.21", "2019-06-30": "$3.06", "2019-03-31": "$2.79", "2018-12-31": "$2.60", "2018-09-30": "$2.53", "2018-06-30": "$2.40", "2018-03-31": "$1.89", "2017-12-31": "$2.22", "2017-09-30": "$4.40", "2017-06-30": "$3.08", "2017-03-31": "$3.76", "2016-12-31": "$4.07", "2016-09-30": "$2.39", "2016-06-30": "$4.12", "2016-03-31": "$4.84"}, "net worth": {"value": "$14.7B"}, "current ratio": {"current": "0.51", "2020-09-30": "0.51", "2020-06-30": "0.44", "2020-03-31": "0.64", "2019-12-31": "0.79", "2019-09-30": "0.75", "2019-06-30": "0.85", "2019-03-31": "0.82", "2018-12-31": "0.76", "2018-09-30": "0.71", "2018-06-30": "0.73", "2018-03-31": "0.64", "2017-12-31": "0.59", "2017-09-30": "0.57", "2017-06-30": "0.69", "2017-03-31": "0.79", "2016-12-31": "0.74", "2016-09-30": "0.76", "2016-06-30": "0.70", "2016-03-31": "0.68", "2015-12-31": "0.62", "2015-09-30": "0.61", "2015-06-30": "0.59", "2015-03-31": "0.51", "2014-12-31": "0.47", "2014-09-30": "0.00", "2014-06-30": "0.00", "2014-03-31": "0.00", "2013-12-31": "0.47", "2012-12-31": "0.00"}, "quick ratio": {"2020-09-30": "0.00", "2020-06-30": "0.00", "2020-03-31": "0.00", "2019-12-31": "0.00", "2019-09-30": "0.00", "2019-06-30": "0.00", "2019-03-31": "0.00", "2018-12-31": "0.00", "2018-09-30": "0.00", "2018-06-30": "0.00", "2018-03-31": "0.00", "2017-12-31": "0.00", "2017-09-30": "0.00", "2017-06-30": "0.00", "2017-03-31": "0.00", "2016-12-31": "0.00", "2016-09-30": "0.00", "2016-06-30": "0.00", "2016-03-31": "0.00", "2015-12-31": "0.00", "2015-09-30": "0.00", "2015-06-30": "0.00", "2015-03-31": "0.00", "2014-12-31": "0.00", "2014-09-30": "0.00", "2014-06-30": "0.00", "2014-03-31": "0.00", "2013-12-31": "0.00", "2012-12-31": "0.00"}, "debt equity ratio": {"current": "0.00", "2020-09-30": "-38.90", "2020-06-30": "-24.94", "2020-03-31": "11.60", "2019-12-31": "7.06", "2019-09-30": "8.07", "2019-06-30": "5.74", "2019-03-31": "5.88", "2018-12-31": "6.38", "2018-09-30": "7.27", "2018-06-30": "7.79", "2018-03-31": "8.95", "2017-12-31": "9.50", "2017-09-30": "11.14", "2017-06-30": "11.63", "2017-03-31": "4.26", "2016-12-31": "4.30", "2016-09-30": "4.33", "2016-06-30": "4.61", "2016-03-31": "4.33", "2015-12-31": "4.14", "2015-09-30": "4.50", "2015-06-30": "4.50", "2015-03-31": "7.85", "2014-12-31": "6.95", "2014-09-30": "0.00", "2014-06-30": "0.00", "2014-03-31": "0.00", "2013-12-31": "2.96", "2012-12-31": "0.00"}, "return on equity": {"2020-09-30": "-236.62%", "2020-06-30": "-116.27%", "2020-03-31": "22.97%", "2019-12-31": "16.40%", "2019-09-30": "14.06%", "2019-06-30": "6.52%", "2019-03-31": "11.04%", "2018-12-31": "10.90%", "2018-09-30": "19.95%", "2018-06-30": "23.80%", "2018-03-31": "26.39%", "2017-12-31": "24.36%", "2017-09-30": "6.95%", "2017-06-30": "3.77%", "2017-03-31": "-0.71%", "2016-12-31": "-2.48%", "2016-09-30": "-2.51%", "2016-06-30": "-3.79%", "2016-03-31": "-7.05%", "2015-12-31": "-8.30%", "2015-09-30": "-14.30%", "2015-06-30": "-27.78%", "2015-03-31": "-53.94%", "2014-12-31": "-140.49%"}, "return on assets": {"2020-09-30": "-8.14%", "2020-06-30": "-7.98%", "2020-03-31": "2.66%", "2019-12-31": "2.17%", "2019-09-30": "1.90%", "2019-06-30": "0.90%", "2019-03-31": "1.43%", "2018-12-31": "1.28%", "2018-09-30": "2.15%", "2018-06-30": "2.34%", "2018-03-31": "2.35%", "2017-12-31": "2.54%", "2017-09-30": "0.86%", "2017-06-30": "0.57%", "2017-03-31": "-0.13%", "2016-12-31": "-0.46%", "2016-09-30": "-0.47%", "2016-06-30": "-0.70%", "2016-03-31": "-1.31%", "2015-12-31": "-1.40%", "2015-09-30": "-2.16%", "2015-06-30": "-3.91%", "2015-03-31": "-6.43%", "2014-12-31": "-17.66%"}, "return on investments": {"2020-09-30": "9.14%", "2020-06-30": "9.00%", "2020-03-31": "7.98%", "2019-12-31": "6.30%", "2019-09-30": "5.29%", "2019-06-30": "3.63%", "2019-03-31": "4.49%", "2018-12-31": "4.86%", "2018-09-30": "4.34%", "2018-06-30": "4.23%", "2018-03-31": "2.99%", "2017-12-31": "2.55%", "2017-09-30": "2.66%", "2017-06-30": "2.50%", "2017-03-31": "3.16%", "2016-12-31": "2.90%", "2016-09-30": "2.56%", "2016-06-30": "2.00%", "2016-03-31": "-0.59%", "2015-12-31": "-1.87%", "2015-09-30": "-2.88%", "2015-06-30": "-5.15%", "2015-03-31": "-5.87%", "2014-12-31": "-14.50%"}, "return on tangible equity": {"2020-09-30": "12.58%", "2020-06-30": "13.37%", "2020-03-31": "-4.96%", "2019-12-31": "-4.21%", "2019-09-30": "-3.64%", "2019-06-30": "-1.70%", "2019-03-31": "-2.59%", "2018-12-31": "-2.22%", "2018-09-30": "-3.59%", "2018-06-30": "-3.78%", "2018-03-31": "-3.80%", "2017-12-31": "-4.31%", "2017-09-30": "-1.56%", "2017-06-30": "-1.14%", "2017-03-31": "0.29%", "2016-12-31": "0.99%", "2016-09-30": "0.99%", "2016-06-30": "1.45%", "2016-03-31": "2.65%", "2015-12-31": "2.65%", "2015-09-30": "3.87%", "2015-06-30": "6.78%", "2015-03-31": "10.56%", "2014-12-31": "28.79%"}, "dividend yield history": {"last payout": "$0.00", "last yield": "0.00%"}}