{"ticker": "GS", "price": {"title": "Goldman Sachs Historical Annual Stock Price Data", "value": 293.5, "historical": {"2021": {"Average Stock Price": "287.3467", "Year Open": "265.0000", "Year High": "307.8700", "Year Low": "265.0000", "Year Close": "293.5000", "Annual % Change": "11.30%"}, "2020": {"Average Stock Price": "206.5361", "Year Open": "234.3200", "Year High": "263.7100", "Year Low": "134.9700", "Year Close": "263.7100", "Annual % Change": "14.69%"}, "2019": {"Average Stock Price": "204.4012", "Year Open": "172.0300", "Year High": "231.2100", "Year Low": "169.5100", "Year Close": "229.9300", "Annual % Change": "37.64%"}, "2018": {"Average Stock Price": "233.0922", "Year Open": "255.6700", "Year High": "273.3800", "Year Low": "156.3500", "Year Close": "167.0500", "Annual % Change": "-34.43%"}, "2017": {"Average Stock Price": "233.5899", "Year Open": "241.5700", "Year High": "261.0100", "Year Low": "211.2600", "Year Close": "254.7600", "Annual % Change": "6.39%"}, "2016": {"Average Stock Price": "169.1138", "Year Open": "177.1400", "Year High": "243.0900", "Year Low": "139.5100", "Year Close": "239.4500", "Annual % Change": "32.86%"}, "2015": {"Average Stock Price": "192.9660", "Year Open": "194.4100", "Year High": "218.4000", "Year Low": "171.8600", "Year Close": "180.2300", "Annual % Change": "-7.02%"}, "2014": {"Average Stock Price": "173.4132", "Year Open": "176.8900", "Year High": "196.8900", "Year Low": "152.7200", "Year Close": "193.8300", "Annual % Change": "9.35%"}, "2013": {"Average Stock Price": "156.6010", "Year Open": "131.6600", "Year High": "177.2600", "Year Low": "130.9400", "Year Close": "177.2600", "Annual % Change": "38.96%"}, "2012": {"Average Stock Price": "110.7636", "Year Open": "95.3600", "Year High": "129.7200", "Year Low": "91.0000", "Year Close": "127.5600", "Annual % Change": "41.06%"}, "2011": {"Average Stock Price": "130.7533", "Year Open": "173.0500", "Year High": "175.0000", "Year Low": "87.7000", "Year Close": "90.4300", "Annual % Change": "-46.22%"}, "2010": {"Average Stock Price": "155.1668", "Year Open": "173.0800", "Year High": "184.9200", "Year Low": "131.0800", "Year Close": "168.1600", "Annual % Change": "-0.40%"}, "2009": {"Average Stock Price": "140.8192", "Year Open": "86.7600", "Year High": "192.2800", "Year Low": "59.2000", "Year Close": "168.8400", "Annual % Change": "100.07%"}, "2008": {"Average Stock Price": "152.0896", "Year Open": "207.6000", "Year High": "207.7800", "Year Low": "52.0000", "Year Close": "84.3900", "Annual % Change": "-60.76%"}, "2007": {"Average Stock Price": "211.8349", "Year Open": "200.7200", "Year High": "247.9200", "Year Low": "164.9000", "Year Close": "215.0500", "Annual % Change": "7.88%"}, "2006": {"Average Stock Price": "160.2707", "Year Open": "128.8700", "Year High": "205.1000", "Year Low": "127.0400", "Year Close": "199.3500", "Annual % Change": "56.10%"}, "2005": {"Average Stock Price": "112.4155", "Year Open": "104.9500", "Year High": "134.1200", "Year Low": "95.5000", "Year Close": "127.7100", "Annual % Change": "22.75%"}, "2004": {"Average Stock Price": "97.3306", "Year Open": "97.1300", "Year High": "110.4500", "Year Low": "83.8600", "Year Close": "104.0400", "Annual % Change": "5.38%"}, "2003": {"Average Stock Price": "82.5403", "Year Open": "69.6500", "Year High": "99.5800", "Year Low": "62.8500", "Year Close": "98.7300", "Annual % Change": "44.98%"}, "2002": {"Average Stock Price": "77.5627", "Year Open": "91.0700", "Year High": "96.7500", "Year Low": "59.2800", "Year Close": "68.1000", "Annual % Change": "-26.58%"}, "2001": {"Average Stock Price": "90.0278", "Year Open": "100.3000", "Year High": "118.6000", "Year Low": "65.7500", "Year Close": "92.7500", "Annual % Change": "-13.24%"}, "2000": {"Average Stock Price": "97.6881", "Year Open": "88.3100", "Year High": "132.0000", "Year Low": "69.8100", "Year Close": "106.9000", "Annual % Change": "13.49%"}}}, "market cap": {"value": "$100.98B"}, "income statement": {"Revenue": {"2020-12-31": "44560.00000", "2019-12-31": "36546.00000", "2018-12-31": "36616.00000", "2017-12-31": "32730.00000", "2016-12-31": "30790.00000", "2015-12-31": "33820.00000", "2014-12-31": "34528.00000", "2013-12-31": "34206.00000", "2012-12-31": "34163.00000", "2011-12-31": "28811.00000", "2010-12-31": "39161.00000", "2009-12-31": "45173.00000", "2008-11-30": "22222.00000", "2007-11-30": "45987.00000", "2006-11-30": "37665.00000", "2005-11-30": "25238.00000"}, "Cost Of Goods Sold": {"2020-12-31": "4141.00000", "2019-12-31": "3252.00000", "2018-12-31": "3200.00000", "2017-12-31": "2876.00000", "2016-12-31": "2823.00000", "2015-12-31": "2576.00000", "2014-12-31": "2501.00000", "2013-12-31": "2341.00000", "2012-12-31": "2208.00000", "2011-12-31": "2463.00000", "2010-12-31": "2281.00000", "2009-12-31": "2298.00000", "2008-11-30": "2998.00000", "2007-11-30": "2758.00000", "2006-11-30": "1985.00000", "2005-11-30": "1416.00000"}, "Gross Profit": {"2020-12-31": "40419.00000", "2019-12-31": "33294.00000", "2018-12-31": "33416.00000", "2017-12-31": "29854.00000", "2016-12-31": "27967.00000", "2015-12-31": "31244.00000", "2014-12-31": "32027.00000", "2013-12-31": "31865.00000", "2012-12-31": "31955.00000", "2011-12-31": "26348.00000", "2010-12-31": "36880.00000", "2009-12-31": "42875.00000", "2008-11-30": "19224.00000", "2007-11-30": "43229.00000", "2006-11-30": "35680.00000", "2005-11-30": "23822.00000"}, "Research And Development Expenses": {"2020-12-31": "401.00000", "2019-12-31": "739.00000", "2018-12-31": "740.00000", "2017-12-31": "588.00000", "2016-12-31": "457.00000", "2015-12-31": "557.00000", "2014-12-31": "549.00000", "2013-12-31": "541.00000", "2012-12-31": "509.00000", "2011-12-31": "640.00000", "2010-12-31": "530.00000", "2009-12-31": "342.00000", "2008-11-30": "485.00000", "2007-11-30": "601.00000", "2006-11-30": "492.00000", "2005-11-30": "378.00000"}, "SG&A Expenses": {"2020-12-31": "16922.00000", "2019-12-31": "15865.00000", "2018-12-31": "15374.00000", "2017-12-31": "14448.00000", "2016-12-31": "14126.00000", "2015-12-31": "15219.00000", "2014-12-31": "15199.00000", "2013-12-31": "15158.00000", "2012-12-31": "15468.00000", "2011-12-31": "15073.00000", "2010-12-31": "18147.00000", "2009-12-31": "18530.00000", "2008-11-30": "13432.00000", "2007-11-30": "22544.00000", "2006-11-30": "18396.00000", "2005-11-30": "13451.00000"}, "Other Operating Income Or Expenses": {"2020-12-31": "-8715.00000", "2019-12-31": "-4403.00000", "2018-12-31": "-3493.00000", "2017-12-31": "-2534.00000", "2016-12-31": "-2082.00000", "2015-12-31": "-5699.00000", "2014-12-31": "-2585.00000", "2013-12-31": "-3107.00000", "2012-12-31": "-3033.00000", "2011-12-31": "-2601.00000", "2010-12-31": "-3422.00000", "2009-12-31": "-2440.00000", "2008-11-30": "-1709.00000", "2007-11-30": "-1661.00000", "2006-11-30": "-1538.00000", "2005-11-30": "-1095.00000"}, "Operating Expenses": {"2020-12-31": "32081.00000", "2019-12-31": "25963.00000", "2018-12-31": "24135.00000", "2017-12-31": "21598.00000", "2016-12-31": "20486.00000", "2015-12-31": "25042.00000", "2014-12-31": "22171.00000", "2013-12-31": "22469.00000", "2012-12-31": "22956.00000", "2011-12-31": "22642.00000", "2010-12-31": "26269.00000", "2009-12-31": "25344.00000", "2008-11-30": "19886.00000", "2007-11-30": "28383.00000", "2006-11-30": "23105.00000", "2005-11-30": "16965.00000"}, "Operating Income": {"2020-12-31": "12479.00000", "2019-12-31": "10583.00000", "2018-12-31": "12481.00000", "2017-12-31": "11132.00000", "2016-12-31": "10304.00000", "2015-12-31": "8778.00000", "2014-12-31": "12357.00000", "2013-12-31": "11737.00000", "2012-12-31": "11207.00000", "2011-12-31": "6169.00000", "2010-12-31": "12892.00000", "2009-12-31": "19829.00000", "2008-11-30": "2336.00000", "2007-11-30": "17604.00000", "2006-11-30": "14560.00000", "2005-11-30": "8273.00000"}, "Total Non-Operating Income/Expense": {"2020-12-31": "", "2019-12-31": "", "2018-12-31": "", "2017-12-31": "", "2016-12-31": "", "2015-12-31": "", "2014-12-31": "", "2013-12-31": "", "2012-12-31": "", "2011-12-31": "", "2010-12-31": "", "2009-12-31": "", "2008-11-30": "", "2007-11-30": "", "2006-11-30": "", "2005-11-30": ""}, "Pre-Tax Income": {"2020-12-31": "12479.00000", "2019-12-31": "10583.00000", "2018-12-31": "12481.00000", "2017-12-31": "11132.00000", "2016-12-31": "10304.00000", "2015-12-31": "8778.00000", "2014-12-31": "12357.00000", "2013-12-31": "11737.00000", "2012-12-31": "11207.00000", "2011-12-31": "6169.00000", "2010-12-31": "12892.00000", "2009-12-31": "19829.00000", "2008-11-30": "2336.00000", "2007-11-30": "17604.00000", "2006-11-30": "14560.00000", "2005-11-30": "8273.00000"}, "Income Taxes": {"2020-12-31": "3020.00000", "2019-12-31": "2117.00000", "2018-12-31": "2022.00000", "2017-12-31": "6846.00000", "2016-12-31": "2906.00000", "2015-12-31": "2695.00000", "2014-12-31": "3880.00000", "2013-12-31": "3697.00000", "2012-12-31": "3732.00000", "2011-12-31": "1727.00000", "2010-12-31": "4538.00000", "2009-12-31": "6444.00000", "2008-11-30": "14.00000", "2007-11-30": "6005.00000", "2006-11-30": "5023.00000", "2005-11-30": "2647.00000"}, "Income After Taxes": {"2020-12-31": "9459.00000", "2019-12-31": "8466.00000", "2018-12-31": "10459.00000", "2017-12-31": "4286.00000", "2016-12-31": "7398.00000", "2015-12-31": "6083.00000", "2014-12-31": "8477.00000", "2013-12-31": "8040.00000", "2012-12-31": "7475.00000", "2011-12-31": "4442.00000", "2010-12-31": "8354.00000", "2009-12-31": "13385.00000", "2008-11-30": "2322.00000", "2007-11-30": "11599.00000", "2006-11-30": "9537.00000", "2005-11-30": "5626.00000"}, "Other Income": {"2020-12-31": "", "2019-12-31": "", "2018-12-31": "", "2017-12-31": "", "2016-12-31": "", "2015-12-31": "", "2014-12-31": "", "2013-12-31": "", "2012-12-31": "", "2011-12-31": "", "2010-12-31": "", "2009-12-31": "", "2008-11-30": "", "2007-11-30": "", "2006-11-30": "", "2005-11-30": ""}, "Income From Continuous Operations": {"2020-12-31": "9459.00000", "2019-12-31": "8466.00000", "2018-12-31": "10459.00000", "2017-12-31": "4286.00000", "2016-12-31": "7398.00000", "2015-12-31": "6083.00000", "2014-12-31": "8477.00000", "2013-12-31": "8040.00000", "2012-12-31": "7475.00000", "2011-12-31": "4442.00000", "2010-12-31": "8354.00000", "2009-12-31": "13385.00000", "2008-11-30": "2322.00000", "2007-11-30": "11599.00000", "2006-11-30": "9537.00000", "2005-11-30": "5626.00000"}, "Income From Discontinued Operations": {"2020-12-31": "", "2019-12-31": "", "2018-12-31": "", "2017-12-31": "", "2016-12-31": "", "2015-12-31": "", "2014-12-31": "", "2013-12-31": "", "2012-12-31": "", "2011-12-31": "", "2010-12-31": "", "2009-12-31": "", "2008-11-30": "", "2007-11-30": "", "2006-11-30": "", "2005-11-30": ""}, "Net Income": {"2020-12-31": "8915.00000", "2019-12-31": "7897.00000", "2018-12-31": "9860.00000", "2017-12-31": "3685.00000", "2016-12-31": "7087.00000", "2015-12-31": "5568.00000", "2014-12-31": "8077.00000", "2013-12-31": "7726.00000", "2012-12-31": "7292.00000", "2011-12-31": "2510.00000", "2010-12-31": "7713.00000", "2009-12-31": "12192.00000", "2008-11-30": "2041.00000", "2007-11-30": "11407.00000", "2006-11-30": "9398.00000", "2005-11-30": "5609.00000"}, "EBITDA": {"2020-12-31": "12479.00000", "2019-12-31": "12287.00000", "2018-12-31": "13809.00000", "2017-12-31": "12284.00000", "2016-12-31": "11302.00000", "2015-12-31": "9769.00000", "2014-12-31": "13694.00000", "2013-12-31": "13059.00000", "2012-12-31": "12945.00000", "2011-12-31": "8038.00000", "2010-12-31": "14796.00000", "2009-12-31": "21772.00000", "2008-11-30": "3961.00000", "2007-11-30": "18771.00000", "2006-11-30": "15555.00000", "2005-11-30": "9127.00000"}, "EBIT": {"2020-12-31": "12479.00000", "2019-12-31": "10583.00000", "2018-12-31": "12481.00000", "2017-12-31": "11132.00000", "2016-12-31": "10304.00000", "2015-12-31": "8778.00000", "2014-12-31": "12357.00000", "2013-12-31": "11737.00000", "2012-12-31": "11207.00000", "2011-12-31": "6169.00000", "2010-12-31": "12892.00000", "2009-12-31": "19829.00000", "2008-11-30": "2336.00000", "2007-11-30": "17604.00000", "2006-11-30": "14560.00000", "2005-11-30": "8273.00000"}, "Basic Shares Outstanding": {"2020-12-31": "356.40000", "2019-12-31": "371.60000", "2018-12-31": "385.40000", "2017-12-31": "401.60000", "2016-12-31": "427.40000", "2015-12-31": "448.90000", "2014-12-31": "458.90000", "2013-12-31": "471.30000", "2012-12-31": "496.20000", "2011-12-31": "524.60000", "2010-12-31": "542.00000", "2009-12-31": "512.30000", "2008-11-30": "437.00000", "2007-11-30": "433.00000", "2006-11-30": "449.00000", "2005-11-30": "478.10000"}, "Shares Outstanding": {"2020-12-31": "360.30000", "2019-12-31": "375.50000", "2018-12-31": "390.20000", "2017-12-31": "409.10000", "2016-12-31": "435.10000", "2015-12-31": "458.60000", "2014-12-31": "473.20000", "2013-12-31": "499.60000", "2012-12-31": "516.10000", "2011-12-31": "556.90000", "2010-12-31": "585.30000", "2009-12-31": "550.90000", "2008-11-30": "456.20000", "2007-11-30": "461.20000", "2006-11-30": "477.40000", "2005-11-30": "500.20000"}, "Basic EPS": {"2020-12-31": "24.94000", "2019-12-31": "21.18000", "2018-12-31": "25.53000", "2017-12-31": "9.12000", "2016-12-31": "16.53000", "2015-12-31": "12.35000", "2014-12-31": "17.55000", "2013-12-31": "16.34000", "2012-12-31": "14.63000", "2011-12-31": "4.71000", "2010-12-31": "14.15000", "2009-12-31": "23.74000", "2008-11-30": "4.67000", "2007-11-30": "26.34000", "2006-11-30": "20.93000", "2005-11-30": "11.73000"}, "EPS - Earnings Per Share": {"2020-12-31": "24.74000", "2019-12-31": "21.03000", "2018-12-31": "25.27000", "2017-12-31": "9.01000", "2016-12-31": "16.29000", "2015-12-31": "12.14000", "2014-12-31": "17.07000", "2013-12-31": "15.46000", "2012-12-31": "14.13000", "2011-12-31": "4.51000", "2010-12-31": "13.18000", "2009-12-31": "22.13000", "2008-11-30": "4.47000", "2007-11-30": "24.73000", "2006-11-30": "19.69000", "2005-11-30": "11.21000"}}, "income statement, quarterly": {"Revenue": {"2020-12-31": "11741.00000", "2020-09-30": "10781.00000", "2020-06-30": "13295.00000", "2020-03-31": "8743.00000", "2019-12-31": "9955.00000", "2019-09-30": "8323.00000", "2019-06-30": "9461.00000", "2019-03-31": "8807.00000", "2018-12-31": "8080.00000", "2018-09-30": "8820.00000", "2018-06-30": "9636.00000", "2018-03-31": "10080.00000", "2017-12-31": "8491.00000", "2017-09-30": "8326.00000", "2017-06-30": "7887.00000", "2017-03-31": "8026.00000", "2016-12-31": "8352.00000", "2016-09-30": "8168.00000", "2016-06-30": "7932.00000", "2016-03-31": "6338.00000", "2015-12-31": "7273.00000", "2015-09-30": "6861.00000", "2015-06-30": "9069.00000", "2015-03-31": "10617.00000", "2014-12-31": "7688.00000", "2014-09-30": "8387.00000", "2014-06-30": "9125.00000", "2014-03-31": "9328.00000", "2013-12-31": "8782.00000", "2013-09-30": "6722.00000", "2013-06-30": "8612.00000", "2013-03-31": "10090.00000", "2012-12-31": "9236.00000", "2012-09-30": "8351.00000", "2012-06-30": "6627.00000", "2012-03-31": "9949.00000", "2011-12-31": "6049.00000", "2011-09-30": "3587.00000", "2011-06-30": "7281.00000", "2011-03-31": "11894.00000", "2010-12-31": "8642.00000", "2010-09-30": "8903.00000", "2010-06-30": "8841.00000", "2010-03-31": "12775.00000", "2009-12-31": "9615.00000", "2009-09-30": "12372.00000", "2009-06-30": "13761.00000", "2009-03-31": "9425.00000", "2008-12-31": "", "2008-11-30": "", "2008-08-31": "6043.00000", "2008-05-31": "9422.00000", "2008-02-29": "8335.00000", "2007-11-30": "10741.00000", "2007-08-31": "12334.00000", "2007-05-31": "10182.00000", "2007-02-28": "12730.00000", "2006-11-30": "9407.00000", "2006-08-31": "7584.00000", "2006-05-31": "10241.00000", "2006-02-28": "10433.00000", "2005-11-30": "6742.00000", "2005-08-31": "7285.00000", "2005-05-31": "4806.00000", "2005-02-28": "6405.00000"}, "Cost Of Goods Sold": {"2020-12-31": "1086.00000", "2020-09-30": "911.00000", "2020-06-30": "945.00000", "2020-03-31": "975.00000", "2019-12-31": "814.00000", "2019-09-30": "853.00000", "2019-06-30": "823.00000", "2019-03-31": "762.00000", "2018-12-31": "830.00000", "2018-09-30": "714.00000", "2018-06-30": "812.00000", "2018-03-31": "844.00000", "2017-12-31": "732.00000", "2017-09-30": "711.00000", "2017-06-30": "741.00000", "2017-03-31": "692.00000", "2016-12-31": "894.00000", "2016-09-30": "613.00000", "2016-06-30": "625.00000", "2016-03-31": "691.00000", "2015-12-31": "626.00000", "2015-09-30": "665.00000", "2015-06-30": "647.00000", "2015-03-31": "638.00000", "2014-12-31": "669.00000", "2014-09-30": "624.00000", "2014-06-30": "613.00000", "2014-03-31": "595.00000", "2013-12-31": "594.00000", "2013-09-30": "573.00000", "2013-06-30": "613.00000", "2013-03-31": "561.00000", "2012-12-31": "550.00000", "2012-09-30": "547.00000", "2012-06-30": "544.00000", "2012-03-31": "567.00000", "2011-12-31": "560.00000", "2011-09-30": "668.00000", "2011-06-30": "615.00000", "2011-03-31": "620.00000", "2010-12-31": "578.00000", "2010-09-30": "519.00000", "2010-06-30": "622.00000", "2010-03-31": "562.00000", "2009-12-31": "608.00000", "2009-09-30": "580.00000", "2009-06-30": "574.00000", "2009-03-31": "536.00000", "2008-12-31": "", "2008-11-30": "", "2008-08-31": "734.00000", "2008-05-31": "741.00000", "2008-02-29": "790.00000", "2007-11-30": "774.00000", "2007-08-31": "795.00000", "2007-05-31": "638.00000", "2007-02-28": "551.00000", "2006-11-30": "571.00000", "2006-08-31": "523.00000", "2006-05-31": "473.00000", "2006-02-28": "418.00000", "2005-11-30": "619.00000", "2005-08-31": "271.00000", "2005-05-31": "274.00000", "2005-02-28": "252.00000"}, "Gross Profit": {"2020-12-31": "10655.00000", "2020-09-30": "9870.00000", "2020-06-30": "12350.00000", "2020-03-31": "7768.00000", "2019-12-31": "9141.00000", "2019-09-30": "7470.00000", "2019-06-30": "8638.00000", "2019-03-31": "8045.00000", "2018-12-31": "7250.00000", "2018-09-30": "8106.00000", "2018-06-30": "8824.00000", "2018-03-31": "9236.00000", "2017-12-31": "7759.00000", "2017-09-30": "7615.00000", "2017-06-30": "7146.00000", "2017-03-31": "7334.00000", "2016-12-31": "7458.00000", "2016-09-30": "7555.00000", "2016-06-30": "7307.00000", "2016-03-31": "5647.00000", "2015-12-31": "6647.00000", "2015-09-30": "6196.00000", "2015-06-30": "8422.00000", "2015-03-31": "9979.00000", "2014-12-31": "7019.00000", "2014-09-30": "7763.00000", "2014-06-30": "8512.00000", "2014-03-31": "8733.00000", "2013-12-31": "8188.00000", "2013-09-30": "6149.00000", "2013-06-30": "7999.00000", "2013-03-31": "9529.00000", "2012-12-31": "8686.00000", "2012-09-30": "7804.00000", "2012-06-30": "6083.00000", "2012-03-31": "9382.00000", "2011-12-31": "5489.00000", "2011-09-30": "2919.00000", "2011-06-30": "6666.00000", "2011-03-31": "11274.00000", "2010-12-31": "8064.00000", "2010-09-30": "8384.00000", "2010-06-30": "8219.00000", "2010-03-31": "12213.00000", "2009-12-31": "9007.00000", "2009-09-30": "11792.00000", "2009-06-30": "13187.00000", "2009-03-31": "8889.00000", "2008-12-31": "", "2008-11-30": "", "2008-08-31": "5309.00000", "2008-05-31": "8681.00000", "2008-02-29": "7545.00000", "2007-11-30": "9967.00000", "2007-08-31": "11539.00000", "2007-05-31": "9544.00000", "2007-02-28": "12179.00000", "2006-11-30": "8836.00000", "2006-08-31": "7061.00000", "2006-05-31": "9768.00000", "2006-02-28": "10015.00000", "2005-11-30": "6123.00000", "2005-08-31": "7014.00000", "2005-05-31": "4532.00000", "2005-02-28": "6153.00000"}, "Research And Development Expenses": {"2020-12-31": "89.00000", "2020-09-30": "70.00000", "2020-06-30": "89.00000", "2020-03-31": "153.00000", "2019-12-31": "200.00000", "2019-09-30": "169.00000", "2019-06-30": "186.00000", "2019-03-31": "184.00000", "2018-12-31": "208.00000", "2018-09-30": "167.00000", "2018-06-30": "183.00000", "2018-03-31": "182.00000", "2017-12-31": "175.00000", "2017-09-30": "138.00000", "2017-06-30": "141.00000", "2017-03-31": "134.00000", "2016-12-31": "131.00000", "2016-09-30": "92.00000", "2016-06-30": "112.00000", "2016-03-31": "122.00000", "2015-12-31": "148.00000", "2015-09-30": "123.00000", "2015-06-30": "147.00000", "2015-03-31": "139.00000", "2014-12-31": "141.00000", "2014-09-30": "129.00000", "2014-06-30": "141.00000", "2014-03-31": "138.00000", "2013-12-31": "143.00000", "2013-09-30": "117.00000", "2013-06-30": "140.00000", "2013-03-31": "141.00000", "2012-12-31": "140.00000", "2012-09-30": "123.00000", "2012-06-30": "129.00000", "2012-03-31": "117.00000", "2011-12-31": "138.00000", "2011-09-30": "140.00000", "2011-06-30": "183.00000", "2011-03-31": "179.00000", "2010-12-31": "175.00000", "2010-09-30": "129.00000", "2010-06-30": "116.00000", "2010-03-31": "110.00000", "2009-12-31": "108.00000", "2009-09-30": "84.00000", "2009-06-30": "82.00000", "2009-03-31": "68.00000", "2008-12-31": "", "2008-11-30": "", "2008-08-31": "119.00000", "2008-05-31": "126.00000", "2008-02-29": "144.00000", "2007-11-30": "177.00000", "2007-08-31": "148.00000", "2007-05-31": "144.00000", "2007-02-28": "132.00000", "2006-11-30": "154.00000", "2006-08-31": "117.00000", "2006-05-31": "121.00000", "2006-02-28": "100.00000", "2005-11-30": "110.00000", "2005-08-31": "92.00000", "2005-05-31": "94.00000", "2005-02-28": "82.00000"}, "SG&A Expenses": {"2020-12-31": "3424.00000", "2020-09-30": "3990.00000", "2020-06-30": "5367.00000", "2020-03-31": "4141.00000", "2019-12-31": "4038.00000", "2019-09-30": "3616.00000", "2019-06-30": "4143.00000", "2019-03-31": "4068.00000", "2018-12-31": "2651.00000", "2018-09-30": "3782.00000", "2018-06-30": "4146.00000", "2018-03-31": "4795.00000", "2017-12-31": "2881.00000", "2017-09-30": "3796.00000", "2017-06-30": "3876.00000", "2017-03-31": "3895.00000", "2016-12-31": "3035.00000", "2016-09-30": "3881.00000", "2016-06-30": "3948.00000", "2016-03-31": "3262.00000", "2015-12-31": "2713.00000", "2015-09-30": "2986.00000", "2015-06-30": "4448.00000", "2015-03-31": "5072.00000", "2014-12-31": "2604.00000", "2014-09-30": "3423.00000", "2014-06-30": "4539.00000", "2014-03-31": "4633.00000", "2013-12-31": "2854.00000", "2013-09-30": "3000.00000", "2013-06-30": "4313.00000", "2013-03-31": "4991.00000", "2012-12-31": "2617.00000", "2012-09-30": "4287.00000", "2012-06-30": "3544.00000", "2012-03-31": "5020.00000", "2011-12-31": "2911.00000", "2011-09-30": "2302.00000", "2011-06-30": "3929.00000", "2011-03-31": "5931.00000", "2010-12-31": "2978.00000", "2010-09-30": "4573.00000", "2010-06-30": "4489.00000", "2010-03-31": "6107.00000", "2009-12-31": "102.00000", "2009-09-30": "5958.00000", "2009-06-30": "7209.00000", "2009-03-31": "5261.00000", "2008-12-31": "", "2008-11-30": "", "2008-08-31": "3498.00000", "2008-05-31": "5133.00000", "2008-02-29": "4602.00000", "2007-11-30": "4003.00000", "2007-08-31": "6495.00000", "2007-05-31": "5419.00000", "2007-02-28": "6627.00000", "2006-11-30": "3068.00000", "2006-08-31": "4027.00000", "2006-05-31": "5561.00000", "2006-02-28": "5740.00000", "2005-11-30": "2982.00000", "2005-08-31": "4083.00000", "2005-05-31": "2821.00000", "2005-02-28": "3565.00000"}, "Other Operating Income Or Expenses": {"2020-12-31": "-1103.00000", "2020-09-30": "-1043.00000", "2020-06-30": "-5104.00000", "2020-03-31": "-1689.00000", "2019-12-31": "-2118.00000", "2019-09-30": "-796.00000", "2019-06-30": "-783.00000", "2019-03-31": "-706.00000", "2018-12-31": "-1306.00000", "2018-09-30": "-762.00000", "2018-06-30": "-884.00000", "2018-03-31": "-541.00000", "2017-12-31": "-1245.00000", "2017-09-30": "-425.00000", "2017-06-30": "-355.00000", "2017-03-31": "-509.00000", "2016-12-31": "-628.00000", "2016-09-30": "-467.00000", "2016-06-30": "-539.00000", "2016-03-31": "-448.00000", "2015-12-31": "-2429.00000", "2015-09-30": "-819.00000", "2015-06-30": "-1836.00000", "2015-03-31": "-615.00000", "2014-12-31": "-712.00000", "2014-09-30": "-605.00000", "2014-06-30": "-717.00000", "2014-03-31": "-551.00000", "2013-12-31": "-1165.00000", "2013-09-30": "-585.00000", "2013-06-30": "-635.00000", "2013-03-31": "-722.00000", "2012-12-31": "-1116.00000", "2012-09-30": "-700.00000", "2012-06-30": "-586.00000", "2012-03-31": "-631.00000", "2011-12-31": "-679.00000", "2011-09-30": "-818.00000", "2011-06-30": "-570.00000", "2011-03-31": "-534.00000", "2010-12-31": "-712.00000", "2010-09-30": "-516.00000", "2010-06-30": "-1729.00000", "2010-03-31": "-465.00000", "2009-12-31": "-1028.00000", "2009-09-30": "-589.00000", "2009-06-30": "-441.00000", "2009-03-31": "-382.00000", "2008-12-31": "", "2008-11-30": "", "2008-08-31": "-432.00000", "2008-05-31": "-370.00000", "2008-02-29": "-402.00000", "2007-11-30": "-484.00000", "2007-08-31": "-439.00000", "2007-05-31": "-360.00000", "2007-02-28": "-378.00000", "2006-11-30": "-441.00000", "2006-08-31": "-379.00000", "2006-05-31": "-391.00000", "2006-02-28": "-327.00000", "2005-11-30": "-391.00000", "2005-08-31": "-278.00000", "2005-05-31": "-214.00000", "2005-02-28": "-212.00000"}, "Operating Expenses": {"2020-12-31": "6200.00000", "2020-09-30": "6482.00000", "2020-06-30": "12004.00000", "2020-03-31": "7395.00000", "2019-12-31": "7634.00000", "2019-09-30": "5907.00000", "2019-06-30": "6334.00000", "2019-03-31": "6088.00000", "2018-12-31": "5372.00000", "2018-09-30": "5742.00000", "2018-06-30": "6360.00000", "2018-03-31": "6661.00000", "2017-12-31": "5383.00000", "2017-09-30": "5350.00000", "2017-06-30": "5378.00000", "2017-03-31": "5487.00000", "2016-12-31": "4955.00000", "2016-09-30": "5300.00000", "2016-06-30": "5469.00000", "2016-03-31": "4762.00000", "2015-12-31": "6201.00000", "2015-09-30": "4815.00000", "2015-06-30": "7343.00000", "2015-03-31": "6683.00000", "2014-12-31": "4478.00000", "2014-09-30": "5082.00000", "2014-06-30": "6304.00000", "2014-03-31": "6307.00000", "2013-12-31": "5230.00000", "2013-09-30": "4555.00000", "2013-06-30": "5967.00000", "2013-03-31": "6717.00000", "2012-12-31": "4923.00000", "2012-09-30": "6053.00000", "2012-06-30": "5212.00000", "2012-03-31": "6768.00000", "2011-12-31": "4802.00000", "2011-09-30": "4317.00000", "2011-06-30": "5669.00000", "2011-03-31": "7854.00000", "2010-12-31": "5168.00000", "2010-09-30": "6092.00000", "2010-06-30": "7393.00000", "2010-03-31": "7616.00000", "2009-12-31": "2238.00000", "2009-09-30": "7578.00000", "2009-06-30": "8732.00000", "2009-03-31": "6796.00000", "2008-12-31": "", "2008-11-30": "", "2008-08-31": "5083.00000", "2008-05-31": "6590.00000", "2008-02-29": "6192.00000", "2007-11-30": "5686.00000", "2007-08-31": "8075.00000", "2007-05-31": "6751.00000", "2007-02-28": "7871.00000", "2006-11-30": "4422.00000", "2006-08-31": "5222.00000", "2006-05-31": "6717.00000", "2006-02-28": "6744.00000", "2005-11-30": "4263.00000", "2005-08-31": "4880.00000", "2005-05-31": "3562.00000", "2005-02-28": "4260.00000"}, "Operating Income": {"2020-12-31": "5541.00000", "2020-09-30": "4299.00000", "2020-06-30": "1291.00000", "2020-03-31": "1348.00000", "2019-12-31": "2321.00000", "2019-09-30": "2416.00000", "2019-06-30": "3127.00000", "2019-03-31": "2719.00000", "2018-12-31": "2708.00000", "2018-09-30": "3078.00000", "2018-06-30": "3276.00000", "2018-03-31": "3419.00000", "2017-12-31": "3108.00000", "2017-09-30": "2976.00000", "2017-06-30": "2509.00000", "2017-03-31": "2539.00000", "2016-12-31": "3397.00000", "2016-09-30": "2868.00000", "2016-06-30": "2463.00000", "2016-03-31": "1576.00000", "2015-12-31": "1072.00000", "2015-09-30": "2046.00000", "2015-06-30": "1726.00000", "2015-03-31": "3934.00000", "2014-12-31": "3210.00000", "2014-09-30": "3305.00000", "2014-06-30": "2821.00000", "2014-03-31": "3021.00000", "2013-12-31": "3552.00000", "2013-09-30": "2167.00000", "2013-06-30": "2645.00000", "2013-03-31": "3373.00000", "2012-12-31": "4313.00000", "2012-09-30": "2298.00000", "2012-06-30": "1415.00000", "2012-03-31": "3181.00000", "2011-12-31": "1247.00000", "2011-09-30": "-730.00000", "2011-06-30": "1612.00000", "2011-03-31": "4040.00000", "2010-12-31": "3474.00000", "2010-09-30": "2811.00000", "2010-06-30": "1448.00000", "2010-03-31": "5159.00000", "2009-12-31": "7377.00000", "2009-09-30": "4794.00000", "2009-06-30": "5029.00000", "2009-03-31": "2629.00000", "2008-12-31": "", "2008-11-30": "", "2008-08-31": "960.00000", "2008-05-31": "2832.00000", "2008-02-29": "2143.00000", "2007-11-30": "5055.00000", "2007-08-31": "4259.00000", "2007-05-31": "3431.00000", "2007-02-28": "4859.00000", "2006-11-30": "4985.00000", "2006-08-31": "2362.00000", "2006-05-31": "3524.00000", "2006-02-28": "3689.00000", "2005-11-30": "2479.00000", "2005-08-31": "2405.00000", "2005-05-31": "1244.00000", "2005-02-28": "2145.00000"}, "Total Non-Operating Income/Expense": {"2020-12-31": "", "2020-09-30": "", "2020-06-30": "", "2020-03-31": "", "2019-12-31": "", "2019-09-30": "", "2019-06-30": "", "2019-03-31": "", "2018-12-31": "", "2018-09-30": "", "2018-06-30": "", "2018-03-31": "", "2017-12-31": "", "2017-09-30": "", "2017-06-30": "", "2017-03-31": "", "2016-12-31": "", "2016-09-30": "", "2016-06-30": "", "2016-03-31": "", "2015-12-31": "", "2015-09-30": "", "2015-06-30": "", "2015-03-31": "", "2014-12-31": "", "2014-09-30": "", "2014-06-30": "", "2014-03-31": "", "2013-12-31": "", "2013-09-30": "", "2013-06-30": "", "2013-03-31": "", "2012-12-31": "", "2012-09-30": "", "2012-06-30": "", "2012-03-31": "", "2011-12-31": "", "2011-09-30": "", "2011-06-30": "", "2011-03-31": "", "2010-12-31": "", "2010-09-30": "", "2010-06-30": "", "2010-03-31": "", "2009-12-31": "", "2009-09-30": "", "2009-06-30": "", "2009-03-31": "", "2008-12-31": "", "2008-11-30": "", "2008-08-31": "", "2008-05-31": "", "2008-02-29": "", "2007-11-30": "", "2007-08-31": "", "2007-05-31": "", "2007-02-28": "", "2006-11-30": "", "2006-08-31": "", "2006-05-31": "", "2006-02-28": "", "2005-11-30": "", "2005-08-31": "", "2005-05-31": "", "2005-02-28": ""}, "Pre-Tax Income": {"2020-12-31": "5541.00000", "2020-09-30": "4299.00000", "2020-06-30": "1291.00000", "2020-03-31": "1348.00000", "2019-12-31": "2321.00000", "2019-09-30": "2416.00000", "2019-06-30": "3127.00000", "2019-03-31": "2719.00000", "2018-12-31": "2708.00000", "2018-09-30": "3078.00000", "2018-06-30": "3276.00000", "2018-03-31": "3419.00000", "2017-12-31": "3108.00000", "2017-09-30": "2976.00000", "2017-06-30": "2509.00000", "2017-03-31": "2539.00000", "2016-12-31": "3397.00000", "2016-09-30": "2868.00000", "2016-06-30": "2463.00000", "2016-03-31": "1576.00000", "2015-12-31": "1072.00000", "2015-09-30": "2046.00000", "2015-06-30": "1726.00000", "2015-03-31": "3934.00000", "2014-12-31": "3210.00000", "2014-09-30": "3305.00000", "2014-06-30": "2821.00000", "2014-03-31": "3021.00000", "2013-12-31": "3552.00000", "2013-09-30": "2167.00000", "2013-06-30": "2645.00000", "2013-03-31": "3373.00000", "2012-12-31": "4313.00000", "2012-09-30": "2298.00000", "2012-06-30": "1415.00000", "2012-03-31": "3181.00000", "2011-12-31": "1247.00000", "2011-09-30": "-730.00000", "2011-06-30": "1612.00000", "2011-03-31": "4040.00000", "2010-12-31": "3474.00000", "2010-09-30": "2811.00000", "2010-06-30": "1448.00000", "2010-03-31": "5159.00000", "2009-12-31": "7377.00000", "2009-09-30": "4794.00000", "2009-06-30": "5029.00000", "2009-03-31": "2629.00000", "2008-12-31": "", "2008-11-30": "", "2008-08-31": "960.00000", "2008-05-31": "2832.00000", "2008-02-29": "2143.00000", "2007-11-30": "5055.00000", "2007-08-31": "4259.00000", "2007-05-31": "3431.00000", "2007-02-28": "4859.00000", "2006-11-30": "4985.00000", "2006-08-31": "2362.00000", "2006-05-31": "3524.00000", "2006-02-28": "3689.00000", "2005-11-30": "2479.00000", "2005-08-31": "2405.00000", "2005-05-31": "1244.00000", "2005-02-28": "2145.00000"}, "Income Taxes": {"2020-12-31": "1035.00000", "2020-09-30": "932.00000", "2020-06-30": "918.00000", "2020-03-31": "135.00000", "2019-12-31": "404.00000", "2019-09-30": "539.00000", "2019-06-30": "706.00000", "2019-03-31": "468.00000", "2018-12-31": "170.00000", "2018-09-30": "554.00000", "2018-06-30": "711.00000", "2018-03-31": "587.00000", "2017-12-31": "5036.00000", "2017-09-30": "848.00000", "2017-06-30": "678.00000", "2017-03-31": "284.00000", "2016-12-31": "1050.00000", "2016-09-30": "774.00000", "2016-06-30": "641.00000", "2016-03-31": "441.00000", "2015-12-31": "307.00000", "2015-09-30": "620.00000", "2015-06-30": "678.00000", "2015-03-31": "1090.00000", "2014-12-31": "1044.00000", "2014-09-30": "1064.00000", "2014-06-30": "784.00000", "2014-03-31": "988.00000", "2013-12-31": "1220.00000", "2013-09-30": "650.00000", "2013-06-30": "714.00000", "2013-03-31": "1113.00000", "2012-12-31": "1421.00000", "2012-09-30": "786.00000", "2012-06-30": "453.00000", "2012-03-31": "1072.00000", "2011-12-31": "234.00000", "2011-09-30": "-337.00000", "2011-06-30": "525.00000", "2011-03-31": "1305.00000", "2010-12-31": "1087.00000", "2010-09-30": "913.00000", "2010-06-30": "835.00000", "2010-03-31": "1703.00000", "2009-12-31": "2429.00000", "2009-09-30": "1606.00000", "2009-06-30": "1594.00000", "2009-03-31": "815.00000", "2008-12-31": "", "2008-11-30": "", "2008-08-31": "115.00000", "2008-05-31": "745.00000", "2008-02-29": "632.00000", "2007-11-30": "1840.00000", "2007-08-31": "1405.00000", "2007-05-31": "1098.00000", "2007-02-28": "1662.00000", "2006-11-30": "1833.00000", "2006-08-31": "768.00000", "2006-05-31": "1212.00000", "2006-02-28": "1210.00000", "2005-11-30": "847.00000", "2005-08-31": "788.00000", "2005-05-31": "379.00000", "2005-02-28": "633.00000"}, "Income After Taxes": {"2020-12-31": "4506.00000", "2020-09-30": "3367.00000", "2020-06-30": "373.00000", "2020-03-31": "1213.00000", "2019-12-31": "1917.00000", "2019-09-30": "1877.00000", "2019-06-30": "2421.00000", "2019-03-31": "2251.00000", "2018-12-31": "2538.00000", "2018-09-30": "2524.00000", "2018-06-30": "2565.00000", "2018-03-31": "2832.00000", "2017-12-31": "-1928.00000", "2017-09-30": "2128.00000", "2017-06-30": "1831.00000", "2017-03-31": "2255.00000", "2016-12-31": "2347.00000", "2016-09-30": "2094.00000", "2016-06-30": "1822.00000", "2016-03-31": "1135.00000", "2015-12-31": "765.00000", "2015-09-30": "1426.00000", "2015-06-30": "1048.00000", "2015-03-31": "2844.00000", "2014-12-31": "2166.00000", "2014-09-30": "2241.00000", "2014-06-30": "2037.00000", "2014-03-31": "2033.00000", "2013-12-31": "2332.00000", "2013-09-30": "1517.00000", "2013-06-30": "1931.00000", "2013-03-31": "2260.00000", "2012-12-31": "2892.00000", "2012-09-30": "1512.00000", "2012-06-30": "962.00000", "2012-03-31": "2109.00000", "2011-12-31": "1013.00000", "2011-09-30": "-393.00000", "2011-06-30": "1087.00000", "2011-03-31": "2735.00000", "2010-12-31": "2387.00000", "2010-09-30": "1898.00000", "2010-06-30": "613.00000", "2010-03-31": "3456.00000", "2009-12-31": "4948.00000", "2009-09-30": "3188.00000", "2009-06-30": "3435.00000", "2009-03-31": "1814.00000", "2008-12-31": "", "2008-11-30": "", "2008-08-31": "845.00000", "2008-05-31": "2087.00000", "2008-02-29": "1511.00000", "2007-11-30": "3215.00000", "2007-08-31": "2854.00000", "2007-05-31": "2333.00000", "2007-02-28": "3197.00000", "2006-11-30": "3152.00000", "2006-08-31": "1594.00000", "2006-05-31": "2312.00000", "2006-02-28": "2479.00000", "2005-11-30": "1632.00000", "2005-08-31": "1617.00000", "2005-05-31": "865.00000", "2005-02-28": "1512.00000"}, "Other Income": {"2020-12-31": "", "2020-09-30": "", "2020-06-30": "", "2020-03-31": "", "2019-12-31": "", "2019-09-30": "", "2019-06-30": "", "2019-03-31": "", "2018-12-31": "", "2018-09-30": "", "2018-06-30": "", "2018-03-31": "", "2017-12-31": "", "2017-09-30": "", "2017-06-30": "", "2017-03-31": "", "2016-12-31": "", "2016-09-30": "", "2016-06-30": "", "2016-03-31": "", "2015-12-31": "", "2015-09-30": "", "2015-06-30": "", "2015-03-31": "", "2014-12-31": "", "2014-09-30": "", "2014-06-30": "", "2014-03-31": "", "2013-12-31": "", "2013-09-30": "", "2013-06-30": "", "2013-03-31": "", "2012-12-31": "", "2012-09-30": "", "2012-06-30": "", "2012-03-31": "", "2011-12-31": "", "2011-09-30": "", "2011-06-30": "", "2011-03-31": "", "2010-12-31": "", "2010-09-30": "", "2010-06-30": "", "2010-03-31": "", "2009-12-31": "", "2009-09-30": "", "2009-06-30": "", "2009-03-31": "", "2008-12-31": "", "2008-11-30": "", "2008-08-31": "", "2008-05-31": "", "2008-02-29": "", "2007-11-30": "", "2007-08-31": "", "2007-05-31": "", "2007-02-28": "", "2006-11-30": "", "2006-08-31": "", "2006-05-31": "", "2006-02-28": "", "2005-11-30": "", "2005-08-31": "", "2005-05-31": "", "2005-02-28": ""}, "Income From Continuous Operations": {"2020-12-31": "4506.00000", "2020-09-30": "3367.00000", "2020-06-30": "373.00000", "2020-03-31": "1213.00000", "2019-12-31": "1917.00000", "2019-09-30": "1877.00000", "2019-06-30": "2421.00000", "2019-03-31": "2251.00000", "2018-12-31": "2538.00000", "2018-09-30": "2524.00000", "2018-06-30": "2565.00000", "2018-03-31": "2832.00000", "2017-12-31": "-1928.00000", "2017-09-30": "2128.00000", "2017-06-30": "1831.00000", "2017-03-31": "2255.00000", "2016-12-31": "2347.00000", "2016-09-30": "2094.00000", "2016-06-30": "1822.00000", "2016-03-31": "1135.00000", "2015-12-31": "765.00000", "2015-09-30": "1426.00000", "2015-06-30": "1048.00000", "2015-03-31": "2844.00000", "2014-12-31": "2166.00000", "2014-09-30": "2241.00000", "2014-06-30": "2037.00000", "2014-03-31": "2033.00000", "2013-12-31": "2332.00000", "2013-09-30": "1517.00000", "2013-06-30": "1931.00000", "2013-03-31": "2260.00000", "2012-12-31": "2892.00000", "2012-09-30": "1512.00000", "2012-06-30": "962.00000", "2012-03-31": "2109.00000", "2011-12-31": "1013.00000", "2011-09-30": "-393.00000", "2011-06-30": "1087.00000", "2011-03-31": "2735.00000", "2010-12-31": "2387.00000", "2010-09-30": "1898.00000", "2010-06-30": "613.00000", "2010-03-31": "3456.00000", "2009-12-31": "4948.00000", "2009-09-30": "3188.00000", "2009-06-30": "3435.00000", "2009-03-31": "1814.00000", "2008-12-31": "", "2008-11-30": "", "2008-08-31": "845.00000", "2008-05-31": "2087.00000", "2008-02-29": "1511.00000", "2007-11-30": "3215.00000", "2007-08-31": "2854.00000", "2007-05-31": "2333.00000", "2007-02-28": "3197.00000", "2006-11-30": "3152.00000", "2006-08-31": "1594.00000", "2006-05-31": "2312.00000", "2006-02-28": "2479.00000", "2005-11-30": "1632.00000", "2005-08-31": "1617.00000", "2005-05-31": "865.00000", "2005-02-28": "1512.00000"}, "Income From Discontinued Operations": {"2020-12-31": "", "2020-09-30": "", "2020-06-30": "", "2020-03-31": "", "2019-12-31": "", "2019-09-30": "", "2019-06-30": "", "2019-03-31": "", "2018-12-31": "", "2018-09-30": "", "2018-06-30": "", "2018-03-31": "", "2017-12-31": "", "2017-09-30": "", "2017-06-30": "", "2017-03-31": "", "2016-12-31": "", "2016-09-30": "", "2016-06-30": "", "2016-03-31": "", "2015-12-31": "", "2015-09-30": "", "2015-06-30": "", "2015-03-31": "", "2014-12-31": "", "2014-09-30": "", "2014-06-30": "", "2014-03-31": "", "2013-12-31": "", "2013-09-30": "", "2013-06-30": "", "2013-03-31": "", "2012-12-31": "", "2012-09-30": "", "2012-06-30": "", "2012-03-31": "", "2011-12-31": "", "2011-09-30": "", "2011-06-30": "", "2011-03-31": "", "2010-12-31": "", "2010-09-30": "", "2010-06-30": "", "2010-03-31": "", "2009-12-31": "", "2009-09-30": "", "2009-06-30": "", "2009-03-31": "", "2008-12-31": "", "2008-11-30": "", "2008-08-31": "", "2008-05-31": "", "2008-02-29": "", "2007-11-30": "", "2007-08-31": "", "2007-05-31": "", "2007-02-28": "", "2006-11-30": "", "2006-08-31": "", "2006-05-31": "", "2006-02-28": "", "2005-11-30": "", "2005-08-31": "", "2005-05-31": "", "2005-02-28": ""}, "Net Income": {"2020-12-31": "4362.00000", "2020-09-30": "3233.00000", "2020-06-30": "197.00000", "2020-03-31": "1123.00000", "2019-12-31": "1724.00000", "2019-09-30": "1793.00000", "2019-06-30": "2198.00000", "2019-03-31": "2182.00000", "2018-12-31": "2322.00000", "2018-09-30": "2453.00000", "2018-06-30": "2348.00000", "2018-03-31": "2737.00000", "2017-12-31": "-2143.00000", "2017-09-30": "2035.00000", "2017-06-30": "1631.00000", "2017-03-31": "2162.00000", "2016-12-31": "2153.00000", "2016-09-30": "2100.00000", "2016-06-30": "1634.00000", "2016-03-31": "1200.00000", "2015-12-31": "574.00000", "2015-09-30": "1330.00000", "2015-06-30": "916.00000", "2015-03-31": "2748.00000", "2014-12-31": "2032.00000", "2014-09-30": "2143.00000", "2014-06-30": "1953.00000", "2014-03-31": "1949.00000", "2013-12-31": "2248.00000", "2013-09-30": "1429.00000", "2013-06-30": "1861.00000", "2013-03-31": "2188.00000", "2012-12-31": "2833.00000", "2012-09-30": "1458.00000", "2012-06-30": "927.00000", "2012-03-31": "2074.00000", "2011-12-31": "978.00000", "2011-09-30": "-428.00000", "2011-06-30": "1052.00000", "2011-03-31": "908.00000", "2010-12-31": "2227.00000", "2010-09-30": "1737.00000", "2010-06-30": "453.00000", "2010-03-31": "3296.00000", "2009-12-31": "4787.00000", "2009-09-30": "3028.00000", "2009-06-30": "2718.00000", "2009-03-31": "1659.00000", "2008-12-31": "", "2008-11-30": "", "2008-08-31": "810.00000", "2008-05-31": "2051.00000", "2008-02-29": "1467.00000", "2007-11-30": "3166.00000", "2007-08-31": "2806.00000", "2007-05-31": "2287.00000", "2007-02-28": "3148.00000", "2006-11-30": "3104.00000", "2006-08-31": "1555.00000", "2006-05-31": "2286.00000", "2006-02-28": "2453.00000", "2005-11-30": "1624.00000", "2005-08-31": "1608.00000", "2005-05-31": "865.00000", "2005-02-28": "1512.00000"}, "EBITDA": {"2020-12-31": "", "2020-09-30": "4767.00000", "2020-06-30": "1790.00000", "2020-03-31": "1785.00000", "2019-12-31": "2785.00000", "2019-09-30": "2889.00000", "2019-06-30": "3526.00000", "2019-03-31": "3087.00000", "2018-12-31": "3085.00000", "2018-09-30": "3395.00000", "2018-06-30": "3611.00000", "2018-03-31": "3718.00000", "2017-12-31": "3458.00000", "2017-09-30": "3256.00000", "2017-06-30": "2774.00000", "2017-03-31": "2796.00000", "2016-12-31": "3664.00000", "2016-09-30": "3115.00000", "2016-06-30": "2708.00000", "2016-03-31": "1815.00000", "2015-12-31": "1357.00000", "2015-09-30": "2268.00000", "2015-06-30": "1991.00000", "2015-03-31": "4153.00000", "2014-12-31": "3562.00000", "2014-09-30": "3606.00000", "2014-06-30": "3115.00000", "2014-03-31": "3411.00000", "2013-12-31": "4026.00000", "2013-09-30": "2447.00000", "2013-06-30": "2911.00000", "2013-03-31": "3675.00000", "2012-12-31": "4813.00000", "2012-09-30": "2694.00000", "2012-06-30": "1824.00000", "2012-03-31": "3614.00000", "2011-12-31": "1761.00000", "2011-09-30": "-341.00000", "2011-06-30": "1984.00000", "2011-03-31": "4634.00000", "2010-12-31": "4205.00000", "2010-09-30": "3169.00000", "2010-06-30": "1888.00000", "2010-03-31": "5534.00000", "2009-12-31": "7771.00000", "2009-09-30": "5167.00000", "2009-06-30": "5556.00000", "2009-03-31": "3278.00000", "2008-12-31": "", "2008-11-30": "", "2008-08-31": "1352.00000", "2008-05-31": "3143.00000", "2008-02-29": "2486.00000", "2007-11-30": "5386.00000", "2007-08-31": "4542.00000", "2007-05-31": "3712.00000", "2007-02-28": "5131.00000", "2006-11-30": "5251.00000", "2006-08-31": "2613.00000", "2006-05-31": "3783.00000", "2006-02-28": "3908.00000", "2005-11-30": "2695.00000", "2005-08-31": "2615.00000", "2005-05-31": "1474.00000", "2005-02-28": "2343.00000"}, "EBIT": {"2020-12-31": "5541.00000", "2020-09-30": "4299.00000", "2020-06-30": "1291.00000", "2020-03-31": "1348.00000", "2019-12-31": "2321.00000", "2019-09-30": "2416.00000", "2019-06-30": "3127.00000", "2019-03-31": "2719.00000", "2018-12-31": "2708.00000", "2018-09-30": "3078.00000", "2018-06-30": "3276.00000", "2018-03-31": "3419.00000", "2017-12-31": "3108.00000", "2017-09-30": "2976.00000", "2017-06-30": "2509.00000", "2017-03-31": "2539.00000", "2016-12-31": "3397.00000", "2016-09-30": "2868.00000", "2016-06-30": "2463.00000", "2016-03-31": "1576.00000", "2015-12-31": "1072.00000", "2015-09-30": "2046.00000", "2015-06-30": "1726.00000", "2015-03-31": "3934.00000", "2014-12-31": "3210.00000", "2014-09-30": "3305.00000", "2014-06-30": "2821.00000", "2014-03-31": "3021.00000", "2013-12-31": "3552.00000", "2013-09-30": "2167.00000", "2013-06-30": "2645.00000", "2013-03-31": "3373.00000", "2012-12-31": "4313.00000", "2012-09-30": "2298.00000", "2012-06-30": "1415.00000", "2012-03-31": "3181.00000", "2011-12-31": "1247.00000", "2011-09-30": "-730.00000", "2011-06-30": "1612.00000", "2011-03-31": "4040.00000", "2010-12-31": "3474.00000", "2010-09-30": "2811.00000", "2010-06-30": "1448.00000", "2010-03-31": "5159.00000", "2009-12-31": "7377.00000", "2009-09-30": "4794.00000", "2009-06-30": "5029.00000", "2009-03-31": "2629.00000", "2008-12-31": "", "2008-11-30": "", "2008-08-31": "960.00000", "2008-05-31": "2832.00000", "2008-02-29": "2143.00000", "2007-11-30": "5055.00000", "2007-08-31": "4259.00000", "2007-05-31": "3431.00000", "2007-02-28": "4859.00000", "2006-11-30": "4985.00000", "2006-08-31": "2362.00000", "2006-05-31": "3524.00000", "2006-02-28": "3689.00000", "2005-11-30": "2479.00000", "2005-08-31": "2405.00000", "2005-05-31": "1244.00000", "2005-02-28": "2145.00000"}, "Basic Shares Outstanding": {"2020-12-31": "356.00000", "2020-09-30": "355.90000", "2020-06-30": "355.70000", "2020-03-31": "358.00000", "2019-12-31": "371.60000", "2019-09-30": "370.00000", "2019-06-30": "374.50000", "2019-03-31": "379.80000", "2018-12-31": "385.40000", "2018-09-30": "385.40000", "2018-06-30": "387.80000", "2018-03-31": "389.10000", "2017-12-31": "401.60000", "2017-09-30": "398.20000", "2017-06-30": "406.10000", "2017-03-31": "412.50000", "2016-12-31": "427.40000", "2016-09-30": "422.40000", "2016-06-30": "431.90000", "2016-03-31": "440.80000", "2015-12-31": "448.90000", "2015-09-30": "449.00000", "2015-06-30": "451.40000", "2015-03-31": "453.30000", "2014-12-31": "458.90000", "2014-09-30": "455.50000", "2014-06-30": "461.70000", "2014-03-31": "468.60000", "2013-12-31": "471.30000", "2013-09-30": "463.40000", "2013-06-30": "473.20000", "2013-03-31": "482.10000", "2012-12-31": "496.20000", "2012-09-30": "491.20000", "2012-06-30": "501.50000", "2012-03-31": "510.80000", "2011-12-31": "524.60000", "2011-09-30": "518.20000", "2011-06-30": "531.90000", "2011-03-31": "540.60000", "2010-12-31": "542.00000", "2010-09-30": "541.20000", "2010-06-30": "539.80000", "2010-03-31": "546.00000", "2009-12-31": "512.30000", "2009-09-30": "525.90000", "2009-06-30": "514.10000", "2009-03-31": "477.40000", "2008-12-31": "", "2008-11-30": "", "2008-08-31": "427.60000", "2008-05-31": "427.50000", "2008-02-29": "432.80000", "2007-11-30": "433.00000", "2007-08-31": "429.00000", "2007-05-31": "435.80000", "2007-02-28": "444.50000", "2006-11-30": "449.00000", "2006-08-31": "449.40000", "2006-05-31": "449.70000", "2006-02-28": "457.30000", "2005-11-30": "478.10000", "2005-08-31": "473.30000", "2005-05-31": "485.40000", "2005-02-28": "494.30000"}, "Shares Outstanding": {"2020-12-31": "361.00000", "2020-09-30": "359.90000", "2020-06-30": "355.70000", "2020-03-31": "361.10000", "2019-12-31": "375.50000", "2019-09-30": "374.30000", "2019-06-30": "378.00000", "2019-03-31": "382.40000", "2018-12-31": "390.20000", "2018-09-30": "390.50000", "2018-06-30": "392.60000", "2018-03-31": "393.80000", "2017-12-31": "409.10000", "2017-09-30": "405.70000", "2017-06-30": "413.30000", "2017-03-31": "420.10000", "2016-12-31": "435.10000", "2016-09-30": "430.20000", "2016-06-30": "439.20000", "2016-03-31": "447.40000", "2015-12-31": "458.60000", "2015-09-30": "458.60000", "2015-06-30": "461.60000", "2015-03-31": "462.90000", "2014-12-31": "473.20000", "2014-09-30": "469.20000", "2014-06-30": "475.90000", "2014-03-31": "484.60000", "2013-12-31": "499.60000", "2013-09-30": "496.40000", "2013-06-30": "503.50000", "2013-03-31": "509.80000", "2012-12-31": "516.10000", "2012-09-30": "510.90000", "2012-06-30": "520.30000", "2012-03-31": "529.20000", "2011-12-31": "556.90000", "2011-09-30": "518.20000", "2011-06-30": "569.50000", "2011-03-31": "583.00000", "2010-12-31": "585.30000", "2010-09-30": "582.70000", "2010-06-30": "580.40000", "2010-03-31": "590.00000", "2009-12-31": "550.90000", "2009-09-30": "576.90000", "2009-06-30": "551.00000", "2009-03-31": "489.20000", "2008-12-31": "", "2008-11-30": "", "2008-08-31": "448.30000", "2008-05-31": "447.40000", "2008-02-29": "453.50000", "2007-11-30": "461.20000", "2007-08-31": "457.40000", "2007-05-31": "464.10000", "2007-02-28": "471.90000", "2006-11-30": "477.40000", "2006-08-31": "477.40000", "2006-05-31": "478.30000", "2006-02-28": "483.30000", "2005-11-30": "500.20000", "2005-08-31": "494.20000", "2005-05-31": "506.20000", "2005-02-28": "515.10000"}, "Basic EPS": {"2020-12-31": "12.23000", "2020-09-30": "9.07000", "2020-06-30": "0.53000", "2020-03-31": "3.12000", "2019-12-31": "4.76000", "2019-09-30": "4.83000", "2019-06-30": "5.86000", "2019-03-31": "5.73000", "2018-12-31": "6.12000", "2018-09-30": "6.35000", "2018-06-30": "6.04000", "2018-03-31": "7.02000", "2017-12-31": "-5.20000", "2017-09-30": "5.09000", "2017-06-30": "4.00000", "2017-03-31": "5.23000", "2016-12-31": "5.09000", "2016-09-30": "4.96000", "2016-06-30": "3.77000", "2016-03-31": "2.71000", "2015-12-31": "1.34000", "2015-09-30": "2.95000", "2015-06-30": "2.01000", "2015-03-31": "6.05000", "2014-12-31": "4.50000", "2014-09-30": "4.69000", "2014-06-30": "4.21000", "2014-03-31": "4.15000", "2013-12-31": "4.82000", "2013-09-30": "3.07000", "2013-06-30": "3.92000", "2013-03-31": "4.53000", "2012-12-31": "5.80000", "2012-09-30": "2.95000", "2012-06-30": "1.83000", "2012-03-31": "4.05000", "2011-12-31": "1.93000", "2011-09-30": "-0.84000", "2011-06-30": "1.96000", "2011-03-31": "1.66000", "2010-12-31": "4.12000", "2010-09-30": "3.19000", "2010-06-30": "0.82000", "2010-03-31": "6.02000", "2009-12-31": "9.25000", "2009-09-30": "5.74000", "2009-06-30": "5.27000", "2009-03-31": "3.48000", "2008-12-31": "", "2008-11-30": "", "2008-08-31": "1.89000", "2008-05-31": "4.80000", "2008-02-29": "3.39000", "2007-11-30": "7.47000", "2007-08-31": "6.54000", "2007-05-31": "5.25000", "2007-02-28": "7.08000", "2006-11-30": "7.03000", "2006-08-31": "3.46000", "2006-05-31": "5.08000", "2006-02-28": "5.36000", "2005-11-30": "3.49000", "2005-08-31": "3.40000", "2005-05-31": "1.78000", "2005-02-28": "3.06000"}, "EPS - Earnings Per Share": {"2020-12-31": "12.08000", "2020-09-30": "8.98000", "2020-06-30": "0.53000", "2020-03-31": "3.11000", "2019-12-31": "4.72000", "2019-09-30": "4.79000", "2019-06-30": "5.81000", "2019-03-31": "5.71000", "2018-12-31": "6.06000", "2018-09-30": "6.28000", "2018-06-30": "5.98000", "2018-03-31": "6.95000", "2017-12-31": "-5.11000", "2017-09-30": "5.02000", "2017-06-30": "3.95000", "2017-03-31": "5.15000", "2016-12-31": "5.01000", "2016-09-30": "4.88000", "2016-06-30": "3.72000", "2016-03-31": "2.68000", "2015-12-31": "1.32000", "2015-09-30": "2.90000", "2015-06-30": "1.98000", "2015-03-31": "5.94000", "2014-12-31": "4.38000", "2014-09-30": "4.57000", "2014-06-30": "4.10000", "2014-03-31": "4.02000", "2013-12-31": "4.59000", "2013-09-30": "2.88000", "2013-06-30": "3.70000", "2013-03-31": "4.29000", "2012-12-31": "5.58000", "2012-09-30": "2.85000", "2012-06-30": "1.78000", "2012-03-31": "3.92000", "2011-12-31": "1.94000", "2011-09-30": "-0.84000", "2011-06-30": "1.85000", "2011-03-31": "1.56000", "2010-12-31": "3.83000", "2010-09-30": "2.98000", "2010-06-30": "0.78000", "2010-03-31": "5.59000", "2009-12-31": "8.56000", "2009-09-30": "5.25000", "2009-06-30": "4.93000", "2009-03-31": "3.39000", "2008-12-31": "0.00000", "2008-11-30": "0.00000", "2008-08-31": "1.81000", "2008-05-31": "4.58000", "2008-02-29": "3.23000", "2007-11-30": "7.00000", "2007-08-31": "6.13000", "2007-05-31": "4.93000", "2007-02-28": "6.67000", "2006-11-30": "6.57000", "2006-08-31": "3.26000", "2006-05-31": "4.78000", "2006-02-28": "5.08000", "2005-11-30": "3.31000", "2005-08-31": "3.25000", "2005-05-31": "1.71000", "2005-02-28": "2.94000"}}, "balance sheet": {"Cash On Hand": {"2020-12-31": "406000.00000", "2019-12-31": "355308.00000", "2018-12-31": "405090.00000", "2017-12-31": "421721.00000", "2016-12-31": "423236.00000", "2015-12-31": "405385.00000", "2014-12-31": "397976.00000", "2013-12-31": "437102.00000", "2012-12-31": "400567.00000", "2011-12-31": "461402.00000", "2010-12-31": "448180.00000", "2009-12-31": "409172.00000", "2008-11-30": "425220.00000", "2007-11-30": "494951.00000", "2006-11-30": "388751.00000", "2005-11-30": "337085.00000"}, "Receivables": {"2020-12-31": "515000.00000", "2019-12-31": "74605.00000", "2018-12-31": "72455.00000", "2017-12-31": "84788.00000", "2016-12-31": "65824.00000", "2015-12-31": "71883.00000", "2014-12-31": "94479.00000", "2013-12-31": "97880.00000", "2012-12-31": "91354.00000", "2011-12-31": "74465.00000", "2010-12-31": "78140.00000", "2009-12-31": "67900.00000", "2008-11-30": "90564.00000", "2007-11-30": "148183.00000", "2006-11-30": "93013.00000", "2005-11-30": "75381.00000"}, "Inventory": {"2020-12-31": "", "2019-12-31": "", "2018-12-31": "", "2017-12-31": "", "2016-12-31": "", "2015-12-31": "", "2014-12-31": "", "2013-12-31": "", "2012-12-31": "", "2011-12-31": "", "2010-12-31": "", "2009-12-31": "", "2008-11-30": "", "2007-11-30": "", "2006-11-30": "", "2005-11-30": ""}, "Pre-Paid Expenses": {"2020-12-31": "", "2019-12-31": "", "2018-12-31": "", "2017-12-31": "", "2016-12-31": "", "2015-12-31": "", "2014-12-31": "", "2013-12-31": "", "2012-12-31": "", "2011-12-31": "", "2010-12-31": "", "2009-12-31": "", "2008-11-30": "", "2007-11-30": "", "2006-11-30": "", "2005-11-30": ""}, "Other Current Assets": {"2020-12-31": "", "2019-12-31": "", "2018-12-31": "", "2017-12-31": "", "2016-12-31": "", "2015-12-31": "", "2014-12-31": "", "2013-12-31": "", "2012-12-31": "", "2011-12-31": "", "2010-12-31": "", "2009-12-31": "", "2008-11-30": "", "2007-11-30": "", "2006-11-30": "", "2005-11-30": ""}, "Total Current Assets": {"2020-12-31": "1037000.00000", "2019-12-31": "538817.00000", "2018-12-31": "575382.00000", "2017-12-31": "572442.00000", "2016-12-31": "538732.00000", "2015-12-31": "522675.00000", "2014-12-31": "521393.00000", "2013-12-31": "549877.00000", "2012-12-31": "491921.00000", "2011-12-31": "535867.00000", "2010-12-31": "526320.00000", "2009-12-31": "477072.00000", "2008-11-30": "515784.00000", "2007-11-30": "643134.00000", "2006-11-30": "481764.00000", "2005-11-30": "412466.00000"}, "Property, Plant, And Equipment": {"2020-12-31": "", "2019-12-31": "", "2018-12-31": "", "2017-12-31": "", "2016-12-31": "", "2015-12-31": "", "2014-12-31": "", "2013-12-31": "", "2012-12-31": "", "2011-12-31": "", "2010-12-31": "", "2009-12-31": "", "2008-11-30": "", "2007-11-30": "", "2006-11-30": "", "2005-11-30": ""}, "Long-Term Investments": {"2020-12-31": "89000.00000", "2019-12-31": "419269.00000", "2018-12-31": "327419.00000", "2017-12-31": "315988.00000", "2016-12-31": "295952.00000", "2015-12-31": "313502.00000", "2014-12-31": "312248.00000", "2013-12-31": "339121.00000", "2012-12-31": "407011.00000", "2011-12-31": "364206.00000", "2010-12-31": "356953.00000", "2009-12-31": "342402.00000", "2008-11-30": "338325.00000", "2007-11-30": "452595.00000", "2006-11-30": "334561.00000", "2005-11-30": "277026.00000"}, "Goodwill And Intangible Assets": {"2020-12-31": "", "2019-12-31": "", "2018-12-31": "", "2017-12-31": "", "2016-12-31": "", "2015-12-31": "", "2014-12-31": "", "2013-12-31": "", "2012-12-31": "", "2011-12-31": "", "2010-12-31": "", "2009-12-31": "", "2008-11-30": "", "2007-11-30": "", "2006-11-30": "", "2005-11-30": ""}, "Other Long-Term Assets": {"2020-12-31": "37000.00000", "2019-12-31": "34882.00000", "2018-12-31": "28995.00000", "2017-12-31": "28346.00000", "2016-12-31": "25481.00000", "2015-12-31": "25218.00000", "2014-12-31": "22201.00000", "2013-12-31": "22509.00000", "2012-12-31": "39623.00000", "2011-12-31": "23152.00000", "2010-12-31": "28059.00000", "2009-12-31": "29468.00000", "2008-11-30": "30438.00000", "2007-11-30": "24067.00000", "2006-11-30": "21876.00000", "2005-11-30": "17312.00000"}, "Total Long-Term Assets": {"2020-12-31": "126000.00000", "2019-12-31": "454151.00000", "2018-12-31": "356414.00000", "2017-12-31": "344334.00000", "2016-12-31": "321433.00000", "2015-12-31": "338720.00000", "2014-12-31": "334449.00000", "2013-12-31": "361630.00000", "2012-12-31": "446634.00000", "2011-12-31": "387358.00000", "2010-12-31": "385012.00000", "2009-12-31": "371870.00000", "2008-11-30": "368763.00000", "2007-11-30": "476662.00000", "2006-11-30": "356437.00000", "2005-11-30": "294338.00000"}, "Total Assets": {"2020-12-31": "1163000.00000", "2019-12-31": "992968.00000", "2018-12-31": "931796.00000", "2017-12-31": "916776.00000", "2016-12-31": "860165.00000", "2015-12-31": "861395.00000", "2014-12-31": "855842.00000", "2013-12-31": "911507.00000", "2012-12-31": "938555.00000", "2011-12-31": "923225.00000", "2010-12-31": "911332.00000", "2009-12-31": "848942.00000", "2008-11-30": "884547.00000", "2007-11-30": "1119796.00000", "2006-11-30": "838201.00000", "2005-11-30": "706804.00000"}, "Total Current Liabilities": {"2020-12-31": "854000.00000", "2019-12-31": "695627.00000", "2018-12-31": "617462.00000", "2017-12-31": "616846.00000", "2016-12-31": "584186.00000", "2015-12-31": "599245.00000", "2014-12-31": "605743.00000", "2013-12-31": "672075.00000", "2012-12-31": "695534.00000", "2011-12-31": "679301.00000", "2010-12-31": "659577.00000", "2009-12-31": "593143.00000", "2008-11-30": "651958.00000", "2007-11-30": "912822.00000", "2006-11-30": "679573.00000", "2005-11-30": "594464.00000"}, "Long Term Debt": {"2020-12-31": "213000.00000", "2019-12-31": "207076.00000", "2018-12-31": "224149.00000", "2017-12-31": "217687.00000", "2016-12-31": "189086.00000", "2015-12-31": "175422.00000", "2014-12-31": "167302.00000", "2013-12-31": "160965.00000", "2012-12-31": "167305.00000", "2011-12-31": "173545.00000", "2010-12-31": "174399.00000", "2009-12-31": "185085.00000", "2008-11-30": "168220.00000", "2007-11-30": "164174.00000", "2006-11-30": "122842.00000", "2005-11-30": "84338.00000"}, "Other Non-Current Liabilities": {"2020-12-31": "", "2019-12-31": "", "2018-12-31": "", "2017-12-31": "", "2016-12-31": "", "2015-12-31": "", "2014-12-31": "", "2013-12-31": "", "2012-12-31": "", "2011-12-31": "", "2010-12-31": "", "2009-12-31": "", "2008-11-30": "", "2007-11-30": "", "2006-11-30": "", "2005-11-30": ""}, "Total Long Term Liabilities": {"2020-12-31": "213000.00000", "2019-12-31": "207076.00000", "2018-12-31": "224149.00000", "2017-12-31": "217687.00000", "2016-12-31": "189086.00000", "2015-12-31": "175422.00000", "2014-12-31": "167302.00000", "2013-12-31": "160965.00000", "2012-12-31": "167305.00000", "2011-12-31": "173545.00000", "2010-12-31": "174399.00000", "2009-12-31": "185085.00000", "2008-11-30": "168220.00000", "2007-11-30": "164174.00000", "2006-11-30": "122842.00000", "2005-11-30": "84338.00000"}, "Total Liabilities": {"2020-12-31": "1067000.00000", "2019-12-31": "902703.00000", "2018-12-31": "841611.00000", "2017-12-31": "834533.00000", "2016-12-31": "773272.00000", "2015-12-31": "774667.00000", "2014-12-31": "773045.00000", "2013-12-31": "833040.00000", "2012-12-31": "862839.00000", "2011-12-31": "852846.00000", "2010-12-31": "833976.00000", "2009-12-31": "778228.00000", "2008-11-30": "820178.00000", "2007-11-30": "1076996.00000", "2006-11-30": "802415.00000", "2005-11-30": "678802.00000"}, "Common Stock Net": {"2020-12-31": "", "2019-12-31": "9.00000", "2018-12-31": "9.00000", "2017-12-31": "9.00000", "2016-12-31": "9.00000", "2015-12-31": "9.00000", "2014-12-31": "9.00000", "2013-12-31": "8.00000", "2012-12-31": "8.00000", "2011-12-31": "8.00000", "2010-12-31": "8.00000", "2009-12-31": "8.00000", "2008-11-30": "7.00000", "2007-11-30": "6.00000", "2006-11-30": "6.00000", "2005-11-30": "6.00000"}, "Retained Earnings (Accumulated Deficit)": {"2020-12-31": "", "2019-12-31": "106465.00000", "2018-12-31": "100100.00000", "2017-12-31": "91519.00000", "2016-12-31": "89039.00000", "2015-12-31": "83386.00000", "2014-12-31": "78984.00000", "2013-12-31": "71961.00000", "2012-12-31": "65223.00000", "2011-12-31": "58834.00000", "2010-12-31": "57163.00000", "2009-12-31": "50252.00000", "2008-11-30": "39913.00000", "2007-11-30": "38642.00000", "2006-11-30": "27868.00000", "2005-11-30": "19085.00000"}, "Comprehensive Income": {"2020-12-31": "", "2019-12-31": "-1484.00000", "2018-12-31": "693.00000", "2017-12-31": "-1880.00000", "2016-12-31": "-1216.00000", "2015-12-31": "-718.00000", "2014-12-31": "-743.00000", "2013-12-31": "-524.00000", "2012-12-31": "-193.00000", "2011-12-31": "-516.00000", "2010-12-31": "-286.00000", "2009-12-31": "-362.00000", "2008-11-30": "-202.00000", "2007-11-30": "-118.00000", "2006-11-30": "21.00000", "2005-11-30": ""}, "Other Share Holders Equity": {"2020-12-31": "", "2019-12-31": "3195.00000", "2018-12-31": "2845.00000", "2017-12-31": "2777.00000", "2016-12-31": "3914.00000", "2015-12-31": "4151.00000", "2014-12-31": "3766.00000", "2013-12-31": "3839.00000", "2012-12-31": "3298.00000", "2011-12-31": "5681.00000", "2010-12-31": "7706.00000", "2009-12-31": "6245.00000", "2008-11-30": "9284.00000", "2007-11-30": "9302.00000", "2006-11-30": "6290.00000", "2005-11-30": "3415.00000"}, "Share Holder Equity": {"2020-12-31": "96000.00000", "2019-12-31": "90265.00000", "2018-12-31": "90185.00000", "2017-12-31": "82243.00000", "2016-12-31": "86893.00000", "2015-12-31": "86728.00000", "2014-12-31": "82797.00000", "2013-12-31": "78467.00000", "2012-12-31": "75716.00000", "2011-12-31": "70379.00000", "2010-12-31": "77356.00000", "2009-12-31": "70714.00000", "2008-11-30": "64369.00000", "2007-11-30": "42800.00000", "2006-11-30": "35786.00000", "2005-11-30": "28002.00000"}, "Total Liabilities And Share Holders Equity": {"2020-12-31": "1163000.00000", "2019-12-31": "992968.00000", "2018-12-31": "931796.00000", "2017-12-31": "916776.00000", "2016-12-31": "860165.00000", "2015-12-31": "861395.00000", "2014-12-31": "855842.00000", "2013-12-31": "911507.00000", "2012-12-31": "938555.00000", "2011-12-31": "923225.00000", "2010-12-31": "911332.00000", "2009-12-31": "848942.00000", "2008-11-30": "884547.00000", "2007-11-30": "1119796.00000", "2006-11-30": "838201.00000", "2005-11-30": "706804.00000"}}, "balance sheet, quarterly": {"Cash On Hand": {"2020-12-31": "406000.00000", "2020-09-30": "381869.00000", "2020-06-30": "406225.00000", "2020-03-31": "359492.00000", "2019-12-31": "355308.00000", "2019-09-30": "372762.00000", "2019-06-30": "367189.00000", "2019-03-31": "368279.00000", "2018-12-31": "405090.00000", "2018-09-30": "417209.00000", "2018-06-30": "429422.00000", "2018-03-31": "429531.00000", "2017-12-31": "421721.00000", "2017-09-30": "417536.00000", "2017-06-30": "404742.00000", "2017-03-31": "427759.00000", "2016-12-31": "423236.00000", "2016-09-30": "433749.00000", "2016-06-30": "465703.00000", "2016-03-31": "446572.00000", "2015-12-31": "405385.00000", "2015-09-30": "423961.00000", "2015-06-30": "397782.00000", "2015-03-31": "385350.00000", "2014-12-31": "397976.00000", "2014-09-30": "396381.00000", "2014-06-30": "371473.00000", "2014-03-31": "444806.00000", "2013-12-31": "437102.00000", "2013-09-30": "464316.00000", "2013-06-30": "452681.00000", "2013-03-31": "434924.00000", "2012-12-31": "400567.00000", "2012-09-30": "429847.00000", "2012-06-30": "450458.00000", "2012-03-31": "460379.00000", "2011-12-31": "461402.00000", "2011-09-30": "464409.00000", "2011-06-30": "444681.00000", "2011-03-31": "442506.00000", "2010-12-31": "448180.00000", "2010-09-30": "450498.00000", "2010-06-30": "448374.00000", "2010-03-31": "439326.00000", "2009-12-31": "409172.00000", "2009-09-30": "430380.00000", "2009-06-30": "432873.00000", "2009-03-31": "476403.00000", "2008-12-31": "459177.00000", "2008-11-30": "", "2008-08-31": "549681.00000", "2008-05-31": "527982.00000", "2008-02-29": "519058.00000", "2007-11-30": "494951.00000", "2007-08-31": "458026.00000", "2007-05-31": "399323.00000", "2007-02-28": "408327.00000", "2006-11-30": "388751.00000", "2006-08-31": "379520.00000", "2006-05-31": "375693.00000", "2006-02-28": "363986.00000", "2005-11-30": "337085.00000", "2005-08-31": "335745.00000", "2005-05-31": "308686.00000", "2005-02-28": "297102.00000"}, "Receivables": {"2020-12-31": "515000.00000", "2020-09-30": "111181.00000", "2020-06-30": "106489.00000", "2020-03-31": "120927.00000", "2019-12-31": "74605.00000", "2019-09-30": "83092.00000", "2019-06-30": "83915.00000", "2019-03-31": "73438.00000", "2018-12-31": "72455.00000", "2018-09-30": "83315.00000", "2018-06-30": "88637.00000", "2018-03-31": "108019.00000", "2017-12-31": "84788.00000", "2017-09-30": "88143.00000", "2017-06-30": "91634.00000", "2017-03-31": "80210.00000", "2016-12-31": "65824.00000", "2016-09-30": "79536.00000", "2016-06-30": "78441.00000", "2016-03-31": "72370.00000", "2015-12-31": "71883.00000", "2015-09-30": "99002.00000", "2015-06-30": "94685.00000", "2015-03-31": "98302.00000", "2014-12-31": "94479.00000", "2014-09-30": "125006.00000", "2014-06-30": "119244.00000", "2014-03-31": "114874.00000", "2013-12-31": "97880.00000", "2013-09-30": "97720.00000", "2013-06-30": "97357.00000", "2013-03-31": "98418.00000", "2012-12-31": "91354.00000", "2012-09-30": "80343.00000", "2012-06-30": "86820.00000", "2012-03-31": "82097.00000", "2011-12-31": "74465.00000", "2011-09-30": "88351.00000", "2011-06-30": "94152.00000", "2011-03-31": "87619.00000", "2010-12-31": "78140.00000", "2010-09-30": "77315.00000", "2010-06-30": "70746.00000", "2010-03-31": "71443.00000", "2009-12-31": "67900.00000", "2009-09-30": "69936.00000", "2009-06-30": "72315.00000", "2009-03-31": "70486.00000", "2008-12-31": "86377.00000", "2008-11-30": "", "2008-08-31": "104225.00000", "2008-05-31": "123057.00000", "2008-02-29": "144323.00000", "2007-11-30": "148183.00000", "2007-08-31": "135580.00000", "2007-05-31": "135241.00000", "2007-02-28": "109269.00000", "2006-11-30": "93013.00000", "2006-08-31": "89312.00000", "2006-05-31": "93617.00000", "2006-02-28": "83615.00000", "2005-11-30": "75381.00000", "2005-08-31": "67413.00000", "2005-05-31": "58369.00000", "2005-02-28": "59562.00000"}, "Inventory": {"2020-12-31": "", "2020-09-30": "", "2020-06-30": "", "2020-03-31": "", "2019-12-31": "", "2019-09-30": "", "2019-06-30": "", "2019-03-31": "", "2018-12-31": "", "2018-09-30": "", "2018-06-30": "", "2018-03-31": "", "2017-12-31": "", "2017-09-30": "", "2017-06-30": "", "2017-03-31": "", "2016-12-31": "", "2016-09-30": "", "2016-06-30": "", "2016-03-31": "", "2015-12-31": "", "2015-09-30": "", "2015-06-30": "", "2015-03-31": "", "2014-12-31": "", "2014-09-30": "", "2014-06-30": "", "2014-03-31": "", "2013-12-31": "", "2013-09-30": "", "2013-06-30": "", "2013-03-31": "", "2012-12-31": "", "2012-09-30": "", "2012-06-30": "", "2012-03-31": "", "2011-12-31": "", "2011-09-30": "", "2011-06-30": "", "2011-03-31": "", "2010-12-31": "", "2010-09-30": "", "2010-06-30": "", "2010-03-31": "", "2009-12-31": "", "2009-09-30": "", "2009-06-30": "", "2009-03-31": "", "2008-12-31": "", "2008-11-30": "", "2008-08-31": "", "2008-05-31": "", "2008-02-29": "", "2007-11-30": "", "2007-08-31": "", "2007-05-31": "", "2007-02-28": "", "2006-11-30": "", "2006-08-31": "", "2006-05-31": "", "2006-02-28": "", "2005-11-30": "", "2005-08-31": "", "2005-05-31": "", "2005-02-28": ""}, "Pre-Paid Expenses": {"2020-12-31": "", "2020-09-30": "", "2020-06-30": "", "2020-03-31": "", "2019-12-31": "", "2019-09-30": "", "2019-06-30": "", "2019-03-31": "", "2018-12-31": "", "2018-09-30": "", "2018-06-30": "", "2018-03-31": "", "2017-12-31": "", "2017-09-30": "", "2017-06-30": "", "2017-03-31": "", "2016-12-31": "", "2016-09-30": "", "2016-06-30": "", "2016-03-31": "", "2015-12-31": "", "2015-09-30": "", "2015-06-30": "", "2015-03-31": "", "2014-12-31": "", "2014-09-30": "", "2014-06-30": "", "2014-03-31": "", "2013-12-31": "", "2013-09-30": "", "2013-06-30": "", "2013-03-31": "", "2012-12-31": "", "2012-09-30": "", "2012-06-30": "", "2012-03-31": "", "2011-12-31": "", "2011-09-30": "", "2011-06-30": "", "2011-03-31": "", "2010-12-31": "", "2010-09-30": "", "2010-06-30": "", "2010-03-31": "", "2009-12-31": "", "2009-09-30": "", "2009-06-30": "", "2009-03-31": "", "2008-12-31": "", "2008-11-30": "", "2008-08-31": "", "2008-05-31": "", "2008-02-29": "", "2007-11-30": "", "2007-08-31": "", "2007-05-31": "", "2007-02-28": "", "2006-11-30": "", "2006-08-31": "", "2006-05-31": "", "2006-02-28": "", "2005-11-30": "", "2005-08-31": "", "2005-05-31": "", "2005-02-28": ""}, "Other Current Assets": {"2020-12-31": "", "2020-09-30": "", "2020-06-30": "", "2020-03-31": "", "2019-12-31": "", "2019-09-30": "", "2019-06-30": "", "2019-03-31": "", "2018-12-31": "", "2018-09-30": "", "2018-06-30": "", "2018-03-31": "", "2017-12-31": "", "2017-09-30": "", "2017-06-30": "", "2017-03-31": "", "2016-12-31": "", "2016-09-30": "", "2016-06-30": "", "2016-03-31": "", "2015-12-31": "", "2015-09-30": "", "2015-06-30": "", "2015-03-31": "", "2014-12-31": "", "2014-09-30": "", "2014-06-30": "", "2014-03-31": "", "2013-12-31": "", "2013-09-30": "", "2013-06-30": "", "2013-03-31": "", "2012-12-31": "", "2012-09-30": "", "2012-06-30": "", "2012-03-31": "", "2011-12-31": "", "2011-09-30": "", "2011-06-30": "", "2011-03-31": "", "2010-12-31": "", "2010-09-30": "", "2010-06-30": "", "2010-03-31": "", "2009-12-31": "", "2009-09-30": "", "2009-06-30": "", "2009-03-31": "", "2008-12-31": "", "2008-11-30": "", "2008-08-31": "", "2008-05-31": "", "2008-02-29": "", "2007-11-30": "", "2007-08-31": "", "2007-05-31": "", "2007-02-28": "", "2006-11-30": "", "2006-08-31": "", "2006-05-31": "", "2006-02-28": "", "2005-11-30": "", "2005-08-31": "", "2005-05-31": "", "2005-02-28": ""}, "Total Current Assets": {"2020-12-31": "1037000.00000", "2020-09-30": "604893.00000", "2020-06-30": "629808.00000", "2020-03-31": "608872.00000", "2019-12-31": "538817.00000", "2019-09-30": "541691.00000", "2019-06-30": "534873.00000", "2019-03-31": "524391.00000", "2018-12-31": "575382.00000", "2018-09-30": "576535.00000", "2018-06-30": "592141.00000", "2018-03-31": "609247.00000", "2017-12-31": "572442.00000", "2017-09-30": "567165.00000", "2017-06-30": "550328.00000", "2017-03-31": "558354.00000", "2016-12-31": "538732.00000", "2016-09-30": "562349.00000", "2016-06-30": "592356.00000", "2016-03-31": "566866.00000", "2015-12-31": "522675.00000", "2015-09-30": "565152.00000", "2015-06-30": "530864.00000", "2015-03-31": "516271.00000", "2014-12-31": "521393.00000", "2014-09-30": "521387.00000", "2014-06-30": "490717.00000", "2014-03-31": "559680.00000", "2013-12-31": "549877.00000", "2013-09-30": "562036.00000", "2013-06-30": "550038.00000", "2013-03-31": "533342.00000", "2012-12-31": "491921.00000", "2012-09-30": "510190.00000", "2012-06-30": "537278.00000", "2012-03-31": "542476.00000", "2011-12-31": "535867.00000", "2011-09-30": "552760.00000", "2011-06-30": "538833.00000", "2011-03-31": "530125.00000", "2010-12-31": "526320.00000", "2010-09-30": "527813.00000", "2010-06-30": "519120.00000", "2010-03-31": "510769.00000", "2009-12-31": "477072.00000", "2009-09-30": "500316.00000", "2009-06-30": "505188.00000", "2009-03-31": "546889.00000", "2008-12-31": "545554.00000", "2008-11-30": "", "2008-08-31": "653906.00000", "2008-05-31": "651039.00000", "2008-02-29": "663381.00000", "2007-11-30": "643134.00000", "2007-08-31": "593606.00000", "2007-05-31": "534564.00000", "2007-02-28": "517596.00000", "2006-11-30": "481764.00000", "2006-08-31": "468832.00000", "2006-05-31": "469310.00000", "2006-02-28": "447601.00000", "2005-11-30": "412466.00000", "2005-08-31": "403158.00000", "2005-05-31": "367055.00000", "2005-02-28": "356664.00000"}, "Property, Plant, And Equipment": {"2020-12-31": "", "2020-09-30": "", "2020-06-30": "", "2020-03-31": "", "2019-12-31": "", "2019-09-30": "", "2019-06-30": "", "2019-03-31": "", "2018-12-31": "", "2018-09-30": "", "2018-06-30": "", "2018-03-31": "", "2017-12-31": "", "2017-09-30": "", "2017-06-30": "", "2017-03-31": "", "2016-12-31": "", "2016-09-30": "", "2016-06-30": "", "2016-03-31": "", "2015-12-31": "", "2015-09-30": "", "2015-06-30": "", "2015-03-31": "", "2014-12-31": "", "2014-09-30": "", "2014-06-30": "", "2014-03-31": "", "2013-12-31": "", "2013-09-30": "", "2013-06-30": "", "2013-03-31": "", "2012-12-31": "", "2012-09-30": "", "2012-06-30": "", "2012-03-31": "", "2011-12-31": "", "2011-09-30": "", "2011-06-30": "", "2011-03-31": "", "2010-12-31": "", "2010-09-30": "", "2010-06-30": "", "2010-03-31": "", "2009-12-31": "", "2009-09-30": "", "2009-06-30": "", "2009-03-31": "", "2008-12-31": "", "2008-11-30": "", "2008-08-31": "", "2008-05-31": "", "2008-02-29": "", "2007-11-30": "", "2007-08-31": "", "2007-05-31": "", "2007-02-28": "", "2006-11-30": "", "2006-08-31": "", "2006-05-31": "", "2006-02-28": "", "2005-11-30": "", "2005-08-31": "", "2005-05-31": "", "2005-02-28": ""}, "Long-Term Investments": {"2020-12-31": "89000.00000", "2020-09-30": "489192.00000", "2020-06-30": "473956.00000", "2020-03-31": "444165.00000", "2019-12-31": "419269.00000", "2019-09-30": "424989.00000", "2019-06-30": "370942.00000", "2019-03-31": "363275.00000", "2018-12-31": "327419.00000", "2018-09-30": "351028.00000", "2018-06-30": "347959.00000", "2018-03-31": "336879.00000", "2017-12-31": "315988.00000", "2017-09-30": "333474.00000", "2017-06-30": "327740.00000", "2017-03-31": "308871.00000", "2016-12-31": "295952.00000", "2016-09-30": "292420.00000", "2016-06-30": "279992.00000", "2016-03-31": "286902.00000", "2015-12-31": "313502.00000", "2015-09-30": "290487.00000", "2015-06-30": "303463.00000", "2015-03-31": "325938.00000", "2014-12-31": "312248.00000", "2014-09-30": "325326.00000", "2014-06-30": "345806.00000", "2014-03-31": "332533.00000", "2013-12-31": "339121.00000", "2013-09-30": "324257.00000", "2013-06-30": "356161.00000", "2013-03-31": "387393.00000", "2012-12-31": "407011.00000", "2012-09-30": "415293.00000", "2012-06-30": "387196.00000", "2012-03-31": "385506.00000", "2011-12-31": "364206.00000", "2011-09-30": "371459.00000", "2011-06-30": "370605.00000", "2011-03-31": "374806.00000", "2010-12-31": "356953.00000", "2010-09-30": "351795.00000", "2010-06-30": "334868.00000", "2010-03-31": "339435.00000", "2009-12-31": "342402.00000", "2009-09-30": "352190.00000", "2009-06-30": "355251.00000", "2009-03-31": "349591.00000", "2008-12-31": "534964.00000", "2008-11-30": "", "2008-08-31": "400120.00000", "2008-05-31": "411194.00000", "2008-02-29": "498855.00000", "2007-11-30": "452595.00000", "2007-08-31": "428156.00000", "2007-05-31": "384017.00000", "2007-02-28": "372892.00000", "2006-11-30": "334561.00000", "2006-08-31": "309174.00000", "2006-05-31": "310155.00000", "2006-02-28": "292278.00000", "2005-11-30": "277026.00000", "2005-08-31": "249589.00000", "2005-05-31": "238697.00000", "2005-02-28": "222788.00000"}, "Goodwill And Intangible Assets": {"2020-12-31": "", "2020-09-30": "", "2020-06-30": "", "2020-03-31": "", "2019-12-31": "", "2019-09-30": "", "2019-06-30": "", "2019-03-31": "", "2018-12-31": "", "2018-09-30": "", "2018-06-30": "", "2018-03-31": "", "2017-12-31": "", "2017-09-30": "", "2017-06-30": "", "2017-03-31": "", "2016-12-31": "", "2016-09-30": "", "2016-06-30": "", "2016-03-31": "", "2015-12-31": "", "2015-09-30": "", "2015-06-30": "", "2015-03-31": "", "2014-12-31": "", "2014-09-30": "", "2014-06-30": "", "2014-03-31": "", "2013-12-31": "", "2013-09-30": "", "2013-06-30": "", "2013-03-31": "", "2012-12-31": "", "2012-09-30": "", "2012-06-30": "", "2012-03-31": "", "2011-12-31": "", "2011-09-30": "", "2011-06-30": "", "2011-03-31": "", "2010-12-31": "", "2010-09-30": "", "2010-06-30": "", "2010-03-31": "", "2009-12-31": "", "2009-09-30": "", "2009-06-30": "", "2009-03-31": "", "2008-12-31": "", "2008-11-30": "", "2008-08-31": "", "2008-05-31": "", "2008-02-29": "", "2007-11-30": "", "2007-08-31": "", "2007-05-31": "", "2007-02-28": "", "2006-11-30": "", "2006-08-31": "", "2006-05-31": "", "2006-02-28": "", "2005-11-30": "", "2005-08-31": "", "2005-05-31": "", "2005-02-28": ""}, "Other Long-Term Assets": {"2020-12-31": "37000.00000", "2020-09-30": "37974.00000", "2020-06-30": "37759.00000", "2020-03-31": "36719.00000", "2019-12-31": "34882.00000", "2019-09-30": "40640.00000", "2019-06-30": "39088.00000", "2019-03-31": "37683.00000", "2018-12-31": "28995.00000", "2018-09-30": "29627.00000", "2018-06-30": "28510.00000", "2018-03-31": "27409.00000", "2017-12-31": "28346.00000", "2017-09-30": "29493.00000", "2017-06-30": "28450.00000", "2017-03-31": "26844.00000", "2016-12-31": "25481.00000", "2016-09-30": "25218.00000", "2016-06-30": "24495.00000", "2016-03-31": "24268.00000", "2015-12-31": "25218.00000", "2015-09-30": "24920.00000", "2015-06-30": "25552.00000", "2015-03-31": "23249.00000", "2014-12-31": "22201.00000", "2014-09-30": "22220.00000", "2014-06-30": "23391.00000", "2014-03-31": "23452.00000", "2013-12-31": "22509.00000", "2013-09-30": "36930.00000", "2013-06-30": "32257.00000", "2013-03-31": "38488.00000", "2012-12-31": "39623.00000", "2012-09-30": "23724.00000", "2012-06-30": "24164.00000", "2012-03-31": "22950.00000", "2011-12-31": "23152.00000", "2011-09-30": "24690.00000", "2011-06-30": "27472.00000", "2011-03-31": "28358.00000", "2010-12-31": "28059.00000", "2010-09-30": "29071.00000", "2010-06-30": "29200.00000", "2010-03-31": "30324.00000", "2009-12-31": "29468.00000", "2009-09-30": "29679.00000", "2009-06-30": "29105.00000", "2009-03-31": "28810.00000", "2008-12-31": "31707.00000", "2008-11-30": "", "2008-08-31": "27747.00000", "2008-05-31": "25912.00000", "2008-02-29": "26770.00000", "2007-11-30": "24067.00000", "2007-08-31": "24016.00000", "2007-05-31": "24615.00000", "2007-02-28": "22007.00000", "2006-11-30": "21876.00000", "2006-08-31": "20303.00000", "2006-05-31": "19419.00000", "2006-02-28": "18942.00000", "2005-11-30": "17312.00000", "2005-08-31": "16771.00000", "2005-05-31": "18720.00000", "2005-02-28": "16697.00000"}, "Total Long-Term Assets": {"2020-12-31": "126000.00000", "2020-09-30": "527166.00000", "2020-06-30": "511715.00000", "2020-03-31": "480884.00000", "2019-12-31": "454151.00000", "2019-09-30": "465629.00000", "2019-06-30": "410030.00000", "2019-03-31": "400958.00000", "2018-12-31": "356414.00000", "2018-09-30": "380655.00000", "2018-06-30": "376469.00000", "2018-03-31": "364288.00000", "2017-12-31": "344334.00000", "2017-09-30": "362967.00000", "2017-06-30": "356190.00000", "2017-03-31": "335715.00000", "2016-12-31": "321433.00000", "2016-09-30": "317638.00000", "2016-06-30": "304487.00000", "2016-03-31": "311170.00000", "2015-12-31": "338720.00000", "2015-09-30": "315407.00000", "2015-06-30": "329015.00000", "2015-03-31": "349187.00000", "2014-12-31": "334449.00000", "2014-09-30": "347546.00000", "2014-06-30": "369197.00000", "2014-03-31": "355985.00000", "2013-12-31": "361630.00000", "2013-09-30": "361187.00000", "2013-06-30": "388418.00000", "2013-03-31": "425881.00000", "2012-12-31": "446634.00000", "2012-09-30": "439017.00000", "2012-06-30": "411360.00000", "2012-03-31": "408456.00000", "2011-12-31": "387358.00000", "2011-09-30": "396149.00000", "2011-06-30": "398077.00000", "2011-03-31": "403164.00000", "2010-12-31": "385012.00000", "2010-09-30": "380866.00000", "2010-06-30": "364068.00000", "2010-03-31": "369759.00000", "2009-12-31": "371870.00000", "2009-09-30": "381869.00000", "2009-06-30": "384356.00000", "2009-03-31": "378401.00000", "2008-12-31": "566671.00000", "2008-11-30": "", "2008-08-31": "427867.00000", "2008-05-31": "437106.00000", "2008-02-29": "525625.00000", "2007-11-30": "476662.00000", "2007-08-31": "452172.00000", "2007-05-31": "408632.00000", "2007-02-28": "394899.00000", "2006-11-30": "356437.00000", "2006-08-31": "329477.00000", "2006-05-31": "329574.00000", "2006-02-28": "311220.00000", "2005-11-30": "294338.00000", "2005-08-31": "266360.00000", "2005-05-31": "257417.00000", "2005-02-28": "239485.00000"}, "Total Assets": {"2020-12-31": "1163000.00000", "2020-09-30": "1132059.00000", "2020-06-30": "1141523.00000", "2020-03-31": "1089756.00000", "2019-12-31": "992968.00000", "2019-09-30": "1007320.00000", "2019-06-30": "944903.00000", "2019-03-31": "925349.00000", "2018-12-31": "931796.00000", "2018-09-30": "957190.00000", "2018-06-30": "968610.00000", "2018-03-31": "973535.00000", "2017-12-31": "916776.00000", "2017-09-30": "930132.00000", "2017-06-30": "906518.00000", "2017-03-31": "894069.00000", "2016-12-31": "860165.00000", "2016-09-30": "879987.00000", "2016-06-30": "896843.00000", "2016-03-31": "878036.00000", "2015-12-31": "861395.00000", "2015-09-30": "880559.00000", "2015-06-30": "859879.00000", "2015-03-31": "865458.00000", "2014-12-31": "855842.00000", "2014-09-30": "868933.00000", "2014-06-30": "859914.00000", "2014-03-31": "915665.00000", "2013-12-31": "911507.00000", "2013-09-30": "923223.00000", "2013-06-30": "938456.00000", "2013-03-31": "959223.00000", "2012-12-31": "938555.00000", "2012-09-30": "949207.00000", "2012-06-30": "948638.00000", "2012-03-31": "950932.00000", "2011-12-31": "923225.00000", "2011-09-30": "948909.00000", "2011-06-30": "936910.00000", "2011-03-31": "933289.00000", "2010-12-31": "911332.00000", "2010-09-30": "908679.00000", "2010-06-30": "883188.00000", "2010-03-31": "880528.00000", "2009-12-31": "848942.00000", "2009-09-30": "882185.00000", "2009-06-30": "889544.00000", "2009-03-31": "925290.00000", "2008-12-31": "1112225.00000", "2008-11-30": "0.00000", "2008-08-31": "1081773.00000", "2008-05-31": "1088145.00000", "2008-02-29": "1189006.00000", "2007-11-30": "1119796.00000", "2007-08-31": "1045778.00000", "2007-05-31": "943196.00000", "2007-02-28": "912495.00000", "2006-11-30": "838201.00000", "2006-08-31": "798309.00000", "2006-05-31": "798884.00000", "2006-02-28": "758821.00000", "2005-11-30": "706804.00000", "2005-08-31": "669518.00000", "2005-05-31": "624472.00000", "2005-02-28": "596149.00000"}, "Total Current Liabilities": {"2020-12-31": "854000.00000", "2020-09-30": "825473.00000", "2020-06-30": "828867.00000", "2020-03-31": "771901.00000", "2019-12-31": "695627.00000", "2019-09-30": "698430.00000", "2019-06-30": "632866.00000", "2019-03-31": "610603.00000", "2018-12-31": "617462.00000", "2018-09-30": "641041.00000", "2018-06-30": "654657.00000", "2018-03-31": "664057.00000", "2017-12-31": "616846.00000", "2017-09-30": "631988.00000", "2017-06-30": "616196.00000", "2017-03-31": "607782.00000", "2016-12-31": "584186.00000", "2016-09-30": "602291.00000", "2016-06-30": "626597.00000", "2016-03-31": "611040.00000", "2015-12-31": "599245.00000", "2015-09-30": "617039.00000", "2015-06-30": "601966.00000", "2015-03-31": "616649.00000", "2014-12-31": "605743.00000", "2014-09-30": "621354.00000", "2014-06-30": "611266.00000", "2014-03-31": "670939.00000", "2013-12-31": "672075.00000", "2013-09-30": "677525.00000", "2013-06-30": "698371.00000", "2013-03-31": "714987.00000", "2012-12-31": "695534.00000", "2012-09-30": "707642.00000", "2012-06-30": "708790.00000", "2012-03-31": "707684.00000", "2011-12-31": "679301.00000", "2011-09-30": "703171.00000", "2011-06-30": "689344.00000", "2011-03-31": "687027.00000", "2010-12-31": "659577.00000", "2010-09-30": "647902.00000", "2010-06-30": "630787.00000", "2010-03-31": "627170.00000", "2009-12-31": "593143.00000", "2009-09-30": "627107.00000", "2009-06-30": "635489.00000", "2009-03-31": "673203.00000", "2008-12-31": "863607.00000", "2008-11-30": "", "2008-08-31": "859807.00000", "2008-05-31": "861276.00000", "2008-02-29": "966902.00000", "2007-11-30": "912822.00000", "2007-08-31": "855588.00000", "2007-05-31": "763253.00000", "2007-02-28": "742863.00000", "2006-11-30": "679573.00000", "2006-08-31": "635485.00000", "2006-05-31": "641494.00000", "2006-02-28": "615255.00000", "2005-11-30": "594464.00000", "2005-08-31": "541306.00000", "2005-05-31": "502948.00000", "2005-02-28": "474497.00000"}, "Long Term Debt": {"2020-12-31": "213000.00000", "2020-09-30": "213936.00000", "2020-06-30": "222627.00000", "2020-03-31": "225476.00000", "2019-12-31": "207076.00000", "2019-09-30": "216878.00000", "2019-06-30": "221145.00000", "2019-03-31": "224473.00000", "2018-12-31": "224149.00000", "2018-09-30": "229387.00000", "2018-06-30": "227354.00000", "2018-03-31": "225899.00000", "2017-12-31": "217687.00000", "2017-09-30": "211852.00000", "2017-06-30": "203647.00000", "2017-03-31": "199370.00000", "2016-12-31": "189086.00000", "2016-09-30": "190586.00000", "2016-06-30": "183732.00000", "2016-03-31": "180159.00000", "2015-12-31": "175422.00000", "2015-09-30": "175817.00000", "2015-06-30": "170259.00000", "2015-03-31": "163682.00000", "2014-12-31": "167302.00000", "2014-09-30": "165304.00000", "2014-06-30": "167019.00000", "2014-03-31": "165627.00000", "2013-12-31": "160965.00000", "2013-09-30": "168082.00000", "2013-06-30": "162042.00000", "2013-03-31": "167008.00000", "2012-12-31": "167305.00000", "2012-09-30": "167878.00000", "2012-06-30": "166993.00000", "2012-03-31": "171592.00000", "2011-12-31": "173545.00000", "2011-09-30": "175650.00000", "2011-06-30": "175210.00000", "2011-03-31": "173793.00000", "2010-12-31": "174399.00000", "2010-09-30": "185120.00000", "2010-06-30": "178582.00000", "2010-03-31": "180414.00000", "2009-12-31": "185085.00000", "2009-09-30": "189724.00000", "2009-06-30": "191242.00000", "2009-03-31": "188534.00000", "2008-12-31": "185564.00000", "2008-11-30": "", "2008-08-31": "176367.00000", "2008-05-31": "182051.00000", "2008-02-29": "179475.00000", "2007-11-30": "164174.00000", "2007-08-31": "151072.00000", "2007-05-31": "141484.00000", "2007-02-28": "132732.00000", "2006-11-30": "122842.00000", "2006-08-31": "129331.00000", "2006-05-31": "125590.00000", "2006-02-28": "114651.00000", "2005-11-30": "84338.00000", "2005-08-31": "101605.00000", "2005-05-31": "95129.00000", "2005-02-28": "95577.00000"}, "Other Non-Current Liabilities": {"2020-12-31": "", "2020-09-30": "", "2020-06-30": "", "2020-03-31": "", "2019-12-31": "", "2019-09-30": "", "2019-06-30": "", "2019-03-31": "", "2018-12-31": "", "2018-09-30": "", "2018-06-30": "", "2018-03-31": "", "2017-12-31": "", "2017-09-30": "", "2017-06-30": "", "2017-03-31": "", "2016-12-31": "", "2016-09-30": "", "2016-06-30": "", "2016-03-31": "", "2015-12-31": "", "2015-09-30": "", "2015-06-30": "", "2015-03-31": "", "2014-12-31": "", "2014-09-30": "", "2014-06-30": "", "2014-03-31": "", "2013-12-31": "", "2013-09-30": "", "2013-06-30": "", "2013-03-31": "", "2012-12-31": "", "2012-09-30": "", "2012-06-30": "", "2012-03-31": "", "2011-12-31": "", "2011-09-30": "", "2011-06-30": "", "2011-03-31": "", "2010-12-31": "", "2010-09-30": "", "2010-06-30": "", "2010-03-31": "", "2009-12-31": "", "2009-09-30": "", "2009-06-30": "", "2009-03-31": "", "2008-12-31": "", "2008-11-30": "", "2008-08-31": "", "2008-05-31": "", "2008-02-29": "", "2007-11-30": "", "2007-08-31": "", "2007-05-31": "", "2007-02-28": "", "2006-11-30": "", "2006-08-31": "", "2006-05-31": "", "2006-02-28": "", "2005-11-30": "", "2005-08-31": "", "2005-05-31": "", "2005-02-28": ""}, "Total Long Term Liabilities": {"2020-12-31": "213000.00000", "2020-09-30": "213936.00000", "2020-06-30": "222627.00000", "2020-03-31": "225476.00000", "2019-12-31": "207076.00000", "2019-09-30": "216878.00000", "2019-06-30": "221145.00000", "2019-03-31": "224473.00000", "2018-12-31": "224149.00000", "2018-09-30": "229387.00000", "2018-06-30": "227354.00000", "2018-03-31": "225899.00000", "2017-12-31": "217687.00000", "2017-09-30": "211852.00000", "2017-06-30": "203647.00000", "2017-03-31": "199370.00000", "2016-12-31": "189086.00000", "2016-09-30": "190586.00000", "2016-06-30": "183732.00000", "2016-03-31": "180159.00000", "2015-12-31": "175422.00000", "2015-09-30": "175817.00000", "2015-06-30": "170259.00000", "2015-03-31": "163682.00000", "2014-12-31": "167302.00000", "2014-09-30": "165304.00000", "2014-06-30": "167019.00000", "2014-03-31": "165627.00000", "2013-12-31": "160965.00000", "2013-09-30": "168082.00000", "2013-06-30": "162042.00000", "2013-03-31": "167008.00000", "2012-12-31": "167305.00000", "2012-09-30": "167878.00000", "2012-06-30": "166993.00000", "2012-03-31": "171592.00000", "2011-12-31": "173545.00000", "2011-09-30": "175650.00000", "2011-06-30": "175210.00000", "2011-03-31": "173793.00000", "2010-12-31": "174399.00000", "2010-09-30": "185120.00000", "2010-06-30": "178582.00000", "2010-03-31": "180414.00000", "2009-12-31": "185085.00000", "2009-09-30": "189724.00000", "2009-06-30": "191242.00000", "2009-03-31": "188534.00000", "2008-12-31": "185564.00000", "2008-11-30": "", "2008-08-31": "176367.00000", "2008-05-31": "182051.00000", "2008-02-29": "179475.00000", "2007-11-30": "164174.00000", "2007-08-31": "151072.00000", "2007-05-31": "141484.00000", "2007-02-28": "132732.00000", "2006-11-30": "122842.00000", "2006-08-31": "129331.00000", "2006-05-31": "125590.00000", "2006-02-28": "114651.00000", "2005-11-30": "84338.00000", "2005-08-31": "101605.00000", "2005-05-31": "95129.00000", "2005-02-28": "95577.00000"}, "Total Liabilities": {"2020-12-31": "1067000.00000", "2020-09-30": "1039409.00000", "2020-06-30": "1051494.00000", "2020-03-31": "997377.00000", "2019-12-31": "902703.00000", "2019-09-30": "915308.00000", "2019-06-30": "854011.00000", "2019-03-31": "835076.00000", "2018-12-31": "841611.00000", "2018-09-30": "870428.00000", "2018-06-30": "882011.00000", "2018-03-31": "889956.00000", "2017-12-31": "834533.00000", "2017-09-30": "843840.00000", "2017-06-30": "819843.00000", "2017-03-31": "807152.00000", "2016-12-31": "773272.00000", "2016-09-30": "792877.00000", "2016-06-30": "810329.00000", "2016-03-31": "791199.00000", "2015-12-31": "774667.00000", "2015-09-30": "792856.00000", "2015-06-30": "772225.00000", "2015-03-31": "780331.00000", "2014-12-31": "773045.00000", "2014-09-30": "786658.00000", "2014-06-30": "778285.00000", "2014-03-31": "836566.00000", "2013-12-31": "833040.00000", "2013-09-30": "845607.00000", "2013-06-30": "860413.00000", "2013-03-31": "881995.00000", "2012-12-31": "862839.00000", "2012-09-30": "875520.00000", "2012-06-30": "875783.00000", "2012-03-31": "879276.00000", "2011-12-31": "852846.00000", "2011-09-30": "878821.00000", "2011-06-30": "864554.00000", "2011-03-31": "860820.00000", "2010-12-31": "833976.00000", "2010-09-30": "833022.00000", "2010-06-30": "809369.00000", "2010-03-31": "807584.00000", "2009-12-31": "778228.00000", "2009-09-30": "816831.00000", "2009-06-30": "826731.00000", "2009-03-31": "861737.00000", "2008-12-31": "1049171.00000", "2008-11-30": "", "2008-08-31": "1036174.00000", "2008-05-31": "1043327.00000", "2008-02-29": "1146377.00000", "2007-11-30": "1076996.00000", "2007-08-31": "1006660.00000", "2007-05-31": "904737.00000", "2007-02-28": "875595.00000", "2006-11-30": "802415.00000", "2006-08-31": "764816.00000", "2006-05-31": "767084.00000", "2006-02-28": "729906.00000", "2005-11-30": "678802.00000", "2005-08-31": "642911.00000", "2005-05-31": "598077.00000", "2005-02-28": "570074.00000"}, "Common Stock Net": {"2020-12-31": "", "2020-09-30": "9.00000", "2020-06-30": "9.00000", "2020-03-31": "9.00000", "2019-12-31": "9.00000", "2019-09-30": "9.00000", "2019-06-30": "9.00000", "2019-03-31": "9.00000", "2018-12-31": "9.00000", "2018-09-30": "9.00000", "2018-06-30": "9.00000", "2018-03-31": "9.00000", "2017-12-31": "9.00000", "2017-09-30": "9.00000", "2017-06-30": "9.00000", "2017-03-31": "9.00000", "2016-12-31": "9.00000", "2016-09-30": "9.00000", "2016-06-30": "9.00000", "2016-03-31": "9.00000", "2015-12-31": "9.00000", "2015-09-30": "9.00000", "2015-06-30": "9.00000", "2015-03-31": "9.00000", "2014-12-31": "9.00000", "2014-09-30": "9.00000", "2014-06-30": "8.00000", "2014-03-31": "8.00000", "2013-12-31": "8.00000", "2013-09-30": "8.00000", "2013-06-30": "8.00000", "2013-03-31": "8.00000", "2012-12-31": "8.00000", "2012-09-30": "8.00000", "2012-06-30": "8.00000", "2012-03-31": "8.00000", "2011-12-31": "8.00000", "2011-09-30": "8.00000", "2011-06-30": "8.00000", "2011-03-31": "8.00000", "2010-12-31": "8.00000", "2010-09-30": "8.00000", "2010-06-30": "8.00000", "2010-03-31": "8.00000", "2009-12-31": "8.00000", "2009-09-30": "8.00000", "2009-06-30": "7.00000", "2009-03-31": "7.00000", "2008-12-31": "7.00000", "2008-11-30": "", "2008-08-31": "6.00000", "2008-05-31": "6.00000", "2008-02-29": "6.00000", "2007-11-30": "6.00000", "2007-08-31": "6.00000", "2007-05-31": "6.00000", "2007-02-28": "6.00000", "2006-11-30": "6.00000", "2006-08-31": "6.00000", "2006-05-31": "6.00000", "2006-02-28": "6.00000", "2005-11-30": "6.00000", "2005-08-31": "6.00000", "2005-05-31": "6.00000", "2005-02-28": "6.00000"}, "Retained Earnings (Accumulated Deficit)": {"2020-12-31": "", "2020-09-30": "109033.00000", "2020-06-30": "106248.00000", "2020-03-31": "106501.00000", "2019-12-31": "106465.00000", "2019-09-30": "105194.00000", "2019-06-30": "103867.00000", "2019-03-31": "101988.00000", "2018-12-31": "100100.00000", "2018-09-30": "98083.00000", "2018-06-30": "95941.00000", "2018-03-31": "93907.00000", "2017-12-31": "91519.00000", "2017-09-30": "93958.00000", "2017-06-30": "92225.00000", "2017-03-31": "90904.00000", "2016-12-31": "89039.00000", "2016-09-30": "87160.00000", "2016-06-30": "85339.00000", "2016-03-31": "83990.00000", "2015-12-31": "83386.00000", "2015-09-30": "83105.00000", "2015-06-30": "82072.00000", "2015-03-31": "81455.00000", "2014-12-31": "78984.00000", "2014-09-30": "77227.00000", "2014-06-30": "75340.00000", "2014-03-31": "73646.00000", "2013-12-31": "71961.00000", "2013-09-30": "69975.00000", "2013-06-30": "68783.00000", "2013-03-31": "67164.00000", "2012-12-31": "65223.00000", "2012-09-30": "62638.00000", "2012-06-30": "61412.00000", "2012-03-31": "60723.00000", "2011-12-31": "58834.00000", "2011-09-30": "58043.00000", "2011-06-30": "58659.00000", "2011-03-31": "57803.00000", "2010-12-31": "57163.00000", "2010-09-30": "55136.00000", "2010-06-30": "53599.00000", "2010-03-31": "53345.00000", "2009-12-31": "50252.00000", "2009-09-30": "45660.00000", "2009-06-30": "42827.00000", "2009-03-31": "40366.00000", "2008-12-31": "38579.00000", "2008-11-30": "", "2008-08-31": "42301.00000", "2008-05-31": "41646.00000", "2008-02-29": "39751.00000", "2007-11-30": "38642.00000", "2007-08-31": "35634.00000", "2007-05-31": "32985.00000", "2007-02-28": "30859.00000", "2006-11-30": "27868.00000", "2006-08-31": "24927.00000", "2006-05-31": "23536.00000", "2006-02-28": "21416.00000", "2005-11-30": "19085.00000", "2005-08-31": "17579.00000", "2005-05-31": "16093.00000", "2005-02-28": "15354.00000"}, "Comprehensive Income": {"2020-12-31": "", "2020-09-30": "-635.00000", "2020-06-30": "-341.00000", "2020-03-31": "1937.00000", "2019-12-31": "-1484.00000", "2019-09-30": "-484.00000", "2019-06-30": "-815.00000", "2019-03-31": "-613.00000", "2018-12-31": "693.00000", "2018-09-30": "-1839.00000", "2018-06-30": "-958.00000", "2018-03-31": "-1770.00000", "2017-12-31": "-1880.00000", "2017-09-30": "-1716.00000", "2017-06-30": "-1615.00000", "2017-03-31": "-1370.00000", "2016-12-31": "-1216.00000", "2016-09-30": "-582.00000", "2016-06-30": "-551.00000", "2016-03-31": "-478.00000", "2015-12-31": "-718.00000", "2015-09-30": "-911.00000", "2015-06-30": "-908.00000", "2015-03-31": "-771.00000", "2014-12-31": "-743.00000", "2014-09-30": "-643.00000", "2014-06-30": "-595.00000", "2014-03-31": "-560.00000", "2013-12-31": "-524.00000", "2013-09-30": "-600.00000", "2013-06-30": "-583.00000", "2013-03-31": "-208.00000", "2012-12-31": "-193.00000", "2012-09-30": "-382.00000", "2012-06-30": "-506.00000", "2012-03-31": "-507.00000", "2011-12-31": "-516.00000", "2011-09-30": "-314.00000", "2011-06-30": "-347.00000", "2011-03-31": "-330.00000", "2010-12-31": "-286.00000", "2010-09-30": "-284.00000", "2010-06-30": "-318.00000", "2010-03-31": "-356.00000", "2009-12-31": "-362.00000", "2009-09-30": "-240.00000", "2009-06-30": "-350.00000", "2009-03-31": "-357.00000", "2008-12-31": "-372.00000", "2008-11-30": "", "2008-08-31": "-165.00000", "2008-05-31": "-136.00000", "2008-02-29": "-144.00000", "2007-11-30": "-118.00000", "2007-08-31": "30.00000", "2007-05-31": "23.00000", "2007-02-28": "18.00000", "2006-11-30": "21.00000", "2006-08-31": "13.00000", "2006-05-31": "11.00000", "2006-02-28": "15.00000", "2005-11-30": "", "2005-08-31": "18.00000", "2005-05-31": "-2.00000", "2005-02-28": "11.00000"}, "Other Share Holders Equity": {"2020-12-31": "", "2020-09-30": "3308.00000", "2020-06-30": "3203.00000", "2020-03-31": "3037.00000", "2019-12-31": "3195.00000", "2019-09-30": "3052.00000", "2019-06-30": "2930.00000", "2019-03-31": "2739.00000", "2018-12-31": "2845.00000", "2018-09-30": "2716.00000", "2018-06-30": "2581.00000", "2018-03-31": "2415.00000", "2017-12-31": "2777.00000", "2017-09-30": "3355.00000", "2017-06-30": "3308.00000", "2017-03-31": "3155.00000", "2016-12-31": "3914.00000", "2016-09-30": "3974.00000", "2016-06-30": "3955.00000", "2016-03-31": "3820.00000", "2015-12-31": "4151.00000", "2015-09-30": "4011.00000", "2015-06-30": "4011.00000", "2015-03-31": "3924.00000", "2014-12-31": "3766.00000", "2014-09-30": "3687.00000", "2014-06-30": "3709.00000", "2014-03-31": "3572.00000", "2013-12-31": "3839.00000", "2013-09-30": "3701.00000", "2013-06-30": "3822.00000", "2013-03-31": "3679.00000", "2012-12-31": "3298.00000", "2012-09-30": "4109.00000", "2012-06-30": "4128.00000", "2012-03-31": "3889.00000", "2011-12-31": "5681.00000", "2011-09-30": "5286.00000", "2011-06-30": "5200.00000", "2011-03-31": "4759.00000", "2010-12-31": "7706.00000", "2010-09-30": "7257.00000", "2010-06-30": "6362.00000", "2010-03-31": "5934.00000", "2009-12-31": "6245.00000", "2009-09-30": "5609.00000", "2009-06-30": "5187.00000", "2009-03-31": "4761.00000", "2008-12-31": "9463.00000", "2008-11-30": "", "2008-08-31": "8936.00000", "2008-05-31": "8653.00000", "2008-02-29": "8322.00000", "2007-11-30": "9302.00000", "2007-08-31": "6489.00000", "2007-05-31": "6166.00000", "2007-02-28": "5819.00000", "2006-11-30": "6290.00000", "2006-08-31": "3812.00000", "2006-05-31": "3576.00000", "2006-02-28": "3305.00000", "2005-11-30": "3415.00000", "2005-08-31": "2411.00000", "2005-05-31": "2218.00000", "2005-02-28": "2050.00000"}, "Share Holder Equity": {"2020-12-31": "96000.00000", "2020-09-30": "92650.00000", "2020-06-30": "90029.00000", "2020-03-31": "92379.00000", "2019-12-31": "90265.00000", "2019-09-30": "92012.00000", "2019-06-30": "90892.00000", "2019-03-31": "90273.00000", "2018-12-31": "90185.00000", "2018-09-30": "86762.00000", "2018-06-30": "86599.00000", "2018-03-31": "83579.00000", "2017-12-31": "82243.00000", "2017-09-30": "86292.00000", "2017-06-30": "86675.00000", "2017-03-31": "86917.00000", "2016-12-31": "86893.00000", "2016-09-30": "87110.00000", "2016-06-30": "86514.00000", "2016-03-31": "86837.00000", "2015-12-31": "86728.00000", "2015-09-30": "87703.00000", "2015-06-30": "87654.00000", "2015-03-31": "85127.00000", "2014-12-31": "82797.00000", "2014-09-30": "82275.00000", "2014-06-30": "81629.00000", "2014-03-31": "79099.00000", "2013-12-31": "78467.00000", "2013-09-30": "77616.00000", "2013-06-30": "78043.00000", "2013-03-31": "77228.00000", "2012-12-31": "75716.00000", "2012-09-30": "73687.00000", "2012-06-30": "72855.00000", "2012-03-31": "71656.00000", "2011-12-31": "70379.00000", "2011-09-30": "70088.00000", "2011-06-30": "72356.00000", "2011-03-31": "72469.00000", "2010-12-31": "77356.00000", "2010-09-30": "75657.00000", "2010-06-30": "73819.00000", "2010-03-31": "72944.00000", "2009-12-31": "70714.00000", "2009-09-30": "65354.00000", "2009-06-30": "62813.00000", "2009-03-31": "63553.00000", "2008-12-31": "63054.00000", "2008-11-30": "", "2008-08-31": "45599.00000", "2008-05-31": "44818.00000", "2008-02-29": "42629.00000", "2007-11-30": "42800.00000", "2007-08-31": "39118.00000", "2007-05-31": "38459.00000", "2007-02-28": "36900.00000", "2006-11-30": "35786.00000", "2006-08-31": "33493.00000", "2006-05-31": "31800.00000", "2006-02-28": "28915.00000", "2005-11-30": "28002.00000", "2005-08-31": "26607.00000", "2005-05-31": "26395.00000", "2005-02-28": "26075.00000"}, "Total Liabilities And Share Holders Equity": {"2020-12-31": "1163000.00000", "2020-09-30": "1132059.00000", "2020-06-30": "1141523.00000", "2020-03-31": "1089756.00000", "2019-12-31": "992968.00000", "2019-09-30": "1007320.00000", "2019-06-30": "944903.00000", "2019-03-31": "925349.00000", "2018-12-31": "931796.00000", "2018-09-30": "957190.00000", "2018-06-30": "968610.00000", "2018-03-31": "973535.00000", "2017-12-31": "916776.00000", "2017-09-30": "930132.00000", "2017-06-30": "906518.00000", "2017-03-31": "894069.00000", "2016-12-31": "860165.00000", "2016-09-30": "879987.00000", "2016-06-30": "896843.00000", "2016-03-31": "878036.00000", "2015-12-31": "861395.00000", "2015-09-30": "880559.00000", "2015-06-30": "859879.00000", "2015-03-31": "865458.00000", "2014-12-31": "855842.00000", "2014-09-30": "868933.00000", "2014-06-30": "859914.00000", "2014-03-31": "915665.00000", "2013-12-31": "911507.00000", "2013-09-30": "923223.00000", "2013-06-30": "938456.00000", "2013-03-31": "959223.00000", "2012-12-31": "938555.00000", "2012-09-30": "949207.00000", "2012-06-30": "948638.00000", "2012-03-31": "950932.00000", "2011-12-31": "923225.00000", "2011-09-30": "948909.00000", "2011-06-30": "936910.00000", "2011-03-31": "933289.00000", "2010-12-31": "911332.00000", "2010-09-30": "908679.00000", "2010-06-30": "883188.00000", "2010-03-31": "880528.00000", "2009-12-31": "848942.00000", "2009-09-30": "882185.00000", "2009-06-30": "889544.00000", "2009-03-31": "925290.00000", "2008-12-31": "1112225.00000", "2008-11-30": "", "2008-08-31": "1081773.00000", "2008-05-31": "1088145.00000", "2008-02-29": "1189006.00000", "2007-11-30": "1119796.00000", "2007-08-31": "1045778.00000", "2007-05-31": "943196.00000", "2007-02-28": "912495.00000", "2006-11-30": "838201.00000", "2006-08-31": "798309.00000", "2006-05-31": "798884.00000", "2006-02-28": "758821.00000", "2005-11-30": "706804.00000", "2005-08-31": "669518.00000", "2005-05-31": "624472.00000", "2005-02-28": "596149.00000"}}, "cash flow statement": {"Net Income/Loss": {"2020-12-31": "0.00000", "2019-12-31": "8466.00000", "2018-12-31": "10459.00000", "2017-12-31": "4286.00000", "2016-12-31": "7398.00000", "2015-12-31": "6083.00000", "2014-12-31": "8477.00000", "2013-12-31": "8040.00000", "2012-12-31": "7475.00000", "2011-12-31": "4442.00000", "2010-12-31": "8354.00000", "2009-12-31": "13385.00000", "2008-11-30": "2322.00000", "2007-11-30": "11599.00000", "2006-11-30": "9537.00000", "2005-11-30": "5626.00000"}, "Total Depreciation And Amortization - Cash Flow": {"2020-12-31": "", "2019-12-31": "1704.00000", "2018-12-31": "1328.00000", "2017-12-31": "1152.00000", "2016-12-31": "998.00000", "2015-12-31": "991.00000", "2014-12-31": "1337.00000", "2013-12-31": "1322.00000", "2012-12-31": "1738.00000", "2011-12-31": "1869.00000", "2010-12-31": "1904.00000", "2009-12-31": "1943.00000", "2008-11-30": "1625.00000", "2007-11-30": "1167.00000", "2006-11-30": "995.00000", "2005-11-30": "854.00000"}, "Other Non-Cash Items": {"2020-12-31": "", "2019-12-31": "2729.00000", "2018-12-31": "-300.00000", "2017-12-31": "7770.00000", "2016-12-31": "2847.00000", "2015-12-31": "2663.00000", "2014-12-31": "2291.00000", "2013-12-31": "1833.00000", "2012-12-31": "469.00000", "2011-12-31": "3575.00000", "2010-12-31": "5374.00000", "2009-12-31": "1578.00000", "2008-11-30": "-152.00000", "2007-11-30": "4594.00000", "2006-11-30": "2149.00000", "2005-11-30": "1306.00000"}, "Total Non-Cash Items": {"2020-12-31": "", "2019-12-31": "4433.00000", "2018-12-31": "1028.00000", "2017-12-31": "8922.00000", "2016-12-31": "3845.00000", "2015-12-31": "3654.00000", "2014-12-31": "3628.00000", "2013-12-31": "3155.00000", "2012-12-31": "2207.00000", "2011-12-31": "5444.00000", "2010-12-31": "7278.00000", "2009-12-31": "3521.00000", "2008-11-30": "1473.00000", "2007-11-30": "5761.00000", "2006-11-30": "3144.00000", "2005-11-30": "2160.00000"}, "Change In Accounts Receivable": {"2020-12-31": "", "2019-12-31": "", "2018-12-31": "", "2017-12-31": "", "2016-12-31": "", "2015-12-31": "", "2014-12-31": "", "2013-12-31": "", "2012-12-31": "", "2011-12-31": "-3780.00000", "2010-12-31": "201.00000", "2009-12-31": "6265.00000", "2008-11-30": "-6587.00000", "2007-11-30": "-3811.00000", "2006-11-30": "-1794.00000", "2005-11-30": "1322.00000"}, "Change In Inventories": {"2020-12-31": "", "2019-12-31": "-68913.00000", "2018-12-31": "-27322.00000", "2017-12-31": "-14882.00000", "2016-12-31": "15622.00000", "2015-12-31": "-757.00000", "2014-12-31": "30523.00000", "2013-12-31": "51869.00000", "2012-12-31": "-56833.00000", "2011-12-31": "7858.00000", "2010-12-31": "-5177.00000", "2009-12-31": "66042.00000", "2008-11-30": "25722.00000", "2007-11-30": "-144815.00000", "2006-11-30": "-85980.00000", "2005-11-30": "-23659.00000"}, "Change In Accounts Payable": {"2020-12-31": "", "2019-12-31": "-7693.00000", "2018-12-31": "6416.00000", "2017-12-31": "-26981.00000", "2016-12-31": "-14723.00000", "2015-12-31": "19132.00000", "2014-12-31": "12328.00000", "2013-12-31": "-3682.00000", "2012-12-31": "-20499.00000", "2011-12-31": "13883.00000", "2010-12-31": "-4637.00000", "2009-12-31": "-47414.00000", "2008-11-30": "-50.00000", "2007-11-30": "53857.00000", "2006-11-30": "9823.00000", "2005-11-30": "2953.00000"}, "Change In Assets/Liabilities": {"2020-12-31": "", "2019-12-31": "87575.00000", "2018-12-31": "25983.00000", "2017-12-31": "8166.00000", "2016-12-31": "-5648.00000", "2015-12-31": "-18631.00000", "2014-12-31": "-62888.00000", "2013-12-31": "-54839.00000", "2012-12-31": "80529.00000", "2011-12-31": "-5346.00000", "2010-12-31": "-11376.00000", "2009-12-31": "7076.00000", "2008-11-30": "-20986.00000", "2007-11-30": "7962.00000", "2006-11-30": "12823.00000", "2005-11-30": "-815.00000"}, "Total Change In Assets/Liabilities": {"2020-12-31": "", "2019-12-31": "10969.00000", "2018-12-31": "5077.00000", "2017-12-31": "-33697.00000", "2016-12-31": "-4749.00000", "2015-12-31": "-256.00000", "2014-12-31": "-20037.00000", "2013-12-31": "-6652.00000", "2012-12-31": "3197.00000", "2011-12-31": "12615.00000", "2010-12-31": "-20989.00000", "2009-12-31": "31969.00000", "2008-11-30": "-1901.00000", "2007-11-30": "-86807.00000", "2006-11-30": "-65128.00000", "2005-11-30": "-20199.00000"}, "Cash Flow From Operating Activities": {"2020-12-31": "", "2019-12-31": "23868.00000", "2018-12-31": "16564.00000", "2017-12-31": "-20489.00000", "2016-12-31": "6494.00000", "2015-12-31": "9481.00000", "2014-12-31": "-7932.00000", "2013-12-31": "4543.00000", "2012-12-31": "12879.00000", "2011-12-31": "22501.00000", "2010-12-31": "-5357.00000", "2009-12-31": "48875.00000", "2008-11-30": "1894.00000", "2007-11-30": "-69447.00000", "2006-11-30": "-52447.00000", "2005-11-30": "-12413.00000"}, "Net Change In Property, Plant, And Equipment": {"2020-12-31": "", "2019-12-31": "-1811.00000", "2018-12-31": "-4271.00000", "2017-12-31": "-2610.00000", "2016-12-31": "-2484.00000", "2015-12-31": "-1605.00000", "2014-12-31": "-648.00000", "2013-12-31": "-644.00000", "2012-12-31": "-912.00000", "2011-12-31": "-1106.00000", "2010-12-31": "-1155.00000", "2009-12-31": "-1474.00000", "2008-11-30": "-1906.00000", "2007-11-30": "-2037.00000", "2006-11-30": "-1675.00000", "2005-11-30": "-782.00000"}, "Net Change In Intangible Assets": {"2020-12-31": "", "2019-12-31": "", "2018-12-31": "", "2017-12-31": "", "2016-12-31": "", "2015-12-31": "", "2014-12-31": "", "2013-12-31": "", "2012-12-31": "", "2011-12-31": "", "2010-12-31": "", "2009-12-31": "", "2008-11-30": "", "2007-11-30": "", "2006-11-30": "", "2005-11-30": ""}, "Net Acquisitions/Divestitures": {"2020-12-31": "", "2019-12-31": "-803.00000", "2018-12-31": "-162.00000", "2017-12-31": "-2383.00000", "2016-12-31": "14922.00000", "2015-12-31": "-1808.00000", "2014-12-31": "-1732.00000", "2013-12-31": "-2274.00000", "2012-12-31": "-593.00000", "2011-12-31": "-431.00000", "2010-12-31": "-804.00000", "2009-12-31": "-221.00000", "2008-11-30": "-2613.00000", "2007-11-30": "-1900.00000", "2006-11-30": "-1661.00000", "2005-11-30": "-556.00000"}, "Net Change In Short-term Investments": {"2020-12-31": "", "2019-12-31": "", "2018-12-31": "", "2017-12-31": "", "2016-12-31": "", "2015-12-31": "", "2014-12-31": "", "2013-12-31": "", "2012-12-31": "", "2011-12-31": "", "2010-12-31": "", "2009-12-31": "", "2008-11-30": "", "2007-11-30": "", "2006-11-30": "", "2005-11-30": ""}, "Net Change In Long-Term Investments": {"2020-12-31": "", "2019-12-31": "-11961.00000", "2018-12-31": "-1323.00000", "2017-12-31": "-4350.00000", "2016-12-31": "1517.00000", "2015-12-31": "1019.00000", "2014-12-31": "1514.00000", "2013-12-31": "2582.00000", "2012-12-31": "512.00000", "2011-12-31": "3022.00000", "2010-12-31": "1774.00000", "2009-12-31": "134.00000", "2008-11-30": "182.00000", "2007-11-30": "4333.00000", "2006-11-30": "-6412.00000", "2005-11-30": "274.00000"}, "Net Change In Investments - Total": {"2020-12-31": "", "2019-12-31": "-11961.00000", "2018-12-31": "-1323.00000", "2017-12-31": "-4350.00000", "2016-12-31": "1517.00000", "2015-12-31": "1019.00000", "2014-12-31": "1514.00000", "2013-12-31": "2582.00000", "2012-12-31": "512.00000", "2011-12-31": "3022.00000", "2010-12-31": "1774.00000", "2009-12-31": "134.00000", "2008-11-30": "182.00000", "2007-11-30": "4333.00000", "2006-11-30": "-6412.00000", "2005-11-30": "274.00000"}, "Investing Activities - Other": {"2020-12-31": "", "2019-12-31": "-9661.00000", "2018-12-31": "-13064.00000", "2017-12-31": "-17034.00000", "2016-12-31": "-4280.00000", "2015-12-31": "-16180.00000", "2014-12-31": "-14043.00000", "2013-12-31": "-8392.00000", "2012-12-31": "-2741.00000", "2011-12-31": "-856.00000", "2010-12-31": "-800.00000", "2009-12-31": "", "2008-11-30": "", "2007-11-30": "", "2006-11-30": "", "2005-11-30": ""}, "Cash Flow From Investing Activities": {"2020-12-31": "", "2019-12-31": "-24236.00000", "2018-12-31": "-18820.00000", "2017-12-31": "-26377.00000", "2016-12-31": "9675.00000", "2015-12-31": "-18574.00000", "2014-12-31": "-14909.00000", "2013-12-31": "-8728.00000", "2012-12-31": "-3734.00000", "2011-12-31": "629.00000", "2010-12-31": "-985.00000", "2009-12-31": "-1561.00000", "2008-11-30": "-4337.00000", "2007-11-30": "396.00000", "2006-11-30": "-9748.00000", "2005-11-30": "-1064.00000"}, "Net Long-Term Debt": {"2020-12-31": "", "2019-12-31": "-21972.00000", "2018-12-31": "4163.00000", "2017-12-31": "30037.00000", "2016-12-31": "9847.00000", "2015-12-31": "18921.00000", "2014-12-31": "9372.00000", "2013-12-31": "3352.00000", "2012-12-31": "-15590.00000", "2011-12-31": "913.00000", "2010-12-31": "-1725.00000", "2009-12-31": "-5555.00000", "2008-11-30": "4035.00000", "2007-11-30": "57041.00000", "2006-11-30": "42360.00000", "2005-11-30": "20837.00000"}, "Net Current Debt": {"2020-12-31": "", "2019-12-31": "-2036.00000", "2018-12-31": "2923.00000", "2017-12-31": "-906.00000", "2016-12-31": "-2314.00000", "2015-12-31": "-1236.00000", "2014-12-31": "822.00000", "2013-12-31": "-5936.00000", "2012-12-31": "-412.00000", "2011-12-31": "-4975.00000", "2010-12-31": "13885.00000", "2009-12-31": "-20241.00000", "2008-11-30": "-28022.00000", "2007-11-30": "15042.00000", "2006-11-30": "12825.00000", "2005-11-30": "2233.00000"}, "Debt Issuance/Retirement Net - Total": {"2020-12-31": "", "2019-12-31": "-24008.00000", "2018-12-31": "7086.00000", "2017-12-31": "29131.00000", "2016-12-31": "7533.00000", "2015-12-31": "17685.00000", "2014-12-31": "10194.00000", "2013-12-31": "-2584.00000", "2012-12-31": "-16002.00000", "2011-12-31": "-4062.00000", "2010-12-31": "12160.00000", "2009-12-31": "-25796.00000", "2008-11-30": "-23987.00000", "2007-11-30": "72083.00000", "2006-11-30": "55185.00000", "2005-11-30": "23070.00000"}, "Net Common Equity Issued/Repurchased": {"2020-12-31": "", "2019-12-31": "-5335.00000", "2018-12-31": "-3256.00000", "2017-12-31": "-6765.00000", "2016-12-31": "-6072.00000", "2015-12-31": "-3876.00000", "2014-12-31": "-5346.00000", "2013-12-31": "-6110.00000", "2012-12-31": "-4323.00000", "2011-12-31": "-5680.00000", "2010-12-31": "-3602.00000", "2009-12-31": "5158.00000", "2008-11-30": "5704.00000", "2007-11-30": "-8165.00000", "2006-11-30": "-6204.00000", "2005-11-30": "-5965.00000"}, "Net Total Equity Issued/Repurchased": {"2020-12-31": "", "2019-12-31": "-5337.00000", "2018-12-31": "-3906.00000", "2017-12-31": "-6120.00000", "2016-12-31": "-4769.00000", "2015-12-31": "-1883.00000", "2014-12-31": "-3366.00000", "2013-12-31": "-5119.00000", "2012-12-31": "-1236.00000", "2011-12-31": "-9537.00000", "2010-12-31": "-3602.00000", "2009-12-31": "-4416.00000", "2008-11-30": "19070.00000", "2007-11-30": "-8165.00000", "2006-11-30": "-4855.00000", "2005-11-30": "-4246.00000"}, "Total Common And Preferred Stock Dividends Paid": {"2020-12-31": "", "2019-12-31": "-2104.00000", "2018-12-31": "-1810.00000", "2017-12-31": "-1769.00000", "2016-12-31": "-1706.00000", "2015-12-31": "-1681.00000", "2014-12-31": "-1454.00000", "2013-12-31": "-1302.00000", "2012-12-31": "-1086.00000", "2011-12-31": "-2771.00000", "2010-12-31": "-1443.00000", "2009-12-31": "-2205.00000", "2008-11-30": "-850.00000", "2007-11-30": "-831.00000", "2006-11-30": "-754.00000", "2005-11-30": "-511.00000"}, "Financial Activities - Other": {"2020-12-31": "", "2019-12-31": "34816.00000", "2018-12-31": "21382.00000", "2017-12-31": "13964.00000", "2016-12-31": "11045.00000", "2015-12-31": "13386.00000", "2014-12-31": "13625.00000", "2013-12-31": "1654.00000", "2012-12-31": "25840.00000", "2011-12-31": "9460.00000", "2010-12-31": "724.00000", "2009-12-31": "9589.00000", "2008-11-30": "13668.00000", "2007-11-30": "10303.00000", "2006-11-30": "14518.00000", "2005-11-30": "1060.00000"}, "Cash Flow From Financial Activities": {"2020-12-31": "", "2019-12-31": "3367.00000", "2018-12-31": "22752.00000", "2017-12-31": "35206.00000", "2016-12-31": "12103.00000", "2015-12-31": "27507.00000", "2014-12-31": "18999.00000", "2013-12-31": "-7351.00000", "2012-12-31": "7516.00000", "2011-12-31": "-6910.00000", "2010-12-31": "7839.00000", "2009-12-31": "-22828.00000", "2008-11-30": "7901.00000", "2007-11-30": "73390.00000", "2006-11-30": "64094.00000", "2005-11-30": "19373.00000"}, "Net Cash Flow": {"2020-12-31": "", "2019-12-31": "2999.00000", "2018-12-31": "20496.00000", "2017-12-31": "-11660.00000", "2016-12-31": "28272.00000", "2015-12-31": "18414.00000", "2014-12-31": "-3842.00000", "2013-12-31": "-11536.00000", "2012-12-31": "16661.00000", "2011-12-31": "16220.00000", "2010-12-31": "1497.00000", "2009-12-31": "24486.00000", "2008-11-30": "5458.00000", "2007-11-30": "4339.00000", "2006-11-30": "1899.00000", "2005-11-30": "5896.00000"}, "Stock-Based Compensation": {"2020-12-31": "", "2019-12-31": "2018.00000", "2018-12-31": "1831.00000", "2017-12-31": "1769.00000", "2016-12-31": "2111.00000", "2015-12-31": "2272.00000", "2014-12-31": "2085.00000", "2013-12-31": "2015.00000", "2012-12-31": "1319.00000", "2011-12-31": "2849.00000", "2010-12-31": "4035.00000", "2009-12-31": "2009.00000", "2008-11-30": "1611.00000", "2007-11-30": "4465.00000", "2006-11-30": "3654.00000", "2005-11-30": "1756.00000"}, "Common Stock Dividends Paid": {"2020-12-31": "", "2019-12-31": "-2104.00000", "2018-12-31": "-1810.00000", "2017-12-31": "-1769.00000", "2016-12-31": "-1706.00000", "2015-12-31": "-1681.00000", "2014-12-31": "-1454.00000", "2013-12-31": "-1302.00000", "2012-12-31": "-1086.00000", "2011-12-31": "-2771.00000", "2010-12-31": "-1443.00000", "2009-12-31": "-2205.00000", "2008-11-30": "-850.00000", "2007-11-30": "-831.00000", "2006-11-30": "-754.00000", "2005-11-30": "-511.00000"}}, "cash flow statement, quarterly": {"Net Income/Loss": {"2020-12-31": -4953, "2020-09-30": 3367, "2020-06-30": 373, "2020-03-31": "1213.00000", "2019-12-31": 1917, "2019-09-30": 1877, "2019-06-30": 2421, "2019-03-31": "2251.00000", "2018-12-31": 2538, "2018-09-30": 2524, "2018-06-30": 2565, "2018-03-31": "2832.00000", "2017-12-31": -1928, "2017-09-30": 2128, "2017-06-30": 1831, "2017-03-31": "2255.00000", "2016-12-31": 2347, "2016-09-30": 2094, "2016-06-30": 1822, "2016-03-31": "1135.00000", "2015-12-31": 765, "2015-09-30": 1426, "2015-06-30": 1048, "2015-03-31": "2844.00000", "2014-12-31": 2166, "2014-09-30": 2241, "2014-06-30": 2037, "2014-03-31": "2033.00000", "2013-12-31": 2332, "2013-09-30": 1517, "2013-06-30": 1931, "2013-03-31": "2260.00000", "2012-12-31": 2892, "2012-09-30": 1512, "2012-06-30": 962, "2012-03-31": "2109.00000", "2011-12-31": 1013, "2011-09-30": -393, "2011-06-30": 1087, "2011-03-31": "2735.00000", "2010-12-31": 2387, "2010-09-30": 1898, "2010-06-30": 613, "2010-03-31": "3456.00000", "2009-12-31": 4948, "2009-09-30": 3188, "2009-06-30": 3435, "2009-03-31": "1814.00000", "2008-12-31": 0, "2008-11-30": -4443, "2008-08-31": 845, "2008-05-31": 2087, "2008-02-29": "1511.00000", "2007-11-30": 3215, "2007-08-31": 2854, "2007-05-31": 2333, "2007-02-28": "3197.00000", "2006-11-30": 3152, "2006-08-31": 1594, "2006-05-31": 2312, "2006-02-28": "2479.00000", "2005-11-30": 1632, "2005-08-31": 1617, "2005-05-31": 865, "2005-02-28": "1512.00000"}, "Total Depreciation And Amortization - Cash Flow": {"2020-12-31": -1404, "2020-09-30": 468, "2020-06-30": 499, "2020-03-31": "437.00000", "2019-12-31": 464, "2019-09-30": 473, "2019-06-30": 399, "2019-03-31": "368.00000", "2018-12-31": 377, "2018-09-30": 317, "2018-06-30": 335, "2018-03-31": "299.00000", "2017-12-31": 350, "2017-09-30": 280, "2017-06-30": 265, "2017-03-31": "257.00000", "2016-12-31": 267, "2016-09-30": 247, "2016-06-30": 245, "2016-03-31": "239.00000", "2015-12-31": 285, "2015-09-30": 222, "2015-06-30": 265, "2015-03-31": "219.00000", "2014-12-31": 352, "2014-09-30": 301, "2014-06-30": 294, "2014-03-31": "390.00000", "2013-12-31": 474, "2013-09-30": 280, "2013-06-30": 266, "2013-03-31": "302.00000", "2012-12-31": 500, "2012-09-30": 396, "2012-06-30": 409, "2012-03-31": "433.00000", "2011-12-31": 514, "2011-09-30": 389, "2011-06-30": 372, "2011-03-31": "594.00000", "2010-12-31": 731, "2010-09-30": 358, "2010-06-30": 440, "2010-03-31": "375.00000", "2009-12-31": 394, "2009-09-30": 373, "2009-06-30": 527, "2009-03-31": "649.00000", "2008-12-31": 0, "2008-11-30": -1046, "2008-08-31": 392, "2008-05-31": 311, "2008-02-29": "343.00000", "2007-11-30": 331, "2007-08-31": 283, "2007-05-31": 281, "2007-02-28": "272.00000", "2006-11-30": 266, "2006-08-31": 251, "2006-05-31": 259, "2006-02-28": "219.00000", "2005-11-30": 216, "2005-08-31": 210, "2005-05-31": 230, "2005-02-28": "198.00000"}, "Other Non-Cash Items": {"2020-12-31": -4541, "2020-09-30": 435, "2020-06-30": 1775, "2020-03-31": "2331.00000", "2019-12-31": 148, "2019-09-30": 448, "2019-06-30": 406, "2019-03-31": "1727.00000", "2018-12-31": -2263, "2018-09-30": 180, "2018-06-30": 410, "2018-03-31": "1373.00000", "2017-12-31": 6268, "2017-09-30": 158, "2017-06-30": 72, "2017-03-31": "1272.00000", "2016-12-31": 904, "2016-09-30": 129, "2016-06-30": 149, "2016-03-31": "1665.00000", "2015-12-31": 590, "2015-09-30": 135, "2015-06-30": 163, "2015-03-31": "1775.00000", "2014-12-31": 630, "2014-09-30": -114, "2014-06-30": 164, "2014-03-31": "1611.00000", "2013-12-31": 12, "2013-09-30": 152, "2013-06-30": 160, "2013-03-31": "1509.00000", "2012-12-31": -619, "2012-09-30": 198, "2012-06-30": 247, "2012-03-31": "643.00000", "2011-12-31": 1144, "2011-09-30": 446, "2011-06-30": 473, "2011-03-31": "1512.00000", "2010-12-31": 1835, "2010-09-30": 945, "2010-06-30": 434, "2010-03-31": "2160.00000", "2009-12-31": 233, "2009-09-30": 438, "2009-06-30": 439, "2009-03-31": "468.00000", "2008-12-31": 0, "2008-11-30": -1195, "2008-08-31": 301, "2008-05-31": 414, "2008-02-29": "480.00000", "2007-11-30": 3556, "2007-08-31": 325, "2007-05-31": 351, "2007-02-28": "362.00000", "2006-11-30": 1228, "2006-08-31": 297, "2006-05-31": 281, "2006-02-28": "343.00000", "2005-11-30": 663, "2005-08-31": 223, "2005-05-31": 201, "2005-02-28": "219.00000"}, "Total Non-Cash Items": {"2020-12-31": -5945, "2020-09-30": 903, "2020-06-30": 2274, "2020-03-31": "2768.00000", "2019-12-31": 612, "2019-09-30": 921, "2019-06-30": 805, "2019-03-31": "2095.00000", "2018-12-31": -1886, "2018-09-30": 497, "2018-06-30": 745, "2018-03-31": "1672.00000", "2017-12-31": 6618, "2017-09-30": 438, "2017-06-30": 337, "2017-03-31": "1529.00000", "2016-12-31": 1171, "2016-09-30": 376, "2016-06-30": 394, "2016-03-31": "1904.00000", "2015-12-31": 875, "2015-09-30": 357, "2015-06-30": 428, "2015-03-31": "1994.00000", "2014-12-31": 982, "2014-09-30": 187, "2014-06-30": 458, "2014-03-31": "2001.00000", "2013-12-31": 486, "2013-09-30": 432, "2013-06-30": 426, "2013-03-31": "1811.00000", "2012-12-31": -119, "2012-09-30": 594, "2012-06-30": 656, "2012-03-31": "1076.00000", "2011-12-31": 1658, "2011-09-30": 835, "2011-06-30": 845, "2011-03-31": "2106.00000", "2010-12-31": 2566, "2010-09-30": 1303, "2010-06-30": 874, "2010-03-31": "2535.00000", "2009-12-31": 627, "2009-09-30": 811, "2009-06-30": 966, "2009-03-31": "1117.00000", "2008-12-31": 0, "2008-11-30": -2241, "2008-08-31": 693, "2008-05-31": 725, "2008-02-29": "823.00000", "2007-11-30": 3887, "2007-08-31": 608, "2007-05-31": 632, "2007-02-28": "634.00000", "2006-11-30": 1494, "2006-08-31": 548, "2006-05-31": 540, "2006-02-28": "562.00000", "2005-11-30": 879, "2005-08-31": 433, "2005-05-31": 431, "2005-02-28": "417.00000"}, "Change In Accounts Receivable": {"2020-12-31": 0, "2020-09-30": 0, "2020-06-30": 0, "2020-03-31": "", "2019-12-31": 0, "2019-09-30": 0, "2019-06-30": 0, "2019-03-31": "", "2018-12-31": 0, "2018-09-30": 0, "2018-06-30": 0, "2018-03-31": "", "2017-12-31": 0, "2017-09-30": 0, "2017-06-30": 0, "2017-03-31": "", "2016-12-31": 0, "2016-09-30": 0, "2016-06-30": 0, "2016-03-31": "", "2015-12-31": 0, "2015-09-30": 0, "2015-06-30": 0, "2015-03-31": "", "2014-12-31": 0, "2014-09-30": 0, "2014-06-30": 0, "2014-03-31": "", "2013-12-31": -5817, "2013-09-30": -4249, "2013-06-30": 7049, "2013-03-31": "3017.00000", "2012-12-31": -1617, "2012-09-30": -1942, "2012-06-30": 6230, "2012-03-31": "-2671.00000", "2011-12-31": 6059, "2011-09-30": -6669, "2011-06-30": -3738, "2011-03-31": "568.00000", "2010-12-31": 5262, "2010-09-30": -3725, "2010-06-30": 204, "2010-03-31": "-1540.00000", "2009-12-31": 2264, "2009-09-30": 1286, "2009-06-30": -5425, "2009-03-31": "8140.00000", "2008-12-31": 0, "2008-11-30": -1820, "2008-08-31": 3305, "2008-05-31": 5749, "2008-02-29": "-7234.00000", "2007-11-30": -1735, "2007-08-31": -911, "2007-05-31": -1555, "2007-02-28": "390.00000", "2006-11-30": 1215, "2006-08-31": 4625, "2006-05-31": -5234, "2006-02-28": "-2400.00000", "2005-11-30": 2643, "2005-08-31": 650, "2005-05-31": -2314, "2005-02-28": "343.00000"}, "Change In Inventories": {"2020-12-31": -2369, "2020-09-30": -12869, "2020-06-30": 8295, "2020-03-31": "6943.00000", "2019-12-31": -8994, "2019-09-30": -28896, "2019-06-30": 3359, "2019-03-31": "-34382.00000", "2018-12-31": 8568, "2018-09-30": -4805, "2018-06-30": -23542, "2018-03-31": "-7543.00000", "2017-12-31": 22809, "2017-09-30": -6299, "2017-06-30": -16519, "2017-03-31": "-14873.00000", "2016-12-31": 9889, "2016-09-30": -19307, "2016-06-30": 1863, "2016-03-31": "23177.00000", "2015-12-31": -5918, "2015-09-30": -10576, "2015-06-30": 18884, "2015-03-31": "-3147.00000", "2014-12-31": 7235, "2014-09-30": 22095, "2014-06-30": 2011, "2014-03-31": "-818.00000", "2013-12-31": -14316, "2013-09-30": 13721, "2013-06-30": -3318, "2013-03-31": "55782.00000", "2012-12-31": -55492, "2012-09-30": 4562, "2012-06-30": -1864, "2012-03-31": "-4039.00000", "2011-12-31": 25232, "2011-09-30": -21839, "2011-06-30": -3821, "2011-03-31": "8286.00000", "2010-12-31": -10186, "2010-09-30": -2463, "2010-06-30": 6009, "2010-03-31": "1463.00000", "2009-12-31": 23576, "2009-09-30": 2649, "2009-06-30": 23138, "2009-03-31": "16679.00000", "2008-12-31": 0, "2008-11-30": 91456, "2008-08-31": -18752, "2008-05-31": -17654, "2008-02-29": "-55050.00000", "2007-11-30": -42754, "2007-08-31": -78070, "2007-05-31": -27989, "2007-02-28": "3998.00000", "2006-11-30": -9672, "2006-08-31": -31210, "2006-05-31": -30409, "2006-02-28": "-14689.00000", "2005-11-30": -3535, "2005-08-31": 2743, "2005-05-31": -21960, "2005-02-28": "-907.00000"}, "Change In Accounts Payable": {"2020-12-31": 24045, "2020-09-30": -16555, "2020-06-30": 471, "2020-03-31": "-7961.00000", "2019-12-31": -10776, "2019-09-30": 3312, "2019-06-30": -4220, "2019-03-31": "3991.00000", "2018-12-31": -6627, "2018-09-30": 2688, "2018-06-30": 20834, "2018-03-31": "-10479.00000", "2017-12-31": -18331, "2017-09-30": 5877, "2017-06-30": -7869, "2017-03-31": "-6658.00000", "2016-12-31": -1199, "2016-09-30": -14262, "2016-06-30": 719, "2016-03-31": "19.00000", "2015-12-31": 14608, "2015-09-30": 12349, "2015-06-30": -13558, "2015-03-31": "5733.00000", "2014-12-31": -624, "2014-09-30": 6180, "2014-06-30": -17819, "2014-03-31": "24591.00000", "2013-12-31": -3682, "2013-09-30": 0, "2013-06-30": 0, "2013-03-31": "", "2012-12-31": -22366, "2012-09-30": -7416, "2012-06-30": 1993, "2012-03-31": "7290.00000", "2011-12-31": -12358, "2011-09-30": 22357, "2011-06-30": 13555, "2011-03-31": "-9671.00000", "2010-12-31": -4635, "2010-09-30": -3265, "2010-06-30": 5056, "2010-03-31": "-1793.00000", "2009-12-31": -1542, "2009-09-30": -8086, "2009-06-30": -19907, "2009-03-31": "-17879.00000", "2008-12-31": 0, "2008-11-30": -82244, "2008-08-31": 27328, "2008-05-31": 12690, "2008-02-29": "42226.00000", "2007-11-30": 31136, "2007-08-31": 51626, "2007-05-31": -7886, "2007-02-28": "-21019.00000", "2006-11-30": -4236, "2006-08-31": 7291, "2006-05-31": 12050, "2006-02-28": "-5282.00000", "2005-11-30": 2534, "2005-08-31": -15428, "2005-05-31": 20586, "2005-02-28": "-4739.00000"}, "Change In Assets/Liabilities": {"2020-12-31": 18964, "2020-09-30": 60090, "2020-06-30": -23060, "2020-03-31": "-55994.00000", "2019-12-31": 67072, "2019-09-30": 32560, "2019-06-30": 6266, "2019-03-31": "-18323.00000", "2018-12-31": 11651, "2018-09-30": -6218, "2018-06-30": 7996, "2018-03-31": "12554.00000", "2017-12-31": -18273, "2017-09-30": 569, "2017-06-30": 11512, "2017-03-31": "14358.00000", "2016-12-31": -8679, "2016-09-30": 26522, "2016-06-30": 5286, "2016-03-31": "-28777.00000", "2015-12-31": -1015, "2015-09-30": -2286, "2015-06-30": -14642, "2015-03-31": "-688.00000", "2014-12-31": -5100, "2014-09-30": -39602, "2014-06-30": 13842, "2014-03-31": "-32028.00000", "2013-12-31": 23277, "2013-09-30": -14792, "2013-06-30": 5244, "2013-03-31": "-68568.00000", "2012-12-31": 77552, "2012-09-30": 4480, "2012-06-30": -1514, "2012-03-31": "11.00000", "2011-12-31": -1533, "2011-09-30": -4516, "2011-06-30": 2827, "2011-03-31": "-2124.00000", "2010-12-31": -3876, "2010-09-30": 6928, "2010-06-30": -2803, "2010-03-31": "-11625.00000", "2009-12-31": -4350, "2009-09-30": 7484, "2009-06-30": 10616, "2009-03-31": "-6674.00000", "2008-12-31": 0, "2008-11-30": 8296, "2008-08-31": -8331, "2008-05-31": 5460, "2008-02-29": "-5425.00000", "2007-11-30": 1033, "2007-08-31": 4835, "2007-05-31": 5529, "2007-02-28": "-3435.00000", "2006-11-30": 4990, "2006-08-31": 2037, "2006-05-31": 6109, "2006-02-28": "-313.00000", "2005-11-30": -3602, "2005-08-31": 4484, "2005-05-31": 639, "2005-02-28": "-2336.00000"}, "Total Change In Assets/Liabilities": {"2020-12-31": 40640, "2020-09-30": 30666, "2020-06-30": -14294, "2020-03-31": "-57012.00000", "2019-12-31": 47302, "2019-09-30": 6976, "2019-06-30": 5405, "2019-03-31": "-48714.00000", "2018-12-31": 13592, "2018-09-30": -8335, "2018-06-30": 5288, "2018-03-31": "-5468.00000", "2017-12-31": -13795, "2017-09-30": 147, "2017-06-30": -12876, "2017-03-31": "-7173.00000", "2016-12-31": 11, "2016-09-30": -7047, "2016-06-30": 7868, "2016-03-31": "-5581.00000", "2015-12-31": 7675, "2015-09-30": -513, "2015-06-30": -9316, "2015-03-31": "1898.00000", "2014-12-31": 1511, "2014-09-30": -11327, "2014-06-30": -1966, "2014-03-31": "-8255.00000", "2013-12-31": -538, "2013-09-30": -5320, "2013-06-30": 8975, "2013-03-31": "-9769.00000", "2012-12-31": -1923, "2012-09-30": -316, "2012-06-30": 4845, "2012-03-31": "591.00000", "2011-12-31": 17400, "2011-09-30": -10667, "2011-06-30": 8823, "2011-03-31": "-2941.00000", "2010-12-31": -13435, "2010-09-30": -2525, "2010-06-30": 8466, "2010-03-31": "-13495.00000", "2009-12-31": 19948, "2009-09-30": 3333, "2009-06-30": 8422, "2009-03-31": "266.00000", "2008-12-31": 0, "2008-11-30": 15688, "2008-08-31": 3550, "2008-05-31": 6245, "2008-02-29": "-25483.00000", "2007-11-30": -12320, "2007-08-31": -22520, "2007-05-31": -31901, "2007-02-28": "-20066.00000", "2006-11-30": -7703, "2006-08-31": -17257, "2006-05-31": -17484, "2006-02-28": "-22684.00000", "2005-11-30": -1960, "2005-08-31": -7551, "2005-05-31": -3049, "2005-02-28": "-7639.00000"}, "Cash Flow From Operating Activities": {"2020-12-31": 29742, "2020-09-30": 34936, "2020-06-30": -11647, "2020-03-31": "-53031.00000", "2019-12-31": 49831, "2019-09-30": 9774, "2019-06-30": 8631, "2019-03-31": "-44368.00000", "2018-12-31": 14244, "2018-09-30": -5314, "2018-06-30": 8598, "2018-03-31": "-964.00000", "2017-12-31": -9105, "2017-09-30": 2713, "2017-06-30": -10708, "2017-03-31": "-3389.00000", "2016-12-31": 3529, "2016-09-30": -4577, "2016-06-30": 10084, "2016-03-31": "-2542.00000", "2015-12-31": 9315, "2015-09-30": 1270, "2015-06-30": -7840, "2015-03-31": "6736.00000", "2014-12-31": 4659, "2014-09-30": -8899, "2014-06-30": 529, "2014-03-31": "-4221.00000", "2013-12-31": 2280, "2013-09-30": -3371, "2013-06-30": 11332, "2013-03-31": "-5698.00000", "2012-12-31": 850, "2012-09-30": 1790, "2012-06-30": 6463, "2012-03-31": "3776.00000", "2011-12-31": 20071, "2011-09-30": -10225, "2011-06-30": 10755, "2011-03-31": "1900.00000", "2010-12-31": -8482, "2010-09-30": 676, "2010-06-30": 9953, "2010-03-31": "-7504.00000", "2009-12-31": 25523, "2009-09-30": 7332, "2009-06-30": 12823, "2009-03-31": "3197.00000", "2008-12-31": 0, "2008-11-30": 9004, "2008-08-31": 5088, "2008-05-31": 9057, "2008-02-29": "-23149.00000", "2007-11-30": -5218, "2007-08-31": -19058, "2007-05-31": -28936, "2007-02-28": "-16235.00000", "2006-11-30": -3057, "2006-08-31": -15115, "2006-05-31": -14632, "2006-02-28": "-19643.00000", "2005-11-30": 551, "2005-08-31": -5501, "2005-05-31": -1753, "2005-02-28": "-5710.00000"}, "Net Change In Property, Plant, And Equipment": {"2020-12-31": 3634, "2020-09-30": -548, "2020-06-30": -640, "2020-03-31": "-2446.00000", "2019-12-31": 25, "2019-09-30": -1153, "2019-06-30": -821, "2019-03-31": "138.00000", "2018-12-31": -810, "2018-09-30": -1656, "2018-06-30": -1249, "2018-03-31": "-556.00000", "2017-12-31": -837, "2017-09-30": -455, "2017-06-30": -557, "2017-03-31": "-761.00000", "2016-12-31": -753, "2016-09-30": -771, "2016-06-30": -597, "2016-03-31": "-363.00000", "2015-12-31": -520, "2015-09-30": -436, "2015-06-30": -360, "2015-03-31": "-289.00000", "2014-12-31": -157, "2014-09-30": -148, "2014-06-30": -184, "2014-03-31": "-159.00000", "2013-12-31": -203, "2013-09-30": -145, "2013-06-30": -142, "2013-03-31": "-154.00000", "2012-12-31": -243, "2012-09-30": -155, "2012-06-30": -137, "2012-03-31": "-377.00000", "2011-12-31": -180, "2011-09-30": -439, "2011-06-30": -219, "2011-03-31": "-268.00000", "2010-12-31": -319, "2010-09-30": -433, "2010-06-30": -153, "2010-03-31": "-250.00000", "2009-12-31": -449, "2009-09-30": -422, "2009-06-30": -353, "2009-03-31": "-250.00000", "2008-12-31": 0, "2008-11-30": 1459, "2008-08-31": -481, "2008-05-31": -617, "2008-02-29": "-361.00000", "2007-11-30": -609, "2007-08-31": -414, "2007-05-31": -446, "2007-02-28": "-568.00000", "2006-11-30": -65, "2006-08-31": -576, "2006-05-31": -384, "2006-02-28": "-650.00000", "2005-11-30": -378, "2005-08-31": 207, "2005-05-31": -104, "2005-02-28": "-507.00000"}, "Net Change In Intangible Assets": {"2020-12-31": 0, "2020-09-30": 0, "2020-06-30": 0, "2020-03-31": "", "2019-12-31": 0, "2019-09-30": 0, "2019-06-30": 0, "2019-03-31": "", "2018-12-31": 0, "2018-09-30": 0, "2018-06-30": 0, "2018-03-31": "", "2017-12-31": 0, "2017-09-30": 0, "2017-06-30": 0, "2017-03-31": "", "2016-12-31": 0, "2016-09-30": 0, "2016-06-30": 0, "2016-03-31": "", "2015-12-31": 0, "2015-09-30": 0, "2015-06-30": 0, "2015-03-31": "", "2014-12-31": 0, "2014-09-30": 0, "2014-06-30": 0, "2014-03-31": "", "2013-12-31": 0, "2013-09-30": 0, "2013-06-30": 0, "2013-03-31": "", "2012-12-31": 0, "2012-09-30": 0, "2012-06-30": 0, "2012-03-31": "", "2011-12-31": 0, "2011-09-30": 0, "2011-06-30": 0, "2011-03-31": "", "2010-12-31": 0, "2010-09-30": 0, "2010-06-30": 0, "2010-03-31": "", "2009-12-31": 0, "2009-09-30": 0, "2009-06-30": 0, "2009-03-31": "", "2008-12-31": 0, "2008-11-30": 0, "2008-08-31": 0, "2008-05-31": 0, "2008-02-29": "", "2007-11-30": 0, "2007-08-31": 0, "2007-05-31": 0, "2007-02-28": "", "2006-11-30": 0, "2006-08-31": 0, "2006-05-31": 0, "2006-02-28": "", "2005-11-30": 0, "2005-08-31": 0, "2005-05-31": 0, "2005-02-28": ""}, "Net Acquisitions/Divestitures": {"2020-12-31": 226, "2020-09-30": -226, "2020-06-30": 0, "2020-03-31": "", "2019-12-31": 0, "2019-09-30": -742, "2019-06-30": -61, "2019-03-31": "", "2018-12-31": -16, "2018-09-30": 3, "2018-06-30": -81, "2018-03-31": "-68.00000", "2017-12-31": -535, "2017-09-30": -762, "2017-06-30": -574, "2017-03-31": "-512.00000", "2016-12-31": -832, "2016-09-30": -128, "2016-06-30": 16444, "2016-03-31": "-562.00000", "2015-12-31": -124, "2015-09-30": -101, "2015-06-30": -1106, "2015-03-31": "-477.00000", "2014-12-31": -1106, "2014-09-30": -177, "2014-06-30": -140, "2014-03-31": "-309.00000", "2013-12-31": -1008, "2013-09-30": -820, "2013-06-30": -286, "2013-03-31": "-160.00000", "2012-12-31": -154, "2012-09-30": -84, "2012-06-30": -316, "2012-03-31": "-39.00000", "2011-12-31": -166, "2011-09-30": -18, "2011-06-30": -242, "2011-03-31": "-5.00000", "2010-12-31": -25, "2010-09-30": -26, "2010-06-30": -54, "2010-03-31": "-699.00000", "2009-12-31": -11, "2009-09-30": -2, "2009-06-30": -18, "2009-03-31": "-190.00000", "2008-12-31": 0, "2008-11-30": 2517, "2008-08-31": -318, "2008-05-31": -43, "2008-02-29": "-2156.00000", "2007-11-30": -515, "2007-08-31": -754, "2007-05-31": -576, "2007-02-28": "-55.00000", "2006-11-30": -881, "2006-08-31": -217, "2006-05-31": -293, "2006-02-28": "-270.00000", "2005-11-30": -33, "2005-08-31": -85, "2005-05-31": 79, "2005-02-28": "-517.00000"}, "Net Change In Short-term Investments": {"2020-12-31": 0, "2020-09-30": 0, "2020-06-30": 0, "2020-03-31": "", "2019-12-31": 0, "2019-09-30": 0, "2019-06-30": 0, "2019-03-31": "", "2018-12-31": 0, "2018-09-30": 0, "2018-06-30": 0, "2018-03-31": "", "2017-12-31": 0, "2017-09-30": 0, "2017-06-30": 0, "2017-03-31": "", "2016-12-31": 0, "2016-09-30": 0, "2016-06-30": 0, "2016-03-31": "", "2015-12-31": 0, "2015-09-30": 0, "2015-06-30": 0, "2015-03-31": "", "2014-12-31": 0, "2014-09-30": 0, "2014-06-30": 0, "2014-03-31": "", "2013-12-31": 0, "2013-09-30": 0, "2013-06-30": 0, "2013-03-31": "", "2012-12-31": 0, "2012-09-30": 0, "2012-06-30": 0, "2012-03-31": "", "2011-12-31": 0, "2011-09-30": 0, "2011-06-30": 0, "2011-03-31": "", "2010-12-31": 0, "2010-09-30": 0, "2010-06-30": 0, "2010-03-31": "", "2009-12-31": 0, "2009-09-30": 0, "2009-06-30": 0, "2009-03-31": "", "2008-12-31": 0, "2008-11-30": 0, "2008-08-31": 0, "2008-05-31": 0, "2008-02-29": "", "2007-11-30": 0, "2007-08-31": 0, "2007-05-31": 0, "2007-02-28": "", "2006-11-30": 0, "2006-08-31": 0, "2006-05-31": 0, "2006-02-28": "", "2005-11-30": 0, "2005-08-31": 0, "2005-05-31": 0, "2005-02-28": ""}, "Net Change In Long-Term Investments": {"2020-12-31": 14316, "2020-09-30": -1672, "2020-06-30": -6319, "2020-03-31": "-6325.00000", "2019-12-31": 457, "2019-09-30": -15027, "2019-06-30": 3250, "2019-03-31": "-641.00000", "2018-12-31": 1540, "2018-09-30": 34, "2018-06-30": 108, "2018-03-31": "-3005.00000", "2017-12-31": -2367, "2017-09-30": -2143, "2017-06-30": -382, "2017-03-31": "542.00000", "2016-12-31": 308, "2016-09-30": 391, "2016-06-30": 496, "2016-03-31": "322.00000", "2015-12-31": 305, "2015-09-30": 439, "2015-06-30": 91, "2015-03-31": "184.00000", "2014-12-31": 387, "2014-09-30": 658, "2014-06-30": 163, "2014-03-31": "306.00000", "2013-12-31": 663, "2013-09-30": 319, "2013-06-30": 866, "2013-03-31": "734.00000", "2012-12-31": 921, "2012-09-30": -97, "2012-06-30": -488, "2012-03-31": "176.00000", "2011-12-31": 843, "2011-09-30": 996, "2011-06-30": 798, "2011-03-31": "385.00000", "2010-12-31": 936, "2010-09-30": 372, "2010-06-30": 483, "2010-03-31": "-17.00000", "2009-12-31": 199, "2009-09-30": -104, "2009-06-30": 512, "2009-03-31": "-473.00000", "2008-12-31": 0, "2008-11-30": 31, "2008-08-31": 355, "2008-05-31": 50, "2008-02-29": "-436.00000", "2007-11-30": 1597, "2007-08-31": 2477, "2007-05-31": 44, "2007-02-28": "215.00000", "2006-11-30": -5439, "2006-08-31": -2164, "2006-05-31": 1191, "2006-02-28": "", "2005-11-30": 274, "2005-08-31": 0, "2005-05-31": 0, "2005-02-28": ""}, "Net Change In Investments - Total": {"2020-12-31": 14316, "2020-09-30": -1672, "2020-06-30": -6319, "2020-03-31": "-6325.00000", "2019-12-31": 457, "2019-09-30": -15027, "2019-06-30": 3250, "2019-03-31": "-641.00000", "2018-12-31": 1540, "2018-09-30": 34, "2018-06-30": 108, "2018-03-31": "-3005.00000", "2017-12-31": -2367, "2017-09-30": -2143, "2017-06-30": -382, "2017-03-31": "542.00000", "2016-12-31": 308, "2016-09-30": 391, "2016-06-30": 496, "2016-03-31": "322.00000", "2015-12-31": 305, "2015-09-30": 439, "2015-06-30": 91, "2015-03-31": "184.00000", "2014-12-31": 387, "2014-09-30": 658, "2014-06-30": 163, "2014-03-31": "306.00000", "2013-12-31": 663, "2013-09-30": 319, "2013-06-30": 866, "2013-03-31": "734.00000", "2012-12-31": 921, "2012-09-30": -97, "2012-06-30": -488, "2012-03-31": "176.00000", "2011-12-31": 843, "2011-09-30": 996, "2011-06-30": 798, "2011-03-31": "385.00000", "2010-12-31": 936, "2010-09-30": 372, "2010-06-30": 483, "2010-03-31": "-17.00000", "2009-12-31": 199, "2009-09-30": -104, "2009-06-30": 512, "2009-03-31": "-473.00000", "2008-12-31": 0, "2008-11-30": 31, "2008-08-31": 355, "2008-05-31": 50, "2008-02-29": "-436.00000", "2007-11-30": 1597, "2007-08-31": 2477, "2007-05-31": 44, "2007-02-28": "215.00000", "2006-11-30": -5439, "2006-08-31": -2164, "2006-05-31": 1191, "2006-02-28": "", "2005-11-30": 274, "2005-08-31": 0, "2005-05-31": 0, "2005-02-28": ""}, "Investing Activities - Other": {"2020-12-31": 7257, "2020-09-30": 5442, "2020-06-30": 10866, "2020-03-31": "-23565.00000", "2019-12-31": -3802, "2019-09-30": -2662, "2019-06-30": -1561, "2019-03-31": "-1636.00000", "2018-12-31": -2699, "2018-09-30": -2413, "2018-06-30": -2368, "2018-03-31": "-5584.00000", "2017-12-31": -4809, "2017-09-30": -7763, "2017-06-30": -3646, "2017-03-31": "-816.00000", "2016-12-31": -350, "2016-09-30": -1005, "2016-06-30": -388, "2016-03-31": "-2537.00000", "2015-12-31": -3488, "2015-09-30": -3233, "2015-06-30": -5778, "2015-03-31": "-3681.00000", "2014-12-31": -3442, "2014-09-30": -4111, "2014-06-30": -3449, "2014-03-31": "-3041.00000", "2013-12-31": -2365, "2013-09-30": -3509, "2013-06-30": -1145, "2013-03-31": "-1373.00000", "2012-12-31": -630, "2012-09-30": -777, "2012-06-30": -1096, "2012-03-31": "-238.00000", "2011-12-31": -856, "2011-09-30": 0, "2011-06-30": 0, "2011-03-31": "", "2010-12-31": -800, "2010-09-30": 0, "2010-06-30": 0, "2010-03-31": "", "2009-12-31": 0, "2009-09-30": 0, "2009-06-30": 0, "2009-03-31": "", "2008-12-31": 0, "2008-11-30": 0, "2008-08-31": 0, "2008-05-31": 0, "2008-02-29": "", "2007-11-30": 0, "2007-08-31": 0, "2007-05-31": 0, "2007-02-28": "", "2006-11-30": 0, "2006-08-31": 0, "2006-05-31": 0, "2006-02-28": "", "2005-11-30": 0, "2005-08-31": 0, "2005-05-31": 0, "2005-02-28": ""}, "Cash Flow From Investing Activities": {"2020-12-31": 25433, "2020-09-30": 2996, "2020-06-30": 3907, "2020-03-31": "-32336.00000", "2019-12-31": -3320, "2019-09-30": -19584, "2019-06-30": 807, "2019-03-31": "-2139.00000", "2018-12-31": -1985, "2018-09-30": -4032, "2018-06-30": -3590, "2018-03-31": "-9213.00000", "2017-12-31": -8548, "2017-09-30": -11123, "2017-06-30": -5159, "2017-03-31": "-1547.00000", "2016-12-31": -1627, "2016-09-30": -1513, "2016-06-30": 15955, "2016-03-31": "-3140.00000", "2015-12-31": -3827, "2015-09-30": -3331, "2015-06-30": -7153, "2015-03-31": "-4263.00000", "2014-12-31": -4318, "2014-09-30": -3778, "2014-06-30": -3610, "2014-03-31": "-3203.00000", "2013-12-31": -2913, "2013-09-30": -4155, "2013-06-30": -707, "2013-03-31": "-953.00000", "2012-12-31": -106, "2012-09-30": -1113, "2012-06-30": -2037, "2012-03-31": "-478.00000", "2011-12-31": -359, "2011-09-30": 539, "2011-06-30": 337, "2011-03-31": "112.00000", "2010-12-31": -208, "2010-09-30": -87, "2010-06-30": 276, "2010-03-31": "-966.00000", "2009-12-31": -261, "2009-09-30": -528, "2009-06-30": 141, "2009-03-31": "-913.00000", "2008-12-31": 0, "2008-11-30": 4007, "2008-08-31": -444, "2008-05-31": -610, "2008-02-29": "-2953.00000", "2007-11-30": 473, "2007-08-31": 1309, "2007-05-31": -978, "2007-02-28": "-408.00000", "2006-11-30": -6385, "2006-08-31": -2957, "2006-05-31": 514, "2006-02-28": "-920.00000", "2005-11-30": -137, "2005-08-31": 122, "2005-05-31": -25, "2005-02-28": "-1024.00000"}, "Net Long-Term Debt": {"2020-12-31": 936, "2020-09-30": -7147, "2020-06-30": -6633, "2020-03-31": "12844.00000", "2019-12-31": -12301, "2019-09-30": -2866, "2019-06-30": -6724, "2019-03-31": "-81.00000", "2018-12-31": -2921, "2018-09-30": -1766, "2018-06-30": 3448, "2018-03-31": "5402.00000", "2017-12-31": 7392, "2017-09-30": 8794, "2017-06-30": 6192, "2017-03-31": "7659.00000", "2016-12-31": 5191, "2016-09-30": 3789, "2016-06-30": -1899, "2016-03-31": "2766.00000", "2015-12-31": 1992, "2015-09-30": 4984, "2015-06-30": 9665, "2015-03-31": "2280.00000", "2014-12-31": 201, "2014-09-30": 7476, "2014-06-30": -2935, "2014-03-31": "4630.00000", "2013-12-31": -1616, "2013-09-30": 3443, "2013-06-30": 126, "2013-03-31": "1399.00000", "2012-12-31": -3408, "2012-09-30": -2208, "2012-06-30": -4662, "2012-03-31": "-5312.00000", "2011-12-31": -4777, "2011-09-30": 4935, "2011-06-30": 1603, "2011-03-31": "-848.00000", "2010-12-31": 2115, "2010-09-30": 876, "2010-06-30": -4874, "2010-03-31": "158.00000", "2009-12-31": -7508, "2009-09-30": -2667, "2009-06-30": -1631, "2009-03-31": "6251.00000", "2008-12-31": 0, "2008-11-30": -18480, "2008-08-31": -2925, "2008-05-31": 8258, "2008-02-29": "13147.00000", "2007-11-30": 9862, "2007-08-31": 21597, "2007-05-31": 11900, "2007-02-28": "13682.00000", "2006-11-30": 10490, "2006-08-31": 6381, "2006-05-31": 11261, "2006-02-28": "14228.00000", "2005-11-30": 1974, "2005-08-31": 4454, "2005-05-31": 1841, "2005-02-28": "12568.00000"}, "Net Current Debt": {"2020-12-31": -8196, "2020-09-30": -1503, "2020-06-30": -9523, "2020-03-31": "19222.00000", "2019-12-31": -468, "2019-09-30": 1009, "2019-06-30": -268, "2019-03-31": "-2309.00000", "2018-12-31": -4546, "2018-09-30": 1892, "2018-06-30": -26, "2018-03-31": "5603.00000", "2017-12-31": -56, "2017-09-30": 59, "2017-06-30": 1869, "2017-03-31": "-2778.00000", "2016-12-31": -2849, "2016-09-30": -1754, "2016-06-30": -456, "2016-03-31": "2745.00000", "2015-12-31": 484, "2015-09-30": 673, "2015-06-30": -1446, "2015-03-31": "-947.00000", "2014-12-31": -1012, "2014-09-30": -384, "2014-06-30": 874, "2014-03-31": "1344.00000", "2013-12-31": 344, "2013-09-30": -3138, "2013-06-30": 2117, "2013-03-31": "-5259.00000", "2012-12-31": 3324, "2012-09-30": 2796, "2012-06-30": -5180, "2012-03-31": "-1352.00000", "2011-12-31": -7442, "2011-09-30": 2630, "2011-06-30": -3004, "2011-03-31": "2841.00000", "2010-12-31": 10928, "2010-09-30": 1361, "2010-06-30": 1383, "2010-03-31": "213.00000", "2009-12-31": 631, "2009-09-30": -3376, "2009-06-30": -18038, "2009-03-31": "542.00000", "2008-12-31": 0, "2008-11-30": 15606, "2008-08-31": 21, "2008-05-31": -18890, "2008-02-29": "3263.00000", "2007-11-30": -6861, "2007-08-31": 436, "2007-05-31": 19574, "2007-02-28": "1893.00000", "2006-11-30": 1348, "2006-08-31": 5422, "2006-05-31": 2117, "2006-02-28": "3938.00000", "2005-11-30": 2061, "2005-08-31": 1340, "2005-05-31": 2730, "2005-02-28": "-3898.00000"}, "Debt Issuance/Retirement Net - Total": {"2020-12-31": -7260, "2020-09-30": -8650, "2020-06-30": -16156, "2020-03-31": "32066.00000", "2019-12-31": -12769, "2019-09-30": -1857, "2019-06-30": -6992, "2019-03-31": "-2390.00000", "2018-12-31": -7467, "2018-09-30": 126, "2018-06-30": 3422, "2018-03-31": "11005.00000", "2017-12-31": 7336, "2017-09-30": 8853, "2017-06-30": 8061, "2017-03-31": "4881.00000", "2016-12-31": 2342, "2016-09-30": 2035, "2016-06-30": -2355, "2016-03-31": "5511.00000", "2015-12-31": 2476, "2015-09-30": 5657, "2015-06-30": 8219, "2015-03-31": "1333.00000", "2014-12-31": -811, "2014-09-30": 7092, "2014-06-30": -2061, "2014-03-31": "5974.00000", "2013-12-31": -1272, "2013-09-30": 305, "2013-06-30": 2243, "2013-03-31": "-3860.00000", "2012-12-31": -84, "2012-09-30": 588, "2012-06-30": -9842, "2012-03-31": "-6664.00000", "2011-12-31": -12219, "2011-09-30": 7565, "2011-06-30": -1401, "2011-03-31": "1993.00000", "2010-12-31": 13043, "2010-09-30": 2237, "2010-06-30": -3491, "2010-03-31": "371.00000", "2009-12-31": -6877, "2009-09-30": -6043, "2009-06-30": -19669, "2009-03-31": "6793.00000", "2008-12-31": 0, "2008-11-30": -2874, "2008-08-31": -2904, "2008-05-31": -10632, "2008-02-29": "16410.00000", "2007-11-30": 3001, "2007-08-31": 22033, "2007-05-31": 31474, "2007-02-28": "15575.00000", "2006-11-30": 11838, "2006-08-31": 11803, "2006-05-31": 13378, "2006-02-28": "18166.00000", "2005-11-30": 4035, "2005-08-31": 5794, "2005-05-31": 4571, "2005-02-28": "8670.00000"}, "Net Common Equity Issued/Repurchased": {"2020-12-31": 1928, "2020-09-30": 0, "2020-06-30": 0, "2020-03-31": "-1928.00000", "2019-12-31": -2162, "2019-09-30": -673, "2019-06-30": -1250, "2019-03-31": "-1250.00000", "2018-12-31": -1225, "2018-09-30": -1241, "2018-06-30": 10, "2018-03-31": "-800.00000", "2017-12-31": -1629, "2017-09-30": -2174, "2017-06-30": -1465, "2017-03-31": "-1497.00000", "2016-12-31": -1483, "2016-09-30": -1296, "2016-06-30": -1738, "2016-03-31": "-1555.00000", "2015-12-31": -1551, "2015-09-30": -1048, "2015-06-30": -98, "2015-03-31": "-1179.00000", "2014-12-31": -1206, "2014-09-30": -1227, "2014-06-30": -1248, "2014-03-31": "-1665.00000", "2013-12-31": -1384, "2013-09-30": -1635, "2013-06-30": -1580, "2013-03-31": "-1511.00000", "2012-12-31": -1355, "2012-09-30": -1148, "2012-06-30": -1494, "2012-03-31": "-326.00000", "2011-12-31": -722, "2011-09-30": -2101, "2011-06-30": -1439, "2011-03-31": "-1418.00000", "2010-12-31": -871, "2010-09-30": -712, "2010-06-30": 112, "2010-03-31": "-2131.00000", "2009-12-31": 171, "2009-09-30": -904, "2009-06-30": 5866, "2009-03-31": "25.00000", "2008-12-31": 0, "2008-11-30": 1771, "2008-08-31": -180, "2008-05-31": -94, "2008-02-29": "-1497.00000", "2007-11-30": -2426, "2007-08-31": -2372, "2007-05-31": -990, "2007-02-28": "-2377.00000", "2006-11-30": -3239, "2006-08-31": -498, "2006-05-31": -534, "2006-02-28": "-1933.00000", "2005-11-30": -2057, "2005-08-31": -1677, "2005-05-31": -1415, "2005-02-28": "-816.00000"}, "Net Total Equity Issued/Repurchased": {"2020-12-31": 1929, "2020-09-30": 11, "2020-06-30": -11, "2020-03-31": "-1929.00000", "2019-12-31": -2163, "2019-09-30": -1173, "2019-06-30": -751, "2019-03-31": "-1250.00000", "2018-12-31": -1190, "2018-09-30": -1241, "2018-06-30": 10, "2018-03-31": "-1485.00000", "2017-12-31": -922, "2017-09-30": -2174, "2017-06-30": -1527, "2017-03-31": "-1497.00000", "2016-12-31": -1483, "2016-09-30": -648, "2016-06-30": -1233, "2016-03-31": "-1405.00000", "2015-12-31": -1551, "2015-09-30": -1048, "2015-06-30": 1895, "2015-03-31": "-1179.00000", "2014-12-31": -1206, "2014-09-30": -1227, "2014-06-30": 732, "2014-03-31": "-1665.00000", "2013-12-31": -1384, "2013-09-30": -1635, "2013-06-30": -589, "2013-03-31": "-1511.00000", "2012-12-31": -518, "2012-09-30": -648, "2012-06-30": 256, "2012-03-31": "-326.00000", "2011-12-31": -722, "2011-09-30": -2101, "2011-06-30": -5296, "2011-03-31": "-1418.00000", "2010-12-31": -871, "2010-09-30": -712, "2010-06-30": 112, "2010-03-31": "-2131.00000", "2009-12-31": 171, "2009-09-30": -904, "2009-06-30": -3708, "2009-03-31": "25.00000", "2008-12-31": 0, "2008-11-30": 1771, "2008-08-31": 213, "2008-05-31": -487, "2008-02-29": "-1497.00000", "2007-11-30": -2426, "2007-08-31": -2372, "2007-05-31": -990, "2007-02-28": "-2377.00000", "2006-11-30": -3239, "2006-08-31": 2, "2006-05-31": 315, "2006-02-28": "-1933.00000", "2005-11-30": -1194, "2005-08-31": -1559, "2005-05-31": -677, "2005-02-28": "-816.00000"}, "Total Common And Preferred Stock Dividends Paid": {"2020-12-31": 1744, "2020-09-30": -580, "2020-06-30": -626, "2020-03-31": "-538.00000", "2019-12-31": -644, "2019-09-30": -550, "2019-06-30": -535, "2019-03-31": "-375.00000", "2018-12-31": -521, "2018-09-30": -382, "2018-06-30": -531, "2018-03-31": "-376.00000", "2017-12-31": -498, "2017-09-30": -395, "2017-06-30": -510, "2017-03-31": "-366.00000", "2016-12-31": -468, "2016-09-30": -378, "2016-06-30": -473, "2016-03-31": "-387.00000", "2015-12-31": -484, "2015-09-30": -393, "2015-06-30": -431, "2015-03-31": "-373.00000", "2014-12-31": -409, "2014-09-30": -354, "2014-06-30": -343, "2014-03-31": "-348.00000", "2013-12-31": -346, "2013-09-30": -325, "2013-06-30": -312, "2013-03-31": "-319.00000", "2012-12-31": -307, "2012-09-30": -286, "2012-06-30": -273, "2012-03-31": "-220.00000", "2011-12-31": -222, "2011-09-30": -223, "2011-06-30": -1968, "2011-03-31": "-358.00000", "2010-12-31": -360, "2010-09-30": -361, "2010-06-30": -359, "2010-03-31": "-363.00000", "2009-12-31": -355, "2009-09-30": -355, "2009-06-30": -950, "2009-03-31": "-545.00000", "2008-12-31": 0, "2008-11-30": 587, "2008-08-31": -587, "2008-05-31": 201, "2008-02-29": "-201.00000", "2007-11-30": -207, "2007-08-31": -205, "2007-05-31": -207, "2007-02-28": "-212.00000", "2006-11-30": -211, "2006-08-31": -203, "2006-05-31": -192, "2006-02-28": "-148.00000", "2005-11-30": -126, "2005-08-31": -131, "2005-05-31": -126, "2005-02-28": "-128.00000"}, "Financial Activities - Other": {"2020-12-31": -71243, "2020-09-30": -8111, "2020-06-30": 51643, "2020-03-31": "27711.00000", "2019-12-31": 8517, "2019-09-30": 16392, "2019-06-30": 2048, "2019-03-31": "7859.00000", "2018-12-31": 8595, "2018-09-30": -1703, "2018-06-30": 3005, "2018-03-31": "11485.00000", "2017-12-31": 5178, "2017-09-30": 7848, "2017-06-30": -2304, "2017-03-31": "3242.00000", "2016-12-31": 1415, "2016-09-30": 568, "2016-06-30": 2587, "2016-03-31": "6475.00000", "2015-12-31": 4510, "2015-09-30": 2575, "2015-06-30": 3026, "2015-03-31": "3275.00000", "2014-12-31": 5226, "2014-09-30": 4333, "2014-06-30": 2878, "2014-03-31": "1188.00000", "2013-12-31": -710, "2013-09-30": 2261, "2013-06-30": -2902, "2013-03-31": "3005.00000", "2012-12-31": 9195, "2012-09-30": 4395, "2012-06-30": 7208, "2012-03-31": "5042.00000", "2011-12-31": 5256, "2011-09-30": 3215, "2011-06-30": 323, "2011-03-31": "666.00000", "2010-12-31": 537, "2010-09-30": 1775, "2010-06-30": -954, "2010-03-31": "-634.00000", "2009-12-31": -2925, "2009-09-30": 1336, "2009-06-30": -1877, "2009-03-31": "13055.00000", "2008-12-31": 0, "2008-11-30": -14373, "2008-08-31": -512, "2008-05-31": 3162, "2008-02-29": "11723.00000", "2007-11-30": 2354, "2007-08-31": 2939, "2007-05-31": 759, "2007-02-28": "4251.00000", "2006-11-30": 3151, "2006-08-31": 8811, "2006-05-31": 1768, "2006-02-28": "788.00000", "2005-11-30": 237, "2005-08-31": 128, "2005-05-31": 521, "2005-02-28": "174.00000"}, "Cash Flow From Financial Activities": {"2020-12-31": -74830, "2020-09-30": -17330, "2020-06-30": 34850, "2020-03-31": "57310.00000", "2019-12-31": -7059, "2019-09-30": 12812, "2019-06-30": -6230, "2019-03-31": "3844.00000", "2018-12-31": -583, "2018-09-30": -3200, "2018-06-30": 5906, "2018-03-31": "20629.00000", "2017-12-31": 11094, "2017-09-30": 14132, "2017-06-30": 3720, "2017-03-31": "6260.00000", "2016-12-31": 1806, "2016-09-30": 1577, "2016-06-30": -1474, "2016-03-31": "10194.00000", "2015-12-31": 4951, "2015-09-30": 6791, "2015-06-30": 12709, "2015-03-31": "3056.00000", "2014-12-31": 2800, "2014-09-30": 9844, "2014-06-30": 1206, "2014-03-31": "5149.00000", "2013-12-31": -3712, "2013-09-30": 606, "2013-06-30": -1560, "2013-03-31": "-2685.00000", "2012-12-31": 8286, "2012-09-30": 4049, "2012-06-30": -2651, "2012-03-31": "-2168.00000", "2011-12-31": -7907, "2011-09-30": 8456, "2011-06-30": -8342, "2011-03-31": "883.00000", "2010-12-31": 12349, "2010-09-30": 2939, "2010-06-30": -4692, "2010-03-31": "-2757.00000", "2009-12-31": -9986, "2009-09-30": -5966, "2009-06-30": -26204, "2009-03-31": "19328.00000", "2008-12-31": 0, "2008-11-30": -14889, "2008-08-31": -3790, "2008-05-31": -7756, "2008-02-29": "26435.00000", "2007-11-30": 2722, "2007-08-31": 22395, "2007-05-31": 31036, "2007-02-28": "17237.00000", "2006-11-30": 11539, "2006-08-31": 20413, "2006-05-31": 15269, "2006-02-28": "16873.00000", "2005-11-30": 2952, "2005-08-31": 4232, "2005-05-31": 4289, "2005-02-28": "7900.00000"}, "Net Cash Flow": {"2020-12-31": -19655, "2020-09-30": 20602, "2020-06-30": 27110, "2020-03-31": "-28057.00000", "2019-12-31": 39452, "2019-09-30": 3002, "2019-06-30": 3208, "2019-03-31": "-42663.00000", "2018-12-31": 11676, "2018-09-30": -12546, "2018-06-30": 10914, "2018-03-31": "10452.00000", "2017-12-31": -6559, "2017-09-30": 5722, "2017-06-30": -12147, "2017-03-31": "1324.00000", "2016-12-31": 3708, "2016-09-30": -4513, "2016-06-30": 24565, "2016-03-31": "4512.00000", "2015-12-31": 10439, "2015-09-30": 4730, "2015-06-30": -2284, "2015-03-31": "5529.00000", "2014-12-31": 3141, "2014-09-30": -2833, "2014-06-30": -1875, "2014-03-31": "-2275.00000", "2013-12-31": -4345, "2013-09-30": -6920, "2013-06-30": 9065, "2013-03-31": "-9336.00000", "2012-12-31": 9030, "2012-09-30": 4726, "2012-06-30": 1775, "2012-03-31": "1130.00000", "2011-12-31": 11805, "2011-09-30": -1230, "2011-06-30": 2750, "2011-03-31": "2895.00000", "2010-12-31": 3659, "2010-09-30": 3528, "2010-06-30": 5537, "2010-03-31": "-11227.00000", "2009-12-31": 15276, "2009-09-30": 838, "2009-06-30": -13240, "2009-03-31": "21612.00000", "2008-12-31": 0, "2008-11-30": -1878, "2008-08-31": 854, "2008-05-31": 691, "2008-02-29": "333.00000", "2007-11-30": -2023, "2007-08-31": 4646, "2007-05-31": 1122, "2007-02-28": "594.00000", "2006-11-30": 2097, "2006-08-31": 2341, "2006-05-31": 1151, "2006-02-28": "-3690.00000", "2005-11-30": 3366, "2005-08-31": -1147, "2005-05-31": 2511, "2005-02-28": "1166.00000"}, "Stock-Based Compensation": {"2020-12-31": -1737, "2020-09-30": 157, "2020-06-30": 185, "2020-03-31": "1395.00000", "2019-12-31": 166, "2019-09-30": 157, "2019-06-30": 192, "2019-03-31": "1503.00000", "2018-12-31": 160, "2018-09-30": 166, "2018-06-30": 176, "2018-03-31": "1329.00000", "2017-12-31": 159, "2017-09-30": 158, "2017-06-30": 180, "2017-03-31": "1272.00000", "2016-12-31": 168, "2016-09-30": 129, "2016-06-30": 149, "2016-03-31": "1665.00000", "2015-12-31": 165, "2015-09-30": 135, "2015-06-30": 163, "2015-03-31": "1809.00000", "2014-12-31": 154, "2014-09-30": 156, "2014-06-30": 164, "2014-03-31": "1611.00000", "2013-12-31": 194, "2013-09-30": 152, "2013-06-30": 160, "2013-03-31": "1509.00000", "2012-12-31": 231, "2012-09-30": 198, "2012-06-30": 247, "2012-03-31": "643.00000", "2011-12-31": 418, "2011-09-30": 446, "2011-06-30": 473, "2011-03-31": "1512.00000", "2010-12-31": 496, "2010-09-30": 945, "2010-06-30": 434, "2010-03-31": "2160.00000", "2009-12-31": 664, "2009-09-30": 438, "2009-06-30": 439, "2009-03-31": "468.00000", "2008-12-31": 0, "2008-11-30": -1195, "2008-08-31": 301, "2008-05-31": 414, "2008-02-29": "480.00000", "2007-11-30": 3427, "2007-08-31": 325, "2007-05-31": 351, "2007-02-28": "362.00000", "2006-11-30": 2733, "2006-08-31": 297, "2006-05-31": 281, "2006-02-28": "343.00000", "2005-11-30": 1113, "2005-08-31": 223, "2005-05-31": 201, "2005-02-28": "219.00000"}, "Common Stock Dividends Paid": {"2020-12-31": 1744, "2020-09-30": -580, "2020-06-30": -626, "2020-03-31": "-538.00000", "2019-12-31": -644, "2019-09-30": -550, "2019-06-30": -535, "2019-03-31": "-375.00000", "2018-12-31": -521, "2018-09-30": -382, "2018-06-30": -531, "2018-03-31": "-376.00000", "2017-12-31": -498, "2017-09-30": -395, "2017-06-30": -510, "2017-03-31": "-366.00000", "2016-12-31": -468, "2016-09-30": -378, "2016-06-30": -473, "2016-03-31": "-387.00000", "2015-12-31": -484, "2015-09-30": -393, "2015-06-30": -431, "2015-03-31": "-373.00000", "2014-12-31": -409, "2014-09-30": -354, "2014-06-30": -343, "2014-03-31": "-348.00000", "2013-12-31": -346, "2013-09-30": -325, "2013-06-30": -312, "2013-03-31": "-319.00000", "2012-12-31": -307, "2012-09-30": -286, "2012-06-30": -273, "2012-03-31": "-220.00000", "2011-12-31": -222, "2011-09-30": -223, "2011-06-30": -1968, "2011-03-31": "-358.00000", "2010-12-31": -360, "2010-09-30": -361, "2010-06-30": -359, "2010-03-31": "-363.00000", "2009-12-31": -355, "2009-09-30": -355, "2009-06-30": -950, "2009-03-31": "-545.00000", "2008-12-31": 0, "2008-11-30": 587, "2008-08-31": -587, "2008-05-31": 201, "2008-02-29": "-201.00000", "2007-11-30": -207, "2007-08-31": -205, "2007-05-31": -207, "2007-02-28": "-212.00000", "2006-11-30": -211, "2006-08-31": -203, "2006-05-31": -192, "2006-02-28": "-148.00000", "2005-11-30": -126, "2005-08-31": -131, "2005-05-31": -126, "2005-02-28": "-128.00000"}}, "financial ratios": {"Current Ratio": {"2019-12-31": "0.77460", "2018-12-31": "0.93190", "2017-12-31": "0.92800", "2016-12-31": "0.92220", "2015-12-31": "0.87220", "2014-12-31": "0.86070", "2013-12-31": "0.81820", "2012-12-31": "0.70730", "2011-12-31": "0.78890", "2010-12-31": "0.79800", "2009-12-31": "0.80430", "2008-11-30": "0.79110", "2007-11-30": "0.70460", "2006-11-30": "0.70890", "2005-11-30": "0.69380"}, "Long-term Debt / Capital": {"2019-12-31": "0.69640", "2018-12-31": "0.71310", "2017-12-31": "0.72580", "2016-12-31": "0.68510", "2015-12-31": "0.66920", "2014-12-31": "0.66890", "2013-12-31": "0.67230", "2012-12-31": "0.68840", "2011-12-31": "0.71150", "2010-12-31": "0.69270", "2009-12-31": "0.72360", "2008-11-30": "0.72330", "2007-11-30": "0.79320", "2006-11-30": "0.77440", "2005-11-30": "0.75070"}, "Debt/Equity Ratio": {"2019-12-31": "5.71890", "2018-12-31": "5.38350", "2017-12-31": "6.08970", "2016-12-31": "5.13690", "2015-12-31": "5.16430", "2014-12-31": "5.56200", "2013-12-31": "6.90000", "2012-12-31": "7.34110", "2011-12-31": "8.19340", "2010-12-31": "7.43180", "2009-12-31": "7.34400", "2008-11-30": "8.00810", "2007-11-30": "16.45480", "2006-11-30": "15.27620", "2005-11-30": "17.02210"}, "Gross Margin": {"2019-12-31": "91.10160", "2018-12-31": "91.26070", "2017-12-31": "91.21300", "2016-12-31": "90.83140", "2015-12-31": "92.38320", "2014-12-31": "92.75660", "2013-12-31": "93.15620", "2012-12-31": "93.53690", "2011-12-31": "91.45120", "2010-12-31": "94.17530", "2009-12-31": "94.91290", "2008-11-30": "86.50890", "2007-11-30": "94.00270", "2006-11-30": "94.72990", "2005-11-30": "94.38940"}, "Operating Margin": {"2019-12-31": "28.95800", "2018-12-31": "34.08620", "2017-12-31": "34.01160", "2016-12-31": "33.46540", "2015-12-31": "25.95510", "2014-12-31": "35.78840", "2013-12-31": "34.31270", "2012-12-31": "32.80450", "2011-12-31": "21.41200", "2010-12-31": "32.92050", "2009-12-31": "43.89570", "2008-11-30": "10.51210", "2007-11-30": "38.28040", "2006-11-30": "38.65660", "2005-11-30": "32.77990"}, "EBIT Margin": {"2019-12-31": "28.95800", "2018-12-31": "34.08620", "2017-12-31": "34.01160", "2016-12-31": "33.46540", "2015-12-31": "25.95510", "2014-12-31": "35.78840", "2013-12-31": "34.31270", "2012-12-31": "32.80450", "2011-12-31": "21.41200", "2010-12-31": "32.92050", "2009-12-31": "43.89570", "2008-11-30": "10.51210", "2007-11-30": "38.28040", "2006-11-30": "38.65660", "2005-11-30": "32.77990"}, "EBITDA Margin": {"2019-12-31": "33.62060", "2018-12-31": "37.71300", "2017-12-31": "37.53130", "2016-12-31": "36.70670", "2015-12-31": "28.88530", "2014-12-31": "39.66060", "2013-12-31": "38.17750", "2012-12-31": "37.89190", "2011-12-31": "27.89910", "2010-12-31": "37.78250", "2009-12-31": "48.19690", "2008-11-30": "17.82470", "2007-11-30": "40.81810", "2006-11-30": "41.29830", "2005-11-30": "36.16370"}, "Pre-Tax Profit Margin": {"2019-12-31": "28.95800", "2018-12-31": "34.08620", "2017-12-31": "34.01160", "2016-12-31": "33.46540", "2015-12-31": "25.95510", "2014-12-31": "35.78840", "2013-12-31": "34.31270", "2012-12-31": "32.80450", "2011-12-31": "21.41200", "2010-12-31": "32.92050", "2009-12-31": "43.89570", "2008-11-30": "10.51210", "2007-11-30": "38.28040", "2006-11-30": "38.65660", "2005-11-30": "32.77990"}, "Net Profit Margin": {"2019-12-31": "21.60840", "2018-12-31": "26.92810", "2017-12-31": "11.25880", "2016-12-31": "23.01720", "2015-12-31": "16.46360", "2014-12-31": "23.39260", "2013-12-31": "22.58670", "2012-12-31": "21.34470", "2011-12-31": "8.71200", "2010-12-31": "19.69560", "2009-12-31": "26.98960", "2008-11-30": "9.18460", "2007-11-30": "24.80480", "2006-11-30": "24.95160", "2005-11-30": "22.22440"}, "Asset Turnover": {"2019-12-31": "0.03680", "2018-12-31": "0.03930", "2017-12-31": "0.03570", "2016-12-31": "0.03580", "2015-12-31": "0.03930", "2014-12-31": "0.04030", "2013-12-31": "0.03750", "2012-12-31": "0.03640", "2011-12-31": "0.03120", "2010-12-31": "0.04300", "2009-12-31": "0.05320", "2008-11-30": "0.02510", "2007-11-30": "0.04110", "2006-11-30": "0.04490", "2005-11-30": "0.03570"}, "Inventory Turnover Ratio": {"2019-12-31": "", "2018-12-31": "", "2017-12-31": "", "2016-12-31": "", "2015-12-31": "", "2014-12-31": "", "2013-12-31": "", "2012-12-31": "", "2011-12-31": "", "2010-12-31": "", "2009-12-31": "", "2008-11-30": "", "2007-11-30": "", "2006-11-30": "", "2005-11-30": ""}, "Receiveable Turnover": {"2019-12-31": "0.48990", "2018-12-31": "0.50540", "2017-12-31": "0.38600", "2016-12-31": "0.46780", "2015-12-31": "0.47050", "2014-12-31": "0.36550", "2013-12-31": "0.34950", "2012-12-31": "0.37400", "2011-12-31": "0.38690", "2010-12-31": "0.50120", "2009-12-31": "0.66530", "2008-11-30": "0.24540", "2007-11-30": "0.31030", "2006-11-30": "0.40490", "2005-11-30": "0.33480"}, "Days Sales In Receivables": {"2019-12-31": "745.11100", "2018-12-31": "722.25460", "2017-12-31": "945.54290", "2016-12-31": "780.31050", "2015-12-31": "775.79230", "2014-12-31": "998.74980", "2013-12-31": "1044.44300", "2012-12-31": "976.03280", "2011-12-31": "943.38010", "2010-12-31": "728.30370", "2009-12-31": "548.63530", "2008-11-30": "1487.52900", "2007-11-30": "1176.13200", "2006-11-30": "901.36050", "2005-11-30": "1090.18400"}, "ROE - Return On Equity": {"2019-12-31": "10.70810", "2018-12-31": "13.24230", "2017-12-31": "6.08890", "2016-12-31": "9.77410", "2015-12-31": "8.05400", "2014-12-31": "11.51810", "2013-12-31": "11.28150", "2012-12-31": "10.75290", "2011-12-31": "6.60240", "2010-12-31": "11.86670", "2009-12-31": "20.99380", "2008-11-30": "4.84780", "2007-11-30": "29.21660", "2006-11-30": "29.17760", "2005-11-30": "21.43080"}, "Return On Tangible Equity": {"2019-12-31": "9.37910", "2018-12-31": "11.59730", "2017-12-31": "5.21140", "2016-12-31": "8.51390", "2015-12-31": "7.01390", "2014-12-31": "10.23830", "2013-12-31": "10.24640", "2012-12-31": "9.87240", "2011-12-31": "6.31150", "2010-12-31": "10.79940", "2009-12-31": "18.92840", "2008-11-30": "3.60730", "2007-11-30": "27.10050", "2006-11-30": "26.65010", "2005-11-30": "20.09140"}, "ROA - Return On Assets": {"2019-12-31": "0.85260", "2018-12-31": "1.12250", "2017-12-31": "0.46750", "2016-12-31": "0.86010", "2015-12-31": "0.70620", "2014-12-31": "0.99050", "2013-12-31": "0.88210", "2012-12-31": "0.79640", "2011-12-31": "0.48110", "2010-12-31": "0.91670", "2009-12-31": "1.57670", "2008-11-30": "0.26250", "2007-11-30": "1.03580", "2006-11-30": "1.13780", "2005-11-30": "0.79600"}, "ROI - Return On Investment": {"2019-12-31": "2.84720", "2018-12-31": "3.32740", "2017-12-31": "1.42900", "2016-12-31": "2.68060", "2015-12-31": "2.32040", "2014-12-31": "3.38950", "2013-12-31": "3.35790", "2012-12-31": "3.07590", "2011-12-31": "1.82110", "2010-12-31": "3.31830", "2009-12-31": "5.23260", "2008-11-30": "0.99830", "2007-11-30": "5.60410", "2006-11-30": "6.01220", "2005-11-30": "5.00800"}, "Book Value Per Share": {"2019-12-31": "259.87280", "2018-12-31": "245.23990", "2017-12-31": "219.42640", "2016-12-31": "221.30900", "2015-12-31": "206.75070", "2014-12-31": "192.43530", "2013-12-31": "175.79350", "2012-12-31": "162.77830", "2011-12-31": "144.97150", "2010-12-31": "152.41630", "2009-12-31": "137.27840", "2008-11-30": "145.45450", "2007-11-30": "109.55200", "2006-11-30": "86.71910", "2005-11-30": "64.05270"}, "Operating Cash Flow Per Share": {"2019-12-31": 21.1133, "2018-12-31": 92.5331, "2017-12-31": -65.0084, "2016-12-31": -5.7485, "2015-12-31": 37.4363, "2014-12-31": -25.8558, "2013-12-31": -15.8612, "2012-12-31": -15.4495, "2011-12-31": 49.5566, "2010-12-31": -97.8711, "2009-12-31": 84.5668, "2008-11-30": 154.7306, "2007-11-30": -40.7192, "2006-11-30": -85.0436, "2005-11-30": -24.8161}, "Free Cash Flow Per Share": {"2019-12-31": 27.236, "2018-12-31": 87.9674, "2017-12-31": -65.6793, "2016-12-31": -7.9577, "2015-12-31": 35.3059, "2014-12-31": -25.9361, "2013-12-31": -15.3832, "2012-12-31": -15.2306, "2011-12-31": 49.5439, "2010-12-31": -97.1687, "2009-12-31": 86.0691, "2008-11-30": 154.9694, "2007-11-30": -41.6275, "2006-11-30": -86.9887, "2005-11-30": -26.3795}}, "financial ratios, quarterly": {"Current Ratio": {"2020-09-30": "0.73280", "2020-06-30": "0.75980", "2020-03-31": "0.78880", "2019-12-31": "0.77460", "2019-09-30": "0.77560", "2019-06-30": "0.84520", "2019-03-31": "0.85880", "2018-12-31": "0.93190", "2018-09-30": "0.89940", "2018-06-30": "0.90450", "2018-03-31": "0.91750", "2017-12-31": "0.92800", "2017-09-30": "0.89740", "2017-06-30": "0.89310", "2017-03-31": "0.91870", "2016-12-31": "0.92220", "2016-09-30": "0.93370", "2016-06-30": "0.94540", "2016-03-31": "0.92770", "2015-12-31": "0.87220", "2015-09-30": "0.91590", "2015-06-30": "0.88190", "2015-03-31": "0.83720", "2014-12-31": "0.86070", "2014-09-30": "0.83910", "2014-06-30": "0.80280", "2014-03-31": "0.83420", "2013-12-31": "0.81820", "2013-09-30": "0.82950", "2013-06-30": "0.78760", "2013-03-31": "0.74590", "2012-12-31": "0.70730", "2012-09-30": "0.72100", "2012-06-30": "0.75800", "2012-03-31": "0.76660", "2011-12-31": "0.78890", "2011-09-30": "0.78610", "2011-06-30": "0.78170", "2011-03-31": "0.77160", "2010-12-31": "0.79800", "2010-09-30": "0.81460", "2010-06-30": "0.82300", "2010-03-31": "0.81440", "2009-12-31": "0.80430", "2009-09-30": "0.79780", "2009-06-30": "0.79500", "2009-03-31": "0.81240", "2008-12-31": "", "2008-11-30": "", "2008-08-31": "0.76050", "2008-05-31": "0.75590", "2008-02-29": "0.68610", "2007-11-30": "0.70460", "2007-08-31": "0.69380", "2007-05-31": "0.70040", "2007-02-28": "0.69680", "2006-11-30": "0.70890", "2006-08-31": "0.73780", "2006-05-31": "0.73160", "2006-02-28": "0.72750", "2005-11-30": "0.69380", "2005-08-31": "0.74480", "2005-05-31": "0.72980", "2005-02-28": "0.75170"}, "Long-term Debt / Capital": {"2020-09-30": "0.69780", "2020-06-30": "0.71210", "2020-03-31": "0.70940", "2019-12-31": "0.69640", "2019-09-30": "0.70210", "2019-06-30": "0.70870", "2019-03-31": "0.71320", "2018-12-31": "0.71310", "2018-09-30": "0.72560", "2018-06-30": "0.72420", "2018-03-31": "0.72990", "2017-12-31": "0.72580", "2017-09-30": "0.71060", "2017-06-30": "0.70150", "2017-03-31": "0.69640", "2016-12-31": "0.68510", "2016-09-30": "0.68630", "2016-06-30": "0.67990", "2016-03-31": "0.67480", "2015-12-31": "0.66920", "2015-09-30": "0.66720", "2015-06-30": "0.66010", "2015-03-31": "0.65790", "2014-12-31": "0.66890", "2014-09-30": "0.66770", "2014-06-30": "0.67170", "2014-03-31": "0.67680", "2013-12-31": "0.67230", "2013-09-30": "0.68410", "2013-06-30": "0.67490", "2013-03-31": "0.68380", "2012-12-31": "0.68840", "2012-09-30": "0.69500", "2012-06-30": "0.69620", "2012-03-31": "0.70540", "2011-12-31": "0.71150", "2011-09-30": "0.71480", "2011-06-30": "0.70770", "2011-03-31": "0.70570", "2010-12-31": "0.69270", "2010-09-30": "0.70990", "2010-06-30": "0.70750", "2010-03-31": "0.71210", "2009-12-31": "0.72360", "2009-09-30": "0.74380", "2009-06-30": "0.75280", "2009-03-31": "0.74790", "2008-12-31": "", "2008-11-30": "", "2008-08-31": "0.79460", "2008-05-31": "0.80240", "2008-02-29": "0.80810", "2007-11-30": "0.79320", "2007-08-31": "0.79430", "2007-05-31": "0.78630", "2007-02-28": "0.78250", "2006-11-30": "0.77440", "2006-08-31": "0.79430", "2006-05-31": "0.79800", "2006-02-28": "0.79860", "2005-11-30": "0.75070", "2005-08-31": "0.79250", "2005-05-31": "0.78280", "2005-02-28": "0.78570"}, "Debt/Equity Ratio": {"2020-09-30": "6.12690", "2020-06-30": "6.21950", "2020-03-31": "5.90950", "2019-12-31": "5.71890", "2019-09-30": "5.70630", "2019-06-30": "5.32920", "2019-03-31": "5.24820", "2018-12-31": "5.38350", "2018-09-30": "5.91040", "2018-06-30": "6.00920", "2018-03-31": "6.41020", "2017-12-31": "6.08970", "2017-09-30": "5.72760", "2017-06-30": "5.56870", "2017-03-31": "5.42790", "2016-12-31": "5.13690", "2016-09-30": "5.16820", "2016-06-30": "5.27740", "2016-03-31": "5.32130", "2015-12-31": "5.16430", "2015-09-30": "5.25410", "2015-06-30": "5.24560", "2015-03-31": "5.37460", "2014-12-31": "5.56200", "2014-09-30": "5.76740", "2014-06-30": "5.86210", "2014-03-31": "6.63190", "2013-12-31": "6.90000", "2013-09-30": "6.98760", "2013-06-30": "7.11710", "2013-03-31": "7.34490", "2012-12-31": "7.34110", "2012-09-30": "7.71570", "2012-06-30": "7.70450", "2012-03-31": "8.17680", "2011-12-31": "8.19340", "2011-09-30": "8.36970", "2011-06-30": "8.09670", "2011-03-31": "8.18490", "2010-12-31": "7.43180", "2010-09-30": "7.57830", "2010-06-30": "7.47330", "2010-03-31": "7.59040", "2009-12-31": "7.34400", "2009-09-30": "8.43480", "2009-06-30": "8.87200", "2009-03-31": "9.00770", "2008-12-31": "", "2008-11-30": "", "2008-08-31": "13.59480", "2008-05-31": "14.26570", "2008-02-29": "17.36090", "2007-11-30": "16.45480", "2007-08-31": "17.18540", "2007-05-31": "16.28070", "2007-02-28": "16.80620", "2006-11-30": "15.27620", "2006-08-31": "15.31940", "2006-05-31": "16.77540", "2006-02-28": "17.88060", "2005-11-30": "17.02210", "2005-08-31": "17.08740", "2005-05-31": "15.41160", "2005-02-28": "15.26490"}, "Gross Margin": {"2020-09-30": "91.55000", "2020-06-30": "92.89210", "2020-03-31": "88.84820", "2019-12-31": "91.82320", "2019-09-30": "89.75130", "2019-06-30": "91.30110", "2019-03-31": "91.34780", "2018-12-31": "89.72770", "2018-09-30": "91.90480", "2018-06-30": "91.57330", "2018-03-31": "91.62700", "2017-12-31": "91.37910", "2017-09-30": "91.46050", "2017-06-30": "90.60480", "2017-03-31": "91.37800", "2016-12-31": "89.29600", "2016-09-30": "92.49510", "2016-06-30": "92.12050", "2016-03-31": "89.09750", "2015-12-31": "91.39280", "2015-09-30": "90.30750", "2015-06-30": "92.86580", "2015-03-31": "93.99080", "2014-12-31": "91.29810", "2014-09-30": "92.55990", "2014-06-30": "93.28220", "2014-03-31": "93.62140", "2013-12-31": "93.23620", "2013-09-30": "91.47580", "2013-06-30": "92.88200", "2013-03-31": "94.44000", "2012-12-31": "94.04500", "2012-09-30": "93.44990", "2012-06-30": "91.79120", "2012-03-31": "94.30090", "2011-12-31": "90.74230", "2011-09-30": "81.37720", "2011-06-30": "91.55340", "2011-03-31": "94.78730", "2010-12-31": "93.31170", "2010-09-30": "94.17050", "2010-06-30": "92.96460", "2010-03-31": "95.60080", "2009-12-31": "93.67660", "2009-09-30": "95.31200", "2009-06-30": "95.82880", "2009-03-31": "94.31300", "2008-12-31": "", "2008-11-30": "", "2008-08-31": "87.85370", "2008-05-31": "92.13540", "2008-02-29": "90.52190", "2007-11-30": "92.79400", "2007-08-31": "93.55440", "2007-05-31": "93.73400", "2007-02-28": "95.67160", "2006-11-30": "93.93010", "2006-08-31": "93.10390", "2006-05-31": "95.38130", "2006-02-28": "95.99350", "2005-11-30": "90.81880", "2005-08-31": "96.28000", "2005-05-31": "94.29880", "2005-02-28": "96.06560"}, "Operating Margin": {"2020-09-30": "39.87570", "2020-06-30": "9.71040", "2020-03-31": "15.41810", "2019-12-31": "23.31490", "2019-09-30": "29.02800", "2019-06-30": "33.05150", "2019-03-31": "30.87320", "2018-12-31": "33.51490", "2018-09-30": "34.89800", "2018-06-30": "33.99750", "2018-03-31": "33.91870", "2017-12-31": "36.60350", "2017-09-30": "35.74350", "2017-06-30": "31.81180", "2017-03-31": "31.63470", "2016-12-31": "40.67290", "2016-09-30": "35.11260", "2016-06-30": "31.05140", "2016-03-31": "24.86590", "2015-12-31": "14.73950", "2015-09-30": "29.82070", "2015-06-30": "19.03190", "2015-03-31": "37.05380", "2014-12-31": "41.75340", "2014-09-30": "39.40620", "2014-06-30": "30.91510", "2014-03-31": "32.38640", "2013-12-31": "40.44640", "2013-09-30": "32.23740", "2013-06-30": "30.71300", "2013-03-31": "33.42910", "2012-12-31": "46.69770", "2012-09-30": "27.51770", "2012-06-30": "21.35210", "2012-03-31": "31.97310", "2011-12-31": "20.61500", "2011-09-30": "-20.35130", "2011-06-30": "22.13980", "2011-03-31": "33.96670", "2010-12-31": "40.19900", "2010-09-30": "31.57360", "2010-06-30": "16.37820", "2010-03-31": "40.38360", "2009-12-31": "76.72390", "2009-09-30": "38.74880", "2009-06-30": "36.54530", "2009-03-31": "27.89390", "2008-12-31": "", "2008-11-30": "", "2008-08-31": "15.88620", "2008-05-31": "30.05730", "2008-02-29": "25.71090", "2007-11-30": "47.06270", "2007-08-31": "34.53060", "2007-05-31": "33.69670", "2007-02-28": "38.16970", "2006-11-30": "52.99250", "2006-08-31": "31.14450", "2006-05-31": "34.41070", "2006-02-28": "35.35900", "2005-11-30": "36.76950", "2005-08-31": "33.01300", "2005-05-31": "25.88430", "2005-02-28": "33.48950"}, "EBIT Margin": {"2020-09-30": "39.87570", "2020-06-30": "9.71040", "2020-03-31": "15.41810", "2019-12-31": "23.31490", "2019-09-30": "29.02800", "2019-06-30": "33.05150", "2019-03-31": "30.87320", "2018-12-31": "33.51490", "2018-09-30": "34.89800", "2018-06-30": "33.99750", "2018-03-31": "33.91870", "2017-12-31": "36.60350", "2017-09-30": "35.74350", "2017-06-30": "31.81180", "2017-03-31": "31.63470", "2016-12-31": "40.67290", "2016-09-30": "35.11260", "2016-06-30": "31.05140", "2016-03-31": "24.86590", "2015-12-31": "14.73950", "2015-09-30": "29.82070", "2015-06-30": "19.03190", "2015-03-31": "37.05380", "2014-12-31": "41.75340", "2014-09-30": "39.40620", "2014-06-30": "30.91510", "2014-03-31": "32.38640", "2013-12-31": "40.44640", "2013-09-30": "32.23740", "2013-06-30": "30.71300", "2013-03-31": "33.42910", "2012-12-31": "46.69770", "2012-09-30": "27.51770", "2012-06-30": "21.35210", "2012-03-31": "31.97310", "2011-12-31": "20.61500", "2011-09-30": "-20.35130", "2011-06-30": "22.13980", "2011-03-31": "33.96670", "2010-12-31": "40.19900", "2010-09-30": "31.57360", "2010-06-30": "16.37820", "2010-03-31": "40.38360", "2009-12-31": "76.72390", "2009-09-30": "38.74880", "2009-06-30": "36.54530", "2009-03-31": "27.89390", "2008-12-31": "", "2008-11-30": "", "2008-08-31": "15.88620", "2008-05-31": "30.05730", "2008-02-29": "25.71090", "2007-11-30": "47.06270", "2007-08-31": "34.53060", "2007-05-31": "33.69670", "2007-02-28": "38.16970", "2006-11-30": "52.99250", "2006-08-31": "31.14450", "2006-05-31": "34.41070", "2006-02-28": "35.35900", "2005-11-30": "36.76950", "2005-08-31": "33.01300", "2005-05-31": "25.88430", "2005-02-28": "33.48950"}, "EBITDA Margin": {"2020-09-30": "", "2020-06-30": "", "2020-03-31": "", "2019-12-31": "", "2019-09-30": "", "2019-06-30": "", "2019-03-31": "", "2018-12-31": "", "2018-09-30": "", "2018-06-30": "", "2018-03-31": "", "2017-12-31": "", "2017-09-30": "", "2017-06-30": "", "2017-03-31": "", "2016-12-31": "", "2016-09-30": "", "2016-06-30": "", "2016-03-31": "", "2015-12-31": "", "2015-09-30": "", "2015-06-30": "", "2015-03-31": "", "2014-12-31": "", "2014-09-30": "", "2014-06-30": "", "2014-03-31": "", "2013-12-31": "", "2013-09-30": "", "2013-06-30": "", "2013-03-31": "", "2012-12-31": "", "2012-09-30": "", "2012-06-30": "", "2012-03-31": "", "2011-12-31": "", "2011-09-30": "", "2011-06-30": "", "2011-03-31": "", "2010-12-31": "", "2010-09-30": "", "2010-06-30": "", "2010-03-31": "", "2009-12-31": "", "2009-09-30": "", "2009-06-30": "", "2009-03-31": "", "2008-12-31": "", "2008-11-30": "", "2008-08-31": "", "2008-05-31": "", "2008-02-29": "", "2007-11-30": "", "2007-08-31": "", "2007-05-31": "", "2007-02-28": "", "2006-11-30": "", "2006-08-31": "", "2006-05-31": "", "2006-02-28": "", "2005-11-30": "", "2005-08-31": "", "2005-05-31": "", "2005-02-28": ""}, "Pre-Tax Profit Margin": {"2020-09-30": "39.87570", "2020-06-30": "9.71040", "2020-03-31": "15.41810", "2019-12-31": "23.31490", "2019-09-30": "29.02800", "2019-06-30": "33.05150", "2019-03-31": "30.87320", "2018-12-31": "33.51490", "2018-09-30": "34.89800", "2018-06-30": "33.99750", "2018-03-31": "33.91870", "2017-12-31": "36.60350", "2017-09-30": "35.74350", "2017-06-30": "31.81180", "2017-03-31": "31.63470", "2016-12-31": "40.67290", "2016-09-30": "35.11260", "2016-06-30": "31.05140", "2016-03-31": "24.86590", "2015-12-31": "14.73950", "2015-09-30": "29.82070", "2015-06-30": "19.03190", "2015-03-31": "37.05380", "2014-12-31": "41.75340", "2014-09-30": "39.40620", "2014-06-30": "30.91510", "2014-03-31": "32.38640", "2013-12-31": "40.44640", "2013-09-30": "32.23740", "2013-06-30": "30.71300", "2013-03-31": "33.42910", "2012-12-31": "46.69770", "2012-09-30": "27.51770", "2012-06-30": "21.35210", "2012-03-31": "31.97310", "2011-12-31": "20.61500", "2011-09-30": "-20.35130", "2011-06-30": "22.13980", "2011-03-31": "33.96670", "2010-12-31": "40.19900", "2010-09-30": "31.57360", "2010-06-30": "16.37820", "2010-03-31": "40.38360", "2009-12-31": "76.72390", "2009-09-30": "38.74880", "2009-06-30": "36.54530", "2009-03-31": "27.89390", "2008-12-31": "", "2008-11-30": "", "2008-08-31": "15.88620", "2008-05-31": "30.05730", "2008-02-29": "25.71090", "2007-11-30": "47.06270", "2007-08-31": "34.53060", "2007-05-31": "33.69670", "2007-02-28": "38.16970", "2006-11-30": "52.99250", "2006-08-31": "31.14450", "2006-05-31": "34.41070", "2006-02-28": "35.35900", "2005-11-30": "36.76950", "2005-08-31": "33.01300", "2005-05-31": "25.88430", "2005-02-28": "33.48950"}, "Net Profit Margin": {"2020-09-30": "29.98790", "2020-06-30": "1.48180", "2020-03-31": "12.84460", "2019-12-31": "17.31790", "2019-09-30": "21.54270", "2019-06-30": "23.23220", "2019-03-31": "24.77580", "2018-12-31": "28.73760", "2018-09-30": "27.81180", "2018-06-30": "24.36700", "2018-03-31": "27.15280", "2017-12-31": "-25.23850", "2017-09-30": "24.44150", "2017-06-30": "20.67960", "2017-03-31": "26.93750", "2016-12-31": "25.77830", "2016-09-30": "25.71010", "2016-06-30": "20.60010", "2016-03-31": "18.93340", "2015-12-31": "7.89220", "2015-09-30": "19.38490", "2015-06-30": "10.10030", "2015-03-31": "25.88300", "2014-12-31": "26.43080", "2014-09-30": "25.55150", "2014-06-30": "21.40270", "2014-03-31": "20.89410", "2013-12-31": "25.59780", "2013-09-30": "21.25860", "2013-06-30": "21.60940", "2013-03-31": "21.68480", "2012-12-31": "30.67350", "2012-09-30": "17.45900", "2012-06-30": "13.98820", "2012-03-31": "20.84630", "2011-12-31": "16.16800", "2011-09-30": "-11.93200", "2011-06-30": "14.44860", "2011-03-31": "7.63410", "2010-12-31": "25.76950", "2010-09-30": "19.51030", "2010-06-30": "5.12390", "2010-03-31": "25.80040", "2009-12-31": "49.78680", "2009-09-30": "24.47460", "2009-06-30": "19.75150", "2009-03-31": "17.60210", "2008-12-31": "", "2008-11-30": "", "2008-08-31": "13.40390", "2008-05-31": "21.76820", "2008-02-29": "17.60050", "2007-11-30": "29.47580", "2007-08-31": "22.75010", "2007-05-31": "22.46120", "2007-02-28": "24.72900", "2006-11-30": "32.99670", "2006-08-31": "20.50370", "2006-05-31": "22.32200", "2006-02-28": "23.51190", "2005-11-30": "24.08780", "2005-08-31": "22.07280", "2005-05-31": "17.99830", "2005-02-28": "23.60660"}, "Asset Turnover": {"2020-09-30": "0.00950", "2020-06-30": "0.01160", "2020-03-31": "0.00800", "2019-12-31": "0.01000", "2019-09-30": "0.00830", "2019-06-30": "0.01000", "2019-03-31": "0.00950", "2018-12-31": "0.00870", "2018-09-30": "0.00920", "2018-06-30": "0.00990", "2018-03-31": "0.01040", "2017-12-31": "0.00930", "2017-09-30": "0.00900", "2017-06-30": "0.00870", "2017-03-31": "0.00900", "2016-12-31": "0.00970", "2016-09-30": "0.00930", "2016-06-30": "0.00880", "2016-03-31": "0.00720", "2015-12-31": "0.00840", "2015-09-30": "0.00780", "2015-06-30": "0.01050", "2015-03-31": "0.01230", "2014-12-31": "0.00900", "2014-09-30": "0.00970", "2014-06-30": "0.01060", "2014-03-31": "0.01020", "2013-12-31": "0.00960", "2013-09-30": "0.00730", "2013-06-30": "0.00920", "2013-03-31": "0.01050", "2012-12-31": "0.00980", "2012-09-30": "0.00880", "2012-06-30": "0.00700", "2012-03-31": "0.01050", "2011-12-31": "0.00660", "2011-09-30": "0.00380", "2011-06-30": "0.00780", "2011-03-31": "0.01270", "2010-12-31": "0.00950", "2010-09-30": "0.00980", "2010-06-30": "0.01000", "2010-03-31": "0.01450", "2009-12-31": "0.01130", "2009-09-30": "0.01400", "2009-06-30": "0.01550", "2009-03-31": "0.01020", "2008-12-31": "", "2008-11-30": "", "2008-08-31": "0.00560", "2008-05-31": "0.00870", "2008-02-29": "0.00700", "2007-11-30": "0.00960", "2007-08-31": "0.01180", "2007-05-31": "0.01080", "2007-02-28": "0.01400", "2006-11-30": "0.01120", "2006-08-31": "0.00950", "2006-05-31": "0.01280", "2006-02-28": "0.01370", "2005-11-30": "0.00950", "2005-08-31": "0.01090", "2005-05-31": "0.00770", "2005-02-28": "0.01070"}, "Inventory Turnover Ratio": {"2020-09-30": "", "2020-06-30": "", "2020-03-31": "", "2019-12-31": "", "2019-09-30": "", "2019-06-30": "", "2019-03-31": "", "2018-12-31": "", "2018-09-30": "", "2018-06-30": "", "2018-03-31": "", "2017-12-31": "", "2017-09-30": "", "2017-06-30": "", "2017-03-31": "", "2016-12-31": "", "2016-09-30": "", "2016-06-30": "", "2016-03-31": "", "2015-12-31": "", "2015-09-30": "", "2015-06-30": "", "2015-03-31": "", "2014-12-31": "", "2014-09-30": "", "2014-06-30": "", "2014-03-31": "", "2013-12-31": "", "2013-09-30": "", "2013-06-30": "", "2013-03-31": "", "2012-12-31": "", "2012-09-30": "", "2012-06-30": "", "2012-03-31": "", "2011-12-31": "", "2011-09-30": "", "2011-06-30": "", "2011-03-31": "", "2010-12-31": "", "2010-09-30": "", "2010-06-30": "", "2010-03-31": "", "2009-12-31": "", "2009-09-30": "", "2009-06-30": "", "2009-03-31": "", "2008-12-31": "", "2008-11-30": "", "2008-08-31": "", "2008-05-31": "", "2008-02-29": "", "2007-11-30": "", "2007-08-31": "", "2007-05-31": "", "2007-02-28": "", "2006-11-30": "", "2006-08-31": "", "2006-05-31": "", "2006-02-28": "", "2005-11-30": "", "2005-08-31": "", "2005-05-31": "", "2005-02-28": ""}, "Receiveable Turnover": {"2020-09-30": "0.09700", "2020-06-30": "0.12480", "2020-03-31": "0.07230", "2019-12-31": "0.13340", "2019-09-30": "0.10020", "2019-06-30": "0.11270", "2019-03-31": "0.11990", "2018-12-31": "0.11150", "2018-09-30": "0.10590", "2018-06-30": "0.10870", "2018-03-31": "0.09330", "2017-12-31": "0.10010", "2017-09-30": "0.09450", "2017-06-30": "0.08610", "2017-03-31": "0.10010", "2016-12-31": "0.12690", "2016-09-30": "0.10270", "2016-06-30": "0.10110", "2016-03-31": "0.08760", "2015-12-31": "0.10120", "2015-09-30": "0.06930", "2015-06-30": "0.09580", "2015-03-31": "0.10800", "2014-12-31": "0.08140", "2014-09-30": "0.06710", "2014-06-30": "0.07650", "2014-03-31": "0.08120", "2013-12-31": "0.08970", "2013-09-30": "0.06880", "2013-06-30": "0.08850", "2013-03-31": "0.10250", "2012-12-31": "0.10110", "2012-09-30": "0.10390", "2012-06-30": "0.07630", "2012-03-31": "0.12120", "2011-12-31": "0.08120", "2011-09-30": "0.04060", "2011-06-30": "0.07730", "2011-03-31": "0.13570", "2010-12-31": "0.11060", "2010-09-30": "0.11520", "2010-06-30": "0.12500", "2010-03-31": "0.17880", "2009-12-31": "0.14160", "2009-09-30": "0.17690", "2009-06-30": "0.19030", "2009-03-31": "0.13370", "2008-12-31": "", "2008-11-30": "", "2008-08-31": "0.05800", "2008-05-31": "0.07660", "2008-02-29": "0.05780", "2007-11-30": "0.07250", "2007-08-31": "0.09100", "2007-05-31": "0.07530", "2007-02-28": "0.11650", "2006-11-30": "0.10110", "2006-08-31": "0.08490", "2006-05-31": "0.10940", "2006-02-28": "0.12480", "2005-11-30": "0.08940", "2005-08-31": "0.10810", "2005-05-31": "0.08230", "2005-02-28": "0.10750"}, "Days Sales In Receivables": {"2020-09-30": "928.14120", "2020-06-30": "720.87330", "2020-03-31": "1244.81600", "2019-12-31": "674.48020", "2019-09-30": "898.50780", "2019-06-30": "798.26130", "2019-03-31": "750.47340", "2018-12-31": "807.04820", "2018-09-30": "850.15310", "2018-06-30": "827.86740", "2018-03-31": "964.45530", "2017-12-31": "898.70680", "2017-09-30": "952.78280", "2017-06-30": "1045.65200", "2017-03-31": "899.43930", "2016-12-31": "709.31040", "2016-09-30": "876.37610", "2016-06-30": "890.02640", "2016-03-31": "1027.65900", "2015-12-31": "889.51880", "2015-09-30": "1298.67100", "2015-06-30": "939.64610", "2015-03-31": "833.30320", "2014-12-31": "1106.02400", "2014-09-30": "1341.42600", "2014-06-30": "1176.10500", "2014-03-31": "1108.34700", "2013-12-31": "1003.09700", "2013-09-30": "1308.36100", "2013-06-30": "1017.43300", "2013-03-31": "877.86130", "2012-12-31": "890.19700", "2012-09-30": "865.86880", "2012-06-30": "1179.08600", "2012-03-31": "742.66060", "2011-12-31": "1107.92700", "2011-09-30": "2216.78000", "2011-06-30": "1163.80700", "2011-03-31": "662.99900", "2010-12-31": "813.77000", "2010-09-30": "781.57360", "2010-06-30": "720.18320", "2010-03-31": "503.31670", "2009-12-31": "635.56940", "2009-09-30": "508.74880", "2009-06-30": "472.95620", "2009-03-31": "673.07590", "2008-12-31": "", "2008-11-30": "", "2008-08-31": "1552.25000", "2008-05-31": "1175.45400", "2008-02-29": "1558.37700", "2007-11-30": "1241.64100", "2007-08-31": "989.31410", "2007-05-31": "1195.41200", "2007-02-28": "772.52240", "2006-11-30": "889.88730", "2006-08-31": "1059.87300", "2006-05-31": "822.72530", "2006-02-28": "721.30260", "2005-11-30": "1006.27300", "2005-08-31": "832.83040", "2005-05-31": "1093.05200", "2005-02-28": "836.93680"}, "ROE - Return On Equity": {"2020-09-30": "4.13400", "2020-06-30": "0.47320", "2020-03-31": "1.49430", "2019-12-31": "2.42470", "2019-09-30": "2.32280", "2019-06-30": "3.03810", "2019-03-31": "2.84680", "2018-12-31": "3.21340", "2018-09-30": "3.34040", "2018-06-30": "3.40200", "2018-03-31": "3.91290", "2017-12-31": "-2.73900", "2017-09-30": "2.83400", "2017-06-30": "2.42610", "2017-03-31": "2.97830", "2016-12-31": "3.10080", "2016-09-30": "2.75860", "2016-06-30": "2.41930", "2016-03-31": "1.50060", "2015-12-31": "1.01290", "2015-09-30": "1.86400", "2015-06-30": "1.37080", "2015-03-31": "3.74570", "2014-12-31": "2.94310", "2014-09-30": "3.06670", "2014-06-30": "2.81240", "2014-03-31": "2.82760", "2013-12-31": "3.27220", "2013-09-30": "2.15430", "2013-06-30": "2.72570", "2013-03-31": "3.18180", "2012-12-31": "4.16020", "2012-09-30": "2.21260", "2012-06-30": "1.41460", "2012-03-31": "3.07630", "2011-12-31": "1.50570", "2011-09-30": "-0.58670", "2011-06-30": "1.56950", "2011-03-31": "3.94270", "2010-12-31": "3.39070", "2010-09-30": "2.76270", "2010-06-30": "0.91680", "2010-03-31": "5.23740", "2009-12-31": "7.76070", "2009-09-30": "5.45920", "2009-06-30": "6.14970", "2009-03-31": "3.85580", "2008-12-31": "", "2008-11-30": "", "2008-08-31": "1.98830", "2008-05-31": "5.00260", "2008-02-29": "3.82250", "2007-11-30": "8.09820", "2007-08-31": "7.92380", "2007-05-31": "6.59800", "2007-02-28": "9.45860", "2006-11-30": "9.64330", "2006-08-31": "5.24460", "2006-05-31": "7.91780", "2006-02-28": "9.12570", "2005-11-30": "6.21670", "2005-08-31": "6.25360", "2005-05-31": "3.37300", "2005-02-28": "5.79870"}, "Return On Tangible Equity": {"2020-09-30": "3.63410", "2020-06-30": "0.41430", "2020-03-31": "1.31310", "2019-12-31": "2.12370", "2019-09-30": "2.04000", "2019-06-30": "2.66360", "2019-03-31": "2.49350", "2018-12-31": "2.81420", "2018-09-30": "2.90910", "2018-06-30": "2.96190", "2018-03-31": "3.38840", "2017-12-31": "-2.34430", "2017-09-30": "2.46600", "2017-06-30": "2.11250", "2017-03-31": "2.59440", "2016-12-31": "2.70100", "2016-09-30": "2.40390", "2016-06-30": "2.10600", "2016-03-31": "1.30700", "2015-12-31": "0.88210", "2015-09-30": "1.62590", "2015-06-30": "1.19560", "2015-03-31": "3.34090", "2014-12-31": "2.61600", "2014-09-30": "2.72380", "2014-06-30": "2.49540", "2014-03-31": "2.57020", "2013-12-31": "2.97200", "2013-09-30": "1.95450", "2013-06-30": "2.47430", "2013-03-31": "2.92640", "2012-12-31": "3.81950", "2012-09-30": "2.05190", "2012-06-30": "1.32040", "2012-03-31": "2.94320", "2011-12-31": "1.43940", "2011-09-30": "-0.56070", "2011-06-30": "1.50230", "2011-03-31": "3.77400", "2010-12-31": "3.08570", "2010-09-30": "2.50870", "2010-06-30": "0.83040", "2010-03-31": "4.73790", "2009-12-31": "6.99720", "2009-09-30": "4.87800", "2009-06-30": "5.46860", "2009-03-31": "2.85430", "2008-12-31": "", "2008-11-30": "", "2008-08-31": "1.85310", "2008-05-31": "4.65660", "2008-02-29": "3.54450", "2007-11-30": "7.51170", "2007-08-31": "7.29590", "2007-05-31": "6.06620", "2007-02-28": "8.66400", "2006-11-30": "8.80790", "2006-08-31": "4.75920", "2006-05-31": "7.27040", "2006-02-28": "8.57340", "2005-11-30": "5.82820", "2005-08-31": "6.07730", "2005-05-31": "3.27710", "2005-02-28": "5.79870"}, "ROA - Return On Assets": {"2020-09-30": "0.29740", "2020-06-30": "0.03270", "2020-03-31": "0.11130", "2019-12-31": "0.19310", "2019-09-30": "0.18630", "2019-06-30": "0.25620", "2019-03-31": "0.24330", "2018-12-31": "0.27240", "2018-09-30": "0.26370", "2018-06-30": "0.26480", "2018-03-31": "0.29090", "2017-12-31": "-0.21030", "2017-09-30": "0.22880", "2017-06-30": "0.20200", "2017-03-31": "0.25220", "2016-12-31": "0.27290", "2016-09-30": "0.23800", "2016-06-30": "0.20320", "2016-03-31": "0.12930", "2015-12-31": "0.08880", "2015-09-30": "0.16190", "2015-06-30": "0.12190", "2015-03-31": "0.32860", "2014-12-31": "0.25310", "2014-09-30": "0.25790", "2014-06-30": "0.23690", "2014-03-31": "0.22200", "2013-12-31": "0.25580", "2013-09-30": "0.16430", "2013-06-30": "0.20580", "2013-03-31": "0.23560", "2012-12-31": "0.30810", "2012-09-30": "0.15930", "2012-06-30": "0.10140", "2012-03-31": "0.22180", "2011-12-31": "0.10970", "2011-09-30": "-0.04140", "2011-06-30": "0.11600", "2011-03-31": "0.29300", "2010-12-31": "0.26190", "2010-09-30": "0.20890", "2010-06-30": "0.06940", "2010-03-31": "0.39250", "2009-12-31": "0.58280", "2009-09-30": "0.36140", "2009-06-30": "0.38620", "2009-03-31": "0.19600", "2008-12-31": "", "2008-11-30": "", "2008-08-31": "0.07810", "2008-05-31": "0.19180", "2008-02-29": "0.12710", "2007-11-30": "0.28710", "2007-08-31": "0.27290", "2007-05-31": "0.24740", "2007-02-28": "0.35040", "2006-11-30": "0.37600", "2006-08-31": "0.19970", "2006-05-31": "0.28940", "2006-02-28": "0.32670", "2005-11-30": "0.23090", "2005-08-31": "0.24150", "2005-05-31": "0.13850", "2005-02-28": "0.25360"}, "ROI - Return On Investment": {"2020-09-30": "1.09820", "2020-06-30": "0.11930", "2020-03-31": "0.38160", "2019-12-31": "0.64470", "2019-09-30": "0.60770", "2019-06-30": "0.77590", "2019-03-31": "0.71520", "2018-12-31": "0.80740", "2018-09-30": "0.79840", "2018-06-30": "0.81700", "2018-03-31": "0.91510", "2017-12-31": "-0.64280", "2017-09-30": "0.71370", "2017-06-30": "0.63070", "2017-03-31": "0.78770", "2016-12-31": "0.85040", "2016-09-30": "0.75410", "2016-06-30": "0.67420", "2016-03-31": "0.42510", "2015-12-31": "0.29180", "2015-09-30": "0.54110", "2015-06-30": "0.40630", "2015-03-31": "1.14300", "2014-12-31": "0.86610", "2014-09-30": "0.90520", "2014-06-30": "0.81920", "2014-03-31": "0.83070", "2013-12-31": "0.97400", "2013-09-30": "0.61740", "2013-06-30": "0.80430", "2013-03-31": "0.92530", "2012-12-31": "1.19000", "2012-09-30": "0.62590", "2012-06-30": "0.40110", "2012-03-31": "0.86700", "2011-12-31": "0.41530", "2011-09-30": "-0.15990", "2011-06-30": "0.43910", "2011-03-31": "1.11060", "2010-12-31": "0.94810", "2010-09-30": "0.72780", "2010-06-30": "0.24290", "2010-03-31": "1.36410", "2009-12-31": "1.93430", "2009-09-30": "1.24980", "2009-06-30": "1.35210", "2009-03-31": "0.71960", "2008-12-31": "", "2008-11-30": "", "2008-08-31": "0.38070", "2008-05-31": "0.91990", "2008-02-29": "0.68030", "2007-11-30": "1.55330", "2007-08-31": "1.50060", "2007-05-31": "1.29650", "2007-02-28": "1.88470", "2006-11-30": "1.98700", "2006-08-31": "0.97900", "2006-05-31": "1.46900", "2006-02-28": "1.72670", "2005-11-30": "1.45270", "2005-08-31": "1.26120", "2005-05-31": "0.71180", "2005-02-28": "1.24290"}, "Book Value Per Share": {"2020-09-30": "269.27580", "2020-06-30": "261.76170", "2020-03-31": "268.65530", "2019-12-31": "259.87280", "2019-09-30": "257.36980", "2019-06-30": "252.09960", "2019-03-31": "246.12840", "2018-12-31": "245.23990", "2018-09-30": "232.76880", "2018-06-30": "229.17120", "2018-03-31": "221.28060", "2017-12-31": "219.42640", "2017-09-30": "227.62390", "2017-06-30": "223.26660", "2017-03-31": "220.15900", "2016-12-31": "221.30900", "2016-09-30": "218.20490", "2016-06-30": "212.77840", "2016-03-31": "207.95700", "2015-12-31": "206.75070", "2015-09-30": "204.95950", "2015-06-30": "202.54270", "2015-03-31": "197.01080", "2014-12-31": "192.43530", "2014-09-30": "188.81930", "2014-06-30": "185.21110", "2014-03-31": "176.54770", "2013-12-31": "175.79350", "2013-09-30": "175.80110", "2013-06-30": "173.24370", "2013-03-31": "167.60200", "2012-12-31": "162.77830", "2012-09-30": "156.30490", "2012-06-30": "151.46850", "2012-03-31": "144.69790", "2011-12-31": "144.97150", "2011-09-30": "142.27510", "2011-06-30": "142.47350", "2011-03-31": "139.92400", "2010-12-31": "152.41630", "2010-09-30": "147.90680", "2010-06-30": "143.20250", "2010-03-31": "141.86170", "2009-12-31": "137.27840", "2009-09-30": "127.38180", "2009-06-30": "122.98500", "2009-03-31": "137.47940", "2008-12-31": "", "2008-11-30": "", "2008-08-31": "115.57720", "2008-05-31": "113.54320", "2008-02-29": "108.06540", "2007-11-30": "109.55200", "2007-08-31": "98.39740", "2007-05-31": "94.33580", "2007-02-28": "89.71180", "2006-11-30": "86.71910", "2006-08-31": "78.08870", "2006-05-31": "73.76210", "2006-02-28": "67.04770", "2005-11-30": "64.05270", "2005-08-31": "58.66260", "2005-05-31": "56.50550", "2005-02-28": "54.50560"}, "Operating Cash Flow Per Share": {"2020-09-30": 99.1934, "2020-06-30": -34.9734, "2020-03-31": "-146.85960", "2019-12-31": 132.9275, "2019-09-30": 25.1781, "2019-06-30": 21.4828, "2019-03-31": "-116.02510", "2018-12-31": 36.5089, "2018-09-30": -13.5036, "2018-06-30": 21.8926, "2018-03-31": "-2.44790", "2017-12-31": -22.023, "2017-09-30": 6.0483, "2017-06-30": -26.0413, "2017-03-31": "-8.06710", "2016-12-31": 8.0332, "2016-09-30": -10.28, "2016-06-30": 22.8538, "2016-03-31": "-5.68170", "2015-12-31": 20.3118, "2015-09-30": 2.7537, "2015-06-30": -16.9434, "2015-03-31": "14.55170", "2014-12-31": 10.0725, "2014-09-30": -19.0771, "2014-06-30": 0.9524, "2014-03-31": "-8.71030", "2013-12-31": 4.5345, "2013-09-30": -6.6309, "2013-06-30": 22.3666, "2013-03-31": "-11.17690", "2012-12-31": 1.4098, "2012-09-30": 3.8657, "2012-06-30": 12.5437, "2012-03-31": "7.13530", "2011-12-31": 35.7147, "2011-09-30": -17.532, "2011-06-30": 18.9623, "2011-03-31": "3.25900", "2010-12-31": -14.5156, "2010-09-30": 1.1435, "2010-06-30": 16.9381, "2010-03-31": "-12.71860", "2009-12-31": 48.2401, "2009-09-30": 11.404, "2009-06-30": 22.5392, "2009-03-31": "6.53520", "2008-12-31": 0, "2008-11-30": 20.0848, "2008-08-31": 11.4127, "2008-05-31": 19.5477, "2008-02-29": "-51.04520", "2007-11-30": -10.1569, "2007-08-31": -43.0917, "2007-05-31": -62.9268, "2007-02-28": "-34.40350", "2006-11-30": -6.4035, "2006-08-31": -31.7961, "2006-05-31": -31.0166, "2006-02-28": "-40.64350", "2005-11-30": 1.4162, "2005-08-31": -11.4891, "2005-05-31": -3.658, "2005-02-28": "-11.08520"}, "Free Cash Flow Per Share": {"2020-09-30": 97.772, "2020-06-30": -36.8756, "2020-03-31": "-153.63330", "2019-12-31": 133.0097, "2019-09-30": 22.0799, "2019-06-30": 19.315, "2019-03-31": "-115.66420", "2018-12-31": 34.4263, "2018-09-30": -17.7691, "2018-06-30": 18.707, "2018-03-31": "-3.85980", "2017-12-31": -24.0326, "2017-09-30": 4.867, "2017-06-30": -27.4188, "2017-03-31": "-9.87860", "2016-12-31": 6.3479, "2016-09-30": -12.1179, "2016-06-30": 21.4794, "2016-03-31": "-6.49310", "2015-12-31": 19.1779, "2015-09-30": 1.7938, "2015-06-30": -17.7251, "2015-03-31": "13.92740", "2014-12-31": 9.7496, "2014-09-30": -19.4028, "2014-06-30": 0.5597, "2014-03-31": "-9.03840", "2013-12-31": 4.1338, "2013-09-30": -6.9314, "2013-06-30": 22.0808, "2013-03-31": "-11.47900", "2012-12-31": 0.9521, "2012-09-30": 3.5442, "2012-06-30": 12.2682, "2012-03-31": "6.42290", "2011-12-31": 35.5156, "2011-09-30": -18.4637, "2011-06-30": 18.5668, "2011-03-31": "2.79930", "2010-12-31": -15.0542, "2010-09-30": 0.4031, "2010-06-30": 16.6676, "2010-03-31": "-13.14240", "2009-12-31": 47.3411, "2009-09-30": 10.7217, "2009-06-30": 21.9559, "2009-03-31": "6.02410", "2008-12-31": 0, "2008-11-30": 23.3393, "2008-08-31": 10.3442, "2008-05-31": 18.1577, "2008-02-29": "-51.84120", "2007-11-30": -11.4518, "2007-08-31": -44.0287, "2007-05-31": -63.9081, "2007-02-28": "-35.60710", "2006-11-30": -6.5395, "2006-08-31": -33.0068, "2006-05-31": -31.8335, "2006-02-28": "-41.98840", "2005-11-30": 0.6703, "2005-08-31": -11.0996, "2005-05-31": -3.8807, "2005-02-28": "-12.06950"}}, "revenue": {"Goldman Sachs Annual Revenue (Millions of US $)": {"2020": "$44,560", "2019": "$36,546", "2018": "$36,616", "2017": "$32,730", "2016": "$30,790", "2015": "$33,820", "2014": "$34,528", "2013": "$34,206", "2012": "$34,163", "2011": "$28,811", "2010": "$39,161", "2009": "$45,173", "2008": "$22,222", "2007": "$45,987", "2006": "$37,665", "2005": "$25,238"}, "Goldman Sachs Quarterly Revenue (Millions of US $)": {"2020-12-31": "$11,741", "2020-09-30": "$10,781", "2020-06-30": "$13,295", "2020-03-31": "$8,743", "2019-12-31": "$9,955", "2019-09-30": "$8,323", "2019-06-30": "$9,461", "2019-03-31": "$8,807", "2018-12-31": "$8,080", "2018-09-30": "$8,820", "2018-06-30": "$9,636", "2018-03-31": "$10,080", "2017-12-31": "$8,491", "2017-09-30": "$8,326", "2017-06-30": "$7,887", "2017-03-31": "$8,026", "2016-12-31": "$8,352", "2016-09-30": "$8,168", "2016-06-30": "$7,932", "2016-03-31": "$6,338", "2015-12-31": "$7,273", "2015-09-30": "$6,861", "2015-06-30": "$9,069", "2015-03-31": "$10,617", "2014-12-31": "$7,688", "2014-09-30": "$8,387", "2014-06-30": "$9,125", "2014-03-31": "$9,328", "2013-12-31": "$8,782", "2013-09-30": "$6,722", "2013-06-30": "$8,612", "2013-03-31": "$10,090", "2012-12-31": "$9,236", "2012-09-30": "$8,351", "2012-06-30": "$6,627", "2012-03-31": "$9,949", "2011-12-31": "$6,049", "2011-09-30": "$3,587", "2011-06-30": "$7,281", "2011-03-31": "$11,894", "2010-12-31": "$8,642", "2010-09-30": "$8,903", "2010-06-30": "$8,841", "2010-03-31": "$12,775", "2009-12-31": "$9,615", "2009-09-30": "$12,372", "2009-06-30": "$13,761", "2009-03-31": "$9,425", "2008-12-31": "", "2008-11-30": "", "2008-08-31": "$6,043", "2008-05-31": "$9,422", "2008-02-29": "$8,335", "2007-11-30": "$10,741", "2007-08-31": "$12,334", "2007-05-31": "$10,182", "2007-02-28": "$12,730", "2006-11-30": "$9,407", "2006-08-31": "$7,584", "2006-05-31": "$10,241", "2006-02-28": "$10,433", "2005-11-30": "$6,742", "2005-08-31": "$7,285", "2005-05-31": "$4,806", "2005-02-28": "$6,405"}}, "gross-profit": {"Goldman Sachs Annual Gross Profit (Millions of US $)": {"2020": "$40,419", "2019": "$33,294", "2018": "$33,416", "2017": "$29,854", "2016": "$27,967", "2015": "$31,244", "2014": "$32,027", "2013": "$31,865", "2012": "$31,955", "2011": "$26,348", "2010": "$36,880", "2009": "$42,875", "2008": "$19,224", "2007": "$43,229", "2006": "$35,680", "2005": "$23,822"}, "Goldman Sachs Quarterly Gross Profit (Millions of US $)": {"2020-12-31": "$10,655", "2020-09-30": "$9,870", "2020-06-30": "$12,350", "2020-03-31": "$7,768", "2019-12-31": "$9,141", "2019-09-30": "$7,470", "2019-06-30": "$8,638", "2019-03-31": "$8,045", "2018-12-31": "$7,250", "2018-09-30": "$8,106", "2018-06-30": "$8,824", "2018-03-31": "$9,236", "2017-12-31": "$7,759", "2017-09-30": "$7,615", "2017-06-30": "$7,146", "2017-03-31": "$7,334", "2016-12-31": "$7,458", "2016-09-30": "$7,555", "2016-06-30": "$7,307", "2016-03-31": "$5,647", "2015-12-31": "$6,647", "2015-09-30": "$6,196", "2015-06-30": "$8,422", "2015-03-31": "$9,979", "2014-12-31": "$7,019", "2014-09-30": "$7,763", "2014-06-30": "$8,512", "2014-03-31": "$8,733", "2013-12-31": "$8,188", "2013-09-30": "$6,149", "2013-06-30": "$7,999", "2013-03-31": "$9,529", "2012-12-31": "$8,686", "2012-09-30": "$7,804", "2012-06-30": "$6,083", "2012-03-31": "$9,382", "2011-12-31": "$5,489", "2011-09-30": "$2,919", "2011-06-30": "$6,666", "2011-03-31": "$11,274", "2010-12-31": "$8,064", "2010-09-30": "$8,384", "2010-06-30": "$8,219", "2010-03-31": "$12,213", "2009-12-31": "$9,007", "2009-09-30": "$11,792", "2009-06-30": "$13,187", "2009-03-31": "$8,889", "2008-12-31": "", "2008-11-30": "", "2008-08-31": "$5,309", "2008-05-31": "$8,681", "2008-02-29": "$7,545", "2007-11-30": "$9,967", "2007-08-31": "$11,539", "2007-05-31": "$9,544", "2007-02-28": "$12,179", "2006-11-30": "$8,836", "2006-08-31": "$7,061", "2006-05-31": "$9,768", "2006-02-28": "$10,015", "2005-11-30": "$6,123", "2005-08-31": "$7,014", "2005-05-31": "$4,532", "2005-02-28": "$6,153"}}, "operating-income": {"Goldman Sachs Annual Operating Income (Millions of US $)": {"2020": "$12,479", "2019": "$10,583", "2018": "$12,481", "2017": "$11,132", "2016": "$10,304", "2015": "$8,778", "2014": "$12,357", "2013": "$11,737", "2012": "$11,207", "2011": "$6,169", "2010": "$12,892", "2009": "$19,829", "2008": "$2,336", "2007": "$17,604", "2006": "$14,560", "2005": "$8,273"}, "Goldman Sachs Quarterly Operating Income (Millions of US $)": {"2020-12-31": "$5,541", "2020-09-30": "$4,299", "2020-06-30": "$1,291", "2020-03-31": "$1,348", "2019-12-31": "$2,321", "2019-09-30": "$2,416", "2019-06-30": "$3,127", "2019-03-31": "$2,719", "2018-12-31": "$2,708", "2018-09-30": "$3,078", "2018-06-30": "$3,276", "2018-03-31": "$3,419", "2017-12-31": "$3,108", "2017-09-30": "$2,976", "2017-06-30": "$2,509", "2017-03-31": "$2,539", "2016-12-31": "$3,397", "2016-09-30": "$2,868", "2016-06-30": "$2,463", "2016-03-31": "$1,576", "2015-12-31": "$1,072", "2015-09-30": "$2,046", "2015-06-30": "$1,726", "2015-03-31": "$3,934", "2014-12-31": "$3,210", "2014-09-30": "$3,305", "2014-06-30": "$2,821", "2014-03-31": "$3,021", "2013-12-31": "$3,552", "2013-09-30": "$2,167", "2013-06-30": "$2,645", "2013-03-31": "$3,373", "2012-12-31": "$4,313", "2012-09-30": "$2,298", "2012-06-30": "$1,415", "2012-03-31": "$3,181", "2011-12-31": "$1,247", "2011-09-30": "$-730", "2011-06-30": "$1,612", "2011-03-31": "$4,040", "2010-12-31": "$3,474", "2010-09-30": "$2,811", "2010-06-30": "$1,448", "2010-03-31": "$5,159", "2009-12-31": "$7,377", "2009-09-30": "$4,794", "2009-06-30": "$5,029", "2009-03-31": "$2,629", "2008-12-31": "", "2008-11-30": "", "2008-08-31": "$960", "2008-05-31": "$2,832", "2008-02-29": "$2,143", "2007-11-30": "$5,055", "2007-08-31": "$4,259", "2007-05-31": "$3,431", "2007-02-28": "$4,859", "2006-11-30": "$4,985", "2006-08-31": "$2,362", "2006-05-31": "$3,524", "2006-02-28": "$3,689", "2005-11-30": "$2,479", "2005-08-31": "$2,405", "2005-05-31": "$1,244", "2005-02-28": "$2,145"}}, "ebitda": {"Goldman Sachs Annual EBITDA (Millions of US $)": {"2019": "$12,287", "2018": "$13,809", "2017": "$12,284", "2016": "$11,302", "2015": "$9,769", "2014": "$13,694", "2013": "$13,059", "2012": "$12,945", "2011": "$8,038", "2010": "$14,796", "2009": "$21,772", "2008": "$3,961", "2007": "$18,771", "2006": "$15,555", "2005": "$9,127"}, "Goldman Sachs Quarterly EBITDA (Millions of US $)": {"2020-09-30": "$4,767", "2020-06-30": "$1,790", "2020-03-31": "$1,785", "2019-12-31": "$2,785", "2019-09-30": "$2,889", "2019-06-30": "$3,526", "2019-03-31": "$3,087", "2018-12-31": "$3,085", "2018-09-30": "$3,395", "2018-06-30": "$3,611", "2018-03-31": "$3,718", "2017-12-31": "$3,458", "2017-09-30": "$3,256", "2017-06-30": "$2,774", "2017-03-31": "$2,796", "2016-12-31": "$3,664", "2016-09-30": "$3,115", "2016-06-30": "$2,708", "2016-03-31": "$1,815", "2015-12-31": "$1,357", "2015-09-30": "$2,268", "2015-06-30": "$1,991", "2015-03-31": "$4,153", "2014-12-31": "$3,562", "2014-09-30": "$3,606", "2014-06-30": "$3,115", "2014-03-31": "$3,411", "2013-12-31": "$4,026", "2013-09-30": "$2,447", "2013-06-30": "$2,911", "2013-03-31": "$3,675", "2012-12-31": "$4,813", "2012-09-30": "$2,694", "2012-06-30": "$1,824", "2012-03-31": "$3,614", "2011-12-31": "$1,761", "2011-09-30": "$-341", "2011-06-30": "$1,984", "2011-03-31": "$4,634", "2010-12-31": "$4,205", "2010-09-30": "$3,169", "2010-06-30": "$1,888", "2010-03-31": "$5,534", "2009-12-31": "$7,771", "2009-09-30": "$5,167", "2009-06-30": "$5,556", "2009-03-31": "$3,278", "2008-12-31": "", "2008-11-30": "", "2008-08-31": "$1,352", "2008-05-31": "$3,143", "2008-02-29": "$2,486", "2007-11-30": "$5,386", "2007-08-31": "$4,542", "2007-05-31": "$3,712", "2007-02-28": "$5,131", "2006-11-30": "$5,251", "2006-08-31": "$2,613", "2006-05-31": "$3,783", "2006-02-28": "$3,908", "2005-11-30": "$2,695", "2005-08-31": "$2,615", "2005-05-31": "$1,474", "2005-02-28": "$2,343"}}, "net-income": {"Goldman Sachs Annual Net Income (Millions of US $)": {"2020": "$8,915", "2019": "$7,897", "2018": "$9,860", "2017": "$3,685", "2016": "$7,087", "2015": "$5,568", "2014": "$8,077", "2013": "$7,726", "2012": "$7,292", "2011": "$2,510", "2010": "$7,713", "2009": "$12,192", "2008": "$2,041", "2007": "$11,407", "2006": "$9,398", "2005": "$5,609"}, "Goldman Sachs Quarterly Net Income (Millions of US $)": {"2020-12-31": "$4,362", "2020-09-30": "$3,233", "2020-06-30": "$197", "2020-03-31": "$1,123", "2019-12-31": "$1,724", "2019-09-30": "$1,793", "2019-06-30": "$2,198", "2019-03-31": "$2,182", "2018-12-31": "$2,322", "2018-09-30": "$2,453", "2018-06-30": "$2,348", "2018-03-31": "$2,737", "2017-12-31": "$-2,143", "2017-09-30": "$2,035", "2017-06-30": "$1,631", "2017-03-31": "$2,162", "2016-12-31": "$2,153", "2016-09-30": "$2,100", "2016-06-30": "$1,634", "2016-03-31": "$1,200", "2015-12-31": "$574", "2015-09-30": "$1,330", "2015-06-30": "$916", "2015-03-31": "$2,748", "2014-12-31": "$2,032", "2014-09-30": "$2,143", "2014-06-30": "$1,953", "2014-03-31": "$1,949", "2013-12-31": "$2,248", "2013-09-30": "$1,429", "2013-06-30": "$1,861", "2013-03-31": "$2,188", "2012-12-31": "$2,833", "2012-09-30": "$1,458", "2012-06-30": "$927", "2012-03-31": "$2,074", "2011-12-31": "$978", "2011-09-30": "$-428", "2011-06-30": "$1,052", "2011-03-31": "$908", "2010-12-31": "$2,227", "2010-09-30": "$1,737", "2010-06-30": "$453", "2010-03-31": "$3,296", "2009-12-31": "$4,787", "2009-09-30": "$3,028", "2009-06-30": "$2,718", "2009-03-31": "$1,659", "2008-12-31": "", "2008-11-30": "", "2008-08-31": "$810", "2008-05-31": "$2,051", "2008-02-29": "$1,467", "2007-11-30": "$3,166", "2007-08-31": "$2,806", "2007-05-31": "$2,287", "2007-02-28": "$3,148", "2006-11-30": "$3,104", "2006-08-31": "$1,555", "2006-05-31": "$2,286", "2006-02-28": "$2,453", "2005-11-30": "$1,624", "2005-08-31": "$1,608", "2005-05-31": "$865", "2005-02-28": "$1,512"}}, "eps-earnings-per-share-diluted": {"Goldman Sachs Annual EPS": {"2020": "$24.74", "2019": "$21.03", "2018": "$25.27", "2017": "$9.01", "2016": "$16.29", "2015": "$12.14", "2014": "$17.07", "2013": "$15.46", "2012": "$14.13", "2011": "$4.51", "2010": "$13.18", "2009": "$22.13", "2008": "$4.47", "2007": "$24.73", "2006": "$19.69", "2005": "$11.21"}, "Goldman Sachs Quarterly EPS": {"2020-12-31": "$12.08", "2020-09-30": "$8.98", "2020-06-30": "$0.53", "2020-03-31": "$3.11", "2019-12-31": "$4.72", "2019-09-30": "$4.79", "2019-06-30": "$5.81", "2019-03-31": "$5.71", "2018-12-31": "$6.06", "2018-09-30": "$6.28", "2018-06-30": "$5.98", "2018-03-31": "$6.95", "2017-12-31": "$-5.11", "2017-09-30": "$5.02", "2017-06-30": "$3.95", "2017-03-31": "$5.15", "2016-12-31": "$5.01", "2016-09-30": "$4.88", "2016-06-30": "$3.72", "2016-03-31": "$2.68", "2015-12-31": "$1.32", "2015-09-30": "$2.90", "2015-06-30": "$1.98", "2015-03-31": "$5.94", "2014-12-31": "$4.38", "2014-09-30": "$4.57", "2014-06-30": "$4.10", "2014-03-31": "$4.02", "2013-12-31": "$4.59", "2013-09-30": "$2.88", "2013-06-30": "$3.70", "2013-03-31": "$4.29", "2012-12-31": "$5.58", "2012-09-30": "$2.85", "2012-06-30": "$1.78", "2012-03-31": "$3.92", "2011-12-31": "$1.94", "2011-09-30": "$-0.84", "2011-06-30": "$1.85", "2011-03-31": "$1.56", "2010-12-31": "$3.83", "2010-09-30": "$2.98", "2010-06-30": "$0.78", "2010-03-31": "$5.59", "2009-12-31": "$8.56", "2009-09-30": "$5.25", "2009-06-30": "$4.93", "2009-03-31": "$3.39", "2008-12-31": "$0.00", "2008-11-30": "$0.00", "2008-08-31": "$1.81", "2008-05-31": "$4.58", "2008-02-29": "$3.23", "2007-11-30": "$7.00", "2007-08-31": "$6.13", "2007-05-31": "$4.93", "2007-02-28": "$6.67", "2006-11-30": "$6.57", "2006-08-31": "$3.26", "2006-05-31": "$4.78", "2006-02-28": "$5.08", "2005-11-30": "$3.31", "2005-08-31": "$3.25", "2005-05-31": "$1.71", "2005-02-28": "$2.94"}}, "shares-outstanding": {"Goldman Sachs Annual Shares Outstanding (Millions of Shares)": {"2020": "360", "2019": "376", "2018": "390", "2017": "409", "2016": "435", "2015": "459", "2014": "473", "2013": "500", "2012": "516", "2011": "557", "2010": "585", "2009": "551", "2008": "456", "2007": "461", "2006": "477", "2005": "500"}, "Goldman Sachs Quarterly Shares Outstanding (Millions of Shares)": {"2020-12-31": "361", "2020-09-30": "360", "2020-06-30": "356", "2020-03-31": "361", "2019-12-31": "376", "2019-09-30": "374", "2019-06-30": "378", "2019-03-31": "382", "2018-12-31": "390", "2018-09-30": "391", "2018-06-30": "393", "2018-03-31": "394", "2017-12-31": "409", "2017-09-30": "406", "2017-06-30": "413", "2017-03-31": "420", "2016-12-31": "435", "2016-09-30": "430", "2016-06-30": "439", "2016-03-31": "447", "2015-12-31": "459", "2015-09-30": "459", "2015-06-30": "462", "2015-03-31": "463", "2014-12-31": "473", "2014-09-30": "469", "2014-06-30": "476", "2014-03-31": "485", "2013-12-31": "500", "2013-09-30": "496", "2013-06-30": "504", "2013-03-31": "510", "2012-12-31": "516", "2012-09-30": "511", "2012-06-30": "520", "2012-03-31": "529", "2011-12-31": "557", "2011-09-30": "518", "2011-06-30": "570", "2011-03-31": "583", "2010-12-31": "585", "2010-09-30": "583", "2010-06-30": "580", "2010-03-31": "590", "2009-12-31": "551", "2009-09-30": "577", "2009-06-30": "551", "2009-03-31": "489", "2008-12-31": "", "2008-11-30": "", "2008-08-31": "448", "2008-05-31": "447", "2008-02-29": "454", "2007-11-30": "461", "2007-08-31": "457", "2007-05-31": "464", "2007-02-28": "472", "2006-11-30": "477", "2006-08-31": "477", "2006-05-31": "478", "2006-02-28": "483", "2005-11-30": "500", "2005-08-31": "494", "2005-05-31": "506", "2005-02-28": "515"}}, "total-assets": {"Goldman Sachs Annual Total Assets (Millions of US $)": {"2019": "$992,968", "2018": "$931,796", "2017": "$916,776", "2016": "$860,165", "2015": "$861,395", "2014": "$855,842", "2013": "$911,507", "2012": "$938,555", "2011": "$923,225", "2010": "$911,332", "2009": "$848,942", "2008": "$884,547", "2007": "$1,119,796", "2006": "$838,201", "2005": "$706,804"}, "Goldman Sachs Quarterly Total Assets (Millions of US $)": {"2020-09-30": "$1,132,059", "2020-06-30": "$1,141,523", "2020-03-31": "$1,089,756", "2019-12-31": "$992,968", "2019-09-30": "$1,007,320", "2019-06-30": "$944,903", "2019-03-31": "$925,349", "2018-12-31": "$931,796", "2018-09-30": "$957,190", "2018-06-30": "$968,610", "2018-03-31": "$973,535", "2017-12-31": "$916,776", "2017-09-30": "$930,132", "2017-06-30": "$906,518", "2017-03-31": "$894,069", "2016-12-31": "$860,165", "2016-09-30": "$879,987", "2016-06-30": "$896,843", "2016-03-31": "$878,036", "2015-12-31": "$861,395", "2015-09-30": "$880,559", "2015-06-30": "$859,879", "2015-03-31": "$865,458", "2014-12-31": "$855,842", "2014-09-30": "$868,933", "2014-06-30": "$859,914", "2014-03-31": "$915,665", "2013-12-31": "$911,507", "2013-09-30": "$923,223", "2013-06-30": "$938,456", "2013-03-31": "$959,223", "2012-12-31": "$938,555", "2012-09-30": "$949,207", "2012-06-30": "$948,638", "2012-03-31": "$950,932", "2011-12-31": "$923,225", "2011-09-30": "$948,909", "2011-06-30": "$936,910", "2011-03-31": "$933,289", "2010-12-31": "$911,332", "2010-09-30": "$908,679", "2010-06-30": "$883,188", "2010-03-31": "$880,528", "2009-12-31": "$848,942", "2009-09-30": "$882,185", "2009-06-30": "$889,544", "2009-03-31": "$925,290", "2008-12-31": "$1,112,225", "2008-11-30": "$0", "2008-08-31": "$1,081,773", "2008-05-31": "$1,088,145", "2008-02-29": "$1,189,006", "2007-11-30": "$1,119,796", "2007-08-31": "$1,045,778", "2007-05-31": "$943,196", "2007-02-28": "$912,495", "2006-11-30": "$838,201", "2006-08-31": "$798,309", "2006-05-31": "$798,884", "2006-02-28": "$758,821", "2005-11-30": "$706,804", "2005-08-31": "$669,518", "2005-05-31": "$624,472", "2005-02-28": "$596,149"}}, "cash-on-hand": {"Goldman Sachs Annual Cash on Hand (Millions of US $)": {"2019": "$355,308", "2018": "$405,090", "2017": "$421,721", "2016": "$423,236", "2015": "$405,385", "2014": "$397,976", "2013": "$437,102", "2012": "$400,567", "2011": "$461,402", "2010": "$448,180", "2009": "$409,172", "2008": "$425,220", "2007": "$494,951", "2006": "$388,751", "2005": "$337,085"}, "Goldman Sachs Quarterly Cash on Hand (Millions of US $)": {"2020-09-30": "$381,869", "2020-06-30": "$406,225", "2020-03-31": "$359,492", "2019-12-31": "$355,308", "2019-09-30": "$372,762", "2019-06-30": "$367,189", "2019-03-31": "$368,279", "2018-12-31": "$405,090", "2018-09-30": "$417,209", "2018-06-30": "$429,422", "2018-03-31": "$429,531", "2017-12-31": "$421,721", "2017-09-30": "$417,536", "2017-06-30": "$404,742", "2017-03-31": "$427,759", "2016-12-31": "$423,236", "2016-09-30": "$433,749", "2016-06-30": "$465,703", "2016-03-31": "$446,572", "2015-12-31": "$405,385", "2015-09-30": "$423,961", "2015-06-30": "$397,782", "2015-03-31": "$385,350", "2014-12-31": "$397,976", "2014-09-30": "$396,381", "2014-06-30": "$371,473", "2014-03-31": "$444,806", "2013-12-31": "$437,102", "2013-09-30": "$464,316", "2013-06-30": "$452,681", "2013-03-31": "$434,924", "2012-12-31": "$400,567", "2012-09-30": "$429,847", "2012-06-30": "$450,458", "2012-03-31": "$460,379", "2011-12-31": "$461,402", "2011-09-30": "$464,409", "2011-06-30": "$444,681", "2011-03-31": "$442,506", "2010-12-31": "$448,180", "2010-09-30": "$450,498", "2010-06-30": "$448,374", "2010-03-31": "$439,326", "2009-12-31": "$409,172", "2009-09-30": "$430,380", "2009-06-30": "$432,873", "2009-03-31": "$476,403", "2008-12-31": "$459,177", "2008-11-30": "", "2008-08-31": "$549,681", "2008-05-31": "$527,982", "2008-02-29": "$519,058", "2007-11-30": "$494,951", "2007-08-31": "$458,026", "2007-05-31": "$399,323", "2007-02-28": "$408,327", "2006-11-30": "$388,751", "2006-08-31": "$379,520", "2006-05-31": "$375,693", "2006-02-28": "$363,986", "2005-11-30": "$337,085", "2005-08-31": "$335,745", "2005-05-31": "$308,686", "2005-02-28": "$297,102"}}, "long-term-debt": {"Goldman Sachs Annual Long Term Debt (Millions of US $)": {"2019": "$207,076", "2018": "$224,149", "2017": "$217,687", "2016": "$189,086", "2015": "$175,422", "2014": "$167,302", "2013": "$160,965", "2012": "$167,305", "2011": "$173,545", "2010": "$174,399", "2009": "$185,085", "2008": "$168,220", "2007": "$164,174", "2006": "$122,842", "2005": "$84,338"}, "Goldman Sachs Quarterly Long Term Debt (Millions of US $)": {"2020-09-30": "$213,936", "2020-06-30": "$222,627", "2020-03-31": "$225,476", "2019-12-31": "$207,076", "2019-09-30": "$216,878", "2019-06-30": "$221,145", "2019-03-31": "$224,473", "2018-12-31": "$224,149", "2018-09-30": "$229,387", "2018-06-30": "$227,354", "2018-03-31": "$225,899", "2017-12-31": "$217,687", "2017-09-30": "$211,852", "2017-06-30": "$203,647", "2017-03-31": "$199,370", "2016-12-31": "$189,086", "2016-09-30": "$190,586", "2016-06-30": "$183,732", "2016-03-31": "$180,159", "2015-12-31": "$175,422", "2015-09-30": "$175,817", "2015-06-30": "$170,259", "2015-03-31": "$163,682", "2014-12-31": "$167,302", "2014-09-30": "$165,304", "2014-06-30": "$167,019", "2014-03-31": "$165,627", "2013-12-31": "$160,965", "2013-09-30": "$168,082", "2013-06-30": "$162,042", "2013-03-31": "$167,008", "2012-12-31": "$167,305", "2012-09-30": "$167,878", "2012-06-30": "$166,993", "2012-03-31": "$171,592", "2011-12-31": "$173,545", "2011-09-30": "$175,650", "2011-06-30": "$175,210", "2011-03-31": "$173,793", "2010-12-31": "$174,399", "2010-09-30": "$185,120", "2010-06-30": "$178,582", "2010-03-31": "$180,414", "2009-12-31": "$185,085", "2009-09-30": "$189,724", "2009-06-30": "$191,242", "2009-03-31": "$188,534", "2008-12-31": "$185,564", "2008-11-30": "", "2008-08-31": "$176,367", "2008-05-31": "$182,051", "2008-02-29": "$179,475", "2007-11-30": "$164,174", "2007-08-31": "$151,072", "2007-05-31": "$141,484", "2007-02-28": "$132,732", "2006-11-30": "$122,842", "2006-08-31": "$129,331", "2006-05-31": "$125,590", "2006-02-28": "$114,651", "2005-11-30": "$84,338", "2005-08-31": "$101,605", "2005-05-31": "$95,129", "2005-02-28": "$95,577"}}, "total-liabilities": {"Goldman Sachs Annual Total Liabilities (Millions of US $)": {"2019": "$902,703", "2018": "$841,611", "2017": "$834,533", "2016": "$773,272", "2015": "$774,667", "2014": "$773,045", "2013": "$833,040", "2012": "$862,839", "2011": "$852,846", "2010": "$833,976", "2009": "$778,228", "2008": "$820,178", "2007": "$1,076,996", "2006": "$802,415", "2005": "$678,802"}, "Goldman Sachs Quarterly Total Liabilities (Millions of US $)": {"2020-09-30": "$1,039,409", "2020-06-30": "$1,051,494", "2020-03-31": "$997,377", "2019-12-31": "$902,703", "2019-09-30": "$915,308", "2019-06-30": "$854,011", "2019-03-31": "$835,076", "2018-12-31": "$841,611", "2018-09-30": "$870,428", "2018-06-30": "$882,011", "2018-03-31": "$889,956", "2017-12-31": "$834,533", "2017-09-30": "$843,840", "2017-06-30": "$819,843", "2017-03-31": "$807,152", "2016-12-31": "$773,272", "2016-09-30": "$792,877", "2016-06-30": "$810,329", "2016-03-31": "$791,199", "2015-12-31": "$774,667", "2015-09-30": "$792,856", "2015-06-30": "$772,225", "2015-03-31": "$780,331", "2014-12-31": "$773,045", "2014-09-30": "$786,658", "2014-06-30": "$778,285", "2014-03-31": "$836,566", "2013-12-31": "$833,040", "2013-09-30": "$845,607", "2013-06-30": "$860,413", "2013-03-31": "$881,995", "2012-12-31": "$862,839", "2012-09-30": "$875,520", "2012-06-30": "$875,783", "2012-03-31": "$879,276", "2011-12-31": "$852,846", "2011-09-30": "$878,821", "2011-06-30": "$864,554", "2011-03-31": "$860,820", "2010-12-31": "$833,976", "2010-09-30": "$833,022", "2010-06-30": "$809,369", "2010-03-31": "$807,584", "2009-12-31": "$778,228", "2009-09-30": "$816,831", "2009-06-30": "$826,731", "2009-03-31": "$861,737", "2008-12-31": "$1,049,171", "2008-11-30": "", "2008-08-31": "$1,036,174", "2008-05-31": "$1,043,327", "2008-02-29": "$1,146,377", "2007-11-30": "$1,076,996", "2007-08-31": "$1,006,660", "2007-05-31": "$904,737", "2007-02-28": "$875,595", "2006-11-30": "$802,415", "2006-08-31": "$764,816", "2006-05-31": "$767,084", "2006-02-28": "$729,906", "2005-11-30": "$678,802", "2005-08-31": "$642,911", "2005-05-31": "$598,077", "2005-02-28": "$570,074"}}, "total-share-holder-equity": {"Goldman Sachs Annual Share Holder Equity (Millions of US $)": {"2019": "$90,265", "2018": "$90,185", "2017": "$82,243", "2016": "$86,893", "2015": "$86,728", "2014": "$82,797", "2013": "$78,467", "2012": "$75,716", "2011": "$70,379", "2010": "$77,356", "2009": "$70,714", "2008": "$64,369", "2007": "$42,800", "2006": "$35,786", "2005": "$28,002"}, "Goldman Sachs Quarterly Share Holder Equity (Millions of US $)": {"2020-09-30": "$92,650", "2020-06-30": "$90,029", "2020-03-31": "$92,379", "2019-12-31": "$90,265", "2019-09-30": "$92,012", "2019-06-30": "$90,892", "2019-03-31": "$90,273", "2018-12-31": "$90,185", "2018-09-30": "$86,762", "2018-06-30": "$86,599", "2018-03-31": "$83,579", "2017-12-31": "$82,243", "2017-09-30": "$86,292", "2017-06-30": "$86,675", "2017-03-31": "$86,917", "2016-12-31": "$86,893", "2016-09-30": "$87,110", "2016-06-30": "$86,514", "2016-03-31": "$86,837", "2015-12-31": "$86,728", "2015-09-30": "$87,703", "2015-06-30": "$87,654", "2015-03-31": "$85,127", "2014-12-31": "$82,797", "2014-09-30": "$82,275", "2014-06-30": "$81,629", "2014-03-31": "$79,099", "2013-12-31": "$78,467", "2013-09-30": "$77,616", "2013-06-30": "$78,043", "2013-03-31": "$77,228", "2012-12-31": "$75,716", "2012-09-30": "$73,687", "2012-06-30": "$72,855", "2012-03-31": "$71,656", "2011-12-31": "$70,379", "2011-09-30": "$70,088", "2011-06-30": "$72,356", "2011-03-31": "$72,469", "2010-12-31": "$77,356", "2010-09-30": "$75,657", "2010-06-30": "$73,819", "2010-03-31": "$72,944", "2009-12-31": "$70,714", "2009-09-30": "$65,354", "2009-06-30": "$62,813", "2009-03-31": "$63,553", "2008-12-31": "$63,054", "2008-11-30": "", "2008-08-31": "$45,599", "2008-05-31": "$44,818", "2008-02-29": "$42,629", "2007-11-30": "$42,800", "2007-08-31": "$39,118", "2007-05-31": "$38,459", "2007-02-28": "$36,900", "2006-11-30": "$35,786", "2006-08-31": "$33,493", "2006-05-31": "$31,800", "2006-02-28": "$28,915", "2005-11-30": "$28,002", "2005-08-31": "$26,607", "2005-05-31": "$26,395", "2005-02-28": "$26,075"}}, "profit-margins": {"current": "21.65%"}, "gross margin": {"2020-12-31": "91.21%", "2020-09-30": "91.48%", "2020-06-30": "91.10%", "2020-03-31": "90.50%", "2019-12-31": "91.10%", "2019-09-30": "90.57%", "2019-06-30": "91.10%", "2019-03-31": "91.18%", "2018-12-31": "91.26%", "2018-09-30": "91.62%", "2018-06-30": "91.52%", "2018-03-31": "91.29%", "2017-12-31": "91.21%", "2017-09-30": "90.68%", "2017-06-30": "90.94%", "2017-03-31": "91.30%", "2016-12-31": "90.83%", "2016-09-30": "91.40%", "2016-06-30": "90.82%", "2016-03-31": "91.10%", "2015-12-31": "92.38%", "2015-09-30": "92.35%", "2015-06-30": "92.79%", "2015-03-31": "92.90%", "2014-12-31": "92.76%", "2014-09-30": "93.19%", "2014-06-30": "93.01%", "2014-03-31": "92.90%", "2013-12-31": "93.16%", "2013-09-30": "93.37%", "2013-06-30": "93.74%", "2013-03-31": "93.58%", "2012-12-31": "93.54%", "2012-09-30": "92.84%", "2012-06-30": "91.08%", "2012-03-31": "91.03%", "2011-12-31": "91.45%", "2011-09-30": "92.10%", "2011-06-30": "93.65%", "2011-03-31": "93.89%", "2010-12-31": "94.18%", "2010-09-30": "94.24%", "2010-06-30": "94.56%", "2010-03-31": "95.21%", "2009-12-31": "94.91%", "2009-03-31": "91.79%", "2008-08-31": "91.20%", "2008-05-31": "92.41%", "2008-02-29": "92.79%", "2007-11-30": "94.00%", "2007-08-31": "94.28%", "2007-05-31": "94.28%", "2007-02-28": "94.70%", "2006-11-30": "94.73%", "2006-08-31": "94.19%", "2006-05-31": "94.87%", "2006-02-28": "94.59%", "2005-11-30": "94.39%"}, "operating margin": {"2020-12-31": "28.00%", "2020-09-30": "21.65%", "2020-06-30": "18.30%", "2020-03-31": "25.25%", "2019-12-31": "28.96%", "2019-09-30": "31.64%", "2019-06-30": "33.08%", "2019-03-31": "33.33%", "2018-12-31": "34.09%", "2018-09-30": "34.79%", "2018-06-30": "34.98%", "2018-03-31": "34.53%", "2017-12-31": "34.01%", "2017-09-30": "35.04%", "2017-06-30": "34.88%", "2017-03-31": "34.69%", "2016-12-31": "33.47%", "2016-09-30": "26.86%", "2016-06-30": "25.20%", "2016-03-31": "21.73%", "2015-12-31": "25.96%", "2015-09-30": "31.89%", "2015-06-30": "34.05%", "2015-03-31": "37.05%", "2014-12-31": "35.79%", "2014-09-30": "35.65%", "2014-06-30": "34.05%", "2014-03-31": "34.04%", "2013-12-31": "34.31%", "2013-09-30": "36.06%", "2013-06-30": "34.80%", "2013-03-31": "33.23%", "2012-12-31": "32.80%", "2012-09-30": "26.28%", "2012-06-30": "19.51%", "2012-03-31": "19.76%", "2011-12-31": "21.41%", "2011-09-30": "26.74%", "2011-06-30": "32.51%", "2011-03-31": "30.75%", "2010-12-31": "32.92%", "2010-09-30": "41.85%", "2010-06-30": "43.07%", "2010-03-31": "46.08%", "2009-12-31": "43.90%", "2009-03-31": "23.20%", "2008-08-31": "31.82%", "2008-05-31": "34.99%", "2008-02-29": "35.80%", "2007-11-30": "38.28%", "2007-08-31": "39.27%", "2007-05-31": "39.19%", "2007-02-28": "39.36%", "2006-11-30": "38.66%", "2006-08-31": "34.44%", "2006-05-31": "34.86%", "2006-02-28": "33.54%", "2005-11-30": "32.78%"}, "ebitda margin": {"2020-09-30": "26.01%", "2020-06-30": "22.94%", "2020-03-31": "30.11%", "2019-12-31": "33.62%", "2019-09-30": "36.30%", "2019-06-30": "37.23%", "2019-03-31": "37.29%", "2018-12-31": "37.71%", "2018-09-30": "38.30%", "2018-06-30": "38.44%", "2018-03-31": "37.97%", "2017-12-31": "37.53%", "2017-09-30": "38.32%", "2017-06-30": "38.08%", "2017-03-31": "37.82%", "2016-12-31": "36.71%", "2016-09-30": "30.27%", "2016-06-30": "28.69%", "2016-03-31": "25.15%", "2015-12-31": "28.89%", "2015-09-30": "34.98%", "2015-06-30": "37.22%", "2015-03-31": "40.30%", "2014-12-31": "39.66%", "2014-09-30": "39.75%", "2014-06-30": "38.28%", "2014-03-31": "38.26%", "2013-12-31": "38.18%", "2013-09-30": "39.95%", "2013-06-30": "38.84%", "2013-03-31": "37.91%", "2012-12-31": "37.89%", "2012-09-30": "31.94%", "2012-06-30": "26.16%", "2012-03-31": "26.12%", "2011-12-31": "27.90%", "2011-09-30": "33.38%", "2011-06-30": "38.10%", "2011-03-31": "36.30%", "2010-12-31": "37.78%", "2010-09-30": "45.75%", "2010-06-30": "46.69%", "2010-03-31": "49.52%", "2009-12-31": "48.20%", "2009-03-31": "29.93%", "2008-08-31": "35.80%", "2008-05-31": "38.10%", "2008-02-29": "38.77%", "2007-11-30": "40.82%", "2007-08-31": "41.74%", "2007-05-31": "41.87%", "2007-02-28": "41.98%", "2006-11-30": "41.30%", "2006-08-31": "37.14%", "2006-05-31": "37.47%", "2006-02-28": "36.53%", "2005-11-30": "36.16%"}, "pre tax profit margin": {"2020-12-31": "28.00%", "2020-09-30": "21.65%", "2020-06-30": "18.30%", "2020-03-31": "25.25%", "2019-12-31": "28.96%", "2019-09-30": "31.64%", "2019-06-30": "33.08%", "2019-03-31": "33.33%", "2018-12-31": "34.09%", "2018-09-30": "34.79%", "2018-06-30": "34.98%", "2018-03-31": "34.53%", "2017-12-31": "34.01%", "2017-09-30": "35.04%", "2017-06-30": "34.88%", "2017-03-31": "34.69%", "2016-12-31": "33.47%", "2016-09-30": "26.86%", "2016-06-30": "25.20%", "2016-03-31": "21.73%", "2015-12-31": "25.96%", "2015-09-30": "31.89%", "2015-06-30": "34.05%", "2015-03-31": "37.05%", "2014-12-31": "35.79%", "2014-09-30": "35.65%", "2014-06-30": "34.05%", "2014-03-31": "34.04%", "2013-12-31": "34.31%", "2013-09-30": "36.06%", "2013-06-30": "34.80%", "2013-03-31": "33.23%", "2012-12-31": "32.80%", "2012-09-30": "26.28%", "2012-06-30": "19.51%", "2012-03-31": "19.76%", "2011-12-31": "21.41%", "2011-09-30": "26.74%", "2011-06-30": "32.51%", "2011-03-31": "30.75%", "2010-12-31": "32.92%", "2010-09-30": "41.85%", "2010-06-30": "43.07%", "2010-03-31": "46.08%", "2009-12-31": "43.90%", "2009-03-31": "23.20%", "2008-08-31": "31.82%", "2008-05-31": "34.99%", "2008-02-29": "35.80%", "2007-11-30": "38.28%", "2007-08-31": "39.27%", "2007-05-31": "39.19%", "2007-02-28": "39.36%", "2006-11-30": "38.66%", "2006-08-31": "34.44%", "2006-05-31": "34.86%", "2006-02-28": "33.54%", "2005-11-30": "32.78%"}, "net profit margin": {"2020-12-31": "20.01%", "2020-09-30": "14.67%", "2020-06-30": "12.00%", "2020-03-31": "18.74%", "2019-12-31": "21.61%", "2019-09-30": "24.50%", "2019-06-30": "26.03%", "2019-03-31": "26.33%", "2018-12-31": "26.93%", "2018-09-30": "14.57%", "2018-06-30": "13.62%", "2018-03-31": "12.25%", "2017-12-31": "11.26%", "2017-09-30": "24.49%", "2017-06-30": "24.81%", "2017-03-31": "24.78%", "2016-12-31": "23.02%", "2016-09-30": "18.54%", "2016-06-30": "16.68%", "2016-03-31": "13.61%", "2015-12-31": "16.46%", "2015-09-30": "20.52%", "2015-06-30": "21.92%", "2015-03-31": "24.78%", "2014-12-31": "23.39%", "2014-09-30": "23.28%", "2014-06-30": "22.32%", "2014-03-31": "22.39%", "2013-12-31": "22.59%", "2013-09-30": "23.98%", "2013-06-30": "22.98%", "2013-03-31": "21.59%", "2012-12-31": "21.34%", "2012-09-30": "17.55%", "2012-06-30": "13.55%", "2012-03-31": "13.68%", "2011-12-31": "8.71%", "2011-09-30": "11.97%", "2011-06-30": "16.13%", "2011-03-31": "13.91%", "2010-12-31": "19.70%", "2010-09-30": "25.60%", "2010-06-30": "26.52%", "2010-03-31": "28.50%", "2009-12-31": "26.99%", "2009-03-31": "15.96%", "2008-08-31": "21.70%", "2008-05-31": "23.24%", "2008-02-29": "23.38%", "2007-11-30": "24.80%", "2007-08-31": "25.41%", "2007-05-31": "25.30%", "2007-02-28": "25.26%", "2006-11-30": "24.95%", "2006-08-31": "22.62%", "2006-05-31": "22.97%", "2006-02-28": "22.38%", "2005-11-30": "22.22%"}, "pe ratio": {"current": "9.43", "2021-02-05": "15.41", "2020-12-31": "13.84", "2020-09-30": "8.42", "2020-06-30": "10.36", "2020-03-31": "8.25", "2019-12-31": "10.69", "2019-09-30": "9.00", "2019-06-30": "8.28", "2019-03-31": "7.68", "2018-12-31": "6.33", "2018-09-30": "15.66", "2018-06-30": "16.91", "2018-03-31": "22.99", "2017-12-31": "28.04", "2017-09-30": "11.67", "2017-06-30": "10.96", "2017-03-31": "11.44", "2016-12-31": "13.69", "2016-09-30": "11.99", "2016-06-30": "13.06", "2016-03-31": "16.45", "2015-12-31": "13.74", "2015-09-30": "10.50", "2015-06-30": "11.33", "2015-03-31": "9.03", "2014-12-31": "10.33", "2014-09-30": "9.63", "2014-06-30": "9.70", "2014-03-31": "9.71", "2013-12-31": "10.29", "2013-09-30": "8.59", "2013-06-30": "8.21", "2013-03-31": "9.01", "2012-12-31": "7.99", "2012-09-30": "9.65", "2012-06-30": "12.57", "2012-03-31": "16.06", "2011-12-31": "17.88", "2011-09-30": "12.91", "2011-06-30": "11.32", "2011-03-31": "15.03", "2010-12-31": "11.03", "2010-09-30": "7.08", "2010-06-30": "5.68", "2010-03-31": "6.09", "2009-12-31": "6.62", "2009-09-30": "11.57", "2009-06-30": "15.06", "2009-03-31": "26.52", "2008-12-31": "0.00", "2008-11-30": "0.00", "2008-08-31": "0.00", "2008-05-31": "0.00", "2008-02-29": "0.00", "2007-11-30": "0.00", "2007-08-31": "0.00", "2007-05-31": "0.00", "2007-02-28": "0.00", "2006-11-30": "0.00"}, "price sales": {"2021-02-05": "2.37", "2020-12-31": "2.13", "2020-09-30": "1.69", "2020-06-30": "1.77", "2020-03-31": "1.55", "2019-12-31": "2.32", "2019-09-30": "2.21", "2019-06-30": "2.16", "2019-03-31": "2.03", "2018-12-31": "1.71", "2018-09-30": "2.29", "2018-06-30": "2.30", "2018-03-31": "2.78", "2017-12-31": "3.04", "2017-09-30": "2.88", "2017-06-30": "2.74", "2017-03-31": "2.86", "2016-12-31": "3.18", "2016-09-30": "2.24", "2016-06-30": "2.19", "2016-03-31": "2.25", "2015-12-31": "2.26", "2015-09-30": "2.16", "2015-06-30": "2.49", "2015-03-31": "2.25", "2014-12-31": "2.43", "2014-09-30": "2.25", "2014-06-30": "2.18", "2014-03-31": "2.19", "2013-12-31": "2.34", "2013-09-30": "2.07", "2013-06-30": "1.90", "2013-03-31": "1.96", "2012-12-31": "1.72", "2012-09-30": "1.71", "2012-06-30": "1.71", "2012-03-31": "2.20", "2011-12-31": "1.55", "2011-09-30": "1.50", "2011-06-30": "1.82", "2011-03-31": "2.09", "2010-12-31": "2.17", "2010-09-30": "1.79", "2010-06-30": "1.49", "2010-03-31": "1.71", "2009-12-31": "1.73", "2009-09-30": "2.39", "2009-06-30": "2.83", "2009-03-31": "2.75", "2008-12-31": "2.06", "2008-11-30": "1.26", "2008-08-31": "1.81", "2008-05-31": "1.65", "2008-02-29": "1.57", "2007-11-30": "1.91", "2007-08-31": "1.54", "2007-05-31": "2.28", "2007-02-28": "2.00", "2006-11-30": "2.06"}, "price book": {"current": "1.05", "2021-02-05": "1.09", "2020-09-30": "0.74", "2020-06-30": "0.75", "2020-03-31": "0.57", "2019-12-31": "0.86", "2019-09-30": "0.78", "2019-06-30": "0.78", "2019-03-31": "0.75", "2018-12-31": "0.65", "2018-09-30": "0.92", "2018-06-30": "0.92", "2018-03-31": "1.08", "2017-12-31": "1.10", "2017-09-30": "0.98", "2017-06-30": "0.94", "2017-03-31": "0.98", "2016-12-31": "1.01", "2016-09-30": "0.69", "2016-06-30": "0.65", "2016-03-31": "0.70", "2015-12-31": "0.80", "2015-09-30": "0.78", "2015-06-30": "0.94", "2015-03-31": "0.87", "2014-12-31": "0.92", "2014-09-30": "0.88", "2014-06-30": "0.82", "2014-03-31": "0.84", "2013-12-31": "0.91", "2013-09-30": "0.81", "2013-06-30": "0.78", "2013-03-31": "0.78", "2012-12-31": "0.69", "2012-09-30": "0.64", "2012-06-30": "0.56", "2012-03-31": "0.75", "2011-12-31": "0.54", "2011-09-30": "0.58", "2011-06-30": "0.81", "2011-03-31": "0.98", "2010-12-31": "0.95", "2010-09-30": "0.84", "2010-06-30": "0.79", "2010-03-31": "1.03", "2009-12-31": "1.05", "2009-09-30": "1.23", "2009-06-30": "1.02", "2009-03-31": "0.65", "2008-12-31": "0.00", "2008-11-30": "0.00", "2008-08-31": "1.19", "2008-05-31": "1.30", "2008-02-29": "1.31", "2007-11-30": "1.73", "2007-08-31": "1.49", "2007-05-31": "2.04", "2007-02-28": "1.87", "2006-11-30": "1.87", "2006-08-31": "1.58", "2006-05-31": "1.69", "2006-02-28": "1.74"}, "price fcf": {"2021-02-05": "", "2020-09-30": "$40.27", "2020-06-30": "$-35.42", "2020-03-31": "$20.77", "2019-12-31": "$58.74", "2019-09-30": "$-39.84", "2019-06-30": "$-79.69", "2019-03-31": "$-80.30", "2018-12-31": "$31.50", "2018-09-30": "$-26.95", "2018-06-30": "$-4.32", "2018-03-31": "$-50.44", "2017-12-31": "$-56.46", "2017-09-30": "$-26.08", "2017-06-30": "$-43.07", "2017-03-31": "$5.83", "2016-12-31": "$9.22", "2016-09-30": "$22.05", "2016-06-30": "$35.96", "2016-03-31": "$-3.25", "2015-12-31": "$17.17", "2015-09-30": "$7.75", "2015-06-30": "$-13.45", "2015-03-31": "$4.83", "2014-12-31": "$-18.13", "2014-09-30": "$-23.75", "2014-06-30": "$-11.28", "2014-03-31": "$10.24", "2013-12-31": "$7.80", "2013-09-30": "$4.62", "2013-06-30": "$15.10", "2013-03-31": "$5.29", "2012-12-31": "$23.19", "2012-09-30": "$57.75", "2012-06-30": "$35.74", "2012-03-31": "$42.04", "2011-12-31": "$38.42", "2011-09-30": "$-12.15", "2011-06-30": "$6.72", "2011-03-31": "$4.82", "2010-12-31": "$-11.13", "2010-09-30": "$51.27", "2010-06-30": "$61.59", "2010-03-31": "$66.88", "2009-12-31": "$86.04", "2009-09-30": "$38.70", "2009-06-30": "$51.32", "2009-03-31": "$39.71", "2008-12-31": "$51.84", "2008-11-30": "0", "2008-08-31": "$-34.79", "2008-05-31": "$-89.16", "2008-02-29": "$-171.23", "2007-11-30": "$-155.00", "2007-08-31": "$-150.08", "2007-05-31": "$-139.06", "2007-02-28": "$-106.99", "2006-11-30": "$-113.37"}, "net worth": {"value": "$100.98B"}, "current ratio": {"2020-12-31": "1.21", "2020-09-30": "0.73", "2020-06-30": "0.76", "2020-03-31": "0.79", "2019-12-31": "0.78", "2019-09-30": "0.78", "2019-06-30": "0.85", "2019-03-31": "0.86", "2018-12-31": "0.93", "2018-09-30": "0.90", "2018-06-30": "0.91", "2018-03-31": "0.92", "2017-12-31": "0.93", "2017-09-30": "0.90", "2017-06-30": "0.89", "2017-03-31": "0.92", "2016-12-31": "0.92", "2016-09-30": "0.93", "2016-06-30": "0.95", "2016-03-31": "0.93", "2015-12-31": "0.87", "2015-09-30": "0.92", "2015-06-30": "0.88", "2015-03-31": "0.84", "2014-12-31": "0.86", "2014-09-30": "0.84", "2014-06-30": "0.80", "2014-03-31": "0.83", "2013-12-31": "0.82", "2013-09-30": "0.83", "2013-06-30": "0.79", "2013-03-31": "0.75", "2012-12-31": "0.71", "2012-09-30": "0.72", "2012-06-30": "0.76", "2012-03-31": "0.77", "2011-12-31": "0.79", "2011-09-30": "0.79", "2011-06-30": "0.78", "2011-03-31": "0.77", "2010-12-31": "0.80", "2010-09-30": "0.82", "2010-06-30": "0.82", "2010-03-31": "0.81", "2009-12-31": "0.80", "2009-09-30": "0.80", "2009-06-30": "0.80", "2009-03-31": "0.81", "2008-12-31": "0.63", "2008-11-30": "0.00", "2008-08-31": "0.76", "2008-05-31": "0.76", "2008-02-29": "0.69", "2007-11-30": "0.71", "2007-08-31": "0.69", "2007-05-31": "0.70", "2007-02-28": "0.70", "2006-11-30": "0.71", "2006-08-31": "0.74", "2006-05-31": "0.73", "2006-02-28": "0.73", "2005-11-30": "0.69", "2005-08-31": "0.75", "2005-05-31": "0.73", "2005-02-28": "0.75"}, "quick ratio": {"2020-12-31": "0.00", "2020-09-30": "0.00", "2020-06-30": "0.00", "2020-03-31": "0.00", "2019-12-31": "0.00", "2019-09-30": "0.00", "2019-06-30": "0.00", "2019-03-31": "0.00", "2018-12-31": "0.00", "2018-09-30": "0.00", "2018-06-30": "0.00", "2018-03-31": "0.00", "2017-12-31": "0.00", "2017-09-30": "0.00", "2017-06-30": "0.00", "2017-03-31": "0.00", "2016-12-31": "0.00", "2016-09-30": "0.00", "2016-06-30": "0.00", "2016-03-31": "0.00", "2015-12-31": "0.00", "2015-09-30": "0.00", "2015-06-30": "0.00", "2015-03-31": "0.00", "2014-12-31": "0.00", "2014-09-30": "0.00", "2014-06-30": "0.00", "2014-03-31": "0.00", "2013-12-31": "0.00", "2013-09-30": "0.00", "2013-06-30": "0.00", "2013-03-31": "0.00", "2012-12-31": "0.00", "2012-09-30": "0.00", "2012-06-30": "0.00", "2012-03-31": "0.00", "2011-12-31": "0.00", "2011-09-30": "0.00", "2011-06-30": "0.00", "2011-03-31": "0.00", "2010-12-31": "0.00", "2010-09-30": "0.00", "2010-06-30": "0.00", "2010-03-31": "0.00", "2009-12-31": "0.00", "2009-09-30": "0.00", "2009-06-30": "0.00", "2009-03-31": "0.00", "2008-12-31": "0.00", "2008-11-30": "0.00", "2008-08-31": "0.00", "2008-05-31": "0.00", "2008-02-29": "0.00", "2007-11-30": "0.00", "2007-08-31": "0.00", "2007-05-31": "0.00", "2007-02-28": "0.00", "2006-11-30": "0.00", "2006-08-31": "0.00", "2006-05-31": "0.00", "2006-02-28": "0.00", "2005-11-30": "0.00", "2005-08-31": "0.00", "2005-05-31": "0.00", "2005-02-28": "0.00"}, "debt equity ratio": {"current": "2.22", "2020-12-31": "11.12", "2020-09-30": "11.22", "2020-06-30": "11.68", "2020-03-31": "10.80", "2019-12-31": "10.00", "2019-09-30": "9.95", "2019-06-30": "9.40", "2019-03-31": "9.25", "2018-12-31": "9.33", "2018-09-30": "10.03", "2018-06-30": "10.19", "2018-03-31": "10.65", "2017-12-31": "10.15", "2017-09-30": "9.78", "2017-06-30": "9.46", "2017-03-31": "9.29", "2016-12-31": "8.90", "2016-09-30": "9.10", "2016-06-30": "9.37", "2016-03-31": "9.11", "2015-12-31": "8.93", "2015-09-30": "9.04", "2015-06-30": "8.81", "2015-03-31": "9.17", "2014-12-31": "9.34", "2014-09-30": "9.56", "2014-06-30": "9.53", "2014-03-31": "10.58", "2013-12-31": "10.62", "2013-09-30": "10.90", "2013-06-30": "11.03", "2013-03-31": "11.42", "2012-12-31": "11.40", "2012-09-30": "11.88", "2012-06-30": "12.02", "2012-03-31": "12.27", "2011-12-31": "12.12", "2011-09-30": "12.54", "2011-06-30": "11.95", "2011-03-31": "11.88", "2010-12-31": "10.78", "2010-09-30": "11.01", "2010-06-30": "10.96", "2010-03-31": "11.07", "2009-12-31": "11.01", "2009-09-30": "12.50", "2009-06-30": "13.16", "2009-03-31": "13.56", "2008-12-31": "16.64", "2008-11-30": "0.00", "2008-08-31": "22.72", "2008-05-31": "23.28", "2008-02-29": "26.89", "2007-11-30": "25.16", "2007-08-31": "25.73", "2007-05-31": "23.53", "2007-02-28": "23.73", "2006-11-30": "22.42", "2006-08-31": "22.84", "2006-05-31": "24.12", "2006-02-28": "25.24", "2005-11-30": "24.24", "2005-08-31": "24.16", "2005-05-31": "22.66", "2005-02-28": "21.86"}, "return on equity": {"2020-12-31": "9.61%", "2020-09-30": "6.87%", "2020-06-30": "5.31%", "2020-03-31": "7.48%", "2019-12-31": "8.69%", "2019-09-30": "9.35%", "2019-06-30": "10.23%", "2019-03-31": "10.52%", "2018-12-31": "11.36%", "2018-09-30": "6.36%", "2018-06-30": "5.88%", "2018-03-31": "5.03%", "2017-12-31": "4.31%", "2017-09-30": "9.21%", "2017-06-30": "9.26%", "2017-03-31": "9.27%", "2016-12-31": "8.16%", "2016-09-30": "6.35%", "2016-06-30": "5.45%", "2016-03-31": "4.61%", "2015-12-31": "6.41%", "2015-09-30": "8.19%", "2015-06-30": "9.28%", "2015-03-31": "10.70%", "2014-12-31": "9.92%", "2014-09-30": "10.32%", "2014-06-30": "9.57%", "2014-03-31": "9.56%", "2013-12-31": "9.93%", "2013-09-30": "10.77%", "2013-06-30": "10.95%", "2013-03-31": "9.89%", "2012-12-31": "9.92%", "2012-09-30": "7.54%", "2012-06-30": "4.98%", "2012-03-31": "5.17%", "2011-12-31": "3.52%", "2011-09-30": "5.14%", "2011-06-30": "7.96%", "2011-03-31": "7.12%", "2010-12-31": "10.29%", "2010-09-30": "14.02%", "2010-06-30": "16.35%", "2010-03-31": "20.35%", "2009-12-31": "18.58%", "2009-03-31": "5.73%", "2008-08-31": "17.05%", "2008-05-31": "22.41%", "2008-02-29": "23.87%", "2007-11-30": "29.01%", "2007-08-31": "30.20%", "2007-05-31": "27.92%", "2007-02-28": "29.26%", "2006-11-30": "28.92%", "2006-08-31": "25.92%", "2006-05-31": "27.65%", "2006-02-28": "23.84%", "2005-11-30": "20.95%"}, "return on assets": {"2020-12-31": "0.79%", "2020-09-30": "0.58%", "2020-06-30": "0.46%", "2020-03-31": "0.68%", "2019-12-31": "0.82%", "2019-09-30": "0.89%", "2019-06-30": "0.97%", "2019-03-31": "0.98%", "2018-12-31": "1.03%", "2018-09-30": "0.57%", "2018-06-30": "0.53%", "2018-03-31": "0.46%", "2017-12-31": "0.40%", "2017-09-30": "0.89%", "2017-06-30": "0.91%", "2017-03-31": "0.91%", "2016-12-31": "0.81%", "2016-09-30": "0.63%", "2016-06-30": "0.54%", "2016-03-31": "0.46%", "2015-12-31": "0.64%", "2015-09-30": "0.81%", "2015-06-30": "0.91%", "2015-03-31": "1.03%", "2014-12-31": "0.92%", "2014-09-30": "0.93%", "2014-06-30": "0.84%", "2014-03-31": "0.81%", "2013-12-31": "0.83%", "2013-09-30": "0.88%", "2013-06-30": "0.88%", "2013-03-31": "0.78%", "2012-12-31": "0.77%", "2012-09-30": "0.58%", "2012-06-30": "0.38%", "2012-03-31": "0.39%", "2011-12-31": "0.27%", "2011-09-30": "0.40%", "2011-06-30": "0.64%", "2011-03-31": "0.59%", "2010-12-31": "0.86%", "2010-09-30": "1.17%", "2010-06-30": "1.32%", "2010-03-31": "1.58%", "2009-12-31": "1.38%", "2009-03-31": "0.32%", "2008-08-31": "0.67%", "2008-05-31": "0.85%", "2008-02-29": "0.91%", "2007-11-30": "1.13%", "2007-08-31": "1.21%", "2007-05-31": "1.16%", "2007-02-28": "1.21%", "2006-11-30": "1.18%", "2006-08-31": "1.03%", "2006-05-31": "1.09%", "2006-02-28": "0.95%", "2005-11-30": "0.86%"}, "return on investments": {"2020-12-31": "4.01%", "2020-09-30": "3.00%", "2020-06-30": "2.39%", "2020-03-31": "2.98%", "2019-12-31": "3.43%", "2019-09-30": "3.51%", "2019-06-30": "3.70%", "2019-03-31": "3.74%", "2018-12-31": "3.98%", "2018-09-30": "4.16%", "2018-06-30": "4.18%", "2018-03-31": "4.01%", "2017-12-31": "3.79%", "2017-09-30": "3.97%", "2017-06-30": "4.00%", "2017-03-31": "4.06%", "2016-12-31": "3.78%", "2016-09-30": "2.96%", "2016-06-30": "2.69%", "2016-03-31": "2.44%", "2015-12-31": "3.40%", "2015-09-30": "4.28%", "2015-06-30": "4.85%", "2015-03-31": "5.33%", "2014-12-31": "4.99%", "2014-09-30": "5.18%", "2014-06-30": "4.73%", "2014-03-31": "4.70%", "2013-12-31": "4.84%", "2013-09-30": "5.14%", "2013-06-30": "5.21%", "2013-03-31": "4.71%", "2012-12-31": "4.63%", "2012-09-30": "3.36%", "2012-06-30": "2.10%", "2012-03-31": "2.17%", "2011-12-31": "2.51%", "2011-09-30": "3.39%", "2011-06-30": "4.74%", "2011-03-31": "4.66%", "2010-12-31": "5.06%", "2010-09-30": "6.57%", "2010-06-30": "7.39%", "2010-03-31": "8.78%", "2009-12-31": "7.80%", "2009-03-31": "1.99%", "2008-08-31": "5.01%", "2008-05-31": "6.75%", "2008-02-29": "7.45%", "2007-11-30": "9.43%", "2007-08-31": "10.04%", "2007-05-31": "9.32%", "2007-02-28": "9.70%", "2006-11-30": "9.36%", "2006-08-31": "8.37%", "2006-05-31": "8.94%", "2006-02-28": "7.77%", "2005-11-30": "6.84%"}, "return on tangible equity": {"2020-09-30": "6.87%", "2020-06-30": "5.31%", "2020-03-31": "7.48%", "2019-12-31": "8.69%", "2019-09-30": "9.35%", "2019-06-30": "10.23%", "2019-03-31": "10.52%", "2018-12-31": "11.36%", "2018-09-30": "6.36%", "2018-06-30": "5.88%", "2018-03-31": "5.03%", "2017-12-31": "4.31%", "2017-09-30": "9.21%", "2017-06-30": "9.26%", "2017-03-31": "9.27%", "2016-12-31": "8.16%", "2016-09-30": "6.35%", "2016-06-30": "5.45%", "2016-03-31": "4.61%", "2015-12-31": "6.41%", "2015-09-30": "8.19%", "2015-06-30": "9.28%", "2015-03-31": "10.70%", "2014-12-31": "9.92%", "2014-09-30": "10.32%", "2014-06-30": "9.57%", "2014-03-31": "9.56%", "2013-12-31": "9.93%", "2013-09-30": "10.77%", "2013-06-30": "10.95%", "2013-03-31": "9.89%", "2012-12-31": "9.92%", "2012-09-30": "7.54%", "2012-06-30": "4.98%", "2012-03-31": "5.17%", "2011-12-31": "3.52%", "2011-09-30": "5.14%", "2011-06-30": "7.96%", "2011-03-31": "7.12%", "2010-12-31": "10.29%", "2010-09-30": "14.02%", "2010-06-30": "16.35%", "2010-03-31": "20.35%", "2009-12-31": "18.58%", "2009-03-31": "5.73%", "2008-08-31": "17.05%", "2008-05-31": "22.41%", "2008-02-29": "23.87%", "2007-11-30": "29.01%", "2007-08-31": "30.20%", "2007-05-31": "27.92%", "2007-02-28": "29.26%", "2006-11-30": "28.92%", "2006-08-31": "25.92%", "2006-05-31": "27.65%", "2006-02-28": "23.84%", "2005-11-30": "20.95%"}, "dividend yield history": {"last payout": "$5.00", "last yield": "1.70%"}}