{"ticker": "GT", "price": {"title": "Goodyear Tire & Rubber Historical Annual Stock Price Data", "value": 12.56, "historical": {"2021": {"Average Stock Price": "11.2500", "Year Open": "10.1700", "Year High": "12.5600", "Year Low": "10.1700", "Year Close": "12.5600", "Annual % Change": "15.12%"}, "2020": {"Average Stock Price": "9.4608", "Year Open": "15.3800", "Year High": "15.3800", "Year Low": "4.5700", "Year Close": "10.9100", "Annual % Change": "-29.86%"}, "2019": {"Average Stock Price": "16.2828", "Year Open": "20.6700", "Year High": "21.8500", "Year Low": "10.9200", "Year Close": "15.5550", "Annual % Change": "-23.79%"}, "2018": {"Average Stock Price": "25.4019", "Year Open": "32.3200", "Year High": "35.7600", "Year Low": "19.3000", "Year Close": "20.4100", "Annual % Change": "-36.83%"}, "2017": {"Average Stock Price": "33.1598", "Year Open": "31.1900", "Year High": "36.8800", "Year Low": "29.0600", "Year Close": "32.3100", "Annual % Change": "4.66%"}, "2016": {"Average Stock Price": "29.7003", "Year Open": "32.0100", "Year High": "33.2100", "Year Low": "24.5300", "Year Close": "30.8700", "Annual % Change": "-5.51%"}, "2015": {"Average Stock Price": "29.7084", "Year Open": "28.3400", "Year High": "35.0000", "Year Low": "23.9700", "Year Close": "32.6700", "Annual % Change": "14.35%"}, "2014": {"Average Stock Price": "25.4987", "Year Open": "23.5300", "Year High": "28.6600", "Year Low": "19.6300", "Year Close": "28.5700", "Annual % Change": "19.79%"}, "2013": {"Average Stock Price": "17.1712", "Year Open": "14.0100", "Year High": "23.8500", "Year Low": "11.9500", "Year Close": "23.8500", "Annual % Change": "72.70%"}, "2012": {"Average Stock Price": "11.9750", "Year Open": "14.5700", "Year High": "15.2800", "Year Low": "9.4400", "Year Close": "13.8100", "Annual % Change": "-2.54%"}, "2011": {"Average Stock Price": "14.1252", "Year Open": "12.2400", "Year High": "18.7200", "Year Low": "9.3700", "Year Close": "14.1700", "Annual % Change": "19.58%"}, "2010": {"Average Stock Price": "11.9537", "Year Open": "14.7900", "Year High": "15.9400", "Year Low": "9.2400", "Year Close": "11.8500", "Annual % Change": "-15.96%"}, "2009": {"Average Stock Price": "11.9793", "Year Open": "6.5100", "Year High": "18.3200", "Year Low": "3.5100", "Year Close": "14.1000", "Annual % Change": "136.18%"}, "2008": {"Average Stock Price": "19.3268", "Year Open": "26.8200", "Year High": "29.3100", "Year Low": "4.1800", "Year Close": "5.9700", "Annual % Change": "-78.84%"}, "2007": {"Average Stock Price": "29.5850", "Year Open": "22.8000", "Year High": "36.6300", "Year Low": "22.6700", "Year Close": "28.2200", "Annual % Change": "34.44%"}, "2006": {"Average Stock Price": "14.3544", "Year Open": "17.8600", "Year High": "20.9900", "Year Low": "9.8600", "Year Close": "20.9900", "Annual % Change": "20.77%"}, "2005": {"Average Stock Price": "15.0759", "Year Open": "14.9000", "Year High": "18.4900", "Year Low": "11.3800", "Year Close": "17.3800", "Annual % Change": "18.55%"}, "2004": {"Average Stock Price": "10.0125", "Year Open": "7.8600", "Year High": "15.0100", "Year Low": "7.0900", "Year Close": "14.6600", "Annual % Change": "86.51%"}, "2003": {"Average Stock Price": "6.1181", "Year Open": "7.0200", "Year High": "8.1000", "Year Low": "3.5700", "Year Close": "7.8600", "Annual % Change": "15.42%"}, "2002": {"Average Stock Price": "17.0574", "Year Open": "23.9400", "Year High": "28.3100", "Year Low": "6.6000", "Year Close": "6.8100", "Annual % Change": "-71.40%"}, "2001": {"Average Stock Price": "24.5547", "Year Open": "22.7200", "Year High": "31.6400", "Year Low": "17.7200", "Year Close": "23.8100", "Annual % Change": "3.57%"}, "2000": {"Average Stock Price": "22.5710", "Year Open": "27.1900", "Year High": "29.8800", "Year Low": "15.6000", "Year Close": "22.9900", "Annual % Change": "-18.07%"}, "1999": {"Average Stock Price": "50.0452", "Year Open": "52.2500", "Year High": "66.7500", "Year Low": "25.5000", "Year Close": "28.0600", "Annual % Change": "-44.37%"}, "1998": {"Average Stock Price": "61.2900", "Year Open": "62.3100", "Year High": "75.7500", "Year Low": "46.3100", "Year Close": "50.4400", "Annual % Change": "-20.73%"}, "1997": {"Average Stock Price": "59.6777", "Year Open": "51.0000", "Year High": "70.5000", "Year Low": "50.1300", "Year Close": "63.6300", "Annual % Change": "23.84%"}, "1996": {"Average Stock Price": "48.1689", "Year Open": "44.8800", "Year High": "53.0000", "Year Low": "41.8750", "Year Close": "51.3800", "Annual % Change": "13.22%"}, "1995": {"Average Stock Price": "39.7475", "Year Open": "33.7500", "Year High": "45.3800", "Year Low": "33.7500", "Year Close": "45.3800", "Annual % Change": "34.94%"}, "1994": {"Average Stock Price": "38.2381", "Year Open": "44.3800", "Year High": "49.1300", "Year Low": "31.8800", "Year Close": "33.6300", "Annual % Change": "-26.49%"}, "1993": {"Average Stock Price": "40.2374", "Year Open": "34.0000", "Year High": "47.0000", "Year Low": "32.6250", "Year Close": "45.7500", "Annual % Change": "33.81%"}, "1992": {"Average Stock Price": "32.9558", "Year Open": "26.6250", "Year High": "37.6900", "Year Low": "26.6250", "Year Close": "34.1900", "Annual % Change": "27.81%"}, "1991": {"Average Stock Price": "16.6622", "Year Open": "9.5000", "Year High": "26.8750", "Year Low": "8.6250", "Year Close": "26.7500", "Annual % Change": "183.37%"}, "1990": {"Average Stock Price": "14.0774", "Year Open": "22.6900", "Year High": "23.0000", "Year Low": "6.7500", "Year Close": "9.4400", "Annual % Change": "-56.60%"}, "1989": {"Average Stock Price": "25.2700", "Year Open": "25.3750", "Year High": "28.8100", "Year Low": "21.3750", "Year Close": "21.7500", "Annual % Change": "-14.91%"}, "1988": {"Average Stock Price": "29.2405", "Year Open": "31.3750", "Year High": "33.6900", "Year Low": "23.5600", "Year Close": "25.5600", "Annual % Change": "-14.80%"}, "1987": {"Average Stock Price": "30.0672", "Year Open": "21.4400", "Year High": "38.0000", "Year Low": "20.8100", "Year Close": "30.0000", "Annual % Change": "43.27%"}, "1986": {"Average Stock Price": "17.5274", "Year Open": "15.5000", "Year High": "24.6250", "Year Low": "14.6900", "Year Close": "20.9400", "Annual % Change": "34.02%"}, "1985": {"Average Stock Price": "13.9840", "Year Open": "12.8750", "Year High": "15.6250", "Year Low": "12.8750", "Year Close": "15.6250", "Annual % Change": "20.19%"}, "1984": {"Average Stock Price": "13.1315", "Year Open": "15.3750", "Year High": "15.6250", "Year Low": "11.5000", "Year Close": "13.0000", "Annual % Change": "-14.42%"}, "1983": {"Average Stock Price": "15.6158", "Year Open": "17.3750", "Year High": "18.1900", "Year Low": "13.5000", "Year Close": "15.1900", "Annual % Change": "-13.20%"}, "1982": {"Average Stock Price": "12.3210", "Year Open": "9.4400", "Year High": "18.3100", "Year Low": "9.0000", "Year Close": "17.5000", "Annual % Change": "84.21%"}, "1981": {"Average Stock Price": "9.1908", "Year Open": "8.6900", "Year High": "10.0600", "Year Low": "8.0000", "Year Close": "9.5000", "Annual % Change": "18.75%"}, "1980": {"Average Stock Price": "7.1571", "Year Open": "6.4400", "Year High": "9.0600", "Year Low": "5.4400", "Year Close": "8.0000", "Annual % Change": "24.22%"}, "1979": {"Average Stock Price": "7.8492", "Year Open": "8.1250", "Year High": "9.4400", "Year Low": "6.0000", "Year Close": "6.4400", "Annual % Change": "-20.10%"}, "1978": {"Average Stock Price": "8.4425", "Year Open": "8.6900", "Year High": "9.2500", "Year Low": "7.6900", "Year Close": "8.0600", "Annual % Change": "-6.55%"}, "1977": {"Average Stock Price": "9.9188", "Year Open": "11.8750", "Year High": "11.8750", "Year Low": "8.3750", "Year Close": "8.6250", "Annual % Change": "-27.37%"}, "1976": {"Average Stock Price": "11.3058", "Year Open": "11.0600", "Year High": "12.5000", "Year Low": "10.1250", "Year Close": "11.8750", "Annual % Change": "9.20%"}, "1975": {"Average Stock Price": "9.2460", "Year Open": "6.6900", "Year High": "11.5000", "Year Low": "6.6900", "Year Close": "10.8750", "Annual % Change": "68.87%"}, "1974": {"Average Stock Price": "7.7362", "Year Open": "7.8100", "Year High": "9.0600", "Year Low": "6.0000", "Year Close": "6.4400", "Annual % Change": "-15.54%"}, "1973": {"Average Stock Price": "11.8589", "Year Open": "15.5600", "Year High": "15.6250", "Year Low": "6.4400", "Year Close": "7.6250", "Annual % Change": "-51.59%"}, "1972": {"Average Stock Price": "15.0733", "Year Open": "15.6250", "Year High": "16.5600", "Year Low": "13.5000", "Year Close": "15.7500", "Annual % Change": "-1.19%"}, "1971": {"Average Stock Price": "15.8069", "Year Open": "15.6250", "Year High": "17.5000", "Year Low": "13.8100", "Year Close": "15.9400", "Annual % Change": "0.41%"}}}, "market cap": {"value": "$2.93B"}, "income statement": {"Revenue": {"2019-12-31": "14745.00000", "2018-12-31": "15475.00000", "2017-12-31": "15377.00000", "2016-12-31": "15158.00000", "2015-12-31": "16443.00000", "2014-12-31": "18138.00000", "2013-12-31": "19540.00000", "2012-12-31": "20992.00000", "2011-12-31": "22767.00000", "2010-12-31": "18832.00000", "2009-12-31": "16301.00000", "2008-12-31": "19488.00000", "2007-12-31": "19644.00000", "2006-12-31": "18751.00000", "2005-12-31": "18098.00000"}, "Cost Of Goods Sold": {"2019-12-31": "11602.00000", "2018-12-31": "11961.00000", "2017-12-31": "11680.00000", "2016-12-31": "10935.00000", "2015-12-31": "12164.00000", "2014-12-31": "13906.00000", "2013-12-31": "15422.00000", "2012-12-31": "17163.00000", "2011-12-31": "18821.00000", "2010-12-31": "15452.00000", "2009-12-31": "13676.00000", "2008-12-31": "16139.00000", "2007-12-31": "15911.00000", "2006-12-31": "15726.00000", "2005-12-31": "14535.00000"}, "Gross Profit": {"2019-12-31": "3143.00000", "2018-12-31": "3514.00000", "2017-12-31": "3697.00000", "2016-12-31": "4223.00000", "2015-12-31": "4279.00000", "2014-12-31": "4232.00000", "2013-12-31": "4118.00000", "2012-12-31": "3829.00000", "2011-12-31": "3946.00000", "2010-12-31": "3380.00000", "2009-12-31": "2625.00000", "2008-12-31": "3349.00000", "2007-12-31": "3733.00000", "2006-12-31": "3025.00000", "2005-12-31": "3563.00000"}, "Research And Development Expenses": {"2019-12-31": "", "2018-12-31": "", "2017-12-31": "", "2016-12-31": "", "2015-12-31": "", "2014-12-31": "", "2013-12-31": "", "2012-12-31": "", "2011-12-31": "", "2010-12-31": "", "2009-12-31": "", "2008-12-31": "", "2007-12-31": "", "2006-12-31": "", "2005-12-31": ""}, "SG&A Expenses": {"2019-12-31": "2323.00000", "2018-12-31": "2312.00000", "2017-12-31": "2279.00000", "2016-12-31": "2409.00000", "2015-12-31": "2614.00000", "2014-12-31": "2720.00000", "2013-12-31": "2758.00000", "2012-12-31": "2718.00000", "2011-12-31": "2822.00000", "2010-12-31": "2630.00000", "2009-12-31": "2404.00000", "2008-12-31": "2600.00000", "2007-12-31": "2762.00000", "2006-12-31": "2546.00000", "2005-12-31": "2634.00000"}, "Other Operating Income Or Expenses": {"2019-12-31": "", "2018-12-31": "", "2017-12-31": "", "2016-12-31": "", "2015-12-31": "", "2014-12-31": "", "2013-12-31": "", "2012-12-31": "", "2011-12-31": "", "2010-12-31": "", "2009-12-31": "", "2008-12-31": "", "2007-12-31": "", "2006-12-31": "", "2005-12-31": ""}, "Operating Expenses": {"2019-12-31": "13925.00000", "2018-12-31": "14273.00000", "2017-12-31": "13959.00000", "2016-12-31": "13344.00000", "2015-12-31": "14778.00000", "2014-12-31": "16626.00000", "2013-12-31": "18180.00000", "2012-12-31": "19881.00000", "2011-12-31": "21643.00000", "2010-12-31": "18082.00000", "2009-12-31": "16080.00000", "2008-12-31": "18739.00000", "2007-12-31": "18673.00000", "2006-12-31": "18272.00000", "2005-12-31": "17169.00000"}, "Operating Income": {"2019-12-31": "820.00000", "2018-12-31": "1202.00000", "2017-12-31": "1418.00000", "2016-12-31": "1814.00000", "2015-12-31": "1665.00000", "2014-12-31": "1512.00000", "2013-12-31": "1360.00000", "2012-12-31": "1111.00000", "2011-12-31": "1124.00000", "2010-12-31": "750.00000", "2009-12-31": "221.00000", "2008-12-31": "749.00000", "2007-12-31": "971.00000", "2006-12-31": "479.00000", "2005-12-31": "929.00000"}, "Total Non-Operating Income/Expense": {"2019-12-31": "-643.00000", "2018-12-31": "-191.00000", "2017-12-31": "-540.00000", "2016-12-31": "-607.00000", "2015-12-31": "-1057.00000", "2014-12-31": "-825.00000", "2013-12-31": "-547.00000", "2012-12-31": "-671.00000", "2011-12-31": "-506.00000", "2010-12-31": "-742.00000", "2009-12-31": "-578.00000", "2008-12-31": "-563.00000", "2007-12-31": "-526.00000", "2006-12-31": "-681.00000", "2005-12-31": "-477.00000"}, "Pre-Tax Income": {"2019-12-31": "177.00000", "2018-12-31": "1011.00000", "2017-12-31": "878.00000", "2016-12-31": "1207.00000", "2015-12-31": "608.00000", "2014-12-31": "687.00000", "2013-12-31": "813.00000", "2012-12-31": "440.00000", "2011-12-31": "618.00000", "2010-12-31": "8.00000", "2009-12-31": "-357.00000", "2008-12-31": "186.00000", "2007-12-31": "445.00000", "2006-12-31": "-202.00000", "2005-12-31": "452.00000"}, "Income Taxes": {"2019-12-31": "474.00000", "2018-12-31": "303.00000", "2017-12-31": "513.00000", "2016-12-31": "-77.00000", "2015-12-31": "232.00000", "2014-12-31": "-1834.00000", "2013-12-31": "138.00000", "2012-12-31": "203.00000", "2011-12-31": "201.00000", "2010-12-31": "172.00000", "2009-12-31": "7.00000", "2008-12-31": "209.00000", "2007-12-31": "255.00000", "2006-12-31": "60.00000", "2005-12-31": "233.00000"}, "Income After Taxes": {"2019-12-31": "-297.00000", "2018-12-31": "708.00000", "2017-12-31": "365.00000", "2016-12-31": "1284.00000", "2015-12-31": "376.00000", "2014-12-31": "2521.00000", "2013-12-31": "675.00000", "2012-12-31": "237.00000", "2011-12-31": "417.00000", "2010-12-31": "-164.00000", "2009-12-31": "-364.00000", "2008-12-31": "-23.00000", "2007-12-31": "190.00000", "2006-12-31": "-262.00000", "2005-12-31": "219.00000"}, "Other Income": {"2019-12-31": "", "2018-12-31": "", "2017-12-31": "", "2016-12-31": "", "2015-12-31": "", "2014-12-31": "", "2013-12-31": "", "2012-12-31": "", "2011-12-31": "", "2010-12-31": "", "2009-12-31": "", "2008-12-31": "", "2007-12-31": "", "2006-12-31": "", "2005-12-31": ""}, "Income From Continuous Operations": {"2019-12-31": "-297.00000", "2018-12-31": "708.00000", "2017-12-31": "365.00000", "2016-12-31": "1284.00000", "2015-12-31": "376.00000", "2014-12-31": "2521.00000", "2013-12-31": "675.00000", "2012-12-31": "237.00000", "2011-12-31": "417.00000", "2010-12-31": "-164.00000", "2009-12-31": "-364.00000", "2008-12-31": "-23.00000", "2007-12-31": "190.00000", "2006-12-31": "-373.00000", "2005-12-31": "124.00000"}, "Income From Discontinued Operations": {"2019-12-31": "", "2018-12-31": "", "2017-12-31": "", "2016-12-31": "", "2015-12-31": "", "2014-12-31": "", "2013-12-31": "", "2012-12-31": "", "2011-12-31": "", "2010-12-31": "", "2009-12-31": "", "2008-12-31": "", "2007-12-31": "463.00000", "2006-12-31": "43.00000", "2005-12-31": "115.00000"}, "Net Income": {"2019-12-31": "-311.00000", "2018-12-31": "693.00000", "2017-12-31": "346.00000", "2016-12-31": "1264.00000", "2015-12-31": "307.00000", "2014-12-31": "2445.00000", "2013-12-31": "600.00000", "2012-12-31": "183.00000", "2011-12-31": "321.00000", "2010-12-31": "-216.00000", "2009-12-31": "-375.00000", "2008-12-31": "-77.00000", "2007-12-31": "583.00000", "2006-12-31": "-330.00000", "2005-12-31": "228.00000"}, "EBITDA": {"2019-12-31": "1630.00000", "2018-12-31": "1995.00000", "2017-12-31": "2220.00000", "2016-12-31": "2570.00000", "2015-12-31": "2386.00000", "2014-12-31": "2258.00000", "2013-12-31": "2100.00000", "2012-12-31": "1865.00000", "2011-12-31": "1873.00000", "2010-12-31": "1429.00000", "2009-12-31": "877.00000", "2008-12-31": "1435.00000", "2007-12-31": "1632.00000", "2006-12-31": "1135.00000", "2005-12-31": "1598.00000"}, "EBIT": {"2019-12-31": "820.00000", "2018-12-31": "1202.00000", "2017-12-31": "1418.00000", "2016-12-31": "1814.00000", "2015-12-31": "1665.00000", "2014-12-31": "1512.00000", "2013-12-31": "1360.00000", "2012-12-31": "1111.00000", "2011-12-31": "1124.00000", "2010-12-31": "750.00000", "2009-12-31": "221.00000", "2008-12-31": "749.00000", "2007-12-31": "971.00000", "2006-12-31": "479.00000", "2005-12-31": "929.00000"}, "Basic Shares Outstanding": {"2019-12-31": "233.00000", "2018-12-31": "237.00000", "2017-12-31": "249.00000", "2016-12-31": "263.00000", "2015-12-31": "269.00000", "2014-12-31": "268.00000", "2013-12-31": "246.00000", "2012-12-31": "245.00000", "2011-12-31": "244.00000", "2010-12-31": "242.00000", "2009-12-31": "241.00000", "2008-12-31": "241.00000", "2007-12-31": "201.00000", "2006-12-31": "177.00000", "2005-12-31": "176.00000"}, "Shares Outstanding": {"2019-12-31": "233.00000", "2018-12-31": "239.00000", "2017-12-31": "253.00000", "2016-12-31": "266.00000", "2015-12-31": "273.00000", "2014-12-31": "279.00000", "2013-12-31": "277.00000", "2012-12-31": "247.00000", "2011-12-31": "271.00000", "2010-12-31": "242.00000", "2009-12-31": "241.00000", "2008-12-31": "241.00000", "2007-12-31": "205.00000", "2006-12-31": "177.00000", "2005-12-31": "209.00000"}, "Basic EPS": {"2019-12-31": "-1.33000", "2018-12-31": "2.92000", "2017-12-31": "1.39000", "2016-12-31": "4.81000", "2015-12-31": "1.14000", "2014-12-31": "9.13000", "2013-12-31": "2.44000", "2012-12-31": "0.75000", "2011-12-31": "1.32000", "2010-12-31": "-0.89000", "2009-12-31": "-1.55000", "2008-12-31": "-0.32000", "2007-12-31": "2.90000", "2006-12-31": "-1.86000", "2005-12-31": "1.30000"}, "EPS - Earnings Per Share": {"2019-12-31": "-1.33000", "2018-12-31": "2.89000", "2017-12-31": "1.37000", "2016-12-31": "4.74000", "2015-12-31": "1.12000", "2014-12-31": "8.78000", "2013-12-31": "2.28000", "2012-12-31": "0.74000", "2011-12-31": "1.26000", "2010-12-31": "-0.89000", "2009-12-31": "-1.55000", "2008-12-31": "-0.32000", "2007-12-31": "2.84000", "2006-12-31": "-1.86000", "2005-12-31": "1.16000"}}, "income statement, quarterly": {"Revenue": {"2020-09-30": "3465.00000", "2020-06-30": "2144.00000", "2020-03-31": "3056.00000", "2019-12-31": "3713.00000", "2019-09-30": "3802.00000", "2019-06-30": "3632.00000", "2019-03-31": "3598.00000", "2018-12-31": "3876.00000", "2018-09-30": "3928.00000", "2018-06-30": "3841.00000", "2018-03-31": "3830.00000", "2017-12-31": "4071.00000", "2017-09-30": "3921.00000", "2017-06-30": "3686.00000", "2017-03-31": "3699.00000", "2016-12-31": "3741.00000", "2016-09-30": "3847.00000", "2016-06-30": "3879.00000", "2016-03-31": "3691.00000", "2015-12-31": "4063.00000", "2015-09-30": "4184.00000", "2015-06-30": "4172.00000", "2015-03-31": "4024.00000", "2014-12-31": "4356.00000", "2014-09-30": "4657.00000", "2014-06-30": "4656.00000", "2014-03-31": "4469.00000", "2013-12-31": "4791.00000", "2013-09-30": "5002.00000", "2013-06-30": "4894.00000", "2013-03-31": "4853.00000", "2012-12-31": "5045.00000", "2012-09-30": "5264.00000", "2012-06-30": "5150.00000", "2012-03-31": "5533.00000", "2011-12-31": "5683.00000", "2011-09-30": "6062.00000", "2011-06-30": "5620.00000", "2011-03-31": "5402.00000", "2010-12-31": "5072.00000", "2010-09-30": "4962.00000", "2010-06-30": "4528.00000", "2010-03-31": "4270.00000", "2009-12-31": "4437.00000", "2009-09-30": "4385.00000", "2009-06-30": "3943.00000", "2009-03-31": "3536.00000", "2008-12-31": "4135.00000", "2008-09-30": "5172.00000", "2008-06-30": "5239.00000", "2008-03-31": "4942.00000", "2007-12-31": "5160.00000", "2007-09-30": "5064.00000", "2007-06-30": "4921.00000", "2007-03-31": "4499.00000", "2006-12-31": "4638.00000", "2006-09-30": "4913.00000", "2006-06-30": "4738.00000", "2006-03-31": "4462.00000", "2005-12-31": "3309.00000", "2005-09-30": "5030.00000", "2005-06-30": "4992.00000", "2005-03-31": "4767.00000"}, "Cost Of Goods Sold": {"2020-09-30": "2775.00000", "2020-06-30": "2216.00000", "2020-03-31": "2552.00000", "2019-12-31": "2903.00000", "2019-09-30": "2965.00000", "2019-06-30": "2855.00000", "2019-03-31": "2879.00000", "2018-12-31": "3008.00000", "2018-09-30": "3028.00000", "2018-06-30": "2949.00000", "2018-03-31": "2976.00000", "2017-12-31": "3081.00000", "2017-09-30": "3054.00000", "2017-06-30": "2785.00000", "2017-03-31": "2760.00000", "2016-12-31": "2685.00000", "2016-09-30": "2736.00000", "2016-06-30": "2813.00000", "2016-03-31": "2701.00000", "2015-12-31": "3071.00000", "2015-09-30": "3000.00000", "2015-06-30": "3027.00000", "2015-03-31": "3066.00000", "2014-12-31": "3340.00000", "2014-09-30": "3516.00000", "2014-06-30": "3532.00000", "2014-03-31": "3518.00000", "2013-12-31": "3690.00000", "2013-09-30": "3946.00000", "2013-06-30": "3846.00000", "2013-03-31": "3940.00000", "2012-12-31": "4100.00000", "2012-09-30": "4315.00000", "2012-06-30": "4141.00000", "2012-03-31": "4607.00000", "2011-12-31": "4815.00000", "2011-09-30": "4973.00000", "2011-06-30": "4572.00000", "2011-03-31": "4461.00000", "2010-12-31": "4190.00000", "2010-09-30": "4120.00000", "2010-06-30": "3686.00000", "2010-03-31": "3456.00000", "2009-12-31": "3581.00000", "2009-09-30": "3523.00000", "2009-06-30": "3353.00000", "2009-03-31": "3219.00000", "2008-12-31": "3666.00000", "2008-09-30": "4316.00000", "2008-06-30": "4196.00000", "2008-03-31": "3961.00000", "2007-12-31": "4152.00000", "2007-09-30": "4051.00000", "2007-06-30": "3967.00000", "2007-03-31": "3741.00000", "2006-12-31": "4106.00000", "2006-09-30": "4060.00000", "2006-06-30": "3952.00000", "2006-03-31": "3608.00000", "2005-12-31": "2763.00000", "2005-09-30": "4008.00000", "2005-06-30": "3945.00000", "2005-03-31": "3819.00000"}, "Gross Profit": {"2020-09-30": "690.00000", "2020-06-30": "-72.00000", "2020-03-31": "504.00000", "2019-12-31": "810.00000", "2019-09-30": "837.00000", "2019-06-30": "777.00000", "2019-03-31": "719.00000", "2018-12-31": "868.00000", "2018-09-30": "900.00000", "2018-06-30": "892.00000", "2018-03-31": "854.00000", "2017-12-31": "990.00000", "2017-09-30": "867.00000", "2017-06-30": "901.00000", "2017-03-31": "939.00000", "2016-12-31": "1056.00000", "2016-09-30": "1111.00000", "2016-06-30": "1066.00000", "2016-03-31": "990.00000", "2015-12-31": "992.00000", "2015-09-30": "1184.00000", "2015-06-30": "1145.00000", "2015-03-31": "958.00000", "2014-12-31": "1016.00000", "2014-09-30": "1141.00000", "2014-06-30": "1124.00000", "2014-03-31": "951.00000", "2013-12-31": "1101.00000", "2013-09-30": "1056.00000", "2013-06-30": "1048.00000", "2013-03-31": "913.00000", "2012-12-31": "945.00000", "2012-09-30": "949.00000", "2012-06-30": "1009.00000", "2012-03-31": "926.00000", "2011-12-31": "868.00000", "2011-09-30": "1089.00000", "2011-06-30": "1048.00000", "2011-03-31": "941.00000", "2010-12-31": "882.00000", "2010-09-30": "842.00000", "2010-06-30": "842.00000", "2010-03-31": "814.00000", "2009-12-31": "856.00000", "2009-09-30": "862.00000", "2009-06-30": "590.00000", "2009-03-31": "317.00000", "2008-12-31": "469.00000", "2008-09-30": "856.00000", "2008-06-30": "1043.00000", "2008-03-31": "981.00000", "2007-12-31": "1008.00000", "2007-09-30": "1013.00000", "2007-06-30": "954.00000", "2007-03-31": "758.00000", "2006-12-31": "532.00000", "2006-09-30": "853.00000", "2006-06-30": "786.00000", "2006-03-31": "854.00000", "2005-12-31": "546.00000", "2005-09-30": "1022.00000", "2005-06-30": "1047.00000", "2005-03-31": "948.00000"}, "Research And Development Expenses": {"2020-09-30": "", "2020-06-30": "", "2020-03-31": "", "2019-12-31": "", "2019-09-30": "", "2019-06-30": "", "2019-03-31": "", "2018-12-31": "", "2018-09-30": "", "2018-06-30": "", "2018-03-31": "", "2017-12-31": "", "2017-09-30": "", "2017-06-30": "", "2017-03-31": "", "2016-12-31": "", "2016-09-30": "", "2016-06-30": "", "2016-03-31": "", "2015-12-31": "", "2015-09-30": "", "2015-06-30": "", "2015-03-31": "", "2014-12-31": "", "2014-09-30": "", "2014-06-30": "", "2014-03-31": "", "2013-12-31": "", "2013-09-30": "", "2013-06-30": "", "2013-03-31": "", "2012-12-31": "", "2012-09-30": "", "2012-06-30": "", "2012-03-31": "", "2011-12-31": "", "2011-09-30": "", "2011-06-30": "", "2011-03-31": "", "2010-12-31": "", "2010-09-30": "", "2010-06-30": "", "2010-03-31": "", "2009-12-31": "", "2009-09-30": "", "2009-06-30": "", "2009-03-31": "", "2008-12-31": "", "2008-09-30": "", "2008-06-30": "", "2008-03-31": "", "2007-12-31": "", "2007-09-30": "", "2007-06-30": "", "2007-03-31": "", "2006-12-31": "", "2006-09-30": "", "2006-06-30": "", "2006-03-31": "", "2005-12-31": "", "2005-09-30": "", "2005-06-30": "", "2005-03-31": ""}, "SG&A Expenses": {"2020-09-30": "555.00000", "2020-06-30": "451.00000", "2020-03-31": "581.00000", "2019-12-31": "618.00000", "2019-09-30": "572.00000", "2019-06-30": "586.00000", "2019-03-31": "547.00000", "2018-12-31": "580.00000", "2018-09-30": "553.00000", "2018-06-30": "588.00000", "2018-03-31": "591.00000", "2017-12-31": "579.00000", "2017-09-30": "545.00000", "2017-06-30": "579.00000", "2017-03-31": "576.00000", "2016-12-31": "602.00000", "2016-09-30": "599.00000", "2016-06-30": "593.00000", "2016-03-31": "615.00000", "2015-12-31": "725.00000", "2015-09-30": "633.00000", "2015-06-30": "648.00000", "2015-03-31": "608.00000", "2014-12-31": "702.00000", "2014-09-30": "653.00000", "2014-06-30": "698.00000", "2014-03-31": "667.00000", "2013-12-31": "736.00000", "2013-09-30": "686.00000", "2013-06-30": "691.00000", "2013-03-31": "645.00000", "2012-12-31": "707.00000", "2012-09-30": "652.00000", "2012-06-30": "697.00000", "2012-03-31": "662.00000", "2011-12-31": "724.00000", "2011-09-30": "677.00000", "2011-06-30": "753.00000", "2011-03-31": "668.00000", "2010-12-31": "715.00000", "2010-09-30": "640.00000", "2010-06-30": "670.00000", "2010-03-31": "605.00000", "2009-12-31": "640.00000", "2009-09-30": "617.00000", "2009-06-30": "614.00000", "2009-03-31": "533.00000", "2008-12-31": "603.00000", "2008-09-30": "627.00000", "2008-06-30": "735.00000", "2008-03-31": "635.00000", "2007-12-31": "737.00000", "2007-09-30": "670.00000", "2007-06-30": "692.00000", "2007-03-31": "663.00000", "2006-12-31": "690.00000", "2006-09-30": "611.00000", "2006-06-30": "630.00000", "2006-03-31": "615.00000", "2005-12-31": "495.00000", "2005-09-30": "707.00000", "2005-06-30": "746.00000", "2005-03-31": "686.00000"}, "Other Operating Income Or Expenses": {"2020-09-30": "", "2020-06-30": "", "2020-03-31": "", "2019-12-31": "", "2019-09-30": "", "2019-06-30": "", "2019-03-31": "", "2018-12-31": "", "2018-09-30": "", "2018-06-30": "", "2018-03-31": "", "2017-12-31": "", "2017-09-30": "", "2017-06-30": "", "2017-03-31": "", "2016-12-31": "", "2016-09-30": "", "2016-06-30": "", "2016-03-31": "", "2015-12-31": "", "2015-09-30": "", "2015-06-30": "", "2015-03-31": "", "2014-12-31": "", "2014-09-30": "", "2014-06-30": "", "2014-03-31": "", "2013-12-31": "", "2013-09-30": "", "2013-06-30": "", "2013-03-31": "", "2012-12-31": "", "2012-09-30": "", "2012-06-30": "", "2012-03-31": "", "2011-12-31": "", "2011-09-30": "", "2011-06-30": "", "2011-03-31": "", "2010-12-31": "", "2010-09-30": "", "2010-06-30": "", "2010-03-31": "", "2009-12-31": "", "2009-09-30": "", "2009-06-30": "", "2009-03-31": "", "2008-12-31": "", "2008-09-30": "", "2008-06-30": "", "2008-03-31": "", "2007-12-31": "", "2007-09-30": "", "2007-06-30": "", "2007-03-31": "", "2006-12-31": "", "2006-09-30": "", "2006-06-30": "", "2006-03-31": "", "2005-12-31": "", "2005-09-30": "", "2005-06-30": "", "2005-03-31": ""}, "Operating Expenses": {"2020-09-30": "3330.00000", "2020-06-30": "2815.00000", "2020-03-31": "3315.00000", "2019-12-31": "3521.00000", "2019-09-30": "3537.00000", "2019-06-30": "3441.00000", "2019-03-31": "3426.00000", "2018-12-31": "3588.00000", "2018-09-30": "3581.00000", "2018-06-30": "3537.00000", "2018-03-31": "3567.00000", "2017-12-31": "3660.00000", "2017-09-30": "3599.00000", "2017-06-30": "3364.00000", "2017-03-31": "3336.00000", "2016-12-31": "3287.00000", "2016-09-30": "3335.00000", "2016-06-30": "3406.00000", "2016-03-31": "3316.00000", "2015-12-31": "3796.00000", "2015-09-30": "3633.00000", "2015-06-30": "3675.00000", "2015-03-31": "3674.00000", "2014-12-31": "4042.00000", "2014-09-30": "4169.00000", "2014-06-30": "4230.00000", "2014-03-31": "4185.00000", "2013-12-31": "4426.00000", "2013-09-30": "4632.00000", "2013-06-30": "4537.00000", "2013-03-31": "4585.00000", "2012-12-31": "4807.00000", "2012-09-30": "4967.00000", "2012-06-30": "4838.00000", "2012-03-31": "5269.00000", "2011-12-31": "5539.00000", "2011-09-30": "5650.00000", "2011-06-30": "5325.00000", "2011-03-31": "5129.00000", "2010-12-31": "4905.00000", "2010-09-30": "4760.00000", "2010-06-30": "4356.00000", "2010-03-31": "4061.00000", "2009-12-31": "4221.00000", "2009-09-30": "4140.00000", "2009-06-30": "3967.00000", "2009-03-31": "3752.00000", "2008-12-31": "4269.00000", "2008-09-30": "4943.00000", "2008-06-30": "4931.00000", "2008-03-31": "4596.00000", "2007-12-31": "4889.00000", "2007-09-30": "4721.00000", "2007-06-30": "4659.00000", "2007-03-31": "4404.00000", "2006-12-31": "4796.00000", "2006-09-30": "4671.00000", "2006-06-30": "4582.00000", "2006-03-31": "4223.00000", "2005-12-31": "3258.00000", "2005-09-30": "4715.00000", "2005-06-30": "4691.00000", "2005-03-31": "4505.00000"}, "Operating Income": {"2020-09-30": "135.00000", "2020-06-30": "-671.00000", "2020-03-31": "-259.00000", "2019-12-31": "192.00000", "2019-09-30": "265.00000", "2019-06-30": "191.00000", "2019-03-31": "172.00000", "2018-12-31": "288.00000", "2018-09-30": "347.00000", "2018-06-30": "304.00000", "2018-03-31": "263.00000", "2017-12-31": "411.00000", "2017-09-30": "322.00000", "2017-06-30": "322.00000", "2017-03-31": "363.00000", "2016-12-31": "454.00000", "2016-09-30": "512.00000", "2016-06-30": "473.00000", "2016-03-31": "375.00000", "2015-12-31": "267.00000", "2015-09-30": "551.00000", "2015-06-30": "497.00000", "2015-03-31": "350.00000", "2014-12-31": "314.00000", "2014-09-30": "488.00000", "2014-06-30": "426.00000", "2014-03-31": "284.00000", "2013-12-31": "365.00000", "2013-09-30": "370.00000", "2013-06-30": "357.00000", "2013-03-31": "268.00000", "2012-12-31": "238.00000", "2012-09-30": "297.00000", "2012-06-30": "312.00000", "2012-03-31": "264.00000", "2011-12-31": "144.00000", "2011-09-30": "412.00000", "2011-06-30": "295.00000", "2011-03-31": "273.00000", "2010-12-31": "167.00000", "2010-09-30": "202.00000", "2010-06-30": "172.00000", "2010-03-31": "209.00000", "2009-12-31": "216.00000", "2009-09-30": "245.00000", "2009-06-30": "-24.00000", "2009-03-31": "-216.00000", "2008-12-31": "-134.00000", "2008-09-30": "229.00000", "2008-06-30": "308.00000", "2008-03-31": "346.00000", "2007-12-31": "271.00000", "2007-09-30": "343.00000", "2007-06-30": "262.00000", "2007-03-31": "95.00000", "2006-12-31": "-158.00000", "2006-09-30": "242.00000", "2006-06-30": "156.00000", "2006-03-31": "239.00000", "2005-12-31": "51.00000", "2005-09-30": "315.00000", "2005-06-30": "301.00000", "2005-03-31": "262.00000"}, "Total Non-Operating Income/Expense": {"2020-09-30": "-145.00000", "2020-06-30": "-218.00000", "2020-03-31": "-109.00000", "2019-12-31": "-180.00000", "2019-09-30": "-144.00000", "2019-06-30": "-109.00000", "2019-03-31": "-210.00000", "2018-12-31": "-86.00000", "2018-09-30": "166.00000", "2018-06-30": "-121.00000", "2018-03-31": "-150.00000", "2017-12-31": "-124.00000", "2017-09-30": "-160.00000", "2017-06-30": "-132.00000", "2017-03-31": "-124.00000", "2016-12-31": "-125.00000", "2016-09-30": "-202.00000", "2016-06-30": "-172.00000", "2016-03-31": "-108.00000", "2015-12-31": "-777.00000", "2015-09-30": "-120.00000", "2015-06-30": "-169.00000", "2015-03-31": "9.00000", "2014-12-31": "-188.00000", "2014-09-30": "-189.00000", "2014-06-30": "-134.00000", "2014-03-31": "-314.00000", "2013-12-31": "-107.00000", "2013-09-30": "-121.00000", "2013-06-30": "-101.00000", "2013-03-31": "-218.00000", "2012-12-31": "-206.00000", "2012-09-30": "-111.00000", "2012-06-30": "-146.00000", "2012-03-31": "-208.00000", "2011-12-31": "-137.00000", "2011-09-30": "-107.00000", "2011-06-30": "-175.00000", "2011-03-31": "-87.00000", "2010-12-31": "-312.00000", "2010-09-30": "-160.00000", "2010-06-30": "-90.00000", "2010-03-31": "-180.00000", "2009-12-31": "-77.00000", "2009-09-30": "-105.00000", "2009-06-30": "-247.00000", "2009-03-31": "-149.00000", "2008-12-31": "-215.00000", "2008-09-30": "-111.00000", "2008-06-30": "-141.00000", "2008-03-31": "-96.00000", "2007-12-31": "-165.00000", "2007-09-30": "-75.00000", "2007-06-30": "-166.00000", "2007-03-31": "-120.00000", "2006-12-31": "-155.00000", "2006-09-30": "-259.00000", "2006-06-30": "-142.00000", "2006-03-31": "-125.00000", "2005-12-31": "-101.00000", "2005-09-30": "-102.00000", "2005-06-30": "-147.00000", "2005-03-31": "-127.00000"}, "Pre-Tax Income": {"2020-09-30": "-10.00000", "2020-06-30": "-889.00000", "2020-03-31": "-368.00000", "2019-12-31": "12.00000", "2019-09-30": "121.00000", "2019-06-30": "82.00000", "2019-03-31": "-38.00000", "2018-12-31": "202.00000", "2018-09-30": "513.00000", "2018-06-30": "183.00000", "2018-03-31": "113.00000", "2017-12-31": "287.00000", "2017-09-30": "162.00000", "2017-06-30": "190.00000", "2017-03-31": "239.00000", "2016-12-31": "329.00000", "2016-09-30": "310.00000", "2016-06-30": "301.00000", "2016-03-31": "267.00000", "2015-12-31": "-510.00000", "2015-09-30": "431.00000", "2015-06-30": "328.00000", "2015-03-31": "359.00000", "2014-12-31": "126.00000", "2014-09-30": "299.00000", "2014-06-30": "292.00000", "2014-03-31": "-30.00000", "2013-12-31": "258.00000", "2013-09-30": "249.00000", "2013-06-30": "256.00000", "2013-03-31": "50.00000", "2012-12-31": "32.00000", "2012-09-30": "186.00000", "2012-06-30": "166.00000", "2012-03-31": "56.00000", "2011-12-31": "7.00000", "2011-09-30": "305.00000", "2011-06-30": "120.00000", "2011-03-31": "186.00000", "2010-12-31": "-145.00000", "2010-09-30": "42.00000", "2010-06-30": "82.00000", "2010-03-31": "29.00000", "2009-12-31": "139.00000", "2009-09-30": "140.00000", "2009-06-30": "-271.00000", "2009-03-31": "-365.00000", "2008-12-31": "-349.00000", "2008-09-30": "118.00000", "2008-06-30": "167.00000", "2008-03-31": "250.00000", "2007-12-31": "106.00000", "2007-09-30": "268.00000", "2007-06-30": "96.00000", "2007-03-31": "-25.00000", "2006-12-31": "-313.00000", "2006-09-30": "-17.00000", "2006-06-30": "14.00000", "2006-03-31": "114.00000", "2005-12-31": "-50.00000", "2005-09-30": "213.00000", "2005-06-30": "154.00000", "2005-03-31": "135.00000"}, "Income Taxes": {"2020-09-30": "-13.00000", "2020-06-30": "-186.00000", "2020-03-31": "249.00000", "2019-12-31": "411.00000", "2019-09-30": "31.00000", "2019-06-30": "26.00000", "2019-03-31": "6.00000", "2018-12-31": "92.00000", "2018-09-30": "159.00000", "2018-06-30": "19.00000", "2018-03-31": "33.00000", "2017-12-31": "377.00000", "2017-09-30": "30.00000", "2017-06-30": "36.00000", "2017-03-31": "70.00000", "2016-12-31": "-238.00000", "2016-09-30": "-10.00000", "2016-06-30": "93.00000", "2016-03-31": "78.00000", "2015-12-31": "-137.00000", "2015-09-30": "126.00000", "2015-06-30": "120.00000", "2015-03-31": "123.00000", "2014-12-31": "-2002.00000", "2014-09-30": "100.00000", "2014-06-30": "60.00000", "2014-03-31": "8.00000", "2013-12-31": "2.00000", "2013-09-30": "54.00000", "2013-06-30": "63.00000", "2013-03-31": "19.00000", "2012-12-31": "39.00000", "2012-09-30": "53.00000", "2012-06-30": "63.00000", "2012-03-31": "48.00000", "2011-12-31": "-19.00000", "2011-09-30": "94.00000", "2011-06-30": "64.00000", "2011-03-31": "62.00000", "2010-12-31": "21.00000", "2010-09-30": "55.00000", "2010-06-30": "43.00000", "2010-03-31": "53.00000", "2009-12-31": "4.00000", "2009-09-30": "38.00000", "2009-06-30": "-18.00000", "2009-03-31": "-17.00000", "2008-12-31": "-8.00000", "2008-09-30": "66.00000", "2008-06-30": "74.00000", "2008-03-31": "77.00000", "2007-12-31": "46.00000", "2007-09-30": "95.00000", "2007-06-30": "51.00000", "2007-03-31": "63.00000", "2006-12-31": "-114.00000", "2006-09-30": "59.00000", "2006-06-30": "47.00000", "2006-03-31": "68.00000", "2005-12-31": "10.00000", "2005-09-30": "71.00000", "2005-06-30": "85.00000", "2005-03-31": "67.00000"}, "Income After Taxes": {"2020-09-30": "3.00000", "2020-06-30": "-703.00000", "2020-03-31": "-617.00000", "2019-12-31": "-399.00000", "2019-09-30": "90.00000", "2019-06-30": "56.00000", "2019-03-31": "-44.00000", "2018-12-31": "110.00000", "2018-09-30": "354.00000", "2018-06-30": "164.00000", "2018-03-31": "80.00000", "2017-12-31": "-90.00000", "2017-09-30": "132.00000", "2017-06-30": "154.00000", "2017-03-31": "169.00000", "2016-12-31": "567.00000", "2016-09-30": "320.00000", "2016-06-30": "208.00000", "2016-03-31": "189.00000", "2015-12-31": "-373.00000", "2015-09-30": "305.00000", "2015-06-30": "208.00000", "2015-03-31": "236.00000", "2014-12-31": "2128.00000", "2014-09-30": "199.00000", "2014-06-30": "232.00000", "2014-03-31": "-38.00000", "2013-12-31": "256.00000", "2013-09-30": "195.00000", "2013-06-30": "193.00000", "2013-03-31": "31.00000", "2012-12-31": "-7.00000", "2012-09-30": "133.00000", "2012-06-30": "103.00000", "2012-03-31": "8.00000", "2011-12-31": "26.00000", "2011-09-30": "211.00000", "2011-06-30": "56.00000", "2011-03-31": "124.00000", "2010-12-31": "-166.00000", "2010-09-30": "-13.00000", "2010-06-30": "39.00000", "2010-03-31": "-24.00000", "2009-12-31": "135.00000", "2009-09-30": "102.00000", "2009-06-30": "-253.00000", "2009-03-31": "-348.00000", "2008-12-31": "-341.00000", "2008-09-30": "52.00000", "2008-06-30": "93.00000", "2008-03-31": "173.00000", "2007-12-31": "60.00000", "2007-09-30": "173.00000", "2007-06-30": "45.00000", "2007-03-31": "-88.00000", "2006-12-31": "-199.00000", "2006-09-30": "-76.00000", "2006-06-30": "-33.00000", "2006-03-31": "46.00000", "2005-12-31": "-60.00000", "2005-09-30": "142.00000", "2005-06-30": "69.00000", "2005-03-31": "68.00000"}, "Other Income": {"2020-09-30": "", "2020-06-30": "", "2020-03-31": "", "2019-12-31": "", "2019-09-30": "", "2019-06-30": "", "2019-03-31": "", "2018-12-31": "", "2018-09-30": "", "2018-06-30": "", "2018-03-31": "", "2017-12-31": "", "2017-09-30": "", "2017-06-30": "", "2017-03-31": "", "2016-12-31": "", "2016-09-30": "", "2016-06-30": "", "2016-03-31": "", "2015-12-31": "", "2015-09-30": "", "2015-06-30": "", "2015-03-31": "", "2014-12-31": "", "2014-09-30": "", "2014-06-30": "", "2014-03-31": "", "2013-12-31": "", "2013-09-30": "", "2013-06-30": "", "2013-03-31": "", "2012-12-31": "", "2012-09-30": "", "2012-06-30": "", "2012-03-31": "", "2011-12-31": "", "2011-09-30": "", "2011-06-30": "", "2011-03-31": "", "2010-12-31": "", "2010-09-30": "", "2010-06-30": "", "2010-03-31": "", "2009-12-31": "", "2009-09-30": "", "2009-06-30": "", "2009-03-31": "", "2008-12-31": "", "2008-09-30": "", "2008-06-30": "", "2008-03-31": "", "2007-12-31": "", "2007-09-30": "", "2007-06-30": "", "2007-03-31": "", "2006-12-31": "", "2006-09-30": "", "2006-06-30": "", "2006-03-31": "", "2005-12-31": "", "2005-09-30": "", "2005-06-30": "", "2005-03-31": ""}, "Income From Continuous Operations": {"2020-09-30": "3.00000", "2020-06-30": "-703.00000", "2020-03-31": "-617.00000", "2019-12-31": "-399.00000", "2019-09-30": "90.00000", "2019-06-30": "56.00000", "2019-03-31": "-44.00000", "2018-12-31": "110.00000", "2018-09-30": "354.00000", "2018-06-30": "164.00000", "2018-03-31": "80.00000", "2017-12-31": "-90.00000", "2017-09-30": "132.00000", "2017-06-30": "154.00000", "2017-03-31": "169.00000", "2016-12-31": "567.00000", "2016-09-30": "320.00000", "2016-06-30": "208.00000", "2016-03-31": "189.00000", "2015-12-31": "-373.00000", "2015-09-30": "305.00000", "2015-06-30": "208.00000", "2015-03-31": "236.00000", "2014-12-31": "2128.00000", "2014-09-30": "199.00000", "2014-06-30": "232.00000", "2014-03-31": "-38.00000", "2013-12-31": "256.00000", "2013-09-30": "195.00000", "2013-06-30": "193.00000", "2013-03-31": "31.00000", "2012-12-31": "-7.00000", "2012-09-30": "133.00000", "2012-06-30": "103.00000", "2012-03-31": "8.00000", "2011-12-31": "26.00000", "2011-09-30": "211.00000", "2011-06-30": "56.00000", "2011-03-31": "124.00000", "2010-12-31": "-166.00000", "2010-09-30": "-13.00000", "2010-06-30": "39.00000", "2010-03-31": "-24.00000", "2009-12-31": "135.00000", "2009-09-30": "102.00000", "2009-06-30": "-253.00000", "2009-03-31": "-348.00000", "2008-12-31": "-341.00000", "2008-09-30": "52.00000", "2008-06-30": "93.00000", "2008-03-31": "173.00000", "2007-12-31": "112.00000", "2007-09-30": "159.00000", "2007-06-30": "29.00000", "2007-03-31": "-110.00000", "2006-12-31": "-310.00000", "2006-09-30": "-76.00000", "2006-06-30": "-33.00000", "2006-03-31": "46.00000", "2005-12-31": "-155.00000", "2005-09-30": "142.00000", "2005-06-30": "69.00000", "2005-03-31": "68.00000"}, "Income From Discontinued Operations": {"2020-09-30": "", "2020-06-30": "", "2020-03-31": "", "2019-12-31": "", "2019-09-30": "", "2019-06-30": "", "2019-03-31": "", "2018-12-31": "", "2018-09-30": "", "2018-06-30": "", "2018-03-31": "", "2017-12-31": "", "2017-09-30": "", "2017-06-30": "", "2017-03-31": "", "2016-12-31": "", "2016-09-30": "", "2016-06-30": "", "2016-03-31": "", "2015-12-31": "", "2015-09-30": "", "2015-06-30": "", "2015-03-31": "", "2014-12-31": "", "2014-09-30": "", "2014-06-30": "", "2014-03-31": "", "2013-12-31": "", "2013-09-30": "", "2013-06-30": "", "2013-03-31": "", "2012-12-31": "", "2012-09-30": "", "2012-06-30": "", "2012-03-31": "", "2011-12-31": "", "2011-09-30": "", "2011-06-30": "", "2011-03-31": "", "2010-12-31": "", "2010-09-30": "", "2010-06-30": "", "2010-03-31": "", "2009-12-31": "", "2009-09-30": "", "2009-06-30": "", "2009-03-31": "", "2008-12-31": "", "2008-09-30": "", "2008-06-30": "", "2008-03-31": "", "2007-12-31": "-9.00000", "2007-09-30": "509.00000", "2007-06-30": "27.00000", "2007-03-31": "-64.00000", "2006-12-31": "-48.00000", "2006-09-30": "28.00000", "2006-06-30": "35.00000", "2006-03-31": "28.00000", "2005-12-31": "", "2005-09-30": "", "2005-06-30": "", "2005-03-31": ""}, "Net Income": {"2020-09-30": "-2.00000", "2020-06-30": "-696.00000", "2020-03-31": "-619.00000", "2019-12-31": "-392.00000", "2019-09-30": "88.00000", "2019-06-30": "54.00000", "2019-03-31": "-61.00000", "2018-12-31": "110.00000", "2018-09-30": "351.00000", "2018-06-30": "157.00000", "2018-03-31": "75.00000", "2017-12-31": "-96.00000", "2017-09-30": "129.00000", "2017-06-30": "147.00000", "2017-03-31": "166.00000", "2016-12-31": "561.00000", "2016-09-30": "317.00000", "2016-06-30": "202.00000", "2016-03-31": "184.00000", "2015-12-31": "-380.00000", "2015-09-30": "271.00000", "2015-06-30": "192.00000", "2015-03-31": "224.00000", "2014-12-31": "2129.00000", "2014-09-30": "161.00000", "2014-06-30": "213.00000", "2014-03-31": "-58.00000", "2013-12-31": "227.00000", "2013-09-30": "166.00000", "2013-06-30": "181.00000", "2013-03-31": "26.00000", "2012-12-31": "-1.00000", "2012-09-30": "110.00000", "2012-06-30": "85.00000", "2012-03-31": "-11.00000", "2011-12-31": "17.00000", "2011-09-30": "161.00000", "2011-06-30": "40.00000", "2011-03-31": "103.00000", "2010-12-31": "-177.00000", "2010-09-30": "-20.00000", "2010-06-30": "28.00000", "2010-03-31": "-47.00000", "2009-12-31": "107.00000", "2009-09-30": "72.00000", "2009-06-30": "-221.00000", "2009-03-31": "-333.00000", "2008-12-31": "-330.00000", "2008-09-30": "31.00000", "2008-06-30": "75.00000", "2008-03-31": "147.00000", "2007-12-31": "33.00000", "2007-09-30": "668.00000", "2007-06-30": "56.00000", "2007-03-31": "-174.00000", "2006-12-31": "-358.00000", "2006-09-30": "-48.00000", "2006-06-30": "2.00000", "2006-03-31": "74.00000", "2005-12-31": "-51.00000", "2005-09-30": "142.00000", "2005-06-30": "69.00000", "2005-03-31": "68.00000"}, "EBITDA": {"2020-09-30": "331.00000", "2020-06-30": "-243.00000", "2020-03-31": "121.00000", "2019-12-31": "406.00000", "2019-09-30": "463.00000", "2019-06-30": "392.00000", "2019-03-31": "369.00000", "2018-12-31": "481.00000", "2018-09-30": "547.00000", "2018-06-30": "502.00000", "2018-03-31": "465.00000", "2017-12-31": "610.00000", "2017-09-30": "524.00000", "2017-06-30": "535.00000", "2017-03-31": "551.00000", "2016-12-31": "650.00000", "2016-09-30": "697.00000", "2016-06-30": "667.00000", "2016-03-31": "556.00000", "2015-12-31": "460.00000", "2015-09-30": "725.00000", "2015-06-30": "677.00000", "2015-03-31": "524.00000", "2014-12-31": "495.00000", "2014-09-30": "672.00000", "2014-06-30": "618.00000", "2014-03-31": "473.00000", "2013-12-31": "553.00000", "2013-09-30": "557.00000", "2013-06-30": "540.00000", "2013-03-31": "450.00000", "2012-12-31": "415.00000", "2012-09-30": "477.00000", "2012-06-30": "506.00000", "2012-03-31": "467.00000", "2011-12-31": "317.00000", "2011-09-30": "590.00000", "2011-06-30": "506.00000", "2011-03-31": "460.00000", "2010-12-31": "337.00000", "2010-09-30": "380.00000", "2010-06-30": "340.00000", "2010-03-31": "372.00000", "2009-12-31": "387.00000", "2009-09-30": "411.00000", "2009-06-30": "140.00000", "2009-03-31": "-61.00000", "2008-12-31": "35.00000", "2008-09-30": "409.00000", "2008-06-30": "474.00000", "2008-03-31": "517.00000", "2007-12-31": "440.00000", "2007-09-30": "502.00000", "2007-06-30": "435.00000", "2007-03-31": "255.00000", "2006-12-31": "13.00000", "2006-09-30": "383.00000", "2006-06-30": "346.00000", "2006-03-31": "393.00000", "2005-12-31": "171.00000", "2005-09-30": "490.00000", "2005-06-30": "504.00000", "2005-03-31": "433.00000"}, "EBIT": {"2020-09-30": "135.00000", "2020-06-30": "-671.00000", "2020-03-31": "-259.00000", "2019-12-31": "192.00000", "2019-09-30": "265.00000", "2019-06-30": "191.00000", "2019-03-31": "172.00000", "2018-12-31": "288.00000", "2018-09-30": "347.00000", "2018-06-30": "304.00000", "2018-03-31": "263.00000", "2017-12-31": "411.00000", "2017-09-30": "322.00000", "2017-06-30": "322.00000", "2017-03-31": "363.00000", "2016-12-31": "454.00000", "2016-09-30": "512.00000", "2016-06-30": "473.00000", "2016-03-31": "375.00000", "2015-12-31": "267.00000", "2015-09-30": "551.00000", "2015-06-30": "497.00000", "2015-03-31": "350.00000", "2014-12-31": "314.00000", "2014-09-30": "488.00000", "2014-06-30": "426.00000", "2014-03-31": "284.00000", "2013-12-31": "365.00000", "2013-09-30": "370.00000", "2013-06-30": "357.00000", "2013-03-31": "268.00000", "2012-12-31": "238.00000", "2012-09-30": "297.00000", "2012-06-30": "312.00000", "2012-03-31": "264.00000", "2011-12-31": "144.00000", "2011-09-30": "412.00000", "2011-06-30": "295.00000", "2011-03-31": "273.00000", "2010-12-31": "167.00000", "2010-09-30": "202.00000", "2010-06-30": "172.00000", "2010-03-31": "209.00000", "2009-12-31": "216.00000", "2009-09-30": "245.00000", "2009-06-30": "-24.00000", "2009-03-31": "-216.00000", "2008-12-31": "-134.00000", "2008-09-30": "229.00000", "2008-06-30": "308.00000", "2008-03-31": "346.00000", "2007-12-31": "271.00000", "2007-09-30": "343.00000", "2007-06-30": "262.00000", "2007-03-31": "95.00000", "2006-12-31": "-158.00000", "2006-09-30": "242.00000", "2006-06-30": "156.00000", "2006-03-31": "239.00000", "2005-12-31": "51.00000", "2005-09-30": "315.00000", "2005-06-30": "301.00000", "2005-03-31": "262.00000"}, "Basic Shares Outstanding": {"2020-09-30": "234.00000", "2020-06-30": "234.00000", "2020-03-31": "234.00000", "2019-12-31": "233.00000", "2019-09-30": "233.00000", "2019-06-30": "233.00000", "2019-03-31": "232.00000", "2018-12-31": "237.00000", "2018-09-30": "236.00000", "2018-06-30": "239.00000", "2018-03-31": "240.00000", "2017-12-31": "249.00000", "2017-09-30": "250.00000", "2017-06-30": "252.00000", "2017-03-31": "252.00000", "2016-12-31": "263.00000", "2016-09-30": "262.00000", "2016-06-30": "264.00000", "2016-03-31": "267.00000", "2015-12-31": "269.00000", "2015-09-30": "269.00000", "2015-06-30": "270.00000", "2015-03-31": "270.00000", "2014-12-31": "268.00000", "2014-09-30": "275.00000", "2014-06-30": "276.00000", "2014-03-31": "248.00000", "2013-12-31": "246.00000", "2013-09-30": "246.00000", "2013-06-30": "246.00000", "2013-03-31": "245.00000", "2012-12-31": "245.00000", "2012-09-30": "245.00000", "2012-06-30": "245.00000", "2012-03-31": "244.00000", "2011-12-31": "244.00000", "2011-09-30": "244.00000", "2011-06-30": "244.00000", "2011-03-31": "243.00000", "2010-12-31": "242.00000", "2010-09-30": "242.00000", "2010-06-30": "242.00000", "2010-03-31": "242.00000", "2009-12-31": "241.00000", "2009-09-30": "242.00000", "2009-06-30": "241.00000", "2009-03-31": "241.00000", "2008-12-31": "241.00000", "2008-09-30": "241.00000", "2008-06-30": "241.00000", "2008-03-31": "240.00000", "2007-12-31": "201.00000", "2007-09-30": "211.00000", "2007-06-30": "196.00000", "2007-03-31": "180.00000", "2006-12-31": "177.00000", "2006-09-30": "177.00000", "2006-06-30": "177.00000", "2006-03-31": "177.00000", "2005-12-31": "176.00000", "2005-09-30": "176.00000", "2005-06-30": "176.00000", "2005-03-31": "176.00000"}, "Shares Outstanding": {"2020-09-30": "234.00000", "2020-06-30": "234.00000", "2020-03-31": "234.00000", "2019-12-31": "233.00000", "2019-09-30": "234.00000", "2019-06-30": "234.00000", "2019-03-31": "232.00000", "2018-12-31": "239.00000", "2018-09-30": "238.00000", "2018-06-30": "241.00000", "2018-03-31": "244.00000", "2017-12-31": "253.00000", "2017-09-30": "254.00000", "2017-06-30": "256.00000", "2017-03-31": "256.00000", "2016-12-31": "266.00000", "2016-09-30": "266.00000", "2016-06-30": "268.00000", "2016-03-31": "271.00000", "2015-12-31": "273.00000", "2015-09-30": "274.00000", "2015-06-30": "274.00000", "2015-03-31": "274.00000", "2014-12-31": "279.00000", "2014-09-30": "279.00000", "2014-06-30": "281.00000", "2014-03-31": "248.00000", "2013-12-31": "277.00000", "2013-09-30": "278.00000", "2013-06-30": "282.00000", "2013-03-31": "248.00000", "2012-12-31": "247.00000", "2012-09-30": "281.00000", "2012-06-30": "281.00000", "2012-03-31": "244.00000", "2011-12-31": "271.00000", "2011-09-30": "281.00000", "2011-06-30": "247.00000", "2011-03-31": "246.00000", "2010-12-31": "242.00000", "2010-09-30": "242.00000", "2010-06-30": "244.00000", "2010-03-31": "242.00000", "2009-12-31": "241.00000", "2009-09-30": "245.00000", "2009-06-30": "241.00000", "2009-03-31": "241.00000", "2008-12-31": "241.00000", "2008-09-30": "243.00000", "2008-06-30": "243.00000", "2008-03-31": "244.00000", "2007-12-31": "205.00000", "2007-09-30": "244.00000", "2007-06-30": "231.00000", "2007-03-31": "180.00000", "2006-12-31": "177.00000", "2006-09-30": "177.00000", "2006-06-30": "177.00000", "2006-03-31": "207.00000", "2005-12-31": "209.00000", "2005-09-30": "209.00000", "2005-06-30": "208.00000", "2005-03-31": "208.00000"}, "Basic EPS": {"2020-09-30": "-0.01000", "2020-06-30": "-2.97000", "2020-03-31": "-2.65000", "2019-12-31": "-1.68000", "2019-09-30": "0.38000", "2019-06-30": "0.23000", "2019-03-31": "-0.26000", "2018-12-31": "0.46000", "2018-09-30": "1.49000", "2018-06-30": "0.66000", "2018-03-31": "0.31000", "2017-12-31": "-0.37000", "2017-09-30": "0.52000", "2017-06-30": "0.58000", "2017-03-31": "0.66000", "2016-12-31": "2.15000", "2016-09-30": "1.21000", "2016-06-30": "0.76000", "2016-03-31": "0.69000", "2015-12-31": "-1.41000", "2015-09-30": "1.01000", "2015-06-30": "0.71000", "2015-03-31": "0.83000", "2014-12-31": "8.01000", "2014-09-30": "0.58000", "2014-06-30": "0.77000", "2014-03-31": "-0.23000", "2013-12-31": "0.93000", "2013-09-30": "0.67000", "2013-06-30": "0.74000", "2013-03-31": "0.10000", "2012-12-31": "0.00000", "2012-09-30": "0.45000", "2012-06-30": "0.35000", "2012-03-31": "-0.05000", "2011-12-31": "0.08000", "2011-09-30": "0.66000", "2011-06-30": "0.16000", "2011-03-31": "0.42000", "2010-12-31": "-0.73000", "2010-09-30": "-0.08000", "2010-06-30": "0.11000", "2010-03-31": "-0.19000", "2009-12-31": "0.45000", "2009-09-30": "0.30000", "2009-06-30": "-0.92000", "2009-03-31": "-1.38000", "2008-12-31": "-1.37000", "2008-09-30": "0.13000", "2008-06-30": "0.31000", "2008-03-31": "0.61000", "2007-12-31": "0.41000", "2007-09-30": "3.17000", "2007-06-30": "0.28000", "2007-03-31": "-0.96000", "2006-12-31": "-2.02000", "2006-09-30": "-0.27000", "2006-06-30": "0.01000", "2006-03-31": "0.42000", "2005-12-31": "-0.29000", "2005-09-30": "0.81000", "2005-06-30": "0.39000", "2005-03-31": "0.39000"}, "EPS - Earnings Per Share": {"2020-09-30": "-0.01000", "2020-06-30": "-2.97000", "2020-03-31": "-2.65000", "2019-12-31": "-1.68000", "2019-09-30": "0.38000", "2019-06-30": "0.23000", "2019-03-31": "-0.26000", "2018-12-31": "0.45000", "2018-09-30": "1.48000", "2018-06-30": "0.65000", "2018-03-31": "0.31000", "2017-12-31": "-0.36000", "2017-09-30": "0.50000", "2017-06-30": "0.58000", "2017-03-31": "0.65000", "2016-12-31": "2.12000", "2016-09-30": "1.19000", "2016-06-30": "0.75000", "2016-03-31": "0.68000", "2015-12-31": "-1.39000", "2015-09-30": "0.99000", "2015-06-30": "0.70000", "2015-03-31": "0.82000", "2014-12-31": "7.67000", "2014-09-30": "0.58000", "2014-06-30": "0.76000", "2014-03-31": "-0.23000", "2013-12-31": "0.89000", "2013-09-30": "0.62000", "2013-06-30": "0.67000", "2013-03-31": "0.10000", "2012-12-31": "0.05000", "2012-09-30": "0.41000", "2012-06-30": "0.33000", "2012-03-31": "-0.05000", "2011-12-31": "0.08000", "2011-09-30": "0.60000", "2011-06-30": "0.16000", "2011-03-31": "0.42000", "2010-12-31": "-0.73000", "2010-09-30": "-0.08000", "2010-06-30": "0.11000", "2010-03-31": "-0.19000", "2009-12-31": "0.45000", "2009-09-30": "0.30000", "2009-06-30": "-0.92000", "2009-03-31": "-1.38000", "2008-12-31": "-1.36000", "2008-09-30": "0.13000", "2008-06-30": "0.31000", "2008-03-31": "0.60000", "2007-12-31": "0.79000", "2007-09-30": "2.75000", "2007-06-30": "0.26000", "2007-03-31": "-0.96000", "2006-12-31": "-1.97000", "2006-09-30": "-0.27000", "2006-06-30": "0.01000", "2006-03-31": "0.37000", "2005-12-31": "-0.23000", "2005-09-30": "0.70000", "2005-06-30": "0.34000", "2005-03-31": "0.35000"}}, "balance sheet": {"Cash On Hand": {"2019-12-31": "908.00000", "2018-12-31": "801.00000", "2017-12-31": "1043.00000", "2016-12-31": "1132.00000", "2015-12-31": "1476.00000", "2014-12-31": "2161.00000", "2013-12-31": "2996.00000", "2012-12-31": "2281.00000", "2011-12-31": "2772.00000", "2010-12-31": "2005.00000", "2009-12-31": "1922.00000", "2008-12-31": "1894.00000", "2007-12-31": "3654.00000", "2006-12-31": "4076.00000", "2005-12-31": "2403.00000"}, "Receivables": {"2019-12-31": "1941.00000", "2018-12-31": "2030.00000", "2017-12-31": "2025.00000", "2016-12-31": "1769.00000", "2015-12-31": "2033.00000", "2014-12-31": "2126.00000", "2013-12-31": "2435.00000", "2012-12-31": "2563.00000", "2011-12-31": "2849.00000", "2010-12-31": "2736.00000", "2009-12-31": "2540.00000", "2008-12-31": "2517.00000", "2007-12-31": "3103.00000", "2006-12-31": "2800.00000", "2005-12-31": "3158.00000"}, "Inventory": {"2019-12-31": "2851.00000", "2018-12-31": "2856.00000", "2017-12-31": "2787.00000", "2016-12-31": "2627.00000", "2015-12-31": "2464.00000", "2014-12-31": "2671.00000", "2013-12-31": "2816.00000", "2012-12-31": "3250.00000", "2011-12-31": "3856.00000", "2010-12-31": "2977.00000", "2009-12-31": "2443.00000", "2008-12-31": "3592.00000", "2007-12-31": "3164.00000", "2006-12-31": "2601.00000", "2005-12-31": "2810.00000"}, "Pre-Paid Expenses": {"2019-12-31": "234.00000", "2018-12-31": "238.00000", "2017-12-31": "224.00000", "2016-12-31": "190.00000", "2015-12-31": "153.00000", "2014-12-31": "201.00000", "2013-12-31": "254.00000", "2012-12-31": "404.00000", "2011-12-31": "335.00000", "2010-12-31": "327.00000", "2009-12-31": "320.00000", "2008-12-31": "307.00000", "2007-12-31": "251.00000", "2006-12-31": "289.00000", "2005-12-31": "245.00000"}, "Other Current Assets": {"2019-12-31": "", "2018-12-31": "", "2017-12-31": "", "2016-12-31": "", "2015-12-31": "", "2014-12-31": "", "2013-12-31": "", "2012-12-31": "", "2011-12-31": "", "2010-12-31": "", "2009-12-31": "", "2008-12-31": "", "2007-12-31": "", "2006-12-31": "", "2005-12-31": ""}, "Total Current Assets": {"2019-12-31": "5934.00000", "2018-12-31": "5925.00000", "2017-12-31": "6079.00000", "2016-12-31": "5718.00000", "2015-12-31": "6126.00000", "2014-12-31": "7159.00000", "2013-12-31": "8644.00000", "2012-12-31": "8498.00000", "2011-12-31": "9812.00000", "2010-12-31": "8045.00000", "2009-12-31": "7225.00000", "2008-12-31": "8310.00000", "2007-12-31": "10172.00000", "2006-12-31": "10179.00000", "2005-12-31": "8616.00000"}, "Property, Plant, And Equipment": {"2019-12-31": "7208.00000", "2018-12-31": "7259.00000", "2017-12-31": "7451.00000", "2016-12-31": "7040.00000", "2015-12-31": "6777.00000", "2014-12-31": "7153.00000", "2013-12-31": "7320.00000", "2012-12-31": "6956.00000", "2011-12-31": "6375.00000", "2010-12-31": "6165.00000", "2009-12-31": "5843.00000", "2008-12-31": "5634.00000", "2007-12-31": "5598.00000", "2006-12-31": "5067.00000", "2005-12-31": "5231.00000"}, "Long-Term Investments": {"2019-12-31": "", "2018-12-31": "", "2017-12-31": "", "2016-12-31": "", "2015-12-31": "", "2014-12-31": "", "2013-12-31": "", "2012-12-31": "", "2011-12-31": "", "2010-12-31": "", "2009-12-31": "", "2008-12-31": "", "2007-12-31": "", "2006-12-31": "", "2005-12-31": ""}, "Goodwill And Intangible Assets": {"2019-12-31": "702.00000", "2018-12-31": "705.00000", "2017-12-31": "734.00000", "2016-12-31": "671.00000", "2015-12-31": "693.00000", "2014-12-31": "739.00000", "2013-12-31": "806.00000", "2012-12-31": "804.00000", "2011-12-31": "811.00000", "2010-12-31": "844.00000", "2009-12-31": "870.00000", "2008-12-31": "843.00000", "2007-12-31": "880.00000", "2006-12-31": "828.00000", "2005-12-31": "796.00000"}, "Other Long-Term Assets": {"2019-12-31": "959.00000", "2018-12-31": "1136.00000", "2017-12-31": "792.00000", "2016-12-31": "668.00000", "2015-12-31": "654.00000", "2014-12-31": "740.00000", "2013-12-31": "600.00000", "2012-12-31": "529.00000", "2011-12-31": "486.00000", "2010-12-31": "518.00000", "2009-12-31": "429.00000", "2008-12-31": "385.00000", "2007-12-31": "458.00000", "2006-12-31": "", "2005-12-31": ""}, "Total Long-Term Assets": {"2019-12-31": "11251.00000", "2018-12-31": "10947.00000", "2017-12-31": "10985.00000", "2016-12-31": "10793.00000", "2015-12-31": "10265.00000", "2014-12-31": "10885.00000", "2013-12-31": "8883.00000", "2012-12-31": "8475.00000", "2011-12-31": "7817.00000", "2010-12-31": "7585.00000", "2009-12-31": "7185.00000", "2008-12-31": "6916.00000", "2007-12-31": "7019.00000", "2006-12-31": "6850.00000", "2005-12-31": "6989.00000"}, "Total Assets": {"2019-12-31": "17185.00000", "2018-12-31": "16872.00000", "2017-12-31": "17064.00000", "2016-12-31": "16511.00000", "2015-12-31": "16391.00000", "2014-12-31": "18044.00000", "2013-12-31": "17527.00000", "2012-12-31": "16973.00000", "2011-12-31": "17629.00000", "2010-12-31": "15630.00000", "2009-12-31": "14410.00000", "2008-12-31": "15226.00000", "2007-12-31": "17191.00000", "2006-12-31": "17029.00000", "2005-12-31": "15605.00000"}, "Total Current Liabilities": {"2019-12-31": "5287.00000", "2018-12-31": "4781.00000", "2017-12-31": "5025.00000", "2016-12-31": "4817.00000", "2015-12-31": "4955.00000", "2014-12-31": "4730.00000", "2013-12-31": "5025.00000", "2012-12-31": "5322.00000", "2011-12-31": "5929.00000", "2010-12-31": "5307.00000", "2009-12-31": "4095.00000", "2008-12-31": "4779.00000", "2007-12-31": "4664.00000", "2006-12-31": "4666.00000", "2005-12-31": "5441.00000"}, "Long Term Debt": {"2019-12-31": "4753.00000", "2018-12-31": "5110.00000", "2017-12-31": "5076.00000", "2016-12-31": "4798.00000", "2015-12-31": "5074.00000", "2014-12-31": "6216.00000", "2013-12-31": "6162.00000", "2012-12-31": "4888.00000", "2011-12-31": "4789.00000", "2010-12-31": "4319.00000", "2009-12-31": "4182.00000", "2008-12-31": "4132.00000", "2007-12-31": "4329.00000", "2006-12-31": "6562.00000", "2005-12-31": "4742.00000"}, "Other Non-Current Liabilities": {"2019-12-31": "1842.00000", "2018-12-31": "1816.00000", "2017-12-31": "2013.00000", "2016-12-31": "2086.00000", "2015-12-31": "2129.00000", "2014-12-31": "2581.00000", "2013-12-31": "3639.00000", "2012-12-31": "5340.00000", "2011-12-31": "5043.00000", "2010-12-31": "4257.00000", "2009-12-31": "4319.00000", "2008-12-31": "4250.00000", "2007-12-31": "4071.00000", "2006-12-31": "5315.00000", "2005-12-31": "4254.00000"}, "Total Long Term Liabilities": {"2019-12-31": "7353.00000", "2018-12-31": "7021.00000", "2017-12-31": "7189.00000", "2016-12-31": "6969.00000", "2015-12-31": "7294.00000", "2014-12-31": "9469.00000", "2013-12-31": "10634.00000", "2012-12-31": "11026.00000", "2011-12-31": "10683.00000", "2010-12-31": "9402.00000", "2009-12-31": "9329.00000", "2008-12-31": "9194.00000", "2007-12-31": "9677.00000", "2006-12-31": "13121.00000", "2005-12-31": "10091.00000"}, "Total Liabilities": {"2019-12-31": "12640.00000", "2018-12-31": "11802.00000", "2017-12-31": "12214.00000", "2016-12-31": "11786.00000", "2015-12-31": "12249.00000", "2014-12-31": "14199.00000", "2013-12-31": "15659.00000", "2012-12-31": "16348.00000", "2011-12-31": "16612.00000", "2010-12-31": "14709.00000", "2009-12-31": "13424.00000", "2008-12-31": "13973.00000", "2007-12-31": "14341.00000", "2006-12-31": "17787.00000", "2005-12-31": "15532.00000"}, "Common Stock Net": {"2019-12-31": "233.00000", "2018-12-31": "232.00000", "2017-12-31": "240.00000", "2016-12-31": "252.00000", "2015-12-31": "267.00000", "2014-12-31": "269.00000", "2013-12-31": "248.00000", "2012-12-31": "245.00000", "2011-12-31": "245.00000", "2010-12-31": "243.00000", "2009-12-31": "242.00000", "2008-12-31": "241.00000", "2007-12-31": "240.00000", "2006-12-31": "178.00000", "2005-12-31": "177.00000"}, "Retained Earnings (Accumulated Deficit)": {"2019-12-31": "6113.00000", "2018-12-31": "6597.00000", "2017-12-31": "6044.00000", "2016-12-31": "5808.00000", "2015-12-31": "4570.00000", "2014-12-31": "4331.00000", "2013-12-31": "1958.00000", "2012-12-31": "1370.00000", "2011-12-31": "1187.00000", "2010-12-31": "866.00000", "2009-12-31": "1082.00000", "2008-12-31": "1463.00000", "2007-12-31": "1602.00000", "2006-12-31": "968.00000", "2005-12-31": "1298.00000"}, "Comprehensive Income": {"2019-12-31": "-4136.00000", "2018-12-31": "-4076.00000", "2017-12-31": "-3976.00000", "2016-12-31": "-4198.00000", "2015-12-31": "-4010.00000", "2014-12-31": "-4131.00000", "2013-12-31": "-3947.00000", "2012-12-31": "-4560.00000", "2011-12-31": "-3991.00000", "2010-12-31": "-3270.00000", "2009-12-31": "-3372.00000", "2008-12-31": "-3446.00000", "2007-12-31": "-1652.00000", "2006-12-31": "-3331.00000", "2005-12-31": "-2800.00000"}, "Other Share Holders Equity": {"2019-12-31": "", "2018-12-31": "", "2017-12-31": "", "2016-12-31": "", "2015-12-31": "", "2014-12-31": "", "2013-12-31": "", "2012-12-31": "", "2011-12-31": "", "2010-12-31": "", "2009-12-31": "", "2008-12-31": "", "2007-12-31": "", "2006-12-31": "", "2005-12-31": ""}, "Share Holder Equity": {"2019-12-31": "4545.00000", "2018-12-31": "5070.00000", "2017-12-31": "4850.00000", "2016-12-31": "4725.00000", "2015-12-31": "4142.00000", "2014-12-31": "3845.00000", "2013-12-31": "1868.00000", "2012-12-31": "625.00000", "2011-12-31": "1017.00000", "2010-12-31": "921.00000", "2009-12-31": "986.00000", "2008-12-31": "1253.00000", "2007-12-31": "2850.00000", "2006-12-31": "-758.00000", "2005-12-31": "73.00000"}, "Total Liabilities And Share Holders Equity": {"2019-12-31": "17185.00000", "2018-12-31": "16872.00000", "2017-12-31": "17064.00000", "2016-12-31": "16511.00000", "2015-12-31": "16391.00000", "2014-12-31": "18044.00000", "2013-12-31": "17527.00000", "2012-12-31": "16973.00000", "2011-12-31": "17629.00000", "2010-12-31": "15630.00000", "2009-12-31": "14410.00000", "2008-12-31": "15226.00000", "2007-12-31": "17191.00000", "2006-12-31": "17029.00000", "2005-12-31": "15605.00000"}}, "balance sheet, quarterly": {"Cash On Hand": {"2020-09-30": "1057.00000", "2020-06-30": "1006.00000", "2020-03-31": "971.00000", "2019-12-31": "908.00000", "2019-09-30": "868.00000", "2019-06-30": "917.00000", "2019-03-31": "860.00000", "2018-12-31": "801.00000", "2018-09-30": "896.00000", "2018-06-30": "975.00000", "2018-03-31": "837.00000", "2017-12-31": "1043.00000", "2017-09-30": "822.00000", "2017-06-30": "903.00000", "2017-03-31": "961.00000", "2016-12-31": "1132.00000", "2016-09-30": "975.00000", "2016-06-30": "1138.00000", "2016-03-31": "1079.00000", "2015-12-31": "1476.00000", "2015-09-30": "1690.00000", "2015-06-30": "1638.00000", "2015-03-31": "1613.00000", "2014-12-31": "2161.00000", "2014-09-30": "1744.00000", "2014-06-30": "1637.00000", "2014-03-31": "1853.00000", "2013-12-31": "2996.00000", "2013-09-30": "2500.00000", "2013-06-30": "2564.00000", "2013-03-31": "2386.00000", "2012-12-31": "2281.00000", "2012-09-30": "2257.00000", "2012-06-30": "2156.00000", "2012-03-31": "2083.00000", "2011-12-31": "2772.00000", "2011-09-30": "2126.00000", "2011-06-30": "1804.00000", "2011-03-31": "2215.00000", "2010-12-31": "2005.00000", "2010-09-30": "1665.00000", "2010-06-30": "1683.00000", "2010-03-31": "1774.00000", "2009-12-31": "1922.00000", "2009-09-30": "2590.00000", "2009-06-30": "2366.00000", "2009-03-31": "1896.00000", "2008-12-31": "1894.00000", "2008-09-30": "1784.00000", "2008-06-30": "2250.00000", "2008-03-31": "2406.00000", "2007-12-31": "3654.00000", "2007-09-30": "3116.00000", "2007-06-30": "2519.00000", "2007-03-31": "2274.00000", "2006-12-31": "4076.00000", "2006-09-30": "1521.00000", "2006-06-30": "1788.00000", "2006-03-31": "1821.00000", "2005-12-31": "2403.00000", "2005-09-30": "1877.00000", "2005-06-30": "1840.00000", "2005-03-31": "1895.00000"}, "Receivables": {"2020-09-30": "2251.00000", "2020-06-30": "1727.00000", "2020-03-31": "2025.00000", "2019-12-31": "1941.00000", "2019-09-30": "2748.00000", "2019-06-30": "2473.00000", "2019-03-31": "2446.00000", "2018-12-31": "2030.00000", "2018-09-30": "2670.00000", "2018-06-30": "2388.00000", "2018-03-31": "2509.00000", "2017-12-31": "2025.00000", "2017-09-30": "2672.00000", "2017-06-30": "2309.00000", "2017-03-31": "2270.00000", "2016-12-31": "1769.00000", "2016-09-30": "2649.00000", "2016-06-30": "2475.00000", "2016-03-31": "2482.00000", "2015-12-31": "2033.00000", "2015-09-30": "2616.00000", "2015-06-30": "2476.00000", "2015-03-31": "2523.00000", "2014-12-31": "2126.00000", "2014-09-30": "3021.00000", "2014-06-30": "2841.00000", "2014-03-31": "2913.00000", "2013-12-31": "2435.00000", "2013-09-30": "3254.00000", "2013-06-30": "2880.00000", "2013-03-31": "3021.00000", "2012-12-31": "2563.00000", "2012-09-30": "3555.00000", "2012-06-30": "3174.00000", "2012-03-31": "3530.00000", "2011-12-31": "2849.00000", "2011-09-30": "4008.00000", "2011-06-30": "3539.00000", "2011-03-31": "3550.00000", "2010-12-31": "2736.00000", "2010-09-30": "3461.00000", "2010-06-30": "2840.00000", "2010-03-31": "2861.00000", "2009-12-31": "2540.00000", "2009-09-30": "3065.00000", "2009-06-30": "2549.00000", "2009-03-31": "2489.00000", "2008-12-31": "2517.00000", "2008-09-30": "3681.00000", "2008-06-30": "3630.00000", "2008-03-31": "3629.00000", "2007-12-31": "3103.00000", "2007-09-30": "3804.00000", "2007-06-30": "3372.00000", "2007-03-31": "3244.00000", "2006-12-31": "2800.00000", "2006-09-30": "3837.00000", "2006-06-30": "3466.00000", "2006-03-31": "3452.00000", "2005-12-31": "3158.00000", "2005-09-30": "3712.00000", "2005-06-30": "3516.00000", "2005-03-31": "3698.00000"}, "Inventory": {"2020-09-30": "2152.00000", "2020-06-30": "2474.00000", "2020-03-31": "2919.00000", "2019-12-31": "2851.00000", "2019-09-30": "2965.00000", "2019-06-30": "3091.00000", "2019-03-31": "2940.00000", "2018-12-31": "2856.00000", "2018-09-30": "2938.00000", "2018-06-30": "2941.00000", "2018-03-31": "2895.00000", "2017-12-31": "2787.00000", "2017-09-30": "2991.00000", "2017-06-30": "3184.00000", "2017-03-31": "2845.00000", "2016-12-31": "2627.00000", "2016-09-30": "2754.00000", "2016-06-30": "2686.00000", "2016-03-31": "2636.00000", "2015-12-31": "2464.00000", "2015-09-30": "2544.00000", "2015-06-30": "2545.00000", "2015-03-31": "2538.00000", "2014-12-31": "2671.00000", "2014-09-30": "2924.00000", "2014-06-30": "3130.00000", "2014-03-31": "3021.00000", "2013-12-31": "2816.00000", "2013-09-30": "2944.00000", "2013-06-30": "3138.00000", "2013-03-31": "3168.00000", "2012-12-31": "3250.00000", "2012-09-30": "3596.00000", "2012-06-30": "3940.00000", "2012-03-31": "3969.00000", "2011-12-31": "3856.00000", "2011-09-30": "4037.00000", "2011-06-30": "4032.00000", "2011-03-31": "3337.00000", "2010-12-31": "2977.00000", "2010-09-30": "2993.00000", "2010-06-30": "2901.00000", "2010-03-31": "2708.00000", "2009-12-31": "2443.00000", "2009-09-30": "2543.00000", "2009-06-30": "2909.00000", "2009-03-31": "3262.00000", "2008-12-31": "3592.00000", "2008-09-30": "3860.00000", "2008-06-30": "3933.00000", "2008-03-31": "3532.00000", "2007-12-31": "3164.00000", "2007-09-30": "3096.00000", "2007-06-30": "2937.00000", "2007-03-31": "2742.00000", "2006-12-31": "2601.00000", "2006-09-30": "3222.00000", "2006-06-30": "3355.00000", "2006-03-31": "3143.00000", "2005-12-31": "2810.00000", "2005-09-30": "2894.00000", "2005-06-30": "2920.00000", "2005-03-31": "2846.00000"}, "Pre-Paid Expenses": {"2020-09-30": "235.00000", "2020-06-30": "206.00000", "2020-03-31": "258.00000", "2019-12-31": "234.00000", "2019-09-30": "280.00000", "2019-06-30": "300.00000", "2019-03-31": "246.00000", "2018-12-31": "238.00000", "2018-09-30": "249.00000", "2018-06-30": "265.00000", "2018-03-31": "247.00000", "2017-12-31": "224.00000", "2017-09-30": "242.00000", "2017-06-30": "236.00000", "2017-03-31": "249.00000", "2016-12-31": "190.00000", "2016-09-30": "193.00000", "2016-06-30": "169.00000", "2016-03-31": "178.00000", "2015-12-31": "153.00000", "2015-09-30": "255.00000", "2015-06-30": "239.00000", "2015-03-31": "192.00000", "2014-12-31": "201.00000", "2014-09-30": "358.00000", "2014-06-30": "430.00000", "2014-03-31": "419.00000", "2013-12-31": "254.00000", "2013-09-30": "371.00000", "2013-06-30": "387.00000", "2013-03-31": "467.00000", "2012-12-31": "404.00000", "2012-09-30": "397.00000", "2012-06-30": "379.00000", "2012-03-31": "406.00000", "2011-12-31": "335.00000", "2011-09-30": "341.00000", "2011-06-30": "401.00000", "2011-03-31": "390.00000", "2010-12-31": "327.00000", "2010-09-30": "284.00000", "2010-06-30": "299.00000", "2010-03-31": "328.00000", "2009-12-31": "320.00000", "2009-09-30": "407.00000", "2009-06-30": "329.00000", "2009-03-31": "321.00000", "2008-12-31": "307.00000", "2008-09-30": "632.00000", "2008-06-30": "292.00000", "2008-03-31": "257.00000", "2007-12-31": "251.00000", "2007-09-30": "297.00000", "2007-06-30": "299.00000", "2007-03-31": "306.00000", "2006-12-31": "289.00000", "2006-09-30": "392.00000", "2006-06-30": "272.00000", "2006-03-31": "276.00000", "2005-12-31": "245.00000", "2005-09-30": "268.00000", "2005-06-30": "339.00000", "2005-03-31": "300.00000"}, "Other Current Assets": {"2020-09-30": "", "2020-06-30": "", "2020-03-31": "", "2019-12-31": "", "2019-09-30": "", "2019-06-30": "", "2019-03-31": "", "2018-12-31": "", "2018-09-30": "", "2018-06-30": "", "2018-03-31": "", "2017-12-31": "", "2017-09-30": "", "2017-06-30": "", "2017-03-31": "", "2016-12-31": "", "2016-09-30": "", "2016-06-30": "", "2016-03-31": "", "2015-12-31": "", "2015-09-30": "242.00000", "2015-06-30": "218.00000", "2015-03-31": "", "2014-12-31": "", "2014-09-30": "", "2014-06-30": "", "2014-03-31": "", "2013-12-31": "", "2013-09-30": "", "2013-06-30": "", "2013-03-31": "", "2012-12-31": "", "2012-09-30": "", "2012-06-30": "", "2012-03-31": "", "2011-12-31": "", "2011-09-30": "", "2011-06-30": "", "2011-03-31": "", "2010-12-31": "", "2010-09-30": "", "2010-06-30": "", "2010-03-31": "", "2009-12-31": "", "2009-09-30": "", "2009-06-30": "", "2009-03-31": "", "2008-12-31": "", "2008-09-30": "", "2008-06-30": "", "2008-03-31": "", "2007-12-31": "", "2007-09-30": "", "2007-06-30": "", "2007-03-31": "", "2006-12-31": "", "2006-09-30": "", "2006-06-30": "", "2006-03-31": "", "2005-12-31": "", "2005-09-30": "", "2005-06-30": "", "2005-03-31": ""}, "Total Current Assets": {"2020-09-30": "5695.00000", "2020-06-30": "5413.00000", "2020-03-31": "6173.00000", "2019-12-31": "5934.00000", "2019-09-30": "6861.00000", "2019-06-30": "6781.00000", "2019-03-31": "6492.00000", "2018-12-31": "5925.00000", "2018-09-30": "6753.00000", "2018-06-30": "6569.00000", "2018-03-31": "6488.00000", "2017-12-31": "6079.00000", "2017-09-30": "6727.00000", "2017-06-30": "6632.00000", "2017-03-31": "6325.00000", "2016-12-31": "5718.00000", "2016-09-30": "6571.00000", "2016-06-30": "6468.00000", "2016-03-31": "6375.00000", "2015-12-31": "6126.00000", "2015-09-30": "7922.00000", "2015-06-30": "7695.00000", "2015-03-31": "7434.00000", "2014-12-31": "7159.00000", "2014-09-30": "8047.00000", "2014-06-30": "8038.00000", "2014-03-31": "8206.00000", "2013-12-31": "8644.00000", "2013-09-30": "9069.00000", "2013-06-30": "8969.00000", "2013-03-31": "9042.00000", "2012-12-31": "8498.00000", "2012-09-30": "9805.00000", "2012-06-30": "9649.00000", "2012-03-31": "9988.00000", "2011-12-31": "9812.00000", "2011-09-30": "10512.00000", "2011-06-30": "9776.00000", "2011-03-31": "9492.00000", "2010-12-31": "8045.00000", "2010-09-30": "8403.00000", "2010-06-30": "7723.00000", "2010-03-31": "7671.00000", "2009-12-31": "7225.00000", "2009-09-30": "8605.00000", "2009-06-30": "8153.00000", "2009-03-31": "7968.00000", "2008-12-31": "8310.00000", "2008-09-30": "9957.00000", "2008-06-30": "10105.00000", "2008-03-31": "9824.00000", "2007-12-31": "10172.00000", "2007-09-30": "10313.00000", "2007-06-30": "9573.00000", "2007-03-31": "9028.00000", "2006-12-31": "10179.00000", "2006-09-30": "8972.00000", "2006-06-30": "8881.00000", "2006-03-31": "8692.00000", "2005-12-31": "8616.00000", "2005-09-30": "8751.00000", "2005-06-30": "8615.00000", "2005-03-31": "8739.00000"}, "Property, Plant, And Equipment": {"2020-09-30": "6840.00000", "2020-06-30": "6799.00000", "2020-03-31": "6939.00000", "2019-12-31": "7208.00000", "2019-09-30": "7032.00000", "2019-06-30": "7194.00000", "2019-03-31": "7196.00000", "2018-12-31": "7259.00000", "2018-09-30": "7132.00000", "2018-06-30": "7233.00000", "2018-03-31": "7502.00000", "2017-12-31": "7451.00000", "2017-09-30": "7331.00000", "2017-06-30": "7245.00000", "2017-03-31": "7135.00000", "2016-12-31": "7040.00000", "2016-09-30": "7039.00000", "2016-06-30": "6960.00000", "2016-03-31": "6940.00000", "2015-12-31": "6777.00000", "2015-09-30": "6673.00000", "2015-06-30": "6810.00000", "2015-03-31": "6826.00000", "2014-12-31": "7153.00000", "2014-09-30": "7092.00000", "2014-06-30": "7325.00000", "2014-03-31": "7313.00000", "2013-12-31": "7320.00000", "2013-09-30": "7065.00000", "2013-06-30": "6919.00000", "2013-03-31": "6901.00000", "2012-12-31": "6956.00000", "2012-09-30": "6658.00000", "2012-06-30": "6499.00000", "2012-03-31": "6528.00000", "2011-12-31": "6375.00000", "2011-09-30": "6263.00000", "2011-06-30": "6448.00000", "2011-03-31": "6329.00000", "2010-12-31": "6165.00000", "2010-09-30": "5869.00000", "2010-06-30": "5541.00000", "2010-03-31": "5724.00000", "2009-12-31": "5843.00000", "2009-09-30": "5710.00000", "2009-06-30": "5601.00000", "2009-03-31": "5476.00000", "2008-12-31": "5634.00000", "2008-09-30": "5720.00000", "2008-06-30": "5928.00000", "2008-03-31": "5808.00000", "2007-12-31": "5598.00000", "2007-09-30": "5286.00000", "2007-06-30": "5117.00000", "2007-03-31": "5051.00000", "2006-12-31": "5067.00000", "2006-09-30": "5241.00000", "2006-06-30": "5232.00000", "2006-03-31": "5204.00000", "2005-12-31": "5231.00000", "2005-09-30": "5179.00000", "2005-06-30": "5159.00000", "2005-03-31": "5289.00000"}, "Long-Term Investments": {"2020-09-30": "", "2020-06-30": "", "2020-03-31": "", "2019-12-31": "", "2019-09-30": "", "2019-06-30": "", "2019-03-31": "", "2018-12-31": "", "2018-09-30": "", "2018-06-30": "", "2018-03-31": "", "2017-12-31": "", "2017-09-30": "", "2017-06-30": "", "2017-03-31": "", "2016-12-31": "", "2016-09-30": "", "2016-06-30": "", "2016-03-31": "", "2015-12-31": "", "2015-09-30": "", "2015-06-30": "", "2015-03-31": "", "2014-12-31": "", "2014-09-30": "", "2014-06-30": "", "2014-03-31": "", "2013-12-31": "", "2013-09-30": "", "2013-06-30": "", "2013-03-31": "", "2012-12-31": "", "2012-09-30": "", "2012-06-30": "", "2012-03-31": "", "2011-12-31": "", "2011-09-30": "", "2011-06-30": "", "2011-03-31": "", "2010-12-31": "", "2010-09-30": "", "2010-06-30": "", "2010-03-31": "", "2009-12-31": "", "2009-09-30": "", "2009-06-30": "", "2009-03-31": "", "2008-12-31": "", "2008-09-30": "", "2008-06-30": "", "2008-03-31": "", "2007-12-31": "", "2007-09-30": "", "2007-06-30": "", "2007-03-31": "", "2006-12-31": "", "2006-09-30": "", "2006-06-30": "", "2006-03-31": "", "2005-12-31": "", "2005-09-30": "", "2005-06-30": "", "2005-03-31": "29.00000"}, "Goodwill And Intangible Assets": {"2020-09-30": "528.00000", "2020-06-30": "518.00000", "2020-03-31": "504.00000", "2019-12-31": "702.00000", "2019-09-30": "684.00000", "2019-06-30": "705.00000", "2019-03-31": "699.00000", "2018-12-31": "705.00000", "2018-09-30": "709.00000", "2018-06-30": "714.00000", "2018-03-31": "746.00000", "2017-12-31": "734.00000", "2017-09-30": "724.00000", "2017-06-30": "708.00000", "2017-03-31": "681.00000", "2016-12-31": "671.00000", "2016-09-30": "702.00000", "2016-06-30": "698.00000", "2016-03-31": "712.00000", "2015-12-31": "693.00000", "2015-09-30": "687.00000", "2015-06-30": "695.00000", "2015-03-31": "689.00000", "2014-12-31": "739.00000", "2014-09-30": "758.00000", "2014-06-30": "800.00000", "2014-03-31": "805.00000", "2013-12-31": "806.00000", "2013-09-30": "798.00000", "2013-06-30": "782.00000", "2013-03-31": "786.00000", "2012-12-31": "804.00000", "2012-09-30": "809.00000", "2012-06-30": "798.00000", "2012-03-31": "829.00000", "2011-12-31": "811.00000", "2011-09-30": "827.00000", "2011-06-30": "881.00000", "2011-03-31": "873.00000", "2010-12-31": "844.00000", "2010-09-30": "854.00000", "2010-06-30": "792.00000", "2010-03-31": "845.00000", "2009-12-31": "870.00000", "2009-09-30": "865.00000", "2009-06-30": "849.00000", "2009-03-31": "808.00000", "2008-12-31": "843.00000", "2008-09-30": "877.00000", "2008-06-30": "949.00000", "2008-03-31": "948.00000", "2007-12-31": "880.00000", "2007-09-30": "863.00000", "2007-06-30": "838.00000", "2007-03-31": "835.00000", "2006-12-31": "828.00000", "2006-09-30": "843.00000", "2006-06-30": "846.00000", "2006-03-31": "833.00000", "2005-12-31": "796.00000", "2005-09-30": "815.00000", "2005-06-30": "820.00000", "2005-03-31": "856.00000"}, "Other Long-Term Assets": {"2020-09-30": "805.00000", "2020-06-30": "794.00000", "2020-03-31": "941.00000", "2019-12-31": "959.00000", "2019-09-30": "1055.00000", "2019-06-30": "1071.00000", "2019-03-31": "1160.00000", "2018-12-31": "1136.00000", "2018-09-30": "1089.00000", "2018-06-30": "804.00000", "2018-03-31": "805.00000", "2017-12-31": "792.00000", "2017-09-30": "714.00000", "2017-06-30": "700.00000", "2017-03-31": "682.00000", "2016-12-31": "668.00000", "2016-09-30": "702.00000", "2016-06-30": "706.00000", "2016-03-31": "676.00000", "2015-12-31": "654.00000", "2015-09-30": "748.00000", "2015-06-30": "744.00000", "2015-03-31": "705.00000", "2014-12-31": "740.00000", "2014-09-30": "654.00000", "2014-06-30": "648.00000", "2014-03-31": "600.00000", "2013-12-31": "600.00000", "2013-09-30": "550.00000", "2013-06-30": "527.00000", "2013-03-31": "534.00000", "2012-12-31": "529.00000", "2012-09-30": "522.00000", "2012-06-30": "517.00000", "2012-03-31": "497.00000", "2011-12-31": "486.00000", "2011-09-30": "472.00000", "2011-06-30": "489.00000", "2011-03-31": "510.00000", "2010-12-31": "518.00000", "2010-09-30": "459.00000", "2010-06-30": "407.00000", "2010-03-31": "416.00000", "2009-12-31": "429.00000", "2009-09-30": "444.00000", "2009-06-30": "425.00000", "2009-03-31": "341.00000", "2008-12-31": "385.00000", "2008-09-30": "421.00000", "2008-06-30": "436.00000", "2008-03-31": "439.00000", "2007-12-31": "458.00000", "2007-09-30": "", "2007-06-30": "", "2007-03-31": "", "2006-12-31": "", "2006-09-30": "", "2006-06-30": "", "2006-03-31": "", "2005-12-31": "", "2005-09-30": "492.00000", "2005-06-30": "509.00000", "2005-03-31": "72.00000"}, "Total Long-Term Assets": {"2020-09-30": "10497.00000", "2020-06-30": "10414.00000", "2020-03-31": "10518.00000", "2019-12-31": "11251.00000", "2019-09-30": "11438.00000", "2019-06-30": "11689.00000", "2019-03-31": "11781.00000", "2018-12-31": "10947.00000", "2018-09-30": "10838.00000", "2018-06-30": "10786.00000", "2018-03-31": "11092.00000", "2017-12-31": "10985.00000", "2017-09-30": "11125.00000", "2017-06-30": "11014.00000", "2017-03-31": "10869.00000", "2016-12-31": "10793.00000", "2016-09-30": "10572.00000", "2016-06-30": "10392.00000", "2016-03-31": "10402.00000", "2015-12-31": "10265.00000", "2015-09-30": "9593.00000", "2015-06-30": "9821.00000", "2015-03-31": "9902.00000", "2014-12-31": "10885.00000", "2014-09-30": "8609.00000", "2014-06-30": "8904.00000", "2014-03-31": "8886.00000", "2013-12-31": "8883.00000", "2013-09-30": "8603.00000", "2013-06-30": "8415.00000", "2013-03-31": "8416.00000", "2012-12-31": "8475.00000", "2012-09-30": "8134.00000", "2012-06-30": "7952.00000", "2012-03-31": "8002.00000", "2011-12-31": "7817.00000", "2011-09-30": "7617.00000", "2011-06-30": "7866.00000", "2011-03-31": "7764.00000", "2010-12-31": "7585.00000", "2010-09-30": "7253.00000", "2010-06-30": "6790.00000", "2010-03-31": "7031.00000", "2009-12-31": "7185.00000", "2009-09-30": "7072.00000", "2009-06-30": "6926.00000", "2009-03-31": "6677.00000", "2008-12-31": "6916.00000", "2008-09-30": "7086.00000", "2008-06-30": "7389.00000", "2008-03-31": "7276.00000", "2007-12-31": "7019.00000", "2007-09-30": "6729.00000", "2007-06-30": "6931.00000", "2007-03-31": "6833.00000", "2006-12-31": "6850.00000", "2006-09-30": "6996.00000", "2006-06-30": "7040.00000", "2006-03-31": "7006.00000", "2005-12-31": "6989.00000", "2005-09-30": "7488.00000", "2005-06-30": "7394.00000", "2005-03-31": "7546.00000"}, "Total Assets": {"2020-09-30": "16192.00000", "2020-06-30": "15827.00000", "2020-03-31": "16691.00000", "2019-12-31": "17185.00000", "2019-09-30": "18299.00000", "2019-06-30": "18470.00000", "2019-03-31": "18273.00000", "2018-12-31": "16872.00000", "2018-09-30": "17591.00000", "2018-06-30": "17355.00000", "2018-03-31": "17580.00000", "2017-12-31": "17064.00000", "2017-09-30": "17852.00000", "2017-06-30": "17646.00000", "2017-03-31": "17194.00000", "2016-12-31": "16511.00000", "2016-09-30": "17143.00000", "2016-06-30": "16860.00000", "2016-03-31": "16777.00000", "2015-12-31": "16391.00000", "2015-09-30": "17515.00000", "2015-06-30": "17516.00000", "2015-03-31": "17336.00000", "2014-12-31": "18044.00000", "2014-09-30": "16656.00000", "2014-06-30": "16942.00000", "2014-03-31": "17092.00000", "2013-12-31": "17527.00000", "2013-09-30": "17672.00000", "2013-06-30": "17384.00000", "2013-03-31": "17458.00000", "2012-12-31": "16973.00000", "2012-09-30": "17939.00000", "2012-06-30": "17601.00000", "2012-03-31": "17990.00000", "2011-12-31": "17629.00000", "2011-09-30": "18129.00000", "2011-06-30": "17642.00000", "2011-03-31": "17256.00000", "2010-12-31": "15630.00000", "2010-09-30": "15656.00000", "2010-06-30": "14513.00000", "2010-03-31": "14702.00000", "2009-12-31": "14410.00000", "2009-09-30": "15677.00000", "2009-06-30": "15079.00000", "2009-03-31": "14645.00000", "2008-12-31": "15226.00000", "2008-09-30": "17043.00000", "2008-06-30": "17494.00000", "2008-03-31": "17100.00000", "2007-12-31": "17191.00000", "2007-09-30": "17042.00000", "2007-06-30": "16504.00000", "2007-03-31": "15861.00000", "2006-12-31": "17029.00000", "2006-09-30": "15968.00000", "2006-06-30": "15921.00000", "2006-03-31": "15698.00000", "2005-12-31": "15605.00000", "2005-09-30": "16239.00000", "2005-06-30": "16009.00000", "2005-03-31": "16285.00000"}, "Total Current Liabilities": {"2020-09-30": "4893.00000", "2020-06-30": "4626.00000", "2020-03-31": "5266.00000", "2019-12-31": "5287.00000", "2019-09-30": "5173.00000", "2019-06-30": "5081.00000", "2019-03-31": "5087.00000", "2018-12-31": "4781.00000", "2018-09-30": "5047.00000", "2018-06-30": "4833.00000", "2018-03-31": "4941.00000", "2017-12-31": "5025.00000", "2017-09-30": "4922.00000", "2017-06-30": "5069.00000", "2017-03-31": "4915.00000", "2016-12-31": "4817.00000", "2016-09-30": "4800.00000", "2016-06-30": "4594.00000", "2016-03-31": "4601.00000", "2015-12-31": "4955.00000", "2015-09-30": "4783.00000", "2015-06-30": "4741.00000", "2015-03-31": "4427.00000", "2014-12-31": "4730.00000", "2014-09-30": "4773.00000", "2014-06-30": "5025.00000", "2014-03-31": "5031.00000", "2013-12-31": "5025.00000", "2013-09-30": "5184.00000", "2013-06-30": "5175.00000", "2013-03-31": "5335.00000", "2012-12-31": "5322.00000", "2012-09-30": "5388.00000", "2012-06-30": "5420.00000", "2012-03-31": "5881.00000", "2011-12-31": "5929.00000", "2011-09-30": "5819.00000", "2011-06-30": "5919.00000", "2011-03-31": "5694.00000", "2010-12-31": "5307.00000", "2010-09-30": "4932.00000", "2010-06-30": "4426.00000", "2010-03-31": "4411.00000", "2009-12-31": "4095.00000", "2009-09-30": "4544.00000", "2009-06-30": "4288.00000", "2009-03-31": "4256.00000", "2008-12-31": "4779.00000", "2008-09-30": "4803.00000", "2008-06-30": "5165.00000", "2008-03-31": "4828.00000", "2007-12-31": "4664.00000", "2007-09-30": "4588.00000", "2007-06-30": "4573.00000", "2007-03-31": "4553.00000", "2006-12-31": "4666.00000", "2006-09-30": "5592.00000", "2006-06-30": "5703.00000", "2006-03-31": "4946.00000", "2005-12-31": "5441.00000", "2005-09-30": "4353.00000", "2005-06-30": "4136.00000", "2005-03-31": "4758.00000"}, "Long Term Debt": {"2020-09-30": "5708.00000", "2020-06-30": "5688.00000", "2020-03-31": "5212.00000", "2019-12-31": "4753.00000", "2019-09-30": "5580.00000", "2019-06-30": "5766.00000", "2019-03-31": "5545.00000", "2018-12-31": "5110.00000", "2018-09-30": "5604.00000", "2018-06-30": "5726.00000", "2018-03-31": "5600.00000", "2017-12-31": "5076.00000", "2017-09-30": "5737.00000", "2017-06-30": "5403.00000", "2017-03-31": "5257.00000", "2016-12-31": "4798.00000", "2016-09-30": "5446.00000", "2016-06-30": "5745.00000", "2016-03-31": "5685.00000", "2015-12-31": "5074.00000", "2015-09-30": "5591.00000", "2015-06-30": "5746.00000", "2015-03-31": "5965.00000", "2014-12-31": "6216.00000", "2014-09-30": "6719.00000", "2014-06-30": "6677.00000", "2014-03-31": "7047.00000", "2013-12-31": "6162.00000", "2013-09-30": "6366.00000", "2013-06-30": "6325.00000", "2013-03-31": "6307.00000", "2012-12-31": "4888.00000", "2012-09-30": "5708.00000", "2012-06-30": "5395.00000", "2012-03-31": "5186.00000", "2011-12-31": "4789.00000", "2011-09-30": "5559.00000", "2011-06-30": "4786.00000", "2011-03-31": "4795.00000", "2010-12-31": "4319.00000", "2010-09-30": "4595.00000", "2010-06-30": "4288.00000", "2010-03-31": "4242.00000", "2009-12-31": "4182.00000", "2009-09-30": "5020.00000", "2009-06-30": "4940.00000", "2009-03-31": "4645.00000", "2008-12-31": "4132.00000", "2008-09-30": "5035.00000", "2008-06-30": "3668.00000", "2008-03-31": "3684.00000", "2007-12-31": "4329.00000", "2007-09-30": "4675.00000", "2007-06-30": "5038.00000", "2007-03-31": "5402.00000", "2006-12-31": "6562.00000", "2006-09-30": "4630.00000", "2006-06-30": "4522.00000", "2006-03-31": "4466.00000", "2005-12-31": "4742.00000", "2005-09-30": "4944.00000", "2005-06-30": "5033.00000", "2005-03-31": "4662.00000"}, "Other Non-Current Liabilities": {"2020-09-30": "1787.00000", "2020-06-30": "1722.00000", "2020-03-31": "1737.00000", "2019-12-31": "1842.00000", "2019-09-30": "1778.00000", "2019-06-30": "1816.00000", "2019-03-31": "1849.00000", "2018-12-31": "1816.00000", "2018-09-30": "1845.00000", "2018-06-30": "1853.00000", "2018-03-31": "1976.00000", "2017-12-31": "2013.00000", "2017-09-30": "1981.00000", "2017-06-30": "1943.00000", "2017-03-31": "1976.00000", "2016-12-31": "2086.00000", "2016-09-30": "2104.00000", "2016-06-30": "2023.00000", "2016-03-31": "2072.00000", "2015-12-31": "2129.00000", "2015-09-30": "2013.00000", "2015-06-30": "2078.00000", "2015-03-31": "2205.00000", "2014-12-31": "2581.00000", "2014-09-30": "2223.00000", "2014-06-30": "2303.00000", "2014-03-31": "2320.00000", "2013-12-31": "3639.00000", "2013-09-30": "4106.00000", "2013-06-30": "4144.00000", "2013-03-31": "4253.00000", "2012-12-31": "5340.00000", "2012-09-30": "4454.00000", "2012-06-30": "4730.00000", "2012-03-31": "4893.00000", "2011-12-31": "5043.00000", "2011-09-30": "4108.00000", "2011-06-30": "4271.00000", "2011-03-31": "4261.00000", "2010-12-31": "4257.00000", "2010-09-30": "4158.00000", "2010-06-30": "4166.00000", "2010-03-31": "4280.00000", "2009-12-31": "4319.00000", "2009-09-30": "4240.00000", "2009-06-30": "4277.00000", "2009-03-31": "4158.00000", "2008-12-31": "4250.00000", "2008-09-30": "2739.00000", "2008-06-30": "3902.00000", "2008-03-31": "3989.00000", "2007-12-31": "4071.00000", "2007-09-30": "4780.00000", "2007-06-30": "4648.00000", "2007-03-31": "4732.00000", "2006-12-31": "5315.00000", "2006-09-30": "4411.00000", "2006-06-30": "4331.00000", "2006-03-31": "4952.00000", "2005-12-31": "4254.00000", "2005-09-30": "5429.00000", "2005-06-30": "5585.00000", "2005-03-31": "5589.00000"}, "Total Long Term Liabilities": {"2020-09-30": "8260.00000", "2020-06-30": "8188.00000", "2020-03-31": "7728.00000", "2019-12-31": "7353.00000", "2019-09-30": "8091.00000", "2019-06-30": "8340.00000", "2019-03-31": "8155.00000", "2018-12-31": "7021.00000", "2018-09-30": "7544.00000", "2018-06-30": "7678.00000", "2018-03-31": "7677.00000", "2017-12-31": "7189.00000", "2017-09-30": "7809.00000", "2017-06-30": "7432.00000", "2017-03-31": "7319.00000", "2016-12-31": "6969.00000", "2016-09-30": "7639.00000", "2016-06-30": "7858.00000", "2016-03-31": "7844.00000", "2015-12-31": "7294.00000", "2015-09-30": "8370.00000", "2015-06-30": "8579.00000", "2015-03-31": "8890.00000", "2014-12-31": "9469.00000", "2014-09-30": "9780.00000", "2014-06-30": "9848.00000", "2014-03-31": "10224.00000", "2013-12-31": "10634.00000", "2013-09-30": "11285.00000", "2013-06-30": "11251.00000", "2013-03-31": "11336.00000", "2012-12-31": "11026.00000", "2012-09-30": "11043.00000", "2012-06-30": "10971.00000", "2012-03-31": "10958.00000", "2011-12-31": "10683.00000", "2011-09-30": "10535.00000", "2011-06-30": "9964.00000", "2011-03-31": "9946.00000", "2010-12-31": "9402.00000", "2010-09-30": "9597.00000", "2010-06-30": "9191.00000", "2010-03-31": "9317.00000", "2009-12-31": "9329.00000", "2009-09-30": "10106.00000", "2009-06-30": "9999.00000", "2009-03-31": "9573.00000", "2008-12-31": "9194.00000", "2008-09-30": "9026.00000", "2008-06-30": "8976.00000", "2008-03-31": "9055.00000", "2007-12-31": "9677.00000", "2007-09-30": "10655.00000", "2007-06-30": "10961.00000", "2007-03-31": "11398.00000", "2006-12-31": "13121.00000", "2006-09-30": "10200.00000", "2006-06-30": "9996.00000", "2006-03-31": "10559.00000", "2005-12-31": "10091.00000", "2005-09-30": "11590.00000", "2005-06-30": "11828.00000", "2005-03-31": "11483.00000"}, "Total Liabilities": {"2020-09-30": "13153.00000", "2020-06-30": "12814.00000", "2020-03-31": "12994.00000", "2019-12-31": "12640.00000", "2019-09-30": "13264.00000", "2019-06-30": "13421.00000", "2019-03-31": "13242.00000", "2018-12-31": "11802.00000", "2018-09-30": "12591.00000", "2018-06-30": "12511.00000", "2018-03-31": "12618.00000", "2017-12-31": "12214.00000", "2017-09-30": "12731.00000", "2017-06-30": "12501.00000", "2017-03-31": "12234.00000", "2016-12-31": "11786.00000", "2016-09-30": "12439.00000", "2016-06-30": "12452.00000", "2016-03-31": "12445.00000", "2015-12-31": "12249.00000", "2015-09-30": "13153.00000", "2015-06-30": "13320.00000", "2015-03-31": "13317.00000", "2014-12-31": "14199.00000", "2014-09-30": "14553.00000", "2014-06-30": "14873.00000", "2014-03-31": "15255.00000", "2013-12-31": "15659.00000", "2013-09-30": "16469.00000", "2013-06-30": "16426.00000", "2013-03-31": "16671.00000", "2012-12-31": "16348.00000", "2012-09-30": "16431.00000", "2012-06-30": "16391.00000", "2012-03-31": "16839.00000", "2011-12-31": "16612.00000", "2011-09-30": "16354.00000", "2011-06-30": "15883.00000", "2011-03-31": "15640.00000", "2010-12-31": "14709.00000", "2010-09-30": "14529.00000", "2010-06-30": "13617.00000", "2010-03-31": "13728.00000", "2009-12-31": "13424.00000", "2009-09-30": "14650.00000", "2009-06-30": "14287.00000", "2009-03-31": "13829.00000", "2008-12-31": "13973.00000", "2008-09-30": "13829.00000", "2008-06-30": "14141.00000", "2008-03-31": "13883.00000", "2007-12-31": "14341.00000", "2007-09-30": "15243.00000", "2007-06-30": "15534.00000", "2007-03-31": "15951.00000", "2006-12-31": "17787.00000", "2006-09-30": "15792.00000", "2006-06-30": "15699.00000", "2006-03-31": "15505.00000", "2005-12-31": "15532.00000", "2005-09-30": "15943.00000", "2005-06-30": "15964.00000", "2005-03-31": "16241.00000"}, "Common Stock Net": {"2020-09-30": "233.00000", "2020-06-30": "233.00000", "2020-03-31": "233.00000", "2019-12-31": "233.00000", "2019-09-30": "233.00000", "2019-06-30": "233.00000", "2019-03-31": "232.00000", "2018-12-31": "232.00000", "2018-09-30": "233.00000", "2018-06-30": "237.00000", "2018-03-31": "240.00000", "2017-12-31": "240.00000", "2017-09-30": "246.00000", "2017-06-30": "252.00000", "2017-03-31": "252.00000", "2016-12-31": "252.00000", "2016-09-30": "261.00000", "2016-06-30": "262.00000", "2016-03-31": "266.00000", "2015-12-31": "267.00000", "2015-09-30": "269.00000", "2015-06-30": "269.00000", "2015-03-31": "270.00000", "2014-12-31": "269.00000", "2014-09-30": "275.00000", "2014-06-30": "275.00000", "2014-03-31": "248.00000", "2013-12-31": "248.00000", "2013-09-30": "247.00000", "2013-06-30": "246.00000", "2013-03-31": "246.00000", "2012-12-31": "245.00000", "2012-09-30": "245.00000", "2012-06-30": "245.00000", "2012-03-31": "245.00000", "2011-12-31": "245.00000", "2011-09-30": "244.00000", "2011-06-30": "244.00000", "2011-03-31": "244.00000", "2010-12-31": "243.00000", "2010-09-30": "243.00000", "2010-06-30": "243.00000", "2010-03-31": "243.00000", "2009-12-31": "242.00000", "2009-09-30": "242.00000", "2009-06-30": "242.00000", "2009-03-31": "242.00000", "2008-12-31": "241.00000", "2008-09-30": "241.00000", "2008-06-30": "241.00000", "2008-03-31": "241.00000", "2007-12-31": "240.00000", "2007-09-30": "211.00000", "2007-06-30": "211.00000", "2007-03-31": "182.00000", "2006-12-31": "178.00000", "2006-09-30": "177.00000", "2006-06-30": "177.00000", "2006-03-31": "177.00000", "2005-12-31": "177.00000", "2005-09-30": "176.00000", "2005-06-30": "176.00000", "2005-03-31": "176.00000"}, "Retained Earnings (Accumulated Deficit)": {"2020-09-30": "4746.00000", "2020-06-30": "4748.00000", "2020-03-31": "5444.00000", "2019-12-31": "6113.00000", "2019-09-30": "6543.00000", "2019-06-30": "6492.00000", "2019-03-31": "6476.00000", "2018-12-31": "6597.00000", "2018-09-30": "6525.00000", "2018-06-30": "6208.00000", "2018-03-31": "6084.00000", "2017-12-31": "6044.00000", "2017-09-30": "6175.00000", "2017-06-30": "6071.00000", "2017-03-31": "5949.00000", "2016-12-31": "5808.00000", "2016-09-30": "5247.00000", "2016-06-30": "4918.00000", "2016-03-31": "4735.00000", "2015-12-31": "4570.00000", "2015-09-30": "4981.00000", "2015-06-30": "4727.00000", "2015-03-31": "4551.00000", "2014-12-31": "4331.00000", "2014-09-30": "2231.00000", "2014-06-30": "2087.00000", "2014-03-31": "1888.00000", "2013-12-31": "1958.00000", "2013-09-30": "1730.00000", "2013-06-30": "1576.00000", "2013-03-31": "1396.00000", "2012-12-31": "1370.00000", "2012-09-30": "1370.00000", "2012-06-30": "1260.00000", "2012-03-31": "1176.00000", "2011-12-31": "1187.00000", "2011-09-30": "1169.00000", "2011-06-30": "1009.00000", "2011-03-31": "969.00000", "2010-12-31": "866.00000", "2010-09-30": "1043.00000", "2010-06-30": "1063.00000", "2010-03-31": "1035.00000", "2009-12-31": "1082.00000", "2009-09-30": "975.00000", "2009-06-30": "903.00000", "2009-03-31": "1130.00000", "2008-12-31": "1463.00000", "2008-09-30": "1855.00000", "2008-06-30": "1824.00000", "2008-03-31": "1749.00000", "2007-12-31": "1602.00000", "2007-09-30": "1550.00000", "2007-06-30": "882.00000", "2007-03-31": "826.00000", "2006-12-31": "968.00000", "2006-09-30": "1326.00000", "2006-06-30": "1374.00000", "2006-03-31": "1372.00000", "2005-12-31": "1298.00000", "2005-09-30": "1349.00000", "2005-06-30": "1207.00000", "2005-03-31": "1138.00000"}, "Comprehensive Income": {"2020-09-30": "-4282.00000", "2020-06-30": "-4302.00000", "2020-03-31": "-4313.00000", "2019-12-31": "-4136.00000", "2019-09-30": "-4073.00000", "2019-06-30": "-4002.00000", "2019-03-31": "-4014.00000", "2018-12-31": "-4076.00000", "2018-09-30": "-4083.00000", "2018-06-30": "-4022.00000", "2018-03-31": "-3867.00000", "2017-12-31": "-3976.00000", "2017-09-30": "-4015.00000", "2017-06-30": "-4052.00000", "2017-03-31": "-4103.00000", "2016-12-31": "-4198.00000", "2016-09-30": "-3957.00000", "2016-06-30": "-3962.00000", "2016-03-31": "-3950.00000", "2015-12-31": "-4010.00000", "2015-09-30": "-4210.00000", "2015-06-30": "-4143.00000", "2015-03-31": "-4174.00000", "2014-12-31": "-4131.00000", "2014-09-30": "-3919.00000", "2014-06-30": "-3830.00000", "2014-03-31": "-3883.00000", "2013-12-31": "-3947.00000", "2013-09-30": "-4363.00000", "2013-06-30": "-4431.00000", "2013-03-31": "-4424.00000", "2012-12-31": "-4560.00000", "2012-09-30": "-3702.00000", "2012-06-30": "-3870.00000", "2012-03-31": "-3867.00000", "2011-12-31": "-3991.00000", "2011-09-30": "-3219.00000", "2011-06-30": "-3079.00000", "2011-03-31": "-3181.00000", "2010-12-31": "-3270.00000", "2010-09-30": "-3226.00000", "2010-06-30": "-3452.00000", "2010-03-31": "-3351.00000", "2009-12-31": "-3372.00000", "2009-09-30": "-3213.00000", "2009-06-30": "-3353.00000", "2009-03-31": "-3538.00000", "2008-12-31": "-3446.00000", "2008-09-30": "-1581.00000", "2008-06-30": "-1406.00000", "2008-03-31": "-1441.00000", "2007-12-31": "-1652.00000", "2007-09-30": "-2311.00000", "2007-06-30": "-2457.00000", "2007-03-31": "-2586.00000", "2006-12-31": "-3331.00000", "2006-09-30": "-2743.00000", "2006-06-30": "-2741.00000", "2006-03-31": "-2763.00000", "2005-12-31": "-2800.00000", "2005-09-30": "-2626.00000", "2005-06-30": "-2733.00000", "2005-03-31": "-2664.00000"}, "Other Share Holders Equity": {"2020-09-30": "", "2020-06-30": "", "2020-03-31": "", "2019-12-31": "", "2019-09-30": "", "2019-06-30": "", "2019-03-31": "", "2018-12-31": "", "2018-09-30": "", "2018-06-30": "", "2018-03-31": "", "2017-12-31": "", "2017-09-30": "", "2017-06-30": "", "2017-03-31": "", "2016-12-31": "", "2016-09-30": "", "2016-06-30": "", "2016-03-31": "", "2015-12-31": "", "2015-09-30": "", "2015-06-30": "", "2015-03-31": "", "2014-12-31": "", "2014-09-30": "", "2014-06-30": "", "2014-03-31": "", "2013-12-31": "", "2013-09-30": "", "2013-06-30": "", "2013-03-31": "", "2012-12-31": "", "2012-09-30": "", "2012-06-30": "", "2012-03-31": "", "2011-12-31": "", "2011-09-30": "", "2011-06-30": "", "2011-03-31": "", "2010-12-31": "", "2010-09-30": "", "2010-06-30": "", "2010-03-31": "", "2009-12-31": "", "2009-09-30": "", "2009-06-30": "", "2009-03-31": "", "2008-12-31": "", "2008-09-30": "", "2008-06-30": "", "2008-03-31": "", "2007-12-31": "", "2007-09-30": "", "2007-06-30": "", "2007-03-31": "", "2006-12-31": "", "2006-09-30": "", "2006-06-30": "", "2006-03-31": "", "2005-12-31": "", "2005-09-30": "", "2005-06-30": "", "2005-03-31": ""}, "Share Holder Equity": {"2020-09-30": "3039.00000", "2020-06-30": "3013.00000", "2020-03-31": "3697.00000", "2019-12-31": "4545.00000", "2019-09-30": "5035.00000", "2019-06-30": "5049.00000", "2019-03-31": "5031.00000", "2018-12-31": "5070.00000", "2018-09-30": "5000.00000", "2018-06-30": "4844.00000", "2018-03-31": "4962.00000", "2017-12-31": "4850.00000", "2017-09-30": "5121.00000", "2017-06-30": "5145.00000", "2017-03-31": "4960.00000", "2016-12-31": "4725.00000", "2016-09-30": "4704.00000", "2016-06-30": "4408.00000", "2016-03-31": "4332.00000", "2015-12-31": "4142.00000", "2015-09-30": "4362.00000", "2015-06-30": "4196.00000", "2015-03-31": "4019.00000", "2014-12-31": "3845.00000", "2014-09-30": "2103.00000", "2014-06-30": "2069.00000", "2014-03-31": "1837.00000", "2013-12-31": "1868.00000", "2013-09-30": "1203.00000", "2013-06-30": "958.00000", "2013-03-31": "787.00000", "2012-12-31": "625.00000", "2012-09-30": "1508.00000", "2012-06-30": "1210.00000", "2012-03-31": "1151.00000", "2011-12-31": "1017.00000", "2011-09-30": "1775.00000", "2011-06-30": "1759.00000", "2011-03-31": "1616.00000", "2010-12-31": "921.00000", "2010-09-30": "1127.00000", "2010-06-30": "896.00000", "2010-03-31": "974.00000", "2009-12-31": "986.00000", "2009-09-30": "1027.00000", "2009-06-30": "792.00000", "2009-03-31": "816.00000", "2008-12-31": "1253.00000", "2008-09-30": "3214.00000", "2008-06-30": "3353.00000", "2008-03-31": "3217.00000", "2007-12-31": "2850.00000", "2007-09-30": "1799.00000", "2007-06-30": "970.00000", "2007-03-31": "-90.00000", "2006-12-31": "-758.00000", "2006-09-30": "176.00000", "2006-06-30": "222.00000", "2006-03-31": "193.00000", "2005-12-31": "73.00000", "2005-09-30": "296.00000", "2005-06-30": "45.00000", "2005-03-31": "44.00000"}, "Total Liabilities And Share Holders Equity": {"2020-09-30": "16192.00000", "2020-06-30": "15827.00000", "2020-03-31": "16691.00000", "2019-12-31": "17185.00000", "2019-09-30": "18299.00000", "2019-06-30": "18470.00000", "2019-03-31": "18273.00000", "2018-12-31": "16872.00000", "2018-09-30": "17591.00000", "2018-06-30": "17355.00000", "2018-03-31": "17580.00000", "2017-12-31": "17064.00000", "2017-09-30": "17852.00000", "2017-06-30": "17646.00000", "2017-03-31": "17194.00000", "2016-12-31": "16511.00000", "2016-09-30": "17143.00000", "2016-06-30": "16860.00000", "2016-03-31": "16777.00000", "2015-12-31": "16391.00000", "2015-09-30": "17515.00000", "2015-06-30": "17516.00000", "2015-03-31": "17336.00000", "2014-12-31": "18044.00000", "2014-09-30": "16656.00000", "2014-06-30": "16942.00000", "2014-03-31": "17092.00000", "2013-12-31": "17527.00000", "2013-09-30": "17672.00000", "2013-06-30": "17384.00000", "2013-03-31": "17458.00000", "2012-12-31": "16973.00000", "2012-09-30": "17939.00000", "2012-06-30": "17601.00000", "2012-03-31": "17990.00000", "2011-12-31": "17629.00000", "2011-09-30": "18129.00000", "2011-06-30": "17642.00000", "2011-03-31": "17256.00000", "2010-12-31": "15630.00000", "2010-09-30": "15656.00000", "2010-06-30": "14513.00000", "2010-03-31": "14702.00000", "2009-12-31": "14410.00000", "2009-09-30": "15677.00000", "2009-06-30": "15079.00000", "2009-03-31": "14645.00000", "2008-12-31": "15226.00000", "2008-09-30": "17043.00000", "2008-06-30": "17494.00000", "2008-03-31": "17100.00000", "2007-12-31": "17191.00000", "2007-09-30": "17042.00000", "2007-06-30": "16504.00000", "2007-03-31": "15861.00000", "2006-12-31": "17029.00000", "2006-09-30": "15968.00000", "2006-06-30": "15921.00000", "2006-03-31": "15698.00000", "2005-12-31": "15605.00000", "2005-09-30": "16239.00000", "2005-06-30": "16009.00000", "2005-03-31": "16285.00000"}}, "cash flow statement": {"Net Income/Loss": {"2019-12-31": "-297.00000", "2018-12-31": "708.00000", "2017-12-31": "365.00000", "2016-12-31": "1284.00000", "2015-12-31": "376.00000", "2014-12-31": "2521.00000", "2013-12-31": "675.00000", "2012-12-31": "237.00000", "2011-12-31": "417.00000", "2010-12-31": "-164.00000", "2009-12-31": "-364.00000", "2008-12-31": "-23.00000", "2007-12-31": "653.00000", "2006-12-31": "-330.00000", "2005-12-31": "228.00000"}, "Total Depreciation And Amortization - Cash Flow": {"2019-12-31": "810.00000", "2018-12-31": "793.00000", "2017-12-31": "802.00000", "2016-12-31": "756.00000", "2015-12-31": "721.00000", "2014-12-31": "746.00000", "2013-12-31": "740.00000", "2012-12-31": "754.00000", "2011-12-31": "749.00000", "2010-12-31": "679.00000", "2009-12-31": "656.00000", "2008-12-31": "686.00000", "2007-12-31": "661.00000", "2006-12-31": "656.00000", "2005-12-31": "669.00000"}, "Other Non-Cash Items": {"2019-12-31": "405.00000", "2018-12-31": "-324.00000", "2017-12-31": "262.00000", "2016-12-31": "-208.00000", "2015-12-31": "505.00000", "2014-12-31": "-3203.00000", "2013-12-31": "-1103.00000", "2012-12-31": "-443.00000", "2011-12-31": "-137.00000", "2010-12-31": "-155.00000", "2009-12-31": "-359.00000", "2008-12-31": "-1219.00000", "2007-12-31": "-1201.00000", "2006-12-31": "-329.00000", "2005-12-31": "-291.00000"}, "Total Non-Cash Items": {"2019-12-31": "1215.00000", "2018-12-31": "469.00000", "2017-12-31": "1064.00000", "2016-12-31": "548.00000", "2015-12-31": "1226.00000", "2014-12-31": "-2457.00000", "2013-12-31": "-363.00000", "2012-12-31": "311.00000", "2011-12-31": "612.00000", "2010-12-31": "524.00000", "2009-12-31": "297.00000", "2008-12-31": "-533.00000", "2007-12-31": "-540.00000", "2006-12-31": "327.00000", "2005-12-31": "378.00000"}, "Change In Accounts Receivable": {"2019-12-31": "71.00000", "2018-12-31": "-172.00000", "2017-12-31": "-147.00000", "2016-12-31": "211.00000", "2015-12-31": "-31.00000", "2014-12-31": "75.00000", "2013-12-31": "79.00000", "2012-12-31": "291.00000", "2011-12-31": "-337.00000", "2010-12-31": "-181.00000", "2009-12-31": "139.00000", "2008-12-31": "294.00000", "2007-12-31": "-104.00000", "2006-12-31": "265.00000", "2005-12-31": "-6.00000"}, "Change In Inventories": {"2019-12-31": "6.00000", "2018-12-31": "-171.00000", "2017-12-31": "-44.00000", "2016-12-31": "-172.00000", "2015-12-31": "-89.00000", "2014-12-31": "-35.00000", "2013-12-31": "366.00000", "2012-12-31": "619.00000", "2011-12-31": "-1009.00000", "2010-12-31": "-536.00000", "2009-12-31": "1265.00000", "2008-12-31": "-700.00000", "2007-12-31": "-395.00000", "2006-12-31": "127.00000", "2005-12-31": "-237.00000"}, "Change In Accounts Payable": {"2019-12-31": "5.00000", "2018-12-31": "223.00000", "2017-12-31": "85.00000", "2016-12-31": "-156.00000", "2015-12-31": "78.00000", "2014-12-31": "-41.00000", "2013-12-31": "-30.00000", "2012-12-31": "-453.00000", "2011-12-31": "696.00000", "2010-12-31": "769.00000", "2009-12-31": "-323.00000", "2008-12-31": "279.00000", "2007-12-31": "295.00000", "2006-12-31": "71.00000", "2005-12-31": "62.00000"}, "Change In Assets/Liabilities": {"2019-12-31": "207.00000", "2018-12-31": "-141.00000", "2017-12-31": "-165.00000", "2016-12-31": "-158.00000", "2015-12-31": "168.00000", "2014-12-31": "277.00000", "2013-12-31": "211.00000", "2012-12-31": "33.00000", "2011-12-31": "394.00000", "2010-12-31": "512.00000", "2009-12-31": "283.00000", "2008-12-31": "-56.00000", "2007-12-31": "196.00000", "2006-12-31": "287.00000", "2005-12-31": "293.00000"}, "Total Change In Assets/Liabilities": {"2019-12-31": "289.00000", "2018-12-31": "-261.00000", "2017-12-31": "-271.00000", "2016-12-31": "-275.00000", "2015-12-31": "126.00000", "2014-12-31": "276.00000", "2013-12-31": "626.00000", "2012-12-31": "490.00000", "2011-12-31": "-256.00000", "2010-12-31": "564.00000", "2009-12-31": "1364.00000", "2008-12-31": "-183.00000", "2007-12-31": "-8.00000", "2006-12-31": "0.00000", "2005-12-31": "0.00000"}, "Cash Flow From Operating Activities": {"2019-12-31": "1207.00000", "2018-12-31": "916.00000", "2017-12-31": "1158.00000", "2016-12-31": "1557.00000", "2015-12-31": "1728.00000", "2014-12-31": "340.00000", "2013-12-31": "938.00000", "2012-12-31": "1038.00000", "2011-12-31": "773.00000", "2010-12-31": "924.00000", "2009-12-31": "1297.00000", "2008-12-31": "-739.00000", "2007-12-31": "105.00000", "2006-12-31": "560.00000", "2005-12-31": "886.00000"}, "Net Change In Property, Plant, And Equipment": {"2019-12-31": "-758.00000", "2018-12-31": "-809.00000", "2017-12-31": "-869.00000", "2016-12-31": "-961.00000", "2015-12-31": "-921.00000", "2014-12-31": "-923.00000", "2013-12-31": "-1168.00000", "2012-12-31": "-1111.00000", "2011-12-31": "-967.00000", "2010-12-31": "-944.00000", "2009-12-31": "-746.00000", "2008-12-31": "-1049.00000", "2007-12-31": "-739.00000", "2006-12-31": "-678.00000", "2005-12-31": "-601.00000"}, "Net Change In Intangible Assets": {"2019-12-31": "", "2018-12-31": "", "2017-12-31": "", "2016-12-31": "", "2015-12-31": "", "2014-12-31": "", "2013-12-31": "", "2012-12-31": "", "2011-12-31": "", "2010-12-31": "", "2009-12-31": "", "2008-12-31": "", "2007-12-31": "", "2006-12-31": "", "2005-12-31": ""}, "Net Acquisitions/Divestitures": {"2019-12-31": "", "2018-12-31": "", "2017-12-31": "", "2016-12-31": "", "2015-12-31": "", "2014-12-31": "18.00000", "2013-12-31": "25.00000", "2012-12-31": "", "2011-12-31": "", "2010-12-31": "70.00000", "2009-12-31": "43.00000", "2008-12-31": "58.00000", "2007-12-31": "107.00000", "2006-12-31": "127.00000", "2005-12-31": "257.00000"}, "Net Change In Short-term Investments": {"2019-12-31": "-7.00000", "2018-12-31": "0.00000", "2017-12-31": "0.00000", "2016-12-31": "-12.00000", "2015-12-31": "-8.00000", "2014-12-31": "23.00000", "2013-12-31": "-16.00000", "2012-12-31": "-29.00000", "2011-12-31": "-4.00000", "2010-12-31": "", "2009-12-31": "", "2008-12-31": "", "2007-12-31": "", "2006-12-31": "", "2005-12-31": ""}, "Net Change In Long-Term Investments": {"2019-12-31": "", "2018-12-31": "", "2017-12-31": "", "2016-12-31": "", "2015-12-31": "", "2014-12-31": "", "2013-12-31": "", "2012-12-31": "", "2011-12-31": "", "2010-12-31": "", "2009-12-31": "47.00000", "2008-12-31": "-76.00000", "2007-12-31": "", "2006-12-31": "", "2005-12-31": ""}, "Net Change In Investments - Total": {"2019-12-31": "-7.00000", "2018-12-31": "", "2017-12-31": "", "2016-12-31": "-12.00000", "2015-12-31": "-8.00000", "2014-12-31": "23.00000", "2013-12-31": "-16.00000", "2012-12-31": "-29.00000", "2011-12-31": "-4.00000", "2010-12-31": "", "2009-12-31": "47.00000", "2008-12-31": "-76.00000", "2007-12-31": "", "2006-12-31": "", "2005-12-31": ""}, "Investing Activities - Other": {"2019-12-31": "-35.00000", "2018-12-31": "-58.00000", "2017-12-31": "-10.00000", "2016-12-31": "-6.00000", "2015-12-31": "-327.00000", "2014-12-31": "31.00000", "2013-12-31": "23.00000", "2012-12-31": "17.00000", "2011-12-31": "69.00000", "2010-12-31": "15.00000", "2009-12-31": "-7.00000", "2008-12-31": "9.00000", "2007-12-31": "1461.00000", "2006-12-31": "19.00000", "2005-12-31": "-97.00000"}, "Cash Flow From Investing Activities": {"2019-12-31": "-800.00000", "2018-12-31": "-867.00000", "2017-12-31": "-879.00000", "2016-12-31": "-979.00000", "2015-12-31": "-1256.00000", "2014-12-31": "-851.00000", "2013-12-31": "-1136.00000", "2012-12-31": "-1123.00000", "2011-12-31": "-902.00000", "2010-12-31": "-859.00000", "2009-12-31": "-663.00000", "2008-12-31": "-1058.00000", "2007-12-31": "829.00000", "2006-12-31": "-532.00000", "2005-12-31": "-441.00000"}, "Net Long-Term Debt": {"2019-12-31": "-66.00000", "2018-12-31": "-14.00000", "2017-12-31": "121.00000", "2016-12-31": "-445.00000", "2015-12-31": "-496.00000", "2014-12-31": "287.00000", "2013-12-31": "1232.00000", "2012-12-31": "-186.00000", "2011-12-31": "521.00000", "2010-12-31": "195.00000", "2009-12-31": "-518.00000", "2008-12-31": "321.00000", "2007-12-31": "-2185.00000", "2006-12-31": "1744.00000", "2005-12-31": "-100.00000"}, "Net Current Debt": {"2019-12-31": "-53.00000", "2018-12-31": "149.00000", "2017-12-31": "8.00000", "2016-12-31": "189.00000", "2015-12-31": "19.00000", "2014-12-31": "22.00000", "2013-12-31": "-89.00000", "2012-12-31": "-79.00000", "2011-12-31": "41.00000", "2010-12-31": "17.00000", "2009-12-31": "-101.00000", "2008-12-31": "66.00000", "2007-12-31": "-60.00000", "2006-12-31": "-24.00000", "2005-12-31": "31.00000"}, "Debt Issuance/Retirement Net - Total": {"2019-12-31": "-119.00000", "2018-12-31": "135.00000", "2017-12-31": "129.00000", "2016-12-31": "-256.00000", "2015-12-31": "-477.00000", "2014-12-31": "309.00000", "2013-12-31": "1143.00000", "2012-12-31": "-265.00000", "2011-12-31": "562.00000", "2010-12-31": "212.00000", "2009-12-31": "-619.00000", "2008-12-31": "387.00000", "2007-12-31": "-2245.00000", "2006-12-31": "1720.00000", "2005-12-31": "-69.00000"}, "Net Common Equity Issued/Repurchased": {"2019-12-31": "1.00000", "2018-12-31": "-216.00000", "2017-12-31": "-386.00000", "2016-12-31": "-487.00000", "2015-12-31": "-127.00000", "2014-12-31": "-195.00000", "2013-12-31": "22.00000", "2012-12-31": "3.00000", "2011-12-31": "8.00000", "2010-12-31": "1.00000", "2009-12-31": "2.00000", "2008-12-31": "5.00000", "2007-12-31": "937.00000", "2006-12-31": "12.00000", "2005-12-31": "7.00000"}, "Net Total Equity Issued/Repurchased": {"2019-12-31": "1.00000", "2018-12-31": "-216.00000", "2017-12-31": "-386.00000", "2016-12-31": "-487.00000", "2015-12-31": "-127.00000", "2014-12-31": "-195.00000", "2013-12-31": "22.00000", "2012-12-31": "3.00000", "2011-12-31": "492.00000", "2010-12-31": "1.00000", "2009-12-31": "2.00000", "2008-12-31": "5.00000", "2007-12-31": "937.00000", "2006-12-31": "12.00000", "2005-12-31": "7.00000"}, "Total Common And Preferred Stock Dividends Paid": {"2019-12-31": "-148.00000", "2018-12-31": "-138.00000", "2017-12-31": "-110.00000", "2016-12-31": "-82.00000", "2015-12-31": "-68.00000", "2014-12-31": "-75.00000", "2013-12-31": "-41.00000", "2012-12-31": "-29.00000", "2011-12-31": "-15.00000", "2010-12-31": "", "2009-12-31": "", "2008-12-31": "", "2007-12-31": "-100.00000", "2006-12-31": "-69.00000", "2005-12-31": "-52.00000"}, "Financial Activities - Other": {"2019-12-31": "-41.00000", "2018-12-31": "-24.00000", "2017-12-31": "-48.00000", "2016-12-31": "-51.00000", "2015-12-31": "-354.00000", "2014-12-31": "-50.00000", "2013-12-31": "-42.00000", "2012-12-31": "-135.00000", "2011-12-31": "-45.00000", "2010-12-31": "-34.00000", "2009-12-31": "-37.00000", "2008-12-31": "-128.00000", "2007-12-31": "-27.00000", "2006-12-31": "-16.00000", "2005-12-31": "-64.00000"}, "Cash Flow From Financial Activities": {"2019-12-31": "-307.00000", "2018-12-31": "-243.00000", "2017-12-31": "-415.00000", "2016-12-31": "-876.00000", "2015-12-31": "-1026.00000", "2014-12-31": "-11.00000", "2013-12-31": "1082.00000", "2012-12-31": "-426.00000", "2011-12-31": "994.00000", "2010-12-31": "179.00000", "2009-12-31": "-654.00000", "2008-12-31": "264.00000", "2007-12-31": "-1435.00000", "2006-12-31": "1647.00000", "2005-12-31": "-178.00000"}, "Net Cash Flow": {"2019-12-31": "101.00000", "2018-12-31": "-237.00000", "2017-12-31": "-79.00000", "2016-12-31": "-313.00000", "2015-12-31": "-679.00000", "2014-12-31": "-835.00000", "2013-12-31": "715.00000", "2012-12-31": "-491.00000", "2011-12-31": "767.00000", "2010-12-31": "83.00000", "2009-12-31": "28.00000", "2008-12-31": "-1569.00000", "2007-12-31": "-399.00000", "2006-12-31": "1724.00000", "2005-12-31": "203.00000"}, "Stock-Based Compensation": {"2019-12-31": "", "2018-12-31": "", "2017-12-31": "", "2016-12-31": "", "2015-12-31": "", "2014-12-31": "", "2013-12-31": "", "2012-12-31": "", "2011-12-31": "", "2010-12-31": "", "2009-12-31": "", "2008-12-31": "", "2007-12-31": "", "2006-12-31": "", "2005-12-31": ""}, "Common Stock Dividends Paid": {"2019-12-31": "-148.00000", "2018-12-31": "-138.00000", "2017-12-31": "-110.00000", "2016-12-31": "-82.00000", "2015-12-31": "-68.00000", "2014-12-31": "-60.00000", "2013-12-31": "-12.00000", "2012-12-31": "0.00000", "2011-12-31": "", "2010-12-31": "", "2009-12-31": "", "2008-12-31": "", "2007-12-31": "-100.00000", "2006-12-31": "-69.00000", "2005-12-31": "-52.00000"}}, "cash flow statement, quarterly": {"Net Income/Loss": {"2020-09-30": 3, "2020-06-30": -703, "2020-03-31": "-617.00000", "2019-12-31": -399, "2019-09-30": 90, "2019-06-30": 56, "2019-03-31": "-44.00000", "2018-12-31": 110, "2018-09-30": 354, "2018-06-30": 164, "2018-03-31": "80.00000", "2017-12-31": -90, "2017-09-30": 132, "2017-06-30": 154, "2017-03-31": "169.00000", "2016-12-31": 567, "2016-09-30": 320, "2016-06-30": 208, "2016-03-31": "189.00000", "2015-12-31": -373, "2015-09-30": 305, "2015-06-30": 208, "2015-03-31": "236.00000", "2014-12-31": 2128, "2014-09-30": 199, "2014-06-30": 232, "2014-03-31": "-38.00000", "2013-12-31": 256, "2013-09-30": 195, "2013-06-30": 193, "2013-03-31": "31.00000", "2012-12-31": -7, "2012-09-30": 133, "2012-06-30": 103, "2012-03-31": "8.00000", "2011-12-31": 26, "2011-09-30": 211, "2011-06-30": 56, "2011-03-31": "124.00000", "2010-12-31": -166, "2010-09-30": -13, "2010-06-30": 39, "2010-03-31": "-24.00000", "2009-12-31": 135, "2009-09-30": 102, "2009-06-30": -253, "2009-03-31": "-348.00000", "2008-12-31": -341, "2008-09-30": 52, "2008-06-30": 93, "2008-03-31": "173.00000", "2007-12-31": 103, "2007-09-30": 668, "2007-06-30": 56, "2007-03-31": "-174.00000", "2006-12-31": -358, "2006-09-30": -48, "2006-06-30": 2, "2006-03-31": "74.00000", "2005-12-31": -51, "2005-09-30": 142, "2005-06-30": 69, "2005-03-31": "68.00000"}, "Total Depreciation And Amortization - Cash Flow": {"2020-09-30": 196, "2020-06-30": 428, "2020-03-31": "380.00000", "2019-12-31": 214, "2019-09-30": 198, "2019-06-30": 201, "2019-03-31": "197.00000", "2018-12-31": 193, "2018-09-30": 200, "2018-06-30": 198, "2018-03-31": "202.00000", "2017-12-31": 199, "2017-09-30": 202, "2017-06-30": 213, "2017-03-31": "188.00000", "2016-12-31": 196, "2016-09-30": 185, "2016-06-30": 194, "2016-03-31": "181.00000", "2015-12-31": 193, "2015-09-30": 174, "2015-06-30": 180, "2015-03-31": "174.00000", "2014-12-31": 181, "2014-09-30": 184, "2014-06-30": 192, "2014-03-31": "189.00000", "2013-12-31": 188, "2013-09-30": 187, "2013-06-30": 183, "2013-03-31": "182.00000", "2012-12-31": 177, "2012-09-30": 180, "2012-06-30": 194, "2012-03-31": "203.00000", "2011-12-31": 173, "2011-09-30": 178, "2011-06-30": 211, "2011-03-31": "187.00000", "2010-12-31": 170, "2010-09-30": 178, "2010-06-30": 168, "2010-03-31": "163.00000", "2009-12-31": 171, "2009-09-30": 166, "2009-06-30": 164, "2009-03-31": "155.00000", "2008-12-31": 169, "2008-09-30": 180, "2008-06-30": 166, "2008-03-31": "171.00000", "2007-12-31": 169, "2007-09-30": 159, "2007-06-30": 173, "2007-03-31": "160.00000", "2006-12-31": 171, "2006-09-30": 141, "2006-06-30": 190, "2006-03-31": "154.00000", "2005-12-31": 120, "2005-09-30": 175, "2005-06-30": 203, "2005-03-31": "171.00000"}, "Other Non-Cash Items": {"2020-09-30": -45, "2020-06-30": -107, "2020-03-31": "156.00000", "2019-12-31": 391, "2019-09-30": -5, "2019-06-30": -23, "2019-03-31": "42.00000", "2018-12-31": 45, "2018-09-30": -179, "2018-06-30": -85, "2018-03-31": "-105.00000", "2017-12-31": 291, "2017-09-30": -19, "2017-06-30": -35, "2017-03-31": "25.00000", "2016-12-31": -279, "2016-09-30": 12, "2016-06-30": 52, "2016-03-31": "7.00000", "2015-12-31": 484, "2015-09-30": 79, "2015-06-30": 41, "2015-03-31": "-99.00000", "2014-12-31": -2081, "2014-09-30": -3, "2014-06-30": -78, "2014-03-31": "-1041.00000", "2013-12-31": -173, "2013-09-30": -72, "2013-06-30": -96, "2013-03-31": "-762.00000", "2012-12-31": -65, "2012-09-30": -217, "2012-06-30": -90, "2012-03-31": "-71.00000", "2011-12-31": 74, "2011-09-30": -135, "2011-06-30": -57, "2011-03-31": "-19.00000", "2010-12-31": 42, "2010-09-30": -133, "2010-06-30": -105, "2010-03-31": "41.00000", "2009-12-31": -112, "2009-09-30": -124, "2009-06-30": -1, "2009-03-31": "-122.00000", "2008-12-31": 22, "2008-09-30": -1114, "2008-06-30": -38, "2008-03-31": "-89.00000", "2007-12-31": -232, "2007-09-30": -751, "2007-06-30": -220, "2007-03-31": "2.00000", "2006-12-31": -82, "2006-09-30": -132, "2006-06-30": -151, "2006-03-31": "36.00000", "2005-12-31": -85, "2005-09-30": -188, "2005-06-30": -21, "2005-03-31": "3.00000"}, "Total Non-Cash Items": {"2020-09-30": 151, "2020-06-30": 321, "2020-03-31": "536.00000", "2019-12-31": 605, "2019-09-30": 193, "2019-06-30": 178, "2019-03-31": "239.00000", "2018-12-31": 238, "2018-09-30": 21, "2018-06-30": 113, "2018-03-31": "97.00000", "2017-12-31": 490, "2017-09-30": 183, "2017-06-30": 178, "2017-03-31": "213.00000", "2016-12-31": -83, "2016-09-30": 197, "2016-06-30": 246, "2016-03-31": "188.00000", "2015-12-31": 677, "2015-09-30": 253, "2015-06-30": 221, "2015-03-31": "75.00000", "2014-12-31": -1900, "2014-09-30": 181, "2014-06-30": 114, "2014-03-31": "-852.00000", "2013-12-31": 15, "2013-09-30": 115, "2013-06-30": 87, "2013-03-31": "-580.00000", "2012-12-31": 112, "2012-09-30": -37, "2012-06-30": 104, "2012-03-31": "132.00000", "2011-12-31": 247, "2011-09-30": 43, "2011-06-30": 154, "2011-03-31": "168.00000", "2010-12-31": 212, "2010-09-30": 45, "2010-06-30": 63, "2010-03-31": "204.00000", "2009-12-31": 59, "2009-09-30": 42, "2009-06-30": 163, "2009-03-31": "33.00000", "2008-12-31": 191, "2008-09-30": -934, "2008-06-30": 128, "2008-03-31": "82.00000", "2007-12-31": -63, "2007-09-30": -592, "2007-06-30": -47, "2007-03-31": "162.00000", "2006-12-31": 89, "2006-09-30": 9, "2006-06-30": 39, "2006-03-31": "190.00000", "2005-12-31": 35, "2005-09-30": -13, "2005-06-30": 182, "2005-03-31": "174.00000"}, "Change In Accounts Receivable": {"2020-09-30": -538, "2020-06-30": 242, "2020-03-31": "-206.00000", "2019-12-31": 856, "2019-09-30": -340, "2019-06-30": -20, "2019-03-31": "-425.00000", "2018-12-31": 635, "2018-09-30": -332, "2018-06-30": -8, "2018-03-31": "-467.00000", "2017-12-31": 660, "2017-09-30": -337, "2017-06-30": 8, "2017-03-31": "-478.00000", "2016-12-31": 781, "2016-09-30": -153, "2016-06-30": -18, "2016-03-31": "-399.00000", "2015-12-31": 613, "2015-09-30": -205, "2015-06-30": 56, "2015-03-31": "-495.00000", "2014-12-31": 750, "2014-09-30": -299, "2014-06-30": 80, "2014-03-31": "-456.00000", "2013-12-31": 807, "2013-09-30": -337, "2013-06-30": 109, "2013-03-31": "-500.00000", "2012-12-31": 1020, "2012-09-30": -352, "2012-06-30": 258, "2012-03-31": "-635.00000", "2011-12-31": 1082, "2011-09-30": -718, "2011-06-30": 53, "2011-03-31": "-754.00000", "2010-12-31": 677, "2010-09-30": -430, "2010-06-30": -88, "2010-03-31": "-340.00000", "2009-12-31": 558, "2009-09-30": -448, "2009-06-30": 48, "2009-03-31": "-19.00000", "2008-12-31": 981, "2008-09-30": -289, "2008-06-30": 17, "2008-03-31": "-415.00000", "2007-12-31": 723, "2007-09-30": -322, "2007-06-30": -70, "2007-03-31": "-435.00000", "2006-12-31": 888, "2006-09-30": -354, "2006-06-30": 41, "2006-03-31": "-310.00000", "2005-12-31": 525, "2005-09-30": -178, "2005-06-30": -20, "2005-03-31": "-333.00000"}, "Change In Inventories": {"2020-09-30": 351, "2020-06-30": 474, "2020-03-31": "-170.00000", "2019-12-31": 172, "2019-09-30": 67, "2019-06-30": -140, "2019-03-31": "-93.00000", "2018-12-31": 83, "2018-09-30": -32, "2018-06-30": -141, "2018-03-31": "-81.00000", "2017-12-31": 210, "2017-09-30": 228, "2017-06-30": -291, "2017-03-31": "-191.00000", "2016-12-31": 64, "2016-09-30": -60, "2016-06-30": -60, "2016-03-31": "-116.00000", "2015-12-31": 8, "2015-09-30": -84, "2015-06-30": -21, "2015-03-31": "8.00000", "2014-12-31": 191, "2014-09-30": 92, "2014-06-30": -104, "2014-03-31": "-214.00000", "2013-12-31": 117, "2013-09-30": 227, "2013-06-30": -9, "2013-03-31": "31.00000", "2012-12-31": 362, "2012-09-30": 373, "2012-06-30": -68, "2012-03-31": "-48.00000", "2011-12-31": 145, "2011-09-30": -194, "2011-06-30": -668, "2011-03-31": "-292.00000", "2010-12-31": 11, "2010-09-30": 45, "2010-06-30": -292, "2010-03-31": "-300.00000", "2009-12-31": 105, "2009-09-30": 421, "2009-06-30": 489, "2009-03-31": "250.00000", "2008-12-31": 118, "2008-09-30": -134, "2008-06-30": -388, "2008-03-31": "-296.00000", "2007-12-31": -35, "2007-09-30": -89, "2007-06-30": -145, "2007-03-31": "-126.00000", "2006-12-31": 503, "2006-09-30": 39, "2006-06-30": -176, "2006-03-31": "-239.00000", "2005-12-31": -31, "2005-09-30": 34, "2005-06-30": -129, "2005-03-31": "-111.00000"}, "Change In Accounts Payable": {"2020-09-30": 435, "2020-06-30": -754, "2020-03-31": "-106.00000", "2019-12-31": 115, "2019-09-30": -55, "2019-06-30": 16, "2019-03-31": "-71.00000", "2018-12-31": -12, "2018-09-30": -18, "2018-06-30": 154, "2018-03-31": "99.00000", "2017-12-31": 80, "2017-09-30": -185, "2017-06-30": 117, "2017-03-31": "73.00000", "2016-12-31": -12, "2016-09-30": -51, "2016-06-30": 3, "2016-03-31": "-96.00000", "2015-12-31": 45, "2015-09-30": 58, "2015-06-30": 57, "2015-03-31": "-82.00000", "2014-12-31": 28, "2014-09-30": -155, "2014-06-30": 6, "2014-03-31": "80.00000", "2013-12-31": -4, "2013-09-30": -174, "2013-06-30": 14, "2013-03-31": "134.00000", "2012-12-31": -21, "2012-09-30": -157, "2012-06-30": -191, "2012-03-31": "-84.00000", "2011-12-31": 261, "2011-09-30": 30, "2011-06-30": 129, "2011-03-31": "276.00000", "2010-12-31": 170, "2010-09-30": 97, "2010-06-30": 153, "2010-03-31": "349.00000", "2009-12-31": 131, "2009-09-30": 68, "2009-06-30": -192, "2009-03-31": "-330.00000", "2008-12-31": -59, "2008-09-30": -22, "2008-06-30": 295, "2008-03-31": "65.00000", "2007-12-31": 60, "2007-09-30": 101, "2007-06-30": 56, "2007-03-31": "78.00000", "2006-12-31": -84, "2006-09-30": 57, "2006-06-30": 68, "2006-03-31": "30.00000", "2005-12-31": 108, "2005-09-30": 13, "2005-06-30": 25, "2005-03-31": "-84.00000"}, "Change In Assets/Liabilities": {"2020-09-30": 179, "2020-06-30": 161, "2020-03-31": "2.00000", "2019-12-31": -3, "2019-09-30": 197, "2019-06-30": -17, "2019-03-31": "30.00000", "2018-12-31": -114, "2018-09-30": 67, "2018-06-30": 23, "2018-03-31": "-117.00000", "2017-12-31": -38, "2017-09-30": 10, "2017-06-30": -65, "2017-03-31": "-72.00000", "2016-12-31": -50, "2016-09-30": 104, "2016-06-30": -74, "2016-03-31": "-138.00000", "2015-12-31": 123, "2015-09-30": 34, "2015-06-30": 15, "2015-03-31": "-4.00000", "2014-12-31": 82, "2014-09-30": 177, "2014-06-30": 81, "2014-03-31": "-63.00000", "2013-12-31": 45, "2013-09-30": 138, "2013-06-30": 81, "2013-03-31": "-53.00000", "2012-12-31": -99, "2012-09-30": 162, "2012-06-30": 97, "2012-03-31": "-127.00000", "2011-12-31": -16, "2011-09-30": 325, "2011-06-30": 40, "2011-03-31": "45.00000", "2010-12-31": -63, "2010-09-30": 156, "2010-06-30": 185, "2010-03-31": "234.00000", "2009-12-31": -120, "2009-09-30": 231, "2009-06-30": 78, "2009-03-31": "94.00000", "2008-12-31": -228, "2008-09-30": 141, "2008-06-30": 37, "2008-03-31": "-6.00000", "2007-12-31": 20, "2007-09-30": 39, "2007-06-30": 61, "2007-03-31": "76.00000", "2006-12-31": 122, "2006-09-30": 87, "2006-06-30": 122, "2006-03-31": "-44.00000", "2005-12-31": 33, "2005-09-30": 87, "2005-06-30": 124, "2005-03-31": "49.00000"}, "Total Change In Assets/Liabilities": {"2020-09-30": 427, "2020-06-30": 123, "2020-03-31": "-480.00000", "2019-12-31": 1140, "2019-09-30": -131, "2019-06-30": -161, "2019-03-31": "-559.00000", "2018-12-31": 592, "2018-09-30": -315, "2018-06-30": 28, "2018-03-31": "-566.00000", "2017-12-31": 912, "2017-09-30": -284, "2017-06-30": -231, "2017-03-31": "-668.00000", "2016-12-31": 783, "2016-09-30": -160, "2016-06-30": -149, "2016-03-31": "-749.00000", "2015-12-31": 789, "2015-09-30": -197, "2015-06-30": 107, "2015-03-31": "-573.00000", "2014-12-31": 1051, "2014-09-30": -185, "2014-06-30": 63, "2014-03-31": "-653.00000", "2013-12-31": 965, "2013-09-30": -146, "2013-06-30": 195, "2013-03-31": "-388.00000", "2012-12-31": 1262, "2012-09-30": 26, "2012-06-30": 96, "2012-03-31": "-894.00000", "2011-12-31": 1472, "2011-09-30": -557, "2011-06-30": -446, "2011-03-31": "-725.00000", "2010-12-31": 795, "2010-09-30": -132, "2010-06-30": -42, "2010-03-31": "-57.00000", "2009-12-31": 674, "2009-09-30": 272, "2009-06-30": 423, "2009-03-31": "-5.00000", "2008-12-31": 812, "2008-09-30": -304, "2008-06-30": -89, "2008-03-31": "-602.00000", "2007-12-31": 745, "2007-09-30": -248, "2007-06-30": -109, "2007-03-31": "-396.00000", "2006-12-31": 679, "2006-09-30": -171, "2006-06-30": -508, "2006-03-31": "0.00000", "2005-12-31": 436, "2005-09-30": 3, "2005-06-30": -27, "2005-03-31": "-412.00000"}, "Cash Flow From Operating Activities": {"2020-09-30": 581, "2020-06-30": -259, "2020-03-31": "-561.00000", "2019-12-31": 1346, "2019-09-30": 152, "2019-06-30": 73, "2019-03-31": "-364.00000", "2018-12-31": 940, "2018-09-30": 60, "2018-06-30": 305, "2018-03-31": "-389.00000", "2017-12-31": 1312, "2017-09-30": 31, "2017-06-30": 101, "2017-03-31": "-286.00000", "2016-12-31": 1267, "2016-09-30": 357, "2016-06-30": 305, "2016-03-31": "-372.00000", "2015-12-31": 1093, "2015-09-30": 361, "2015-06-30": 536, "2015-03-31": "-262.00000", "2014-12-31": 1279, "2014-09-30": 195, "2014-06-30": 409, "2014-03-31": "-1543.00000", "2013-12-31": 1236, "2013-09-30": 164, "2013-06-30": 475, "2013-03-31": "-937.00000", "2012-12-31": 1367, "2012-09-30": 122, "2012-06-30": 303, "2012-03-31": "-754.00000", "2011-12-31": 1745, "2011-09-30": -303, "2011-06-30": -236, "2011-03-31": "-433.00000", "2010-12-31": 841, "2010-09-30": -100, "2010-06-30": 60, "2010-03-31": "123.00000", "2009-12-31": 868, "2009-09-30": 416, "2009-06-30": 333, "2009-03-31": "-320.00000", "2008-12-31": 662, "2008-09-30": -1186, "2008-06-30": 132, "2008-03-31": "-347.00000", "2007-12-31": 785, "2007-09-30": -172, "2007-06-30": -100, "2007-03-31": "-408.00000", "2006-12-31": 973, "2006-09-30": -210, "2006-06-30": 99, "2006-03-31": "-302.00000", "2005-12-31": 700, "2005-09-30": 132, "2005-06-30": 224, "2005-03-31": "-170.00000"}, "Net Change In Property, Plant, And Equipment": {"2020-09-30": -124, "2020-06-30": -152, "2020-03-31": "-211.00000", "2019-12-31": -199, "2019-09-30": -160, "2019-06-30": -178, "2019-03-31": "-221.00000", "2018-12-31": -196, "2018-09-30": -173, "2018-06-30": -192, "2018-03-31": "-248.00000", "2017-12-31": -195, "2017-09-30": -179, "2017-06-30": -225, "2017-03-31": "-270.00000", "2016-12-31": -250, "2016-09-30": -246, "2016-06-30": -213, "2016-03-31": "-252.00000", "2015-12-31": -278, "2015-09-30": -203, "2015-06-30": -236, "2015-03-31": "-204.00000", "2014-12-31": -289, "2014-09-30": -193, "2014-06-30": -212, "2014-03-31": "-229.00000", "2013-12-31": -434, "2013-09-30": -241, "2013-06-30": -222, "2013-03-31": "-271.00000", "2012-12-31": -337, "2012-09-30": -284, "2012-06-30": -214, "2012-03-31": "-276.00000", "2011-12-31": -161, "2011-09-30": -274, "2011-06-30": -248, "2011-03-31": "-284.00000", "2010-12-31": -326, "2010-09-30": -260, "2010-06-30": -217, "2010-03-31": "-141.00000", "2009-12-31": -244, "2009-09-30": -130, "2009-06-30": -151, "2009-03-31": "-221.00000", "2008-12-31": -278, "2008-09-30": -295, "2008-06-30": -250, "2008-03-31": "-226.00000", "2007-12-31": -289, "2007-09-30": -223, "2007-06-30": -130, "2007-03-31": "-97.00000", "2006-12-31": -263, "2006-09-30": -158, "2006-06-30": -146, "2006-03-31": "-111.00000", "2005-12-31": -216, "2005-09-30": -148, "2005-06-30": -145, "2005-03-31": "-92.00000"}, "Net Change In Intangible Assets": {"2020-09-30": 0, "2020-06-30": 0, "2020-03-31": "", "2019-12-31": 0, "2019-09-30": 0, "2019-06-30": 0, "2019-03-31": "", "2018-12-31": 0, "2018-09-30": 0, "2018-06-30": 0, "2018-03-31": "", "2017-12-31": 0, "2017-09-30": 0, "2017-06-30": 0, "2017-03-31": "", "2016-12-31": 0, "2016-09-30": 0, "2016-06-30": 0, "2016-03-31": "", "2015-12-31": 0, "2015-09-30": 0, "2015-06-30": 0, "2015-03-31": "", "2014-12-31": 0, "2014-09-30": 0, "2014-06-30": 0, "2014-03-31": "", "2013-12-31": 0, "2013-09-30": 0, "2013-06-30": 0, "2013-03-31": "", "2012-12-31": 0, "2012-09-30": 0, "2012-06-30": 0, "2012-03-31": "", "2011-12-31": 0, "2011-09-30": 0, "2011-06-30": 0, "2011-03-31": "", "2010-12-31": 0, "2010-09-30": 0, "2010-06-30": 0, "2010-03-31": "", "2009-12-31": 0, "2009-09-30": 0, "2009-06-30": 0, "2009-03-31": "", "2008-12-31": 0, "2008-09-30": 0, "2008-06-30": 0, "2008-03-31": "", "2007-12-31": 0, "2007-09-30": 0, "2007-06-30": 0, "2007-03-31": "", "2006-12-31": 0, "2006-09-30": 0, "2006-06-30": 0, "2006-03-31": "", "2005-12-31": 0, "2005-09-30": 0, "2005-06-30": 0, "2005-03-31": ""}, "Net Acquisitions/Divestitures": {"2020-09-30": 0, "2020-06-30": 0, "2020-03-31": "", "2019-12-31": 0, "2019-09-30": 0, "2019-06-30": 0, "2019-03-31": "", "2018-12-31": 0, "2018-09-30": 0, "2018-06-30": 0, "2018-03-31": "", "2017-12-31": 0, "2017-09-30": 0, "2017-06-30": 0, "2017-03-31": "", "2016-12-31": -13, "2016-09-30": 13, "2016-06-30": 0, "2016-03-31": "", "2015-12-31": 0, "2015-09-30": 0, "2015-06-30": -1, "2015-03-31": "1.00000", "2014-12-31": 12, "2014-09-30": 1, "2014-06-30": 3, "2014-03-31": "2.00000", "2013-12-31": 17, "2013-09-30": 1, "2013-06-30": 2, "2013-03-31": "5.00000", "2012-12-31": 0, "2012-09-30": -9, "2012-06-30": 9, "2012-03-31": "", "2011-12-31": -68, "2011-09-30": -32, "2011-06-30": 98, "2011-03-31": "2.00000", "2010-12-31": 50, "2010-09-30": 2, "2010-06-30": 2, "2010-03-31": "16.00000", "2009-12-31": 3, "2009-09-30": 19, "2009-06-30": 21, "2009-03-31": "", "2008-12-31": 16, "2008-09-30": 48, "2008-06-30": -39, "2008-03-31": "33.00000", "2007-12-31": 52, "2007-09-30": 22, "2007-06-30": 14, "2007-03-31": "19.00000", "2006-12-31": 122, "2006-09-30": 42, "2006-06-30": -40, "2006-03-31": "3.00000", "2005-12-31": 111, "2005-09-30": 127, "2005-06-30": 3, "2005-03-31": "16.00000"}, "Net Change In Short-term Investments": {"2020-09-30": -1, "2020-06-30": 18, "2020-03-31": "-2.00000", "2019-12-31": -1, "2019-09-30": -6, "2019-06-30": 0, "2019-03-31": "0.00000", "2018-12-31": 0, "2018-09-30": -8, "2018-06-30": 8, "2018-03-31": "0.00000", "2017-12-31": 0, "2017-09-30": 0, "2017-06-30": 0, "2017-03-31": "0.00000", "2016-12-31": 0, "2016-09-30": -1, "2016-06-30": 1, "2016-03-31": "-12.00000", "2015-12-31": 17, "2015-09-30": 3, "2015-06-30": -49, "2015-03-31": "21.00000", "2014-12-31": 13, "2014-09-30": 5, "2014-06-30": -5, "2014-03-31": "10.00000", "2013-12-31": -8, "2013-09-30": 4, "2013-06-30": -14, "2013-03-31": "2.00000", "2012-12-31": -14, "2012-09-30": 2, "2012-06-30": -17, "2012-03-31": "", "2011-12-31": -4, "2011-09-30": 0, "2011-06-30": 0, "2011-03-31": "", "2010-12-31": 0, "2010-09-30": 0, "2010-06-30": 0, "2010-03-31": "", "2009-12-31": 0, "2009-09-30": 0, "2009-06-30": 0, "2009-03-31": "", "2008-12-31": 0, "2008-09-30": 0, "2008-06-30": 0, "2008-03-31": "", "2007-12-31": 0, "2007-09-30": 0, "2007-06-30": 0, "2007-03-31": "", "2006-12-31": 0, "2006-09-30": 0, "2006-06-30": 0, "2006-03-31": "", "2005-12-31": 0, "2005-09-30": 0, "2005-06-30": 0, "2005-03-31": ""}, "Net Change In Long-Term Investments": {"2020-09-30": 0, "2020-06-30": 0, "2020-03-31": "", "2019-12-31": 0, "2019-09-30": 0, "2019-06-30": 0, "2019-03-31": "", "2018-12-31": 0, "2018-09-30": 0, "2018-06-30": 0, "2018-03-31": "", "2017-12-31": 0, "2017-09-30": 0, "2017-06-30": 0, "2017-03-31": "", "2016-12-31": 0, "2016-09-30": 0, "2016-06-30": 0, "2016-03-31": "", "2015-12-31": 0, "2015-09-30": 0, "2015-06-30": 0, "2015-03-31": "", "2014-12-31": 0, "2014-09-30": 0, "2014-06-30": 0, "2014-03-31": "", "2013-12-31": 0, "2013-09-30": 0, "2013-06-30": 0, "2013-03-31": "", "2012-12-31": 0, "2012-09-30": 0, "2012-06-30": 0, "2012-03-31": "", "2011-12-31": 0, "2011-09-30": 0, "2011-06-30": 0, "2011-03-31": "", "2010-12-31": -26, "2010-09-30": 2, "2010-06-30": 0, "2010-03-31": "24.00000", "2009-12-31": 7, "2009-09-30": 0, "2009-06-30": 16, "2009-03-31": "24.00000", "2008-12-31": -76, "2008-09-30": 0, "2008-06-30": 0, "2008-03-31": "", "2007-12-31": 0, "2007-09-30": 0, "2007-06-30": 0, "2007-03-31": "", "2006-12-31": 0, "2006-09-30": 0, "2006-06-30": 0, "2006-03-31": "", "2005-12-31": 0, "2005-09-30": 0, "2005-06-30": 0, "2005-03-31": ""}, "Net Change In Investments - Total": {"2020-09-30": -1, "2020-06-30": 18, "2020-03-31": "-2.00000", "2019-12-31": -1, "2019-09-30": -6, "2019-06-30": 0, "2019-03-31": "", "2018-12-31": 0, "2018-09-30": -8, "2018-06-30": 8, "2018-03-31": "", "2017-12-31": 0, "2017-09-30": 0, "2017-06-30": 0, "2017-03-31": "", "2016-12-31": 0, "2016-09-30": -1, "2016-06-30": 1, "2016-03-31": "-12.00000", "2015-12-31": 17, "2015-09-30": 3, "2015-06-30": -49, "2015-03-31": "21.00000", "2014-12-31": 13, "2014-09-30": 5, "2014-06-30": -5, "2014-03-31": "10.00000", "2013-12-31": -8, "2013-09-30": 4, "2013-06-30": -14, "2013-03-31": "2.00000", "2012-12-31": -14, "2012-09-30": 2, "2012-06-30": -17, "2012-03-31": "", "2011-12-31": -4, "2011-09-30": 0, "2011-06-30": 0, "2011-03-31": "", "2010-12-31": -26, "2010-09-30": 2, "2010-06-30": 0, "2010-03-31": "24.00000", "2009-12-31": 7, "2009-09-30": 0, "2009-06-30": 16, "2009-03-31": "24.00000", "2008-12-31": -76, "2008-09-30": 0, "2008-06-30": 0, "2008-03-31": "", "2007-12-31": 0, "2007-09-30": 0, "2007-06-30": 0, "2007-03-31": "", "2006-12-31": 0, "2006-09-30": 0, "2006-06-30": 0, "2006-03-31": "", "2005-12-31": 0, "2005-09-30": 0, "2005-06-30": 0, "2005-03-31": ""}, "Investing Activities - Other": {"2020-09-30": 0, "2020-06-30": 1, "2020-03-31": "-44.00000", "2019-12-31": -16, "2019-09-30": 1, "2019-06-30": 3, "2019-03-31": "-23.00000", "2018-12-31": -7, "2018-09-30": -13, "2018-06-30": -38, "2018-03-31": "", "2017-12-31": -9, "2017-09-30": 2, "2017-06-30": -3, "2017-03-31": "", "2016-12-31": -8, "2016-09-30": 2, "2016-06-30": 0, "2016-03-31": "", "2015-12-31": -321, "2015-09-30": -5, "2015-06-30": -3, "2015-03-31": "2.00000", "2014-12-31": 18, "2014-09-30": 3, "2014-06-30": 4, "2014-03-31": "6.00000", "2013-12-31": 14, "2013-09-30": 13, "2013-06-30": 15, "2013-03-31": "-19.00000", "2012-12-31": 28, "2012-09-30": 3, "2012-06-30": 5, "2012-03-31": "-19.00000", "2011-12-31": 46, "2011-09-30": 74, "2011-06-30": 17, "2011-03-31": "-68.00000", "2010-12-31": 17, "2010-09-30": 35, "2010-06-30": 23, "2010-03-31": "-60.00000", "2009-12-31": 88, "2009-09-30": -97, "2009-06-30": 2, "2009-03-31": "", "2008-12-31": 402, "2008-09-30": -403, "2008-06-30": 55, "2008-03-31": "-45.00000", "2007-12-31": -8, "2007-09-30": 1471, "2007-06-30": -21, "2007-03-31": "19.00000", "2006-12-31": 47, "2006-09-30": -33, "2006-06-30": 46, "2006-03-31": "-41.00000", "2005-12-31": -51, "2005-09-30": 3, "2005-06-30": -45, "2005-03-31": "-4.00000"}, "Cash Flow From Investing Activities": {"2020-09-30": -125, "2020-06-30": -133, "2020-03-31": "-257.00000", "2019-12-31": -216, "2019-09-30": -165, "2019-06-30": -175, "2019-03-31": "-244.00000", "2018-12-31": -203, "2018-09-30": -194, "2018-06-30": -222, "2018-03-31": "-248.00000", "2017-12-31": -204, "2017-09-30": -177, "2017-06-30": -228, "2017-03-31": "-270.00000", "2016-12-31": -271, "2016-09-30": -232, "2016-06-30": -212, "2016-03-31": "-264.00000", "2015-12-31": -582, "2015-09-30": -205, "2015-06-30": -289, "2015-03-31": "-180.00000", "2014-12-31": -246, "2014-09-30": -184, "2014-06-30": -210, "2014-03-31": "-211.00000", "2013-12-31": -411, "2013-09-30": -223, "2013-06-30": -219, "2013-03-31": "-283.00000", "2012-12-31": -323, "2012-09-30": -288, "2012-06-30": -217, "2012-03-31": "-295.00000", "2011-12-31": -187, "2011-09-30": -232, "2011-06-30": -133, "2011-03-31": "-350.00000", "2010-12-31": -285, "2010-09-30": -221, "2010-06-30": -192, "2010-03-31": "-161.00000", "2009-12-31": -146, "2009-09-30": -208, "2009-06-30": -112, "2009-03-31": "-197.00000", "2008-12-31": 64, "2008-09-30": -650, "2008-06-30": -234, "2008-03-31": "-238.00000", "2007-12-31": -245, "2007-09-30": 1270, "2007-06-30": -137, "2007-03-31": "-59.00000", "2006-12-31": -94, "2006-09-30": -149, "2006-06-30": -140, "2006-03-31": "-149.00000", "2005-12-31": -156, "2005-09-30": -18, "2005-06-30": -187, "2005-03-31": "-80.00000"}, "Net Long-Term Debt": {"2020-09-30": -214, "2020-06-30": 419, "2020-03-31": "588.00000", "2019-12-31": -922, "2019-09-30": 5, "2019-06-30": 224, "2019-03-31": "627.00000", "2018-12-31": -726, "2018-09-30": 101, "2018-06-30": 185, "2018-03-31": "426.00000", "2017-12-31": -658, "2017-09-30": 228, "2017-06-30": 82, "2017-03-31": "469.00000", "2016-12-31": -549, "2016-09-30": -248, "2016-06-30": 89, "2016-03-31": "263.00000", "2015-12-31": -292, "2015-09-30": -8, "2015-06-30": -184, "2015-03-31": "-12.00000", "2014-12-31": -398, "2014-09-30": 194, "2014-06-30": -341, "2014-03-31": "832.00000", "2013-12-31": -260, "2013-09-30": 16, "2013-06-30": -4, "2013-03-31": "1480.00000", "2012-12-31": -906, "2012-09-30": 264, "2012-06-30": 132, "2012-03-31": "324.00000", "2011-12-31": -808, "2011-09-30": 871, "2011-06-30": -36, "2011-03-31": "494.00000", "2010-12-31": -201, "2010-09-30": 209, "2010-06-30": 67, "2010-03-31": "120.00000", "2009-12-31": -1374, "2009-09-30": 62, "2009-06-30": 279, "2009-03-31": "515.00000", "2008-12-31": -367, "2008-09-30": 1472, "2008-06-30": -21, "2008-03-31": "-763.00000", "2007-12-31": -11, "2007-09-30": -407, "2007-06-30": -375, "2007-03-31": "-1392.00000", "2006-12-31": 1760, "2006-09-30": 98, "2006-06-30": 21, "2006-03-31": "-135.00000", "2005-12-31": 11, "2005-09-30": -39, "2005-06-30": -77, "2005-03-31": "5.00000"}, "Net Current Debt": {"2020-09-30": -191, "2020-06-30": 17, "2020-03-31": "390.00000", "2019-12-31": -147, "2019-09-30": 19, "2019-06-30": -11, "2019-03-31": "86.00000", "2018-12-31": -42, "2018-09-30": 99, "2018-06-30": 26, "2018-03-31": "66.00000", "2017-12-31": -13, "2017-09-30": 34, "2017-06-30": 18, "2017-03-31": "-31.00000", "2016-12-31": 69, "2016-09-30": 32, "2016-06-30": 64, "2016-03-31": "24.00000", "2015-12-31": 6, "2015-09-30": 7, "2015-06-30": 12, "2015-03-31": "-6.00000", "2014-12-31": -6, "2014-09-30": 34, "2014-06-30": -19, "2014-03-31": "13.00000", "2013-12-31": -30, "2013-09-30": -37, "2013-06-30": -28, "2013-03-31": "6.00000", "2012-12-31": -64, "2012-09-30": -7, "2012-06-30": -34, "2012-03-31": "26.00000", "2011-12-31": -56, "2011-09-30": 87, "2011-06-30": 15, "2011-03-31": "-5.00000", "2010-12-31": -13, "2010-09-30": 51, "2010-06-30": 14, "2010-03-31": "-35.00000", "2009-12-31": -7, "2009-09-30": -78, "2009-06-30": -53, "2009-03-31": "37.00000", "2008-12-31": 35, "2008-09-30": 1, "2008-06-30": -39, "2008-03-31": "69.00000", "2007-12-31": 7, "2007-09-30": -49, "2007-06-30": -40, "2007-03-31": "22.00000", "2006-12-31": -8, "2006-09-30": 12, "2006-06-30": -10, "2006-03-31": "-18.00000", "2005-12-31": -7, "2005-09-30": -30, "2005-06-30": 30, "2005-03-31": "38.00000"}, "Debt Issuance/Retirement Net - Total": {"2020-09-30": -405, "2020-06-30": 436, "2020-03-31": "978.00000", "2019-12-31": -1069, "2019-09-30": 24, "2019-06-30": 213, "2019-03-31": "713.00000", "2018-12-31": -768, "2018-09-30": 200, "2018-06-30": 211, "2018-03-31": "492.00000", "2017-12-31": -671, "2017-09-30": 262, "2017-06-30": 100, "2017-03-31": "438.00000", "2016-12-31": -480, "2016-09-30": -216, "2016-06-30": 153, "2016-03-31": "287.00000", "2015-12-31": -286, "2015-09-30": -1, "2015-06-30": -172, "2015-03-31": "-18.00000", "2014-12-31": -404, "2014-09-30": 228, "2014-06-30": -360, "2014-03-31": "845.00000", "2013-12-31": -290, "2013-09-30": -21, "2013-06-30": -32, "2013-03-31": "1486.00000", "2012-12-31": -970, "2012-09-30": 257, "2012-06-30": 98, "2012-03-31": "350.00000", "2011-12-31": -864, "2011-09-30": 958, "2011-06-30": -21, "2011-03-31": "489.00000", "2010-12-31": -214, "2010-09-30": 260, "2010-06-30": 81, "2010-03-31": "85.00000", "2009-12-31": -1381, "2009-09-30": -16, "2009-06-30": 226, "2009-03-31": "552.00000", "2008-12-31": -332, "2008-09-30": 1473, "2008-06-30": -60, "2008-03-31": "-694.00000", "2007-12-31": -4, "2007-09-30": -456, "2007-06-30": -415, "2007-03-31": "-1370.00000", "2006-12-31": 1752, "2006-09-30": 110, "2006-06-30": 11, "2006-03-31": "-153.00000", "2005-12-31": 4, "2005-09-30": -69, "2005-06-30": -47, "2005-03-31": "43.00000"}, "Net Common Equity Issued/Repurchased": {"2020-09-30": 0, "2020-06-30": 0, "2020-03-31": "", "2019-12-31": 0, "2019-09-30": 0, "2019-06-30": 1, "2019-03-31": "", "2018-12-31": -20, "2018-09-30": -99, "2018-06-30": -73, "2018-03-31": "-24.00000", "2017-12-31": -193, "2017-09-30": -174, "2017-06-30": -3, "2017-03-31": "-16.00000", "2016-12-31": -296, "2016-09-30": -44, "2016-06-30": -99, "2016-03-31": "-48.00000", "2015-12-31": -78, "2015-09-30": -15, "2015-06-30": -35, "2015-03-31": "1.00000", "2014-12-31": -139, "2014-09-30": -22, "2014-06-30": -26, "2014-03-31": "-8.00000", "2013-12-31": 7, "2013-09-30": 10, "2013-06-30": 3, "2013-03-31": "2.00000", "2012-12-31": 2, "2012-09-30": 1, "2012-06-30": 0, "2012-03-31": "", "2011-12-31": 1, "2011-09-30": 0, "2011-06-30": 3, "2011-03-31": "4.00000", "2010-12-31": 0, "2010-09-30": 0, "2010-06-30": 0, "2010-03-31": "1.00000", "2009-12-31": 0, "2009-09-30": 2, "2009-06-30": -2, "2009-03-31": "2.00000", "2008-12-31": 1, "2008-09-30": -1, "2008-06-30": 2, "2008-03-31": "3.00000", "2007-12-31": -18, "2007-09-30": 15, "2007-06-30": 875, "2007-03-31": "65.00000", "2006-12-31": 7, "2006-09-30": 5, "2006-06-30": -3, "2006-03-31": "3.00000", "2005-12-31": 7, "2005-09-30": 0, "2005-06-30": 0, "2005-03-31": ""}, "Net Total Equity Issued/Repurchased": {"2020-09-30": 0, "2020-06-30": 0, "2020-03-31": "", "2019-12-31": 0, "2019-09-30": 0, "2019-06-30": 1, "2019-03-31": "", "2018-12-31": -20, "2018-09-30": -99, "2018-06-30": -73, "2018-03-31": "-24.00000", "2017-12-31": -193, "2017-09-30": -174, "2017-06-30": -3, "2017-03-31": "-16.00000", "2016-12-31": -296, "2016-09-30": -44, "2016-06-30": -99, "2016-03-31": "-48.00000", "2015-12-31": -78, "2015-09-30": -15, "2015-06-30": -35, "2015-03-31": "1.00000", "2014-12-31": -139, "2014-09-30": -22, "2014-06-30": -26, "2014-03-31": "-8.00000", "2013-12-31": 7, "2013-09-30": 10, "2013-06-30": 3, "2013-03-31": "2.00000", "2012-12-31": 2, "2012-09-30": 1, "2012-06-30": 0, "2012-03-31": "", "2011-12-31": 1, "2011-09-30": -1, "2011-06-30": 3, "2011-03-31": "489.00000", "2010-12-31": 0, "2010-09-30": 0, "2010-06-30": 0, "2010-03-31": "1.00000", "2009-12-31": 0, "2009-09-30": 2, "2009-06-30": -2, "2009-03-31": "2.00000", "2008-12-31": 1, "2008-09-30": -1, "2008-06-30": 2, "2008-03-31": "3.00000", "2007-12-31": -18, "2007-09-30": 15, "2007-06-30": 875, "2007-03-31": "65.00000", "2006-12-31": 7, "2006-09-30": 5, "2006-06-30": -3, "2006-03-31": "3.00000", "2005-12-31": 7, "2005-09-30": 0, "2005-06-30": 0, "2005-03-31": ""}, "Total Common And Preferred Stock Dividends Paid": {"2020-09-30": 0, "2020-06-30": 0, "2020-03-31": "-37.00000", "2019-12-31": -37, "2019-09-30": -37, "2019-06-30": -37, "2019-03-31": "-37.00000", "2018-12-31": -38, "2018-09-30": -33, "2018-06-30": -33, "2018-03-31": "-34.00000", "2017-12-31": -35, "2017-09-30": -25, "2017-06-30": -25, "2017-03-31": "-25.00000", "2016-12-31": -26, "2016-09-30": -18, "2016-06-30": -19, "2016-03-31": "-19.00000", "2015-12-31": -19, "2015-09-30": -17, "2015-06-30": -16, "2015-03-31": "-16.00000", "2014-12-31": -17, "2014-09-30": -17, "2014-06-30": -22, "2014-03-31": "-19.00000", "2013-12-31": -19, "2013-09-30": -7, "2013-06-30": -8, "2013-03-31": "-7.00000", "2012-12-31": -7, "2012-09-30": -7, "2012-06-30": -8, "2012-03-31": "-7.00000", "2011-12-31": -8, "2011-09-30": -7, "2011-06-30": 0, "2011-03-31": "", "2010-12-31": 10, "2010-09-30": -8, "2010-06-30": -2, "2010-03-31": "", "2009-12-31": 0, "2009-09-30": 0, "2009-06-30": 0, "2009-03-31": "", "2008-12-31": 53, "2008-09-30": -53, "2008-06-30": 0, "2008-03-31": "", "2007-12-31": -5, "2007-09-30": -86, "2007-06-30": -9, "2007-03-31": "", "2006-12-31": -57, "2006-09-30": -12, "2006-06-30": 0, "2006-03-31": "", "2005-12-31": -28, "2005-09-30": -24, "2005-06-30": 0, "2005-03-31": ""}, "Financial Activities - Other": {"2020-09-30": 36, "2020-06-30": -51, "2020-03-31": "-2.00000", "2019-12-31": 10, "2019-09-30": -9, "2019-06-30": -11, "2019-03-31": "-31.00000", "2018-12-31": 6, "2018-09-30": -10, "2018-06-30": 15, "2018-03-31": "-35.00000", "2017-12-31": 27, "2017-09-30": -32, "2017-06-30": -44, "2017-03-31": "1.00000", "2016-12-31": 35, "2016-09-30": -3, "2016-06-30": -67, "2016-03-31": "-16.00000", "2015-12-31": -337, "2015-09-30": -6, "2015-06-30": -10, "2015-03-31": "-1.00000", "2014-12-31": -14, "2014-09-30": -2, "2014-06-30": -11, "2014-03-31": "-23.00000", "2013-12-31": -16, "2013-09-30": -2, "2013-06-30": -5, "2013-03-31": "-19.00000", "2012-12-31": -49, "2012-09-30": 4, "2012-06-30": -73, "2012-03-31": "-17.00000", "2011-12-31": -10, "2011-09-30": -2, "2011-06-30": -29, "2011-03-31": "-4.00000", "2010-12-31": -13, "2010-09-30": -21, "2010-06-30": 0, "2010-03-31": "", "2009-12-31": -13, "2009-09-30": -1, "2009-06-30": -23, "2009-03-31": "", "2008-12-31": -132, "2008-09-30": 0, "2008-06-30": 4, "2008-03-31": "", "2007-12-31": 0, "2007-09-30": 2, "2007-06-30": -15, "2007-03-31": "-14.00000", "2006-12-31": -19, "2006-09-30": 5, "2006-06-30": -4, "2006-03-31": "2.00000", "2005-12-31": -2, "2005-09-30": 13, "2005-06-30": -77, "2005-03-31": "2.00000"}, "Cash Flow From Financial Activities": {"2020-09-30": -369, "2020-06-30": 385, "2020-03-31": "939.00000", "2019-12-31": -1096, "2019-09-30": -22, "2019-06-30": 166, "2019-03-31": "645.00000", "2018-12-31": -820, "2018-09-30": 58, "2018-06-30": 120, "2018-03-31": "399.00000", "2017-12-31": -872, "2017-09-30": 31, "2017-06-30": 28, "2017-03-31": "398.00000", "2016-12-31": -767, "2016-09-30": -281, "2016-06-30": -32, "2016-03-31": "204.00000", "2015-12-31": -720, "2015-09-30": -39, "2015-06-30": -233, "2015-03-31": "-34.00000", "2014-12-31": -574, "2014-09-30": 187, "2014-06-30": -419, "2014-03-31": "795.00000", "2013-12-31": -318, "2013-09-30": -20, "2013-06-30": -42, "2013-03-31": "1462.00000", "2012-12-31": -1024, "2012-09-30": 255, "2012-06-30": 17, "2012-03-31": "326.00000", "2011-12-31": -881, "2011-09-30": 948, "2011-06-30": -47, "2011-03-31": "974.00000", "2010-12-31": -217, "2010-09-30": 231, "2010-06-30": 79, "2010-03-31": "86.00000", "2009-12-31": -1394, "2009-09-30": -15, "2009-06-30": 201, "2009-03-31": "554.00000", "2008-12-31": -410, "2008-09-30": 1419, "2008-06-30": -54, "2008-03-31": "-691.00000", "2007-12-31": -27, "2007-09-30": -525, "2007-06-30": 436, "2007-03-31": "-1319.00000", "2006-12-31": 1683, "2006-09-30": 108, "2006-06-30": 4, "2006-03-31": "-148.00000", "2005-12-31": -19, "2005-09-30": -80, "2005-06-30": -124, "2005-03-31": "45.00000"}, "Net Cash Flow": {"2020-09-30": 91, "2020-06-30": 2, "2020-03-31": "62.00000", "2019-12-31": 48, "2019-09-30": -54, "2019-06-30": 70, "2019-03-31": "37.00000", "2018-12-31": -89, "2018-09-30": -88, "2018-06-30": 162, "2018-03-31": "-222.00000", "2017-12-31": 242, "2017-09-30": -101, "2017-06-30": -82, "2017-03-31": "-138.00000", "2016-12-31": 189, "2016-09-30": -153, "2016-06-30": 55, "2016-03-31": "-404.00000", "2015-12-31": -208, "2015-09-30": 52, "2015-06-30": 25, "2015-03-31": "-548.00000", "2014-12-31": 417, "2014-09-30": 107, "2014-06-30": -216, "2014-03-31": "-1143.00000", "2013-12-31": 496, "2013-09-30": -64, "2013-06-30": 178, "2013-03-31": "105.00000", "2012-12-31": 24, "2012-09-30": 101, "2012-06-30": 73, "2012-03-31": "-689.00000", "2011-12-31": 646, "2011-09-30": 322, "2011-06-30": -411, "2011-03-31": "210.00000", "2010-12-31": 340, "2010-09-30": -18, "2010-06-30": -91, "2010-03-31": "-148.00000", "2009-12-31": -668, "2009-09-30": 224, "2009-06-30": 470, "2009-03-31": "2.00000", "2008-12-31": 288, "2008-09-30": -463, "2008-06-30": -147, "2008-03-31": "-1247.00000", "2007-12-31": 530, "2007-09-30": 605, "2007-06-30": 245, "2007-03-31": "-1779.00000", "2006-12-31": 2576, "2006-09-30": -248, "2006-06-30": -34, "2006-03-31": "-570.00000", "2005-12-31": 507, "2005-09-30": 39, "2005-06-30": -108, "2005-03-31": "-235.00000"}, "Stock-Based Compensation": {"2020-09-30": 0, "2020-06-30": 0, "2020-03-31": "", "2019-12-31": 0, "2019-09-30": 0, "2019-06-30": 0, "2019-03-31": "", "2018-12-31": 0, "2018-09-30": 0, "2018-06-30": 0, "2018-03-31": "", "2017-12-31": 0, "2017-09-30": 0, "2017-06-30": 0, "2017-03-31": "", "2016-12-31": 0, "2016-09-30": 0, "2016-06-30": 0, "2016-03-31": "", "2015-12-31": 0, "2015-09-30": 0, "2015-06-30": 0, "2015-03-31": "", "2014-12-31": 0, "2014-09-30": 0, "2014-06-30": 0, "2014-03-31": "", "2013-12-31": 0, "2013-09-30": 0, "2013-06-30": 0, "2013-03-31": "", "2012-12-31": 0, "2012-09-30": 0, "2012-06-30": 0, "2012-03-31": "", "2011-12-31": 0, "2011-09-30": 0, "2011-06-30": 0, "2011-03-31": "", "2010-12-31": 0, "2010-09-30": 0, "2010-06-30": 0, "2010-03-31": "", "2009-12-31": 0, "2009-09-30": 0, "2009-06-30": 0, "2009-03-31": "", "2008-12-31": 0, "2008-09-30": 0, "2008-06-30": 0, "2008-03-31": "", "2007-12-31": 0, "2007-09-30": 0, "2007-06-30": 0, "2007-03-31": "", "2006-12-31": 0, "2006-09-30": 0, "2006-06-30": 0, "2006-03-31": "", "2005-12-31": 0, "2005-09-30": 0, "2005-06-30": 0, "2005-03-31": ""}, "Common Stock Dividends Paid": {"2020-09-30": 0, "2020-06-30": 0, "2020-03-31": "-37.00000", "2019-12-31": -37, "2019-09-30": -37, "2019-06-30": -37, "2019-03-31": "-37.00000", "2018-12-31": -38, "2018-09-30": -33, "2018-06-30": -33, "2018-03-31": "-34.00000", "2017-12-31": -35, "2017-09-30": -25, "2017-06-30": -25, "2017-03-31": "-25.00000", "2016-12-31": -26, "2016-09-30": -18, "2016-06-30": -19, "2016-03-31": "-19.00000", "2015-12-31": -19, "2015-09-30": -17, "2015-06-30": -16, "2015-03-31": "-16.00000", "2014-12-31": -17, "2014-09-30": -17, "2014-06-30": -14, "2014-03-31": "-12.00000", "2013-12-31": -12, "2013-09-30": 0, "2013-06-30": 0, "2013-03-31": "0.00000", "2012-12-31": 0, "2012-09-30": 0, "2012-06-30": 0, "2012-03-31": "", "2011-12-31": 0, "2011-09-30": 0, "2011-06-30": 0, "2011-03-31": "", "2010-12-31": 10, "2010-09-30": -8, "2010-06-30": -2, "2010-03-31": "", "2009-12-31": 0, "2009-09-30": 0, "2009-06-30": 0, "2009-03-31": "", "2008-12-31": 53, "2008-09-30": -53, "2008-06-30": 0, "2008-03-31": "", "2007-12-31": -5, "2007-09-30": -86, "2007-06-30": -9, "2007-03-31": "", "2006-12-31": -57, "2006-09-30": -12, "2006-06-30": 0, "2006-03-31": "", "2005-12-31": -28, "2005-09-30": -24, "2005-06-30": 0, "2005-03-31": ""}}, "financial ratios": {"Current Ratio": {"2019-12-31": "1.12240", "2018-12-31": "1.23930", "2017-12-31": "1.20980", "2016-12-31": "1.18700", "2015-12-31": "1.23630", "2014-12-31": "1.51350", "2013-12-31": "1.72020", "2012-12-31": "1.59680", "2011-12-31": "1.65490", "2010-12-31": "1.51590", "2009-12-31": "1.76430", "2008-12-31": "1.73890", "2007-12-31": "2.18100", "2006-12-31": "2.18150", "2005-12-31": "1.58350"}, "Long-term Debt / Capital": {"2019-12-31": "0.51120", "2018-12-31": "0.50200", "2017-12-31": "0.51140", "2016-12-31": "0.50380", "2015-12-31": "0.55060", "2014-12-31": "0.61780", "2013-12-31": "0.76740", "2012-12-31": "0.88660", "2011-12-31": "0.82480", "2010-12-31": "0.82420", "2009-12-31": "0.80920", "2008-12-31": "0.76730", "2007-12-31": "0.60300", "2006-12-31": "1.13060", "2005-12-31": "0.98480"}, "Debt/Equity Ratio": {"2019-12-31": "1.24600", "2018-12-31": "1.13670", "2017-12-31": "1.18120", "2016-12-31": "1.15960", "2015-12-31": "1.37810", "2014-12-31": "1.66290", "2013-12-31": "3.34530", "2012-12-31": "8.13760", "2011-12-31": "5.11410", "2010-12-31": "5.15200", "2009-12-31": "4.58420", "2008-12-31": "3.97370", "2007-12-31": "1.65790", "2006-12-31": "-9.51190", "2005-12-31": "74.06850"}, "Gross Margin": {"2019-12-31": "21.31570", "2018-12-31": "22.70760", "2017-12-31": "24.04240", "2016-12-31": "27.85990", "2015-12-31": "26.02320", "2014-12-31": "23.33220", "2013-12-31": "21.07470", "2012-12-31": "18.24030", "2011-12-31": "17.33210", "2010-12-31": "17.94820", "2009-12-31": "16.10330", "2008-12-31": "17.18490", "2007-12-31": "19.00330", "2006-12-31": "16.13250", "2005-12-31": "19.68730"}, "Operating Margin": {"2019-12-31": "5.56120", "2018-12-31": "7.76740", "2017-12-31": "9.22160", "2016-12-31": "11.96730", "2015-12-31": "10.12590", "2014-12-31": "8.33610", "2013-12-31": "6.96010", "2012-12-31": "5.29250", "2011-12-31": "4.93700", "2010-12-31": "3.98260", "2009-12-31": "1.35570", "2008-12-31": "3.84340", "2007-12-31": "4.94300", "2006-12-31": "2.55450", "2005-12-31": "5.13320"}, "EBIT Margin": {"2019-12-31": "5.56120", "2018-12-31": "7.76740", "2017-12-31": "9.22160", "2016-12-31": "11.96730", "2015-12-31": "10.12590", "2014-12-31": "8.33610", "2013-12-31": "6.96010", "2012-12-31": "5.29250", "2011-12-31": "4.93700", "2010-12-31": "3.98260", "2009-12-31": "1.35570", "2008-12-31": "3.84340", "2007-12-31": "4.94300", "2006-12-31": "2.55450", "2005-12-31": "5.13320"}, "EBITDA Margin": {"2019-12-31": "11.05460", "2018-12-31": "12.89180", "2017-12-31": "14.43720", "2016-12-31": "16.95470", "2015-12-31": "14.51070", "2014-12-31": "12.44900", "2013-12-31": "10.74720", "2012-12-31": "8.88430", "2011-12-31": "8.22680", "2010-12-31": "7.58810", "2009-12-31": "5.38000", "2008-12-31": "7.36350", "2007-12-31": "8.30790", "2006-12-31": "6.05300", "2005-12-31": "8.82970"}, "Pre-Tax Profit Margin": {"2019-12-31": "1.20040", "2018-12-31": "6.53310", "2017-12-31": "5.70980", "2016-12-31": "7.96280", "2015-12-31": "3.69760", "2014-12-31": "3.78760", "2013-12-31": "4.16070", "2012-12-31": "2.09600", "2011-12-31": "2.71450", "2010-12-31": "0.04250", "2009-12-31": "-2.19010", "2008-12-31": "0.95440", "2007-12-31": "2.26530", "2006-12-31": "-1.07730", "2005-12-31": "2.49750"}, "Net Profit Margin": {"2019-12-31": "-2.10920", "2018-12-31": "4.47820", "2017-12-31": "2.25010", "2016-12-31": "8.33880", "2015-12-31": "1.86710", "2014-12-31": "13.48000", "2013-12-31": "3.07060", "2012-12-31": "0.87180", "2011-12-31": "1.40990", "2010-12-31": "-1.14700", "2009-12-31": "-2.30050", "2008-12-31": "-0.39510", "2007-12-31": "2.96780", "2006-12-31": "-1.75990", "2005-12-31": "1.25980"}, "Asset Turnover": {"2019-12-31": "0.85800", "2018-12-31": "0.91720", "2017-12-31": "0.90110", "2016-12-31": "0.91810", "2015-12-31": "1.00320", "2014-12-31": "1.00520", "2013-12-31": "1.11490", "2012-12-31": "1.23680", "2011-12-31": "1.29150", "2010-12-31": "1.20490", "2009-12-31": "1.13120", "2008-12-31": "1.27990", "2007-12-31": "1.14270", "2006-12-31": "1.10110", "2005-12-31": "1.15980"}, "Inventory Turnover Ratio": {"2019-12-31": "4.06940", "2018-12-31": "4.18800", "2017-12-31": "4.19090", "2016-12-31": "4.16250", "2015-12-31": "4.93670", "2014-12-31": "5.20630", "2013-12-31": "5.47660", "2012-12-31": "5.28090", "2011-12-31": "4.88100", "2010-12-31": "5.19050", "2009-12-31": "5.59800", "2008-12-31": "4.49300", "2007-12-31": "5.02880", "2006-12-31": "6.04610", "2005-12-31": "5.17260"}, "Receiveable Turnover": {"2019-12-31": "7.59660", "2018-12-31": "7.62320", "2017-12-31": "7.59360", "2016-12-31": "8.56870", "2015-12-31": "8.08800", "2014-12-31": "8.53150", "2013-12-31": "8.02460", "2012-12-31": "8.19040", "2011-12-31": "7.99120", "2010-12-31": "6.88300", "2009-12-31": "6.41770", "2008-12-31": "7.74260", "2007-12-31": "6.33060", "2006-12-31": "6.69680", "2005-12-31": "5.73080"}, "Days Sales In Receivables": {"2019-12-31": "48.04780", "2018-12-31": "47.88050", "2017-12-31": "48.06690", "2016-12-31": "42.59700", "2015-12-31": "45.12830", "2014-12-31": "42.78260", "2013-12-31": "45.48490", "2012-12-31": "44.56440", "2011-12-31": "45.67510", "2010-12-31": "53.02890", "2009-12-31": "56.87380", "2008-12-31": "47.14210", "2007-12-31": "57.65600", "2006-12-31": "54.50380", "2005-12-31": "63.69050"}, "ROE - Return On Equity": {"2019-12-31": "-6.53470", "2018-12-31": "13.96450", "2017-12-31": "7.52580", "2016-12-31": "27.17460", "2015-12-31": "9.07770", "2014-12-31": "65.56570", "2013-12-31": "49.34210", "2012-12-31": "189.60000", "2011-12-31": "80.65770", "2010-12-31": "-17.80670", "2009-12-31": "-36.91680", "2008-12-31": "-1.83560", "2007-12-31": "6.66670", "2006-12-31": "49.20840", "2005-12-31": "169.86300"}, "Return On Tangible Equity": {"2019-12-31": "-7.72830", "2018-12-31": "16.21990", "2017-12-31": "8.86780", "2016-12-31": "31.67240", "2015-12-31": "10.90170", "2014-12-31": "81.16550", "2013-12-31": "63.55930", "2012-12-31": "-132.40220", "2011-12-31": "202.42720", "2010-12-31": "-212.98700", "2009-12-31": "-313.79310", "2008-12-31": "-5.60980", "2007-12-31": "9.64470", "2006-12-31": "23.51830", "2005-12-31": "-17.15080"}, "ROA - Return On Assets": {"2019-12-31": "-1.72830", "2018-12-31": "4.19630", "2017-12-31": "2.13900", "2016-12-31": "7.77660", "2015-12-31": "2.29390", "2014-12-31": "13.97140", "2013-12-31": "3.85120", "2012-12-31": "1.39630", "2011-12-31": "2.36540", "2010-12-31": "-1.04930", "2009-12-31": "-2.52600", "2008-12-31": "-0.15110", "2007-12-31": "1.10520", "2006-12-31": "-2.19040", "2005-12-31": "0.79460"}, "ROI - Return On Investment": {"2019-12-31": "-3.19420", "2018-12-31": "6.95480", "2017-12-31": "3.67720", "2016-12-31": "13.48320", "2015-12-31": "4.07990", "2014-12-31": "25.05720", "2013-12-31": "8.40600", "2012-12-31": "4.29890", "2011-12-31": "7.18220", "2010-12-31": "-3.12980", "2009-12-31": "-7.04330", "2008-12-31": "-0.42710", "2007-12-31": "2.64660", "2006-12-31": "-6.42660", "2005-12-31": "2.57530"}, "Book Value Per Share": {"2019-12-31": "19.50640", "2018-12-31": "21.85350", "2017-12-31": "20.20830", "2016-12-31": "18.75000", "2015-12-31": "15.51310", "2014-12-31": "14.29370", "2013-12-31": "7.53230", "2012-12-31": "2.55100", "2011-12-31": "4.15890", "2010-12-31": "3.79110", "2009-12-31": "4.07100", "2008-12-31": "5.19290", "2007-12-31": "11.86900", "2006-12-31": "-4.25320", "2005-12-31": "0.41360"}, "Operating Cash Flow Per Share": {"2019-12-31": 1.3477, "2018-12-31": -0.7445, "2017-12-31": -1.2763, "2016-12-31": -0.4763, "2015-12-31": 5.1111, "2014-12-31": -2.1677, "2013-12-31": -0.8161, "2012-12-31": 1.35, "2011-12-31": -0.9658, "2010-12-31": -1.5635, "2009-12-31": 8.4481, "2008-12-31": -3.5786, "2007-12-31": -2.6516, "2006-12-31": -1.0754, "2005-12-31": 4.2392}, "Free Cash Flow Per Share": {"2019-12-31": 1.4793, "2018-12-31": -0.6946, "2017-12-31": -1.0983, "2016-12-31": -0.7154, "2015-12-31": 5.0456, "2014-12-31": -1.2593, "2013-12-31": -0.5348, "2012-12-31": 0.4204, "2011-12-31": -0.6333, "2010-12-31": -2.3689, "2009-12-31": 9.7054, "2008-12-31": -4.3264, "2007-12-31": -2.426, "2006-12-31": -2.0303, "2005-12-31": 1.3636}}, "financial ratios, quarterly": {"Current Ratio": {"2020-09-30": "1.16390", "2020-06-30": "1.17010", "2020-03-31": "1.17220", "2019-12-31": "1.12240", "2019-09-30": "1.32630", "2019-06-30": "1.33460", "2019-03-31": "1.27620", "2018-12-31": "1.23930", "2018-09-30": "1.33800", "2018-06-30": "1.35920", "2018-03-31": "1.31310", "2017-12-31": "1.20980", "2017-09-30": "1.36670", "2017-06-30": "1.30830", "2017-03-31": "1.28690", "2016-12-31": "1.18700", "2016-09-30": "1.36900", "2016-06-30": "1.40790", "2016-03-31": "1.38560", "2015-12-31": "1.23630", "2015-09-30": "1.65630", "2015-06-30": "1.62310", "2015-03-31": "1.67920", "2014-12-31": "1.51350", "2014-09-30": "1.68590", "2014-06-30": "1.59960", "2014-03-31": "1.63110", "2013-12-31": "1.72020", "2013-09-30": "1.74940", "2013-06-30": "1.73310", "2013-03-31": "1.69480", "2012-12-31": "1.59680", "2012-09-30": "1.81980", "2012-06-30": "1.78030", "2012-03-31": "1.69840", "2011-12-31": "1.65490", "2011-09-30": "1.80650", "2011-06-30": "1.65160", "2011-03-31": "1.66700", "2010-12-31": "1.51590", "2010-09-30": "1.70380", "2010-06-30": "1.74490", "2010-03-31": "1.73910", "2009-12-31": "1.76430", "2009-09-30": "1.89370", "2009-06-30": "1.90140", "2009-03-31": "1.87220", "2008-12-31": "1.73890", "2008-09-30": "2.07310", "2008-06-30": "1.95640", "2008-03-31": "2.03480", "2007-12-31": "2.18100", "2007-09-30": "2.24780", "2007-06-30": "2.09340", "2007-03-31": "1.98290", "2006-12-31": "2.18150", "2006-09-30": "1.60440", "2006-06-30": "1.55730", "2006-03-31": "1.75740", "2005-12-31": "1.58350", "2005-09-30": "2.01030", "2005-06-30": "2.08290", "2005-03-31": "1.83670"}, "Long-term Debt / Capital": {"2020-09-30": "0.65260", "2020-06-30": "0.65370", "2020-03-31": "0.58500", "2019-12-31": "0.51120", "2019-09-30": "0.52570", "2019-06-30": "0.53310", "2019-03-31": "0.52430", "2018-12-31": "0.50200", "2018-09-30": "0.52850", "2018-06-30": "0.54170", "2018-03-31": "0.53020", "2017-12-31": "0.51140", "2017-09-30": "0.52840", "2017-06-30": "0.51220", "2017-03-31": "0.51450", "2016-12-31": "0.50380", "2016-09-30": "0.53660", "2016-06-30": "0.56580", "2016-03-31": "0.56750", "2015-12-31": "0.55060", "2015-09-30": "0.56170", "2015-06-30": "0.57800", "2015-03-31": "0.59750", "2014-12-31": "0.61780", "2014-09-30": "0.76160", "2014-06-30": "0.76340", "2014-03-31": "0.79320", "2013-12-31": "0.76740", "2013-09-30": "0.84110", "2013-06-30": "0.86850", "2013-03-31": "0.88910", "2012-12-31": "0.88660", "2012-09-30": "0.79100", "2012-06-30": "0.81680", "2012-03-31": "0.81840", "2011-12-31": "0.82480", "2011-09-30": "0.75800", "2011-06-30": "0.73120", "2011-03-31": "0.74790", "2010-12-31": "0.82420", "2010-09-30": "0.80300", "2010-06-30": "0.82720", "2010-03-31": "0.81330", "2009-12-31": "0.80920", "2009-09-30": "0.83020", "2009-06-30": "0.86180", "2009-03-31": "0.85060", "2008-12-31": "0.76730", "2008-09-30": "0.61040", "2008-06-30": "0.52240", "2008-03-31": "0.53380", "2007-12-31": "0.60300", "2007-09-30": "0.72210", "2007-06-30": "0.83850", "2007-03-31": "1.01690", "2006-12-31": "1.13060", "2006-09-30": "0.96340", "2006-06-30": "0.95320", "2006-03-31": "0.95860", "2005-12-31": "0.98480", "2005-09-30": "0.94350", "2005-06-30": "0.99110", "2005-03-31": "0.99070"}, "Debt/Equity Ratio": {"2020-09-30": "2.18760", "2020-06-30": "2.31700", "2020-03-31": "1.76470", "2019-12-31": "1.24600", "2019-09-30": "1.32590", "2019-06-30": "1.33430", "2019-03-31": "1.29320", "2018-12-31": "1.13670", "2018-09-30": "1.30400", "2018-06-30": "1.31030", "2018-03-31": "1.26140", "2017-12-31": "1.18120", "2017-09-30": "1.24800", "2017-06-30": "1.18100", "2017-03-31": "1.19620", "2016-12-31": "1.15960", "2016-09-30": "1.28150", "2016-06-30": "1.41470", "2016-03-31": "1.40240", "2015-12-31": "1.37810", "2015-09-30": "1.37550", "2015-06-30": "1.45450", "2015-03-31": "1.54910", "2014-12-31": "1.66290", "2014-09-30": "3.25960", "2014-06-30": "3.26820", "2014-03-31": "3.87590", "2013-12-31": "3.34530", "2013-09-30": "5.43810", "2013-06-30": "6.81520", "2013-03-31": "8.36210", "2012-12-31": "8.13760", "2012-09-30": "3.96620", "2012-06-30": "4.68600", "2012-03-31": "4.89230", "2011-12-31": "5.11410", "2011-09-30": "3.42700", "2011-06-30": "3.01540", "2011-03-31": "3.26980", "2010-12-31": "5.15200", "2010-09-30": "4.41170", "2010-06-30": "5.13840", "2010-03-31": "4.71660", "2009-12-31": "4.58420", "2009-09-30": "5.75460", "2009-06-30": "7.38510", "2009-03-31": "6.77210", "2008-12-31": "3.97370", "2008-09-30": "1.67730", "2008-06-30": "1.21350", "2008-03-31": "1.26700", "2007-12-31": "1.65790", "2007-09-30": "2.81100", "2007-06-30": "5.62160", "2007-03-31": "-64.73330", "2006-12-31": "-9.51190", "2006-09-30": "30.75570", "2006-06-30": "23.90540", "2006-03-31": "27.22280", "2005-12-31": "74.06850", "2005-09-30": "18.40540", "2005-06-30": "122.22220", "2005-03-31": "128.72730"}, "Gross Margin": {"2020-09-30": "19.91340", "2020-06-30": "-3.35820", "2020-03-31": "16.49220", "2019-12-31": "21.81520", "2019-09-30": "22.01470", "2019-06-30": "21.39320", "2019-03-31": "19.98330", "2018-12-31": "22.39420", "2018-09-30": "22.91240", "2018-06-30": "23.22310", "2018-03-31": "22.29770", "2017-12-31": "24.31840", "2017-09-30": "22.11170", "2017-06-30": "24.44380", "2017-03-31": "25.38520", "2016-12-31": "28.22780", "2016-09-30": "28.87970", "2016-06-30": "27.48130", "2016-03-31": "26.82200", "2015-12-31": "24.41550", "2015-09-30": "28.29830", "2015-06-30": "27.44490", "2015-03-31": "23.80720", "2014-12-31": "23.32420", "2014-09-30": "24.50080", "2014-06-30": "24.14090", "2014-03-31": "21.27990", "2013-12-31": "22.98060", "2013-09-30": "21.11160", "2013-06-30": "21.41400", "2013-03-31": "18.81310", "2012-12-31": "18.73140", "2012-09-30": "18.02810", "2012-06-30": "19.59220", "2012-03-31": "16.73600", "2011-12-31": "15.27360", "2011-09-30": "17.96440", "2011-06-30": "18.64770", "2011-03-31": "17.41950", "2010-12-31": "17.38960", "2010-09-30": "16.96900", "2010-06-30": "18.59540", "2010-03-31": "19.06320", "2009-12-31": "19.29230", "2009-09-30": "19.65790", "2009-06-30": "14.96320", "2009-03-31": "8.96490", "2008-12-31": "11.34220", "2008-09-30": "16.55070", "2008-06-30": "19.90840", "2008-03-31": "19.85030", "2007-12-31": "19.53490", "2007-09-30": "20.00400", "2007-06-30": "19.38630", "2007-03-31": "16.84820", "2006-12-31": "11.47050", "2006-09-30": "17.36210", "2006-06-30": "16.58930", "2006-03-31": "19.13940", "2005-12-31": "16.50050", "2005-09-30": "20.31810", "2005-06-30": "20.97360", "2005-03-31": "19.88670"}, "Operating Margin": {"2020-09-30": "3.89610", "2020-06-30": "-31.29660", "2020-03-31": "-8.47510", "2019-12-31": "5.17100", "2019-09-30": "6.97000", "2019-06-30": "5.25880", "2019-03-31": "4.78040", "2018-12-31": "7.43030", "2018-09-30": "8.83400", "2018-06-30": "7.91460", "2018-03-31": "6.86680", "2017-12-31": "10.09580", "2017-09-30": "8.21220", "2017-06-30": "8.73580", "2017-03-31": "9.81350", "2016-12-31": "12.13580", "2016-09-30": "13.30910", "2016-06-30": "12.19390", "2016-03-31": "10.15990", "2015-12-31": "6.57150", "2015-09-30": "13.16920", "2015-06-30": "11.91280", "2015-03-31": "8.69780", "2014-12-31": "7.20840", "2014-09-30": "10.47890", "2014-06-30": "9.14950", "2014-03-31": "6.35490", "2013-12-31": "7.61850", "2013-09-30": "7.39700", "2013-06-30": "7.29460", "2013-03-31": "5.52240", "2012-12-31": "4.71750", "2012-09-30": "5.64210", "2012-06-30": "6.05830", "2012-03-31": "4.77140", "2011-12-31": "2.53390", "2011-09-30": "6.79640", "2011-06-30": "5.24910", "2011-03-31": "5.05370", "2010-12-31": "3.29260", "2010-09-30": "4.07090", "2010-06-30": "3.79860", "2010-03-31": "4.89460", "2009-12-31": "4.86820", "2009-09-30": "5.58720", "2009-06-30": "-0.60870", "2009-03-31": "-6.10860", "2008-12-31": "-3.24060", "2008-09-30": "4.42770", "2008-06-30": "5.87900", "2008-03-31": "7.00120", "2007-12-31": "5.25190", "2007-09-30": "6.77330", "2007-06-30": "5.32410", "2007-03-31": "2.11160", "2006-12-31": "-3.40660", "2006-09-30": "4.92570", "2006-06-30": "3.29250", "2006-03-31": "5.35630", "2005-12-31": "1.54130", "2005-09-30": "6.26240", "2005-06-30": "6.02960", "2005-03-31": "5.49610"}, "EBIT Margin": {"2020-09-30": "3.89610", "2020-06-30": "-31.29660", "2020-03-31": "-8.47510", "2019-12-31": "5.17100", "2019-09-30": "6.97000", "2019-06-30": "5.25880", "2019-03-31": "4.78040", "2018-12-31": "7.43030", "2018-09-30": "8.83400", "2018-06-30": "7.91460", "2018-03-31": "6.86680", "2017-12-31": "10.09580", "2017-09-30": "8.21220", "2017-06-30": "8.73580", "2017-03-31": "9.81350", "2016-12-31": "12.13580", "2016-09-30": "13.30910", "2016-06-30": "12.19390", "2016-03-31": "10.15990", "2015-12-31": "6.57150", "2015-09-30": "13.16920", "2015-06-30": "11.91280", "2015-03-31": "8.69780", "2014-12-31": "7.20840", "2014-09-30": "10.47890", "2014-06-30": "9.14950", "2014-03-31": "6.35490", "2013-12-31": "7.61850", "2013-09-30": "7.39700", "2013-06-30": "7.29460", "2013-03-31": "5.52240", "2012-12-31": "4.71750", "2012-09-30": "5.64210", "2012-06-30": "6.05830", "2012-03-31": "4.77140", "2011-12-31": "2.53390", "2011-09-30": "6.79640", "2011-06-30": "5.24910", "2011-03-31": "5.05370", "2010-12-31": "3.29260", "2010-09-30": "4.07090", "2010-06-30": "3.79860", "2010-03-31": "4.89460", "2009-12-31": "4.86820", "2009-09-30": "5.58720", "2009-06-30": "-0.60870", "2009-03-31": "-6.10860", "2008-12-31": "-3.24060", "2008-09-30": "4.42770", "2008-06-30": "5.87900", "2008-03-31": "7.00120", "2007-12-31": "5.25190", "2007-09-30": "6.77330", "2007-06-30": "5.32410", "2007-03-31": "2.11160", "2006-12-31": "-3.40660", "2006-09-30": "4.92570", "2006-06-30": "3.29250", "2006-03-31": "5.35630", "2005-12-31": "1.54130", "2005-09-30": "6.26240", "2005-06-30": "6.02960", "2005-03-31": "5.49610"}, "EBITDA Margin": {"2020-09-30": "", "2020-06-30": "", "2020-03-31": "", "2019-12-31": "", "2019-09-30": "", "2019-06-30": "", "2019-03-31": "", "2018-12-31": "", "2018-09-30": "", "2018-06-30": "", "2018-03-31": "", "2017-12-31": "", "2017-09-30": "", "2017-06-30": "", "2017-03-31": "", "2016-12-31": "", "2016-09-30": "", "2016-06-30": "", "2016-03-31": "", "2015-12-31": "", "2015-09-30": "", "2015-06-30": "", "2015-03-31": "", "2014-12-31": "", "2014-09-30": "", "2014-06-30": "", "2014-03-31": "", "2013-12-31": "", "2013-09-30": "", "2013-06-30": "", "2013-03-31": "", "2012-12-31": "", "2012-09-30": "", "2012-06-30": "", "2012-03-31": "", "2011-12-31": "", "2011-09-30": "", "2011-06-30": "", "2011-03-31": "", "2010-12-31": "", "2010-09-30": "", "2010-06-30": "", "2010-03-31": "", "2009-12-31": "", "2009-09-30": "", "2009-06-30": "", "2009-03-31": "", "2008-12-31": "", "2008-09-30": "", "2008-06-30": "", "2008-03-31": "", "2007-12-31": "", "2007-09-30": "", "2007-06-30": "", "2007-03-31": "", "2006-12-31": "", "2006-09-30": "", "2006-06-30": "", "2006-03-31": "", "2005-12-31": "", "2005-09-30": "", "2005-06-30": "", "2005-03-31": ""}, "Pre-Tax Profit Margin": {"2020-09-30": "-0.28860", "2020-06-30": "-41.46460", "2020-03-31": "-12.04190", "2019-12-31": "0.32320", "2019-09-30": "3.18250", "2019-06-30": "2.25770", "2019-03-31": "-1.05610", "2018-12-31": "5.21160", "2018-09-30": "13.06010", "2018-06-30": "4.76440", "2018-03-31": "2.95040", "2017-12-31": "7.04990", "2017-09-30": "4.13160", "2017-06-30": "5.15460", "2017-03-31": "6.46120", "2016-12-31": "8.79440", "2016-09-30": "8.05820", "2016-06-30": "7.75970", "2016-03-31": "7.23380", "2015-12-31": "-12.55230", "2015-09-30": "10.30120", "2015-06-30": "7.86190", "2015-03-31": "8.92150", "2014-12-31": "2.89260", "2014-09-30": "6.42040", "2014-06-30": "6.27150", "2014-03-31": "-0.67130", "2013-12-31": "5.38510", "2013-09-30": "4.97800", "2013-06-30": "5.23090", "2013-03-31": "1.03030", "2012-12-31": "0.63430", "2012-09-30": "3.53340", "2012-06-30": "3.22330", "2012-03-31": "1.01210", "2011-12-31": "0.12320", "2011-09-30": "5.03130", "2011-06-30": "2.13520", "2011-03-31": "3.44320", "2010-12-31": "-2.85880", "2010-09-30": "0.84640", "2010-06-30": "1.81100", "2010-03-31": "0.67920", "2009-12-31": "3.13270", "2009-09-30": "3.19270", "2009-06-30": "-6.87290", "2009-03-31": "-10.32240", "2008-12-31": "-8.44010", "2008-09-30": "2.28150", "2008-06-30": "3.18760", "2008-03-31": "5.05870", "2007-12-31": "2.05430", "2007-09-30": "5.29230", "2007-06-30": "1.95080", "2007-03-31": "-0.55570", "2006-12-31": "-6.74860", "2006-09-30": "-0.34600", "2006-06-30": "0.29550", "2006-03-31": "2.55490", "2005-12-31": "-1.51100", "2005-09-30": "4.23460", "2005-06-30": "3.08490", "2005-03-31": "2.83200"}, "Net Profit Margin": {"2020-09-30": "-0.05770", "2020-06-30": "-32.46270", "2020-03-31": "-20.25520", "2019-12-31": "-10.55750", "2019-09-30": "2.31460", "2019-06-30": "1.48680", "2019-03-31": "-1.69540", "2018-12-31": "2.83800", "2018-09-30": "8.93580", "2018-06-30": "4.08750", "2018-03-31": "1.95820", "2017-12-31": "-2.35810", "2017-09-30": "3.29000", "2017-06-30": "3.98810", "2017-03-31": "4.48770", "2016-12-31": "14.99600", "2016-09-30": "8.24020", "2016-06-30": "5.20750", "2016-03-31": "4.98510", "2015-12-31": "-9.35270", "2015-09-30": "6.47710", "2015-06-30": "4.60210", "2015-03-31": "5.56660", "2014-12-31": "48.87510", "2014-09-30": "3.45720", "2014-06-30": "4.57470", "2014-03-31": "-1.29780", "2013-12-31": "4.73810", "2013-09-30": "3.31870", "2013-06-30": "3.69840", "2013-03-31": "0.53580", "2012-12-31": "-0.01980", "2012-09-30": "2.08970", "2012-06-30": "1.65050", "2012-03-31": "-0.19880", "2011-12-31": "0.29910", "2011-09-30": "2.65590", "2011-06-30": "0.71170", "2011-03-31": "1.90670", "2010-12-31": "-3.48970", "2010-09-30": "-0.40310", "2010-06-30": "0.61840", "2010-03-31": "-1.10070", "2009-12-31": "2.41150", "2009-09-30": "1.64200", "2009-06-30": "-5.60490", "2009-03-31": "-9.41740", "2008-12-31": "-7.98070", "2008-09-30": "0.59940", "2008-06-30": "1.43160", "2008-03-31": "2.97450", "2007-12-31": "0.63950", "2007-09-30": "13.19120", "2007-06-30": "1.13800", "2007-03-31": "-3.86750", "2006-12-31": "-7.71880", "2006-09-30": "-0.97700", "2006-06-30": "0.04220", "2006-03-31": "1.65840", "2005-12-31": "-1.54130", "2005-09-30": "2.82310", "2005-06-30": "1.38220", "2005-03-31": "1.42650"}, "Asset Turnover": {"2020-09-30": "0.21400", "2020-06-30": "0.13550", "2020-03-31": "0.18310", "2019-12-31": "0.21610", "2019-09-30": "0.20780", "2019-06-30": "0.19660", "2019-03-31": "0.19690", "2018-12-31": "0.22970", "2018-09-30": "0.22330", "2018-06-30": "0.22130", "2018-03-31": "0.21790", "2017-12-31": "0.23860", "2017-09-30": "0.21960", "2017-06-30": "0.20890", "2017-03-31": "0.21510", "2016-12-31": "0.22660", "2016-09-30": "0.22440", "2016-06-30": "0.23010", "2016-03-31": "0.22000", "2015-12-31": "0.24790", "2015-09-30": "0.23890", "2015-06-30": "0.23820", "2015-03-31": "0.23210", "2014-12-31": "0.24140", "2014-09-30": "0.27960", "2014-06-30": "0.27480", "2014-03-31": "0.26150", "2013-12-31": "0.27330", "2013-09-30": "0.28300", "2013-06-30": "0.28150", "2013-03-31": "0.27800", "2012-12-31": "0.29720", "2012-09-30": "0.29340", "2012-06-30": "0.29260", "2012-03-31": "0.30760", "2011-12-31": "0.32240", "2011-09-30": "0.33440", "2011-06-30": "0.31860", "2011-03-31": "0.31310", "2010-12-31": "0.32450", "2010-09-30": "0.31690", "2010-06-30": "0.31200", "2010-03-31": "0.29040", "2009-12-31": "0.30790", "2009-09-30": "0.27970", "2009-06-30": "0.26150", "2009-03-31": "0.24140", "2008-12-31": "0.27160", "2008-09-30": "0.30350", "2008-06-30": "0.29950", "2008-03-31": "0.28900", "2007-12-31": "0.30020", "2007-09-30": "0.29710", "2007-06-30": "0.29820", "2007-03-31": "0.28370", "2006-12-31": "0.27240", "2006-09-30": "0.30770", "2006-06-30": "0.29760", "2006-03-31": "0.28420", "2005-12-31": "0.21200", "2005-09-30": "0.30970", "2005-06-30": "0.31180", "2005-03-31": "0.29270"}, "Inventory Turnover Ratio": {"2020-09-30": "1.28950", "2020-06-30": "0.89570", "2020-03-31": "0.87430", "2019-12-31": "1.01820", "2019-09-30": "1.00000", "2019-06-30": "0.92360", "2019-03-31": "0.97930", "2018-12-31": "1.05320", "2018-09-30": "1.03060", "2018-06-30": "1.00270", "2018-03-31": "1.02800", "2017-12-31": "1.10550", "2017-09-30": "1.02110", "2017-06-30": "0.87470", "2017-03-31": "0.97010", "2016-12-31": "1.02210", "2016-09-30": "0.99350", "2016-06-30": "1.04730", "2016-03-31": "1.02470", "2015-12-31": "1.24630", "2015-09-30": "1.17920", "2015-06-30": "1.18940", "2015-03-31": "1.20800", "2014-12-31": "1.25050", "2014-09-30": "1.20250", "2014-06-30": "1.12840", "2014-03-31": "1.16450", "2013-12-31": "1.31040", "2013-09-30": "1.34040", "2013-06-30": "1.22560", "2013-03-31": "1.24370", "2012-12-31": "1.26150", "2012-09-30": "1.19990", "2012-06-30": "1.05100", "2012-03-31": "1.16070", "2011-12-31": "1.24870", "2011-09-30": "1.23190", "2011-06-30": "1.13390", "2011-03-31": "1.33680", "2010-12-31": "1.40750", "2010-09-30": "1.37650", "2010-06-30": "1.27060", "2010-03-31": "1.27620", "2009-12-31": "1.46580", "2009-09-30": "1.38540", "2009-06-30": "1.15260", "2009-03-31": "0.98680", "2008-12-31": "1.02060", "2008-09-30": "1.11810", "2008-06-30": "1.06690", "2008-03-31": "1.12150", "2007-12-31": "1.31230", "2007-09-30": "1.30850", "2007-06-30": "1.35070", "2007-03-31": "1.36430", "2006-12-31": "1.57860", "2006-09-30": "1.26010", "2006-06-30": "1.17790", "2006-03-31": "1.14790", "2005-12-31": "0.98330", "2005-09-30": "1.38490", "2005-06-30": "1.35100", "2005-03-31": "1.34190"}, "Receiveable Turnover": {"2020-09-30": "1.53930", "2020-06-30": "1.24150", "2020-03-31": "1.50910", "2019-12-31": "1.91290", "2019-09-30": "1.38360", "2019-06-30": "1.46870", "2019-03-31": "1.47100", "2018-12-31": "1.90940", "2018-09-30": "1.47120", "2018-06-30": "1.60850", "2018-03-31": "1.52650", "2017-12-31": "2.01040", "2017-09-30": "1.46740", "2017-06-30": "1.59640", "2017-03-31": "1.62950", "2016-12-31": "2.11480", "2016-09-30": "1.45220", "2016-06-30": "1.56730", "2016-03-31": "1.48710", "2015-12-31": "1.99850", "2015-09-30": "1.59940", "2015-06-30": "1.68500", "2015-03-31": "1.59490", "2014-12-31": "2.04890", "2014-09-30": "1.54150", "2014-06-30": "1.63890", "2014-03-31": "1.53420", "2013-12-31": "1.96760", "2013-09-30": "1.53720", "2013-06-30": "1.69930", "2013-03-31": "1.60640", "2012-12-31": "1.96840", "2012-09-30": "1.48070", "2012-06-30": "1.62260", "2012-03-31": "1.56740", "2011-12-31": "1.99470", "2011-09-30": "1.51250", "2011-06-30": "1.58800", "2011-03-31": "1.52170", "2010-12-31": "1.85380", "2010-09-30": "1.43370", "2010-06-30": "1.59440", "2010-03-31": "1.49250", "2009-12-31": "1.74690", "2009-09-30": "1.43070", "2009-06-30": "1.54690", "2009-03-31": "1.42070", "2008-12-31": "1.64280", "2008-09-30": "1.40510", "2008-06-30": "1.44330", "2008-03-31": "1.36180", "2007-12-31": "1.66290", "2007-09-30": "1.33120", "2007-06-30": "1.45940", "2007-03-31": "1.38690", "2006-12-31": "1.65640", "2006-09-30": "1.28040", "2006-06-30": "1.36700", "2006-03-31": "1.29260", "2005-12-31": "1.04780", "2005-09-30": "1.35510", "2005-06-30": "1.41980", "2005-03-31": "1.28910"}, "Days Sales In Receivables": {"2020-09-30": "58.46750", "2020-06-30": "72.49530", "2020-03-31": "59.63680", "2019-12-31": "47.04820", "2019-09-30": "65.05000", "2019-06-30": "61.28030", "2019-03-31": "61.18400", "2018-12-31": "47.13620", "2018-09-30": "61.17620", "2018-06-30": "55.95420", "2018-03-31": "58.95820", "2017-12-31": "44.76790", "2017-09-30": "61.33130", "2017-06-30": "56.37820", "2017-03-31": "55.23110", "2016-12-31": "42.55810", "2016-09-30": "61.97300", "2016-06-30": "57.42460", "2016-03-31": "60.52020", "2015-12-31": "45.03320", "2015-09-30": "56.27150", "2015-06-30": "53.41320", "2015-03-31": "56.42890", "2014-12-31": "43.92560", "2014-09-30": "58.38310", "2014-06-30": "54.91620", "2014-03-31": "58.66410", "2013-12-31": "45.74200", "2013-09-30": "58.54860", "2013-06-30": "52.96280", "2013-03-31": "56.02510", "2012-12-31": "45.72250", "2012-09-30": "60.78080", "2012-06-30": "55.46800", "2012-03-31": "57.41910", "2011-12-31": "45.11880", "2011-09-30": "59.50510", "2011-06-30": "56.67440", "2011-03-31": "59.14480", "2010-12-31": "48.54890", "2010-09-30": "62.77510", "2010-06-30": "56.44880", "2010-03-31": "60.30210", "2009-12-31": "51.52130", "2009-09-30": "62.90760", "2009-06-30": "58.18160", "2009-03-31": "63.35130", "2008-12-31": "54.78360", "2008-09-30": "64.05450", "2008-06-30": "62.35920", "2008-03-31": "66.08860", "2007-12-31": "54.12210", "2007-09-30": "67.60660", "2007-06-30": "61.67040", "2007-03-31": "64.89440", "2006-12-31": "54.33380", "2006-09-30": "70.28900", "2006-06-30": "65.83790", "2006-03-31": "69.62800", "2005-12-31": "85.89300", "2005-09-30": "66.41750", "2005-06-30": "63.38940", "2005-03-31": "69.81750"}, "ROE - Return On Equity": {"2020-09-30": "0.09870", "2020-06-30": "-23.33220", "2020-03-31": "-16.68920", "2019-12-31": "-8.77890", "2019-09-30": "1.78750", "2019-06-30": "1.10910", "2019-03-31": "-0.87460", "2018-12-31": "2.16960", "2018-09-30": "7.08000", "2018-06-30": "3.38560", "2018-03-31": "1.61230", "2017-12-31": "-1.85570", "2017-09-30": "2.57760", "2017-06-30": "2.99320", "2017-03-31": "3.40730", "2016-12-31": "12.00000", "2016-09-30": "6.80270", "2016-06-30": "4.71870", "2016-03-31": "4.36290", "2015-12-31": "-9.00530", "2015-09-30": "6.99220", "2015-06-30": "4.95710", "2015-03-31": "5.87210", "2014-12-31": "55.34460", "2014-09-30": "9.46270", "2014-06-30": "11.21320", "2014-03-31": "-2.84220", "2013-12-31": "18.71350", "2013-09-30": "27.73830", "2013-06-30": "42.13970", "2013-03-31": "10.80140", "2012-12-31": "-5.60000", "2012-09-30": "13.19440", "2012-06-30": "14.50700", "2012-03-31": "1.22890", "2011-12-31": "5.02900", "2011-09-30": "16.54900", "2011-06-30": "4.44800", "2011-03-31": "11.11110", "2010-12-31": "-18.02390", "2010-09-30": "-1.15350", "2010-06-30": "4.35270", "2010-03-31": "-2.46410", "2009-12-31": "13.69170", "2009-09-30": "9.93180", "2009-06-30": "-31.94440", "2009-03-31": "-42.64710", "2008-12-31": "-27.21470", "2008-09-30": "1.61790", "2008-06-30": "2.77360", "2008-03-31": "5.37770", "2007-12-31": "3.92980", "2007-09-30": "8.83820", "2007-06-30": "2.98970", "2007-03-31": "122.22220", "2006-12-31": "40.89710", "2006-09-30": "-43.18180", "2006-06-30": "-14.86490", "2006-03-31": "23.83420", "2005-12-31": "-212.32880", "2005-09-30": "47.97300", "2005-06-30": "153.33330", "2005-03-31": "154.54550"}, "Return On Tangible Equity": {"2020-09-30": "0.11950", "2020-06-30": "-28.17640", "2020-03-31": "-19.32350", "2019-12-31": "-10.38250", "2019-09-30": "2.06850", "2019-06-30": "1.28910", "2019-03-31": "-1.01570", "2018-12-31": "2.52000", "2018-09-30": "8.24980", "2018-06-30": "3.97090", "2018-03-31": "1.89750", "2017-12-31": "-2.18660", "2017-09-30": "3.00200", "2017-06-30": "3.47080", "2017-03-31": "3.94950", "2016-12-31": "13.98620", "2016-09-30": "7.99600", "2016-06-30": "5.60650", "2016-03-31": "5.22100", "2015-12-31": "-10.81470", "2015-09-30": "8.29930", "2015-06-30": "5.94120", "2015-03-31": "7.08710", "2014-12-31": "68.51260", "2014-09-30": "14.79550", "2014-06-30": "18.28210", "2014-03-31": "-3.68220", "2013-12-31": "24.10550", "2013-09-30": "48.14820", "2013-06-30": "109.65910", "2013-03-31": "3100.00000", "2012-12-31": "3.91060", "2012-09-30": "19.02720", "2012-06-30": "25.00000", "2012-03-31": "2.48450", "2011-12-31": "12.62140", "2011-09-30": "22.25740", "2011-06-30": "6.37810", "2011-03-31": "16.68910", "2010-12-31": "-215.58440", "2010-09-30": "-4.76190", "2010-06-30": "37.50000", "2010-03-31": "-18.60470", "2009-12-31": "116.37930", "2009-09-30": "62.96300", "2009-06-30": "443.85970", "2009-03-31": "-4350.00000", "2008-12-31": "-83.17070", "2008-09-30": "2.22510", "2008-06-30": "3.86860", "2008-03-31": "7.62450", "2007-12-31": "5.68530", "2007-09-30": "16.98720", "2007-06-30": "21.96970", "2007-03-31": "11.89190", "2006-12-31": "19.54600", "2006-09-30": "11.39430", "2006-06-30": "5.28850", "2006-03-31": "-7.18750", "2005-12-31": "21.43850", "2005-09-30": "-27.36030", "2005-06-30": "-8.90320", "2005-03-31": "-8.37440"}, "ROA - Return On Assets": {"2020-09-30": "0.01850", "2020-06-30": "-4.44180", "2020-03-31": "-3.69660", "2019-12-31": "-2.32180", "2019-09-30": "0.49180", "2019-06-30": "0.30320", "2019-03-31": "-0.24080", "2018-12-31": "0.65200", "2018-09-30": "2.01240", "2018-06-30": "0.94500", "2018-03-31": "0.45510", "2017-12-31": "-0.52740", "2017-09-30": "0.73940", "2017-06-30": "0.87270", "2017-03-31": "0.98290", "2016-12-31": "3.43410", "2016-09-30": "1.86670", "2016-06-30": "1.23370", "2016-03-31": "1.12650", "2015-12-31": "-2.27560", "2015-09-30": "1.74140", "2015-06-30": "1.18750", "2015-03-31": "1.36130", "2014-12-31": "11.79340", "2014-09-30": "1.19480", "2014-06-30": "1.36940", "2014-03-31": "-0.22230", "2013-12-31": "1.46060", "2013-09-30": "1.10340", "2013-06-30": "1.11020", "2013-03-31": "0.17760", "2012-12-31": "-0.04120", "2012-09-30": "0.74140", "2012-06-30": "0.58520", "2012-03-31": "0.04450", "2011-12-31": "0.14750", "2011-09-30": "1.16390", "2011-06-30": "0.31740", "2011-03-31": "0.71860", "2010-12-31": "-1.06210", "2010-09-30": "-0.08300", "2010-06-30": "0.26870", "2010-03-31": "-0.16320", "2009-12-31": "0.93680", "2009-09-30": "0.65060", "2009-06-30": "-1.67780", "2009-03-31": "-2.37620", "2008-12-31": "-2.23960", "2008-09-30": "0.30510", "2008-06-30": "0.53160", "2008-03-31": "1.01170", "2007-12-31": "0.65150", "2007-09-30": "0.93300", "2007-06-30": "0.17570", "2007-03-31": "-0.69350", "2006-12-31": "-1.82040", "2006-09-30": "-0.47600", "2006-06-30": "-0.20730", "2006-03-31": "0.29300", "2005-12-31": "-0.99330", "2005-09-30": "0.87440", "2005-06-30": "0.43100", "2005-03-31": "0.41760"}, "ROI - Return On Investment": {"2020-09-30": "0.03430", "2020-06-30": "-8.07950", "2020-03-31": "-6.92560", "2019-12-31": "-4.29120", "2019-09-30": "0.84790", "2019-06-30": "0.51780", "2019-03-31": "-0.41600", "2018-12-31": "1.08060", "2018-09-30": "3.33840", "2018-06-30": "1.55160", "2018-03-31": "0.75740", "2017-12-31": "-0.90670", "2017-09-30": "1.21570", "2017-06-30": "1.46000", "2017-03-31": "1.65410", "2016-12-31": "5.95400", "2016-09-30": "3.15270", "2016-06-30": "2.04870", "2016-03-31": "1.88680", "2015-12-31": "-4.04730", "2015-09-30": "3.06440", "2015-06-30": "2.09210", "2015-03-31": "2.36380", "2014-12-31": "21.15100", "2014-09-30": "2.25570", "2014-06-30": "2.65260", "2014-03-31": "-0.42770", "2013-12-31": "3.18800", "2013-09-30": "2.57630", "2013-06-30": "2.65000", "2013-03-31": "0.43700", "2012-12-31": "-0.12700", "2012-09-30": "1.84310", "2012-06-30": "1.55940", "2012-03-31": "0.12620", "2011-12-31": "0.44780", "2011-09-30": "2.87700", "2011-06-30": "0.85560", "2011-03-31": "1.93420", "2010-12-31": "-3.16790", "2010-09-30": "-0.22720", "2010-06-30": "0.75230", "2010-03-31": "-0.46010", "2009-12-31": "2.61220", "2009-09-30": "1.68680", "2009-06-30": "-4.41380", "2009-03-31": "-6.37250", "2008-12-31": "-6.33240", "2008-09-30": "0.63040", "2008-06-30": "1.32460", "2008-03-31": "2.50690", "2007-12-31": "1.56010", "2007-09-30": "2.45600", "2007-06-30": "0.48270", "2007-03-31": "-2.07080", "2006-12-31": "-5.34110", "2006-09-30": "-1.58140", "2006-06-30": "-0.69560", "2006-03-31": "0.98730", "2005-12-31": "-3.21910", "2005-09-30": "2.70990", "2005-06-30": "1.35880", "2005-03-31": "1.44500"}, "Book Value Per Share": {"2020-09-30": "13.04290", "2020-06-30": "12.93130", "2020-03-31": "15.86700", "2019-12-31": "19.50640", "2019-09-30": "21.60940", "2019-06-30": "21.66950", "2019-03-31": "21.68530", "2018-12-31": "21.85350", "2018-09-30": "21.45920", "2018-06-30": "20.43880", "2018-03-31": "20.67500", "2017-12-31": "20.20830", "2017-09-30": "20.81710", "2017-06-30": "20.41670", "2017-03-31": "19.68250", "2016-12-31": "18.75000", "2016-09-30": "18.02300", "2016-06-30": "16.82440", "2016-03-31": "16.28570", "2015-12-31": "15.51310", "2015-09-30": "16.21560", "2015-06-30": "15.59850", "2015-03-31": "14.88520", "2014-12-31": "14.29370", "2014-09-30": "7.64730", "2014-06-30": "7.52360", "2014-03-31": "7.40730", "2013-12-31": "7.53230", "2013-09-30": "4.87040", "2013-06-30": "3.89430", "2013-03-31": "3.19920", "2012-12-31": "2.55100", "2012-09-30": "6.15510", "2012-06-30": "4.93880", "2012-03-31": "4.69800", "2011-12-31": "4.15890", "2011-09-30": "7.27460", "2011-06-30": "7.20900", "2011-03-31": "6.62300", "2010-12-31": "3.79110", "2010-09-30": "4.63790", "2010-06-30": "3.68720", "2010-03-31": "4.00820", "2009-12-31": "4.07100", "2009-09-30": "4.24380", "2009-06-30": "3.27270", "2009-03-31": "3.37190", "2008-12-31": "5.19290", "2008-09-30": "13.33610", "2008-06-30": "13.91290", "2008-03-31": "13.34860", "2007-12-31": "11.86900", "2007-09-30": "8.52610", "2007-06-30": "4.59720", "2007-03-31": "-0.49450", "2006-12-31": "-4.25320", "2006-09-30": "0.99440", "2006-06-30": "1.25420", "2006-03-31": "1.09040", "2005-12-31": "0.41360", "2005-09-30": "1.68180", "2005-06-30": "0.25570", "2005-03-31": "0.25000"}, "Operating Cash Flow Per Share": {"2020-09-30": 2.4829, "2020-06-30": -1.1069, "2020-03-31": "-2.39740", "2019-12-31": 5.7743, "2019-09-30": 0.6496, "2019-06-30": 0.3254, "2019-03-31": "-1.56900", "2018-12-31": 3.9334, "2018-09-30": 0.2477, "2018-06-30": 1.2458, "2018-03-31": "-1.59430", "2017-12-31": 5.1834, "2017-09-30": 0.1164, "2017-06-30": 0.3945, "2017-03-31": "-1.11720", "2016-12-31": 4.7632, "2016-09-30": 1.3402, "2016-06-30": 1.1227, "2016-03-31": "-1.37270", "2015-12-31": 4.0122, "2015-09-30": 1.3175, "2015-06-30": 1.9562, "2015-03-31": "-0.95620", "2014-12-31": 4.5842, "2014-09-30": 0.67, "2014-06-30": 2.1862, "2014-03-31": "-6.22180", "2013-12-31": 4.4582, "2013-09-30": 0.5664, "2013-06-30": 2.1399, "2013-03-31": "-3.77820", "2012-12-31": 5.3732, "2012-09-30": 0.4342, "2012-06-30": 1.4852, "2012-03-31": "-3.09020", "2011-12-31": 6.3115, "2011-09-30": -0.7506, "2011-06-30": -0.9483, "2011-03-31": "-1.76020", "2010-12-31": 3.4752, "2010-09-30": -0.407, "2010-06-30": 0.2417, "2010-03-31": "0.50830", "2009-12-31": 3.6307, "2009-09-30": 1.6971, "2009-06-30": 1.3817, "2009-03-31": "-1.32780", "2008-12-31": 2.699, "2008-09-30": -4.8806, "2008-06-30": 0.5373, "2008-03-31": "-1.42210", "2007-12-31": 3.2991, "2007-09-30": -0.5878, "2007-06-30": 0.0676, "2007-03-31": "-2.26670", "2006-12-31": 5.4971, "2006-09-30": -1.1864, "2006-06-30": 0.312, "2006-03-31": "-1.45890", "2005-12-31": 3.3492, "2005-09-30": 0.6304, "2005-06-30": 1.0769, "2005-03-31": "-0.81730"}, "Free Cash Flow Per Share": {"2020-09-30": 1.953, "2020-06-30": -1.7565, "2020-03-31": "-3.29910", "2019-12-31": 4.9099, "2019-09-30": -0.0342, "2019-06-30": -0.4271, "2019-03-31": "-2.52160", "2018-12-31": 3.1242, "2018-09-30": -0.5022, "2018-06-30": 0.4364, "2018-03-31": "-2.61070", "2017-12-31": 4.4021, "2017-09-30": -0.6035, "2017-06-30": -0.4844, "2017-03-31": "-2.17190", "2016-12-31": 3.8233, "2016-09-30": 0.4024, "2016-06-30": 0.3175, "2016-03-31": "-2.30260", "2015-12-31": 2.9852, "2015-09-30": 0.5766, "2015-06-30": 1.0949, "2015-03-31": "-1.70070", "2014-12-31": 3.5484, "2014-09-30": -0.033, "2014-06-30": 1.5402, "2014-03-31": "-7.14520", "2013-12-31": 2.8819, "2013-09-30": -0.3257, "2013-06-30": 1.4845, "2013-03-31": "-4.87100", "2012-12-31": 3.6298, "2012-09-30": -0.5765, "2012-06-30": 0.8725, "2012-03-31": "-4.22130", "2011-12-31": 5.6115, "2011-09-30": -1.4651, "2011-06-30": -1.9477, "2011-03-31": "-2.91460", "2010-12-31": 2.1281, "2010-09-30": -1.4935, "2010-06-30": -0.6428, "2010-03-31": "-0.07440", "2009-12-31": 2.5843, "2009-09-30": 1.1916, "2009-06-30": 0.7552, "2009-03-31": "-2.24480", "2008-12-31": 1.5192, "2008-09-30": -6.0947, "2008-06-30": -0.4952, "2008-03-31": "-2.34840", "2007-12-31": 1.5384, "2007-09-30": -1.4493, "2007-06-30": -0.3762, "2007-03-31": "-2.80560", "2006-12-31": 4.0113, "2006-09-30": -2.0791, "2006-06-30": -0.6037, "2006-03-31": "-1.99520", "2005-12-31": 2.3158, "2005-09-30": -0.0724, "2005-06-30": 0.3798, "2005-03-31": "-1.25960"}}, "revenue": {"Goodyear Tire & Rubber Annual Revenue (Millions of US $)": {"2019": "$14,745", "2018": "$15,475", "2017": "$15,377", "2016": "$15,158", "2015": "$16,443", "2014": "$18,138", "2013": "$19,540", "2012": "$20,992", "2011": "$22,767", "2010": "$18,832", "2009": "$16,301", "2008": "$19,488", "2007": "$19,644", "2006": "$18,751", "2005": "$18,098"}, "Goodyear Tire & Rubber Quarterly Revenue (Millions of US $)": {"2020-09-30": "$3,465", "2020-06-30": "$2,144", "2020-03-31": "$3,056", "2019-12-31": "$3,713", "2019-09-30": "$3,802", "2019-06-30": "$3,632", "2019-03-31": "$3,598", "2018-12-31": "$3,876", "2018-09-30": "$3,928", "2018-06-30": "$3,841", "2018-03-31": "$3,830", "2017-12-31": "$4,071", "2017-09-30": "$3,921", "2017-06-30": "$3,686", "2017-03-31": "$3,699", "2016-12-31": "$3,741", "2016-09-30": "$3,847", "2016-06-30": "$3,879", "2016-03-31": "$3,691", "2015-12-31": "$4,063", "2015-09-30": "$4,184", "2015-06-30": "$4,172", "2015-03-31": "$4,024", "2014-12-31": "$4,356", "2014-09-30": "$4,657", "2014-06-30": "$4,656", "2014-03-31": "$4,469", "2013-12-31": "$4,791", "2013-09-30": "$5,002", "2013-06-30": "$4,894", "2013-03-31": "$4,853", "2012-12-31": "$5,045", "2012-09-30": "$5,264", "2012-06-30": "$5,150", "2012-03-31": "$5,533", "2011-12-31": "$5,683", "2011-09-30": "$6,062", "2011-06-30": "$5,620", "2011-03-31": "$5,402", "2010-12-31": "$5,072", "2010-09-30": "$4,962", "2010-06-30": "$4,528", "2010-03-31": "$4,270", "2009-12-31": "$4,437", "2009-09-30": "$4,385", "2009-06-30": "$3,943", "2009-03-31": "$3,536", "2008-12-31": "$4,135", "2008-09-30": "$5,172", "2008-06-30": "$5,239", "2008-03-31": "$4,942", "2007-12-31": "$5,160", "2007-09-30": "$5,064", "2007-06-30": "$4,921", "2007-03-31": "$4,499", "2006-12-31": "$4,638", "2006-09-30": "$4,913", "2006-06-30": "$4,738", "2006-03-31": "$4,462", "2005-12-31": "$3,309", "2005-09-30": "$5,030", "2005-06-30": "$4,992", "2005-03-31": "$4,767"}}, "gross-profit": {"Goodyear Tire & Rubber Annual Gross Profit (Millions of US $)": {"2019": "$3,143", "2018": "$3,514", "2017": "$3,697", "2016": "$4,223", "2015": "$4,279", "2014": "$4,232", "2013": "$4,118", "2012": "$3,829", "2011": "$3,946", "2010": "$3,380", "2009": "$2,625", "2008": "$3,349", "2007": "$3,733", "2006": "$3,025", "2005": "$3,563"}, "Goodyear Tire & Rubber Quarterly Gross Profit (Millions of US $)": {"2020-09-30": "$690", "2020-06-30": "$-72", "2020-03-31": "$504", "2019-12-31": "$810", "2019-09-30": "$837", "2019-06-30": "$777", "2019-03-31": "$719", "2018-12-31": "$868", "2018-09-30": "$900", "2018-06-30": "$892", "2018-03-31": "$854", "2017-12-31": "$990", "2017-09-30": "$867", "2017-06-30": "$901", "2017-03-31": "$939", "2016-12-31": "$1,056", "2016-09-30": "$1,111", "2016-06-30": "$1,066", "2016-03-31": "$990", "2015-12-31": "$992", "2015-09-30": "$1,184", "2015-06-30": "$1,145", "2015-03-31": "$958", "2014-12-31": "$1,016", "2014-09-30": "$1,141", "2014-06-30": "$1,124", "2014-03-31": "$951", "2013-12-31": "$1,101", "2013-09-30": "$1,056", "2013-06-30": "$1,048", "2013-03-31": "$913", "2012-12-31": "$945", "2012-09-30": "$949", "2012-06-30": "$1,009", "2012-03-31": "$926", "2011-12-31": "$868", "2011-09-30": "$1,089", "2011-06-30": "$1,048", "2011-03-31": "$941", "2010-12-31": "$882", "2010-09-30": "$842", "2010-06-30": "$842", "2010-03-31": "$814", "2009-12-31": "$856", "2009-09-30": "$862", "2009-06-30": "$590", "2009-03-31": "$317", "2008-12-31": "$469", "2008-09-30": "$856", "2008-06-30": "$1,043", "2008-03-31": "$981", "2007-12-31": "$1,008", "2007-09-30": "$1,013", "2007-06-30": "$954", "2007-03-31": "$758", "2006-12-31": "$532", "2006-09-30": "$853", "2006-06-30": "$786", "2006-03-31": "$854", "2005-12-31": "$546", "2005-09-30": "$1,022", "2005-06-30": "$1,047", "2005-03-31": "$948"}}, "operating-income": {"Goodyear Tire & Rubber Annual Operating Income (Millions of US $)": {"2019": "$820", "2018": "$1,202", "2017": "$1,418", "2016": "$1,814", "2015": "$1,665", "2014": "$1,512", "2013": "$1,360", "2012": "$1,111", "2011": "$1,124", "2010": "$750", "2009": "$221", "2008": "$749", "2007": "$971", "2006": "$479", "2005": "$929"}, "Goodyear Tire & Rubber Quarterly Operating Income (Millions of US $)": {"2020-09-30": "$135", "2020-06-30": "$-671", "2020-03-31": "$-259", "2019-12-31": "$192", "2019-09-30": "$265", "2019-06-30": "$191", "2019-03-31": "$172", "2018-12-31": "$288", "2018-09-30": "$347", "2018-06-30": "$304", "2018-03-31": "$263", "2017-12-31": "$411", "2017-09-30": "$322", "2017-06-30": "$322", "2017-03-31": "$363", "2016-12-31": "$454", "2016-09-30": "$512", "2016-06-30": "$473", "2016-03-31": "$375", "2015-12-31": "$267", "2015-09-30": "$551", "2015-06-30": "$497", "2015-03-31": "$350", "2014-12-31": "$314", "2014-09-30": "$488", "2014-06-30": "$426", "2014-03-31": "$284", "2013-12-31": "$365", "2013-09-30": "$370", "2013-06-30": "$357", "2013-03-31": "$268", "2012-12-31": "$238", "2012-09-30": "$297", "2012-06-30": "$312", "2012-03-31": "$264", "2011-12-31": "$144", "2011-09-30": "$412", "2011-06-30": "$295", "2011-03-31": "$273", "2010-12-31": "$167", "2010-09-30": "$202", "2010-06-30": "$172", "2010-03-31": "$209", "2009-12-31": "$216", "2009-09-30": "$245", "2009-06-30": "$-24", "2009-03-31": "$-216", "2008-12-31": "$-134", "2008-09-30": "$229", "2008-06-30": "$308", "2008-03-31": "$346", "2007-12-31": "$271", "2007-09-30": "$343", "2007-06-30": "$262", "2007-03-31": "$95", "2006-12-31": "$-158", "2006-09-30": "$242", "2006-06-30": "$156", "2006-03-31": "$239", "2005-12-31": "$51", "2005-09-30": "$315", "2005-06-30": "$301", "2005-03-31": "$262"}}, "ebitda": {"Goodyear Tire & Rubber Annual EBITDA (Millions of US $)": {"2019": "$1,630", "2018": "$1,995", "2017": "$2,220", "2016": "$2,570", "2015": "$2,386", "2014": "$2,258", "2013": "$2,100", "2012": "$1,865", "2011": "$1,873", "2010": "$1,429", "2009": "$877", "2008": "$1,435", "2007": "$1,632", "2006": "$1,135", "2005": "$1,598"}, "Goodyear Tire & Rubber Quarterly EBITDA (Millions of US $)": {"2020-09-30": "$331", "2020-06-30": "$-243", "2020-03-31": "$121", "2019-12-31": "$406", "2019-09-30": "$463", "2019-06-30": "$392", "2019-03-31": "$369", "2018-12-31": "$481", "2018-09-30": "$547", "2018-06-30": "$502", "2018-03-31": "$465", "2017-12-31": "$610", "2017-09-30": "$524", "2017-06-30": "$535", "2017-03-31": "$551", "2016-12-31": "$650", "2016-09-30": "$697", "2016-06-30": "$667", "2016-03-31": "$556", "2015-12-31": "$460", "2015-09-30": "$725", "2015-06-30": "$677", "2015-03-31": "$524", "2014-12-31": "$495", "2014-09-30": "$672", "2014-06-30": "$618", "2014-03-31": "$473", "2013-12-31": "$553", "2013-09-30": "$557", "2013-06-30": "$540", "2013-03-31": "$450", "2012-12-31": "$415", "2012-09-30": "$477", "2012-06-30": "$506", "2012-03-31": "$467", "2011-12-31": "$317", "2011-09-30": "$590", "2011-06-30": "$506", "2011-03-31": "$460", "2010-12-31": "$337", "2010-09-30": "$380", "2010-06-30": "$340", "2010-03-31": "$372", "2009-12-31": "$387", "2009-09-30": "$411", "2009-06-30": "$140", "2009-03-31": "$-61", "2008-12-31": "$35", "2008-09-30": "$409", "2008-06-30": "$474", "2008-03-31": "$517", "2007-12-31": "$440", "2007-09-30": "$502", "2007-06-30": "$435", "2007-03-31": "$255", "2006-12-31": "$13", "2006-09-30": "$383", "2006-06-30": "$346", "2006-03-31": "$393", "2005-12-31": "$171", "2005-09-30": "$490", "2005-06-30": "$504", "2005-03-31": "$433"}}, "net-income": {"Goodyear Tire & Rubber Annual Net Income (Millions of US $)": {"2019": "$-311", "2018": "$693", "2017": "$346", "2016": "$1,264", "2015": "$307", "2014": "$2,445", "2013": "$600", "2012": "$183", "2011": "$321", "2010": "$-216", "2009": "$-375", "2008": "$-77", "2007": "$583", "2006": "$-330", "2005": "$228"}, "Goodyear Tire & Rubber Quarterly Net Income (Millions of US $)": {"2020-09-30": "$-2", "2020-06-30": "$-696", "2020-03-31": "$-619", "2019-12-31": "$-392", "2019-09-30": "$88", "2019-06-30": "$54", "2019-03-31": "$-61", "2018-12-31": "$110", "2018-09-30": "$351", "2018-06-30": "$157", "2018-03-31": "$75", "2017-12-31": "$-96", "2017-09-30": "$129", "2017-06-30": "$147", "2017-03-31": "$166", "2016-12-31": "$561", "2016-09-30": "$317", "2016-06-30": "$202", "2016-03-31": "$184", "2015-12-31": "$-380", "2015-09-30": "$271", "2015-06-30": "$192", "2015-03-31": "$224", "2014-12-31": "$2,129", "2014-09-30": "$161", "2014-06-30": "$213", "2014-03-31": "$-58", "2013-12-31": "$227", "2013-09-30": "$166", "2013-06-30": "$181", "2013-03-31": "$26", "2012-12-31": "$-1", "2012-09-30": "$110", "2012-06-30": "$85", "2012-03-31": "$-11", "2011-12-31": "$17", "2011-09-30": "$161", "2011-06-30": "$40", "2011-03-31": "$103", "2010-12-31": "$-177", "2010-09-30": "$-20", "2010-06-30": "$28", "2010-03-31": "$-47", "2009-12-31": "$107", "2009-09-30": "$72", "2009-06-30": "$-221", "2009-03-31": "$-333", "2008-12-31": "$-330", "2008-09-30": "$31", "2008-06-30": "$75", "2008-03-31": "$147", "2007-12-31": "$33", "2007-09-30": "$668", "2007-06-30": "$56", "2007-03-31": "$-174", "2006-12-31": "$-358", "2006-09-30": "$-48", "2006-06-30": "$2", "2006-03-31": "$74", "2005-12-31": "$-51", "2005-09-30": "$142", "2005-06-30": "$69", "2005-03-31": "$68"}}, "eps-earnings-per-share-diluted": {"Goodyear Tire & Rubber Annual EPS": {"2019": "$-1.33", "2018": "$2.89", "2017": "$1.37", "2016": "$4.74", "2015": "$1.12", "2014": "$8.78", "2013": "$2.28", "2012": "$0.74", "2011": "$1.26", "2010": "$-0.89", "2009": "$-1.55", "2008": "$-0.32", "2007": "$2.84", "2006": "$-1.86", "2005": "$1.16"}, "Goodyear Tire & Rubber Quarterly EPS": {"2020-09-30": "$-0.01", "2020-06-30": "$-2.97", "2020-03-31": "$-2.65", "2019-12-31": "$-1.68", "2019-09-30": "$0.38", "2019-06-30": "$0.23", "2019-03-31": "$-0.26", "2018-12-31": "$0.45", "2018-09-30": "$1.48", "2018-06-30": "$0.65", "2018-03-31": "$0.31", "2017-12-31": "$-0.36", "2017-09-30": "$0.50", "2017-06-30": "$0.58", "2017-03-31": "$0.65", "2016-12-31": "$2.12", "2016-09-30": "$1.19", "2016-06-30": "$0.75", "2016-03-31": "$0.68", "2015-12-31": "$-1.39", "2015-09-30": "$0.99", "2015-06-30": "$0.70", "2015-03-31": "$0.82", "2014-12-31": "$7.67", "2014-09-30": "$0.58", "2014-06-30": "$0.76", "2014-03-31": "$-0.23", "2013-12-31": "$0.89", "2013-09-30": "$0.62", "2013-06-30": "$0.67", "2013-03-31": "$0.10", "2012-12-31": "$0.05", "2012-09-30": "$0.41", "2012-06-30": "$0.33", "2012-03-31": "$-0.05", "2011-12-31": "$0.08", "2011-09-30": "$0.60", "2011-06-30": "$0.16", "2011-03-31": "$0.42", "2010-12-31": "$-0.73", "2010-09-30": "$-0.08", "2010-06-30": "$0.11", "2010-03-31": "$-0.19", "2009-12-31": "$0.45", "2009-09-30": "$0.30", "2009-06-30": "$-0.92", "2009-03-31": "$-1.38", "2008-12-31": "$-1.36", "2008-09-30": "$0.13", "2008-06-30": "$0.31", "2008-03-31": "$0.60", "2007-12-31": "$0.79", "2007-09-30": "$2.75", "2007-06-30": "$0.26", "2007-03-31": "$-0.96", "2006-12-31": "$-1.97", "2006-09-30": "$-0.27", "2006-06-30": "$0.01", "2006-03-31": "$0.37", "2005-12-31": "$-0.23", "2005-09-30": "$0.70", "2005-06-30": "$0.34", "2005-03-31": "$0.35"}}, "shares-outstanding": {"Goodyear Tire & Rubber Annual Shares Outstanding (Millions of Shares)": {"2019": "233", "2018": "239", "2017": "253", "2016": "266", "2015": "273", "2014": "279", "2013": "277", "2012": "247", "2011": "271", "2010": "242", "2009": "241", "2008": "241", "2007": "205", "2006": "177", "2005": "209"}, "Goodyear Tire & Rubber Quarterly Shares Outstanding (Millions of Shares)": {"2020-09-30": "234", "2020-06-30": "234", "2020-03-31": "234", "2019-12-31": "233", "2019-09-30": "234", "2019-06-30": "234", "2019-03-31": "232", "2018-12-31": "239", "2018-09-30": "238", "2018-06-30": "241", "2018-03-31": "244", "2017-12-31": "253", "2017-09-30": "254", "2017-06-30": "256", "2017-03-31": "256", "2016-12-31": "266", "2016-09-30": "266", "2016-06-30": "268", "2016-03-31": "271", "2015-12-31": "273", "2015-09-30": "274", "2015-06-30": "274", "2015-03-31": "274", "2014-12-31": "279", "2014-09-30": "279", "2014-06-30": "281", "2014-03-31": "248", "2013-12-31": "277", "2013-09-30": "278", "2013-06-30": "282", "2013-03-31": "248", "2012-12-31": "247", "2012-09-30": "281", "2012-06-30": "281", "2012-03-31": "244", "2011-12-31": "271", "2011-09-30": "281", "2011-06-30": "247", "2011-03-31": "246", "2010-12-31": "242", "2010-09-30": "242", "2010-06-30": "244", "2010-03-31": "242", "2009-12-31": "241", "2009-09-30": "245", "2009-06-30": "241", "2009-03-31": "241", "2008-12-31": "241", "2008-09-30": "243", "2008-06-30": "243", "2008-03-31": "244", "2007-12-31": "205", "2007-09-30": "244", "2007-06-30": "231", "2007-03-31": "180", "2006-12-31": "177", "2006-09-30": "177", "2006-06-30": "177", "2006-03-31": "207", "2005-12-31": "209", "2005-09-30": "209", "2005-06-30": "208", "2005-03-31": "208"}}, "total-assets": {"Goodyear Tire & Rubber Annual Total Assets (Millions of US $)": {"2019": "$17,185", "2018": "$16,872", "2017": "$17,064", "2016": "$16,511", "2015": "$16,391", "2014": "$18,044", "2013": "$17,527", "2012": "$16,973", "2011": "$17,629", "2010": "$15,630", "2009": "$14,410", "2008": "$15,226", "2007": "$17,191", "2006": "$17,029", "2005": "$15,605"}, "Goodyear Tire & Rubber Quarterly Total Assets (Millions of US $)": {"2020-09-30": "$16,192", "2020-06-30": "$15,827", "2020-03-31": "$16,691", "2019-12-31": "$17,185", "2019-09-30": "$18,299", "2019-06-30": "$18,470", "2019-03-31": "$18,273", "2018-12-31": "$16,872", "2018-09-30": "$17,591", "2018-06-30": "$17,355", "2018-03-31": "$17,580", "2017-12-31": "$17,064", "2017-09-30": "$17,852", "2017-06-30": "$17,646", "2017-03-31": "$17,194", "2016-12-31": "$16,511", "2016-09-30": "$17,143", "2016-06-30": "$16,860", "2016-03-31": "$16,777", "2015-12-31": "$16,391", "2015-09-30": "$17,515", "2015-06-30": "$17,516", "2015-03-31": "$17,336", "2014-12-31": "$18,044", "2014-09-30": "$16,656", "2014-06-30": "$16,942", "2014-03-31": "$17,092", "2013-12-31": "$17,527", "2013-09-30": "$17,672", "2013-06-30": "$17,384", "2013-03-31": "$17,458", "2012-12-31": "$16,973", "2012-09-30": "$17,939", "2012-06-30": "$17,601", "2012-03-31": "$17,990", "2011-12-31": "$17,629", "2011-09-30": "$18,129", "2011-06-30": "$17,642", "2011-03-31": "$17,256", "2010-12-31": "$15,630", "2010-09-30": "$15,656", "2010-06-30": "$14,513", "2010-03-31": "$14,702", "2009-12-31": "$14,410", "2009-09-30": "$15,677", "2009-06-30": "$15,079", "2009-03-31": "$14,645", "2008-12-31": "$15,226", "2008-09-30": "$17,043", "2008-06-30": "$17,494", "2008-03-31": "$17,100", "2007-12-31": "$17,191", "2007-09-30": "$17,042", "2007-06-30": "$16,504", "2007-03-31": "$15,861", "2006-12-31": "$17,029", "2006-09-30": "$15,968", "2006-06-30": "$15,921", "2006-03-31": "$15,698", "2005-12-31": "$15,605", "2005-09-30": "$16,239", "2005-06-30": "$16,009", "2005-03-31": "$16,285"}}, "cash-on-hand": {"Goodyear Tire & Rubber Annual Cash on Hand (Millions of US $)": {"2019": "$908", "2018": "$801", "2017": "$1,043", "2016": "$1,132", "2015": "$1,476", "2014": "$2,161", "2013": "$2,996", "2012": "$2,281", "2011": "$2,772", "2010": "$2,005", "2009": "$1,922", "2008": "$1,894", "2007": "$3,654", "2006": "$4,076", "2005": "$2,403"}, "Goodyear Tire & Rubber Quarterly Cash on Hand (Millions of US $)": {"2020-09-30": "$1,057", "2020-06-30": "$1,006", "2020-03-31": "$971", "2019-12-31": "$908", "2019-09-30": "$868", "2019-06-30": "$917", "2019-03-31": "$860", "2018-12-31": "$801", "2018-09-30": "$896", "2018-06-30": "$975", "2018-03-31": "$837", "2017-12-31": "$1,043", "2017-09-30": "$822", "2017-06-30": "$903", "2017-03-31": "$961", "2016-12-31": "$1,132", "2016-09-30": "$975", "2016-06-30": "$1,138", "2016-03-31": "$1,079", "2015-12-31": "$1,476", "2015-09-30": "$1,690", "2015-06-30": "$1,638", "2015-03-31": "$1,613", "2014-12-31": "$2,161", "2014-09-30": "$1,744", "2014-06-30": "$1,637", "2014-03-31": "$1,853", "2013-12-31": "$2,996", "2013-09-30": "$2,500", "2013-06-30": "$2,564", "2013-03-31": "$2,386", "2012-12-31": "$2,281", "2012-09-30": "$2,257", "2012-06-30": "$2,156", "2012-03-31": "$2,083", "2011-12-31": "$2,772", "2011-09-30": "$2,126", "2011-06-30": "$1,804", "2011-03-31": "$2,215", "2010-12-31": "$2,005", "2010-09-30": "$1,665", "2010-06-30": "$1,683", "2010-03-31": "$1,774", "2009-12-31": "$1,922", "2009-09-30": "$2,590", "2009-06-30": "$2,366", "2009-03-31": "$1,896", "2008-12-31": "$1,894", "2008-09-30": "$1,784", "2008-06-30": "$2,250", "2008-03-31": "$2,406", "2007-12-31": "$3,654", "2007-09-30": "$3,116", "2007-06-30": "$2,519", "2007-03-31": "$2,274", "2006-12-31": "$4,076", "2006-09-30": "$1,521", "2006-06-30": "$1,788", "2006-03-31": "$1,821", "2005-12-31": "$2,403", "2005-09-30": "$1,877", "2005-06-30": "$1,840", "2005-03-31": "$1,895"}}, "long-term-debt": {"Goodyear Tire & Rubber Annual Long Term Debt (Millions of US $)": {"2019": "$4,753", "2018": "$5,110", "2017": "$5,076", "2016": "$4,798", "2015": "$5,074", "2014": "$6,216", "2013": "$6,162", "2012": "$4,888", "2011": "$4,789", "2010": "$4,319", "2009": "$4,182", "2008": "$4,132", "2007": "$4,329", "2006": "$6,562", "2005": "$4,742"}, "Goodyear Tire & Rubber Quarterly Long Term Debt (Millions of US $)": {"2020-09-30": "$5,708", "2020-06-30": "$5,688", "2020-03-31": "$5,212", "2019-12-31": "$4,753", "2019-09-30": "$5,580", "2019-06-30": "$5,766", "2019-03-31": "$5,545", "2018-12-31": "$5,110", "2018-09-30": "$5,604", "2018-06-30": "$5,726", "2018-03-31": "$5,600", "2017-12-31": "$5,076", "2017-09-30": "$5,737", "2017-06-30": "$5,403", "2017-03-31": "$5,257", "2016-12-31": "$4,798", "2016-09-30": "$5,446", "2016-06-30": "$5,745", "2016-03-31": "$5,685", "2015-12-31": "$5,074", "2015-09-30": "$5,591", "2015-06-30": "$5,746", "2015-03-31": "$5,965", "2014-12-31": "$6,216", "2014-09-30": "$6,719", "2014-06-30": "$6,677", "2014-03-31": "$7,047", "2013-12-31": "$6,162", "2013-09-30": "$6,366", "2013-06-30": "$6,325", "2013-03-31": "$6,307", "2012-12-31": "$4,888", "2012-09-30": "$5,708", "2012-06-30": "$5,395", "2012-03-31": "$5,186", "2011-12-31": "$4,789", "2011-09-30": "$5,559", "2011-06-30": "$4,786", "2011-03-31": "$4,795", "2010-12-31": "$4,319", "2010-09-30": "$4,595", "2010-06-30": "$4,288", "2010-03-31": "$4,242", "2009-12-31": "$4,182", "2009-09-30": "$5,020", "2009-06-30": "$4,940", "2009-03-31": "$4,645", "2008-12-31": "$4,132", "2008-09-30": "$5,035", "2008-06-30": "$3,668", "2008-03-31": "$3,684", "2007-12-31": "$4,329", "2007-09-30": "$4,675", "2007-06-30": "$5,038", "2007-03-31": "$5,402", "2006-12-31": "$6,562", "2006-09-30": "$4,630", "2006-06-30": "$4,522", "2006-03-31": "$4,466", "2005-12-31": "$4,742", "2005-09-30": "$4,944", "2005-06-30": "$5,033", "2005-03-31": "$4,662"}}, "total-liabilities": {"Goodyear Tire & Rubber Annual Total Liabilities (Millions of US $)": {"2019": "$12,640", "2018": "$11,802", "2017": "$12,214", "2016": "$11,786", "2015": "$12,249", "2014": "$14,199", "2013": "$15,659", "2012": "$16,348", "2011": "$16,612", "2010": "$14,709", "2009": "$13,424", "2008": "$13,973", "2007": "$14,341", "2006": "$17,787", "2005": "$15,532"}, "Goodyear Tire & Rubber Quarterly Total Liabilities (Millions of US $)": {"2020-09-30": "$13,153", "2020-06-30": "$12,814", "2020-03-31": "$12,994", "2019-12-31": "$12,640", "2019-09-30": "$13,264", "2019-06-30": "$13,421", "2019-03-31": "$13,242", "2018-12-31": "$11,802", "2018-09-30": "$12,591", "2018-06-30": "$12,511", "2018-03-31": "$12,618", "2017-12-31": "$12,214", "2017-09-30": "$12,731", "2017-06-30": "$12,501", "2017-03-31": "$12,234", "2016-12-31": "$11,786", "2016-09-30": "$12,439", "2016-06-30": "$12,452", "2016-03-31": "$12,445", "2015-12-31": "$12,249", "2015-09-30": "$13,153", "2015-06-30": "$13,320", "2015-03-31": "$13,317", "2014-12-31": "$14,199", "2014-09-30": "$14,553", "2014-06-30": "$14,873", "2014-03-31": "$15,255", "2013-12-31": "$15,659", "2013-09-30": "$16,469", "2013-06-30": "$16,426", "2013-03-31": "$16,671", "2012-12-31": "$16,348", "2012-09-30": "$16,431", "2012-06-30": "$16,391", "2012-03-31": "$16,839", "2011-12-31": "$16,612", "2011-09-30": "$16,354", "2011-06-30": "$15,883", "2011-03-31": "$15,640", "2010-12-31": "$14,709", "2010-09-30": "$14,529", "2010-06-30": "$13,617", "2010-03-31": "$13,728", "2009-12-31": "$13,424", "2009-09-30": "$14,650", "2009-06-30": "$14,287", "2009-03-31": "$13,829", "2008-12-31": "$13,973", "2008-09-30": "$13,829", "2008-06-30": "$14,141", "2008-03-31": "$13,883", "2007-12-31": "$14,341", "2007-09-30": "$15,243", "2007-06-30": "$15,534", "2007-03-31": "$15,951", "2006-12-31": "$17,787", "2006-09-30": "$15,792", "2006-06-30": "$15,699", "2006-03-31": "$15,505", "2005-12-31": "$15,532", "2005-09-30": "$15,943", "2005-06-30": "$15,964", "2005-03-31": "$16,241"}}, "total-share-holder-equity": {"Goodyear Tire & Rubber Annual Share Holder Equity (Millions of US $)": {"2019": "$4,545", "2018": "$5,070", "2017": "$4,850", "2016": "$4,725", "2015": "$4,142", "2014": "$3,845", "2013": "$1,868", "2012": "$625", "2011": "$1,017", "2010": "$921", "2009": "$986", "2008": "$1,253", "2007": "$2,850", "2006": "$-758", "2005": "$73"}, "Goodyear Tire & Rubber Quarterly Share Holder Equity (Millions of US $)": {"2020-09-30": "$3,039", "2020-06-30": "$3,013", "2020-03-31": "$3,697", "2019-12-31": "$4,545", "2019-09-30": "$5,035", "2019-06-30": "$5,049", "2019-03-31": "$5,031", "2018-12-31": "$5,070", "2018-09-30": "$5,000", "2018-06-30": "$4,844", "2018-03-31": "$4,962", "2017-12-31": "$4,850", "2017-09-30": "$5,121", "2017-06-30": "$5,145", "2017-03-31": "$4,960", "2016-12-31": "$4,725", "2016-09-30": "$4,704", "2016-06-30": "$4,408", "2016-03-31": "$4,332", "2015-12-31": "$4,142", "2015-09-30": "$4,362", "2015-06-30": "$4,196", "2015-03-31": "$4,019", "2014-12-31": "$3,845", "2014-09-30": "$2,103", "2014-06-30": "$2,069", "2014-03-31": "$1,837", "2013-12-31": "$1,868", "2013-09-30": "$1,203", "2013-06-30": "$958", "2013-03-31": "$787", "2012-12-31": "$625", "2012-09-30": "$1,508", "2012-06-30": "$1,210", "2012-03-31": "$1,151", "2011-12-31": "$1,017", "2011-09-30": "$1,775", "2011-06-30": "$1,759", "2011-03-31": "$1,616", "2010-12-31": "$921", "2010-09-30": "$1,127", "2010-06-30": "$896", "2010-03-31": "$974", "2009-12-31": "$986", "2009-09-30": "$1,027", "2009-06-30": "$792", "2009-03-31": "$816", "2008-12-31": "$1,253", "2008-09-30": "$3,214", "2008-06-30": "$3,353", "2008-03-31": "$3,217", "2007-12-31": "$2,850", "2007-09-30": "$1,799", "2007-06-30": "$970", "2007-03-31": "$-90", "2006-12-31": "$-758", "2006-09-30": "$176", "2006-06-30": "$222", "2006-03-31": "$193", "2005-12-31": "$73", "2005-09-30": "$296", "2005-06-30": "$45", "2005-03-31": "$44"}}, "profit-margins": {"current": "-13.81%"}, "gross margin": {"2020-09-30": "15.61%", "2020-06-30": "16.35%", "2020-03-31": "20.62%", "2019-12-31": "21.32%", "2019-09-30": "21.47%", "2019-06-30": "21.71%", "2019-03-31": "22.17%", "2018-12-31": "22.71%", "2018-09-30": "23.20%", "2018-06-30": "23.00%", "2018-03-31": "23.29%", "2017-12-31": "24.04%", "2017-09-30": "25.01%", "2017-06-30": "26.76%", "2017-03-31": "27.51%", "2016-12-31": "27.86%", "2016-09-30": "26.87%", "2016-06-30": "26.76%", "2016-03-31": "26.76%", "2015-12-31": "26.02%", "2015-09-30": "25.71%", "2015-06-30": "24.75%", "2015-03-31": "23.96%", "2014-12-31": "23.33%", "2014-09-30": "23.24%", "2014-06-30": "22.37%", "2014-03-31": "21.70%", "2013-12-31": "21.07%", "2013-09-30": "20.02%", "2013-06-30": "19.22%", "2013-03-31": "18.79%", "2012-12-31": "18.24%", "2012-09-30": "17.35%", "2012-06-30": "17.35%", "2012-03-31": "17.17%", "2011-12-31": "17.33%", "2011-09-30": "17.87%", "2011-06-30": "17.63%", "2011-03-31": "17.57%", "2010-12-31": "17.95%", "2010-09-30": "18.43%", "2010-06-30": "19.15%", "2010-03-31": "18.33%", "2009-12-31": "16.10%", "2009-09-30": "13.99%", "2009-06-30": "13.30%", "2009-03-31": "14.85%", "2008-12-31": "17.18%", "2008-09-30": "18.95%", "2008-06-30": "19.82%", "2008-03-31": "19.69%", "2007-12-31": "19.00%", "2007-09-30": "17.03%", "2007-06-30": "16.32%", "2007-03-31": "15.59%", "2006-12-31": "16.13%", "2006-09-30": "17.44%", "2006-06-30": "18.29%", "2006-03-31": "19.50%", "2005-12-31": "19.69%"}, "operating margin": {"2020-09-30": "-4.87%", "2020-06-30": "-3.72%", "2020-03-31": "2.74%", "2019-12-31": "5.56%", "2019-09-30": "6.14%", "2019-06-30": "6.64%", "2019-03-31": "7.29%", "2018-12-31": "7.77%", "2018-09-30": "8.46%", "2018-06-30": "8.30%", "2018-03-31": "8.50%", "2017-12-31": "9.22%", "2017-09-30": "9.71%", "2017-06-30": "11.03%", "2017-03-31": "11.88%", "2016-12-31": "11.97%", "2016-09-30": "10.51%", "2016-06-30": "10.53%", "2016-03-31": "10.49%", "2015-12-31": "10.13%", "2015-09-30": "10.23%", "2015-06-30": "9.58%", "2015-03-31": "8.92%", "2014-12-31": "8.34%", "2014-09-30": "8.42%", "2014-06-30": "7.64%", "2014-03-31": "7.18%", "2013-12-31": "6.96%", "2013-09-30": "6.23%", "2013-06-30": "5.78%", "2013-03-31": "5.49%", "2012-12-31": "5.29%", "2012-09-30": "4.70%", "2012-06-30": "5.05%", "2012-03-31": "4.87%", "2011-12-31": "4.94%", "2011-09-30": "5.18%", "2011-06-30": "4.45%", "2011-03-31": "4.08%", "2010-12-31": "3.98%", "2010-09-30": "4.39%", "2010-06-30": "4.78%", "2010-03-31": "3.79%", "2009-12-31": "1.36%", "2009-09-30": "-0.81%", "2009-06-30": "-0.86%", "2009-03-31": "1.03%", "2008-12-31": "3.84%", "2008-09-30": "5.63%", "2008-06-30": "6.21%", "2008-03-31": "6.08%", "2007-12-31": "4.94%", "2007-09-30": "2.83%", "2007-06-30": "2.32%", "2007-03-31": "1.78%", "2006-12-31": "2.55%", "2006-09-30": "3.95%", "2006-06-30": "4.34%", "2006-03-31": "5.09%", "2005-12-31": "5.13%"}, "ebitda margin": {"2020-09-30": "4.97%", "2020-06-30": "5.87%", "2020-03-31": "9.73%", "2019-12-31": "11.05%", "2019-09-30": "11.44%", "2019-06-30": "11.90%", "2019-03-31": "12.46%", "2018-12-31": "12.89%", "2018-09-30": "13.55%", "2018-06-30": "13.41%", "2018-03-31": "13.76%", "2017-12-31": "14.44%", "2017-09-30": "15.02%", "2017-06-30": "16.25%", "2017-03-31": "16.91%", "2016-12-31": "16.95%", "2016-09-30": "15.37%", "2016-06-30": "15.22%", "2016-03-31": "15.01%", "2015-12-31": "14.51%", "2015-09-30": "14.47%", "2015-06-30": "13.76%", "2015-03-31": "13.05%", "2014-12-31": "12.45%", "2014-09-30": "12.47%", "2014-06-30": "11.63%", "2014-03-31": "11.08%", "2013-12-31": "10.75%", "2013-09-30": "9.91%", "2013-06-30": "9.38%", "2013-03-31": "9.10%", "2012-12-31": "8.88%", "2012-09-30": "8.17%", "2012-06-30": "8.38%", "2012-03-31": "8.21%", "2011-12-31": "8.23%", "2011-09-30": "8.54%", "2011-06-30": "7.99%", "2011-03-31": "7.60%", "2010-12-31": "7.59%", "2010-09-30": "8.13%", "2010-06-30": "8.57%", "2010-03-31": "7.69%", "2009-12-31": "5.38%", "2009-09-30": "3.28%", "2009-06-30": "3.12%", "2009-03-31": "4.74%", "2008-12-31": "7.36%", "2008-09-30": "8.97%", "2008-06-30": "9.47%", "2008-03-31": "9.43%", "2007-12-31": "8.31%", "2007-09-30": "6.30%", "2007-06-30": "5.72%", "2007-03-31": "5.31%", "2006-12-31": "6.05%", "2006-09-30": "7.42%", "2006-06-30": "7.98%", "2006-03-31": "8.76%", "2005-12-31": "8.83%"}, "pre tax profit margin": {"2020-09-30": "-10.14%", "2020-06-30": "-8.84%", "2020-03-31": "-1.08%", "2019-12-31": "1.20%", "2019-09-30": "2.46%", "2019-06-30": "5.05%", "2019-03-31": "5.64%", "2018-12-31": "6.53%", "2018-09-30": "6.99%", "2018-06-30": "4.76%", "2018-03-31": "4.85%", "2017-12-31": "5.71%", "2017-09-30": "6.11%", "2017-06-30": "7.13%", "2017-03-31": "7.77%", "2016-12-31": "7.96%", "2016-09-30": "2.38%", "2016-06-30": "3.09%", "2016-03-31": "3.20%", "2015-12-31": "3.70%", "2015-09-30": "7.43%", "2015-06-30": "6.46%", "2015-03-31": "6.08%", "2014-12-31": "3.79%", "2014-09-30": "4.41%", "2014-06-30": "4.06%", "2014-03-31": "3.83%", "2013-12-31": "4.16%", "2013-09-30": "2.97%", "2013-06-30": "2.61%", "2013-03-31": "2.14%", "2012-12-31": "2.10%", "2012-09-30": "1.92%", "2012-06-30": "2.38%", "2012-03-31": "2.13%", "2011-12-31": "2.71%", "2011-09-30": "2.10%", "2011-06-30": "0.96%", "2011-03-31": "0.83%", "2010-12-31": "0.04%", "2010-09-30": "1.60%", "2010-06-30": "2.21%", "2010-03-31": "0.22%", "2009-12-31": "-2.19%", "2009-09-30": "-5.28%", "2009-06-30": "-5.17%", "2009-03-31": "-2.37%", "2008-12-31": "0.95%", "2008-09-30": "3.12%", "2008-06-30": "3.88%", "2008-03-31": "3.58%", "2007-12-31": "2.27%", "2007-09-30": "0.14%", "2007-06-30": "-1.37%", "2007-03-31": "-1.81%", "2006-12-31": "-1.08%", "2006-09-30": "0.35%", "2006-06-30": "1.66%", "2006-03-31": "2.42%", "2005-12-31": "2.50%"}, "net profit margin": {"2020-09-30": "-13.81%", "2020-06-30": "-12.73%", "2020-03-31": "-6.12%", "2019-12-31": "-2.11%", "2019-09-30": "1.28%", "2019-06-30": "3.02%", "2019-03-31": "3.65%", "2018-12-31": "4.48%", "2018-09-30": "3.11%", "2018-06-30": "1.69%", "2018-03-31": "1.64%", "2017-12-31": "2.25%", "2017-09-30": "6.67%", "2017-06-30": "7.95%", "2017-03-31": "8.22%", "2016-12-31": "8.34%", "2016-09-30": "2.09%", "2016-06-30": "1.75%", "2016-03-31": "1.66%", "2015-12-31": "1.87%", "2015-09-30": "16.83%", "2015-06-30": "15.72%", "2015-03-31": "15.41%", "2014-12-31": "13.48%", "2014-09-30": "2.92%", "2014-06-30": "2.90%", "2014-03-31": "2.69%", "2013-12-31": "3.07%", "2013-09-30": "1.88%", "2013-06-30": "1.58%", "2013-03-31": "1.08%", "2012-12-31": "0.87%", "2012-09-30": "0.93%", "2012-06-30": "1.12%", "2012-03-31": "0.90%", "2011-12-31": "1.41%", "2011-09-30": "0.57%", "2011-06-30": "-0.26%", "2011-03-31": "-0.33%", "2010-12-31": "-1.15%", "2010-09-30": "0.37%", "2010-06-30": "0.91%", "2010-03-31": "-0.52%", "2009-12-31": "-2.30%", "2009-09-30": "-5.08%", "2009-06-30": "-5.08%", "2009-03-31": "-3.08%", "2008-12-31": "-0.40%", "2008-09-30": "1.39%", "2008-06-30": "4.52%", "2008-03-31": "4.50%", "2007-12-31": "2.97%", "2007-09-30": "1.00%", "2007-06-30": "-2.76%", "2007-03-31": "-3.08%", "2006-12-31": "-1.76%", "2006-09-30": "-0.13%", "2006-06-30": "0.95%", "2006-03-31": "1.32%", "2005-12-31": "1.26%"}, "pe ratio": {"current": "0.00", "2021-02-05": "0.00", "2020-09-30": "0.00", "2020-06-30": "0.00", "2020-03-31": "0.00", "2019-12-31": "0.00", "2019-09-30": "17.18", "2019-06-30": "7.70", "2019-03-31": "7.44", "2018-12-31": "6.67", "2018-09-30": "10.78", "2018-06-30": "20.44", "2018-03-31": "24.82", "2017-12-31": "22.43", "2017-09-30": "7.95", "2017-06-30": "7.08", "2017-03-31": "7.01", "2016-12-31": "5.95", "2016-09-30": "24.61", "2016-06-30": "23.40", "2016-03-31": "31.59", "2015-12-31": "27.20", "2015-09-30": "2.61", "2015-06-30": "2.79", "2015-03-31": "2.48", "2014-12-31": "2.92", "2014-09-30": "10.39", "2014-06-30": "12.50", "2014-03-31": "12.29", "2013-12-31": "9.54", "2013-09-30": "14.37", "2013-06-30": "11.53", "2013-03-31": "13.35", "2012-12-31": "17.80", "2012-09-30": "14.27", "2012-06-30": "11.06", "2012-03-31": "12.79", "2011-12-31": "10.08", "2011-09-30": "19.94", "2011-06-30": "0.00", "2011-03-31": "0.00", "2010-12-31": "0.00", "2010-09-30": "34.15", "2010-06-30": "13.60", "2010-03-31": "0.00", "2009-12-31": "0.00", "2009-09-30": "0.00", "2009-06-30": "0.00", "2009-03-31": "0.00", "2008-12-31": "0.00", "2008-09-30": "10.72", "2008-06-30": "4.08", "2008-03-31": "5.98", "2007-12-31": "11.01", "2007-09-30": "676.23", "2007-06-30": "0.00", "2007-03-31": "0.00", "2006-12-31": "0.00"}, "price sales": {"2021-02-05": "0.24", "2020-09-30": "0.14", "2020-06-30": "0.16", "2020-03-31": "0.10", "2019-12-31": "0.24", "2019-09-30": "0.22", "2019-06-30": "0.23", "2019-03-31": "0.27", "2018-12-31": "0.30", "2018-09-30": "0.34", "2018-06-30": "0.35", "2018-03-31": "0.40", "2017-12-31": "0.50", "2017-09-30": "0.53", "2017-06-30": "0.56", "2017-03-31": "0.58", "2016-12-31": "0.50", "2016-09-30": "0.51", "2016-06-30": "0.40", "2016-03-31": "0.51", "2015-12-31": "0.49", "2015-09-30": "0.44", "2015-06-30": "0.44", "2015-03-31": "0.38", "2014-12-31": "0.38", "2014-09-30": "0.30", "2014-06-30": "0.36", "2014-03-31": "0.33", "2013-12-31": "0.29", "2013-09-30": "0.27", "2013-06-30": "0.18", "2013-03-31": "0.15", "2012-12-31": "0.15", "2012-09-30": "0.13", "2012-06-30": "0.13", "2012-03-31": "0.11", "2011-12-31": "0.14", "2011-09-30": "0.10", "2011-06-30": "0.17", "2011-03-31": "0.16", "2010-12-31": "0.14", "2010-09-30": "0.13", "2010-06-30": "0.12", "2010-03-31": "0.16", "2009-12-31": "0.19", "2009-09-30": "0.23", "2009-06-30": "0.14", "2009-03-31": "0.07", "2008-12-31": "0.07", "2008-09-30": "0.15", "2008-06-30": "0.18", "2008-03-31": "0.26", "2007-12-31": "0.27", "2007-09-30": "0.29", "2007-06-30": "0.31", "2007-03-31": "0.26", "2006-12-31": "0.18"}, "price book": {"current": "0.96", "2021-02-05": "0.96", "2020-09-30": "0.59", "2020-06-30": "0.69", "2020-03-31": "0.37", "2019-12-31": "0.79", "2019-09-30": "0.65", "2019-06-30": "0.68", "2019-03-31": "0.80", "2018-12-31": "0.89", "2018-09-30": "1.03", "2018-06-30": "1.07", "2018-03-31": "1.20", "2017-12-31": "1.49", "2017-09-30": "1.48", "2017-06-30": "1.58", "2017-03-31": "1.68", "2016-12-31": "1.51", "2016-09-30": "1.64", "2016-06-30": "1.39", "2016-03-31": "1.84", "2015-12-31": "1.91", "2015-09-30": "1.64", "2015-06-30": "1.75", "2015-03-31": "1.64", "2014-12-31": "1.80", "2014-09-30": "2.65", "2014-06-30": "3.31", "2014-03-31": "3.15", "2013-12-31": "2.82", "2013-09-30": "4.10", "2013-06-30": "3.49", "2013-03-31": "3.50", "2012-12-31": "4.82", "2012-09-30": "1.76", "2012-06-30": "2.13", "2012-03-31": "2.12", "2011-12-31": "3.03", "2011-09-30": "1.23", "2011-06-30": "2.07", "2011-03-31": "2.01", "2010-12-31": "2.78", "2010-09-30": "2.06", "2010-06-30": "2.40", "2010-03-31": "2.81", "2009-12-31": "3.08", "2009-09-30": "3.57", "2009-06-30": "3.06", "2009-03-31": "1.65", "2008-12-31": "1.02", "2008-09-30": "1.02", "2008-06-30": "1.14", "2008-03-31": "1.72", "2007-12-31": "2.11", "2007-09-30": "3.17", "2007-06-30": "6.73", "2007-03-31": "-56.10", "2006-12-31": "-4.39", "2006-09-30": "12.97", "2006-06-30": "7.87", "2006-03-31": "11.81"}, "price fcf": {"2021-02-05": "", "2020-09-30": "$1.81", "2020-06-30": "$-0.18", "2020-03-31": "$1.15", "2019-12-31": "$1.93", "2019-09-30": "$0.14", "2019-06-30": "$-0.33", "2019-03-31": "$0.54", "2018-12-31": "$0.45", "2018-09-30": "$1.73", "2018-06-30": "$1.62", "2018-03-31": "$0.70", "2017-12-31": "$1.14", "2017-09-30": "$0.56", "2017-06-30": "$1.57", "2017-03-31": "$2.37", "2016-12-31": "$2.24", "2016-09-30": "$1.40", "2016-06-30": "$1.58", "2016-03-31": "$2.35", "2015-12-31": "$2.96", "2015-09-30": "$3.52", "2015-06-30": "$2.91", "2015-03-31": "$3.35", "2014-12-31": "$-2.09", "2014-09-30": "$-2.76", "2014-06-30": "$-3.05", "2014-03-31": "$-3.10", "2013-12-31": "$-0.83", "2013-09-30": "$-0.08", "2013-06-30": "$-0.33", "2013-03-31": "$-0.95", "2012-12-31": "$-0.30", "2012-09-30": "$1.69", "2012-06-30": "$0.80", "2012-03-31": "$-2.02", "2011-12-31": "$-0.72", "2011-09-30": "$-4.20", "2011-06-30": "$-4.23", "2011-03-31": "$-2.92", "2010-12-31": "$-0.08", "2010-09-30": "$0.37", "2010-06-30": "$3.06", "2010-03-31": "$4.46", "2009-12-31": "$2.29", "2009-09-30": "$1.22", "2009-06-30": "$-6.07", "2009-03-31": "$-7.32", "2008-12-31": "$-7.42", "2008-09-30": "$-7.40", "2008-06-30": "$-2.75", "2008-03-31": "$-2.64", "2007-12-31": "$-3.09", "2007-09-30": "$-0.62", "2007-06-30": "$-1.25", "2007-03-31": "$-1.48", "2006-12-31": "$-0.67"}, "net worth": {"value": "$2.93B"}, "current ratio": {"2020-09-30": "1.16", "2020-06-30": "1.17", "2020-03-31": "1.17", "2019-12-31": "1.12", "2019-09-30": "1.33", "2019-06-30": "1.34", "2019-03-31": "1.28", "2018-12-31": "1.24", "2018-09-30": "1.34", "2018-06-30": "1.36", "2018-03-31": "1.31", "2017-12-31": "1.21", "2017-09-30": "1.37", "2017-06-30": "1.31", "2017-03-31": "1.29", "2016-12-31": "1.19", "2016-09-30": "1.37", "2016-06-30": "1.41", "2016-03-31": "1.39", "2015-12-31": "1.24", "2015-09-30": "1.66", "2015-06-30": "1.62", "2015-03-31": "1.68", "2014-12-31": "1.51", "2014-09-30": "1.69", "2014-06-30": "1.60", "2014-03-31": "1.63", "2013-12-31": "1.72", "2013-09-30": "1.75", "2013-06-30": "1.73", "2013-03-31": "1.70", "2012-12-31": "1.60", "2012-09-30": "1.82", "2012-06-30": "1.78", "2012-03-31": "1.70", "2011-12-31": "1.66", "2011-09-30": "1.81", "2011-06-30": "1.65", "2011-03-31": "1.67", "2010-12-31": "1.52", "2010-09-30": "1.70", "2010-06-30": "1.75", "2010-03-31": "1.74", "2009-12-31": "1.76", "2009-09-30": "1.89", "2009-06-30": "1.90", "2009-03-31": "1.87", "2008-12-31": "1.74", "2008-09-30": "2.07", "2008-06-30": "1.96", "2008-03-31": "2.04", "2007-12-31": "2.18", "2007-09-30": "2.25", "2007-06-30": "2.09", "2007-03-31": "1.98", "2006-12-31": "2.18", "2006-09-30": "1.60", "2006-06-30": "1.56", "2006-03-31": "1.76", "2005-12-31": "1.58", "2005-09-30": "2.01", "2005-06-30": "2.08", "2005-03-31": "1.84"}, "quick ratio": {"2020-09-30": "0.72", "2020-06-30": "0.64", "2020-03-31": "0.62", "2019-12-31": "0.58", "2019-09-30": "0.75", "2019-06-30": "0.73", "2019-03-31": "0.70", "2018-12-31": "0.64", "2018-09-30": "0.76", "2018-06-30": "0.75", "2018-03-31": "0.73", "2017-12-31": "0.66", "2017-09-30": "0.76", "2017-06-30": "0.68", "2017-03-31": "0.71", "2016-12-31": "0.64", "2016-09-30": "0.80", "2016-06-30": "0.82", "2016-03-31": "0.81", "2015-12-31": "0.74", "2015-09-30": "1.12", "2015-06-30": "1.09", "2015-03-31": "1.11", "2014-12-31": "0.95", "2014-09-30": "1.07", "2014-06-30": "0.98", "2014-03-31": "1.03", "2013-12-31": "1.16", "2013-09-30": "1.18", "2013-06-30": "1.13", "2013-03-31": "1.10", "2012-12-31": "0.99", "2012-09-30": "1.15", "2012-06-30": "1.05", "2012-03-31": "1.02", "2011-12-31": "1.01", "2011-09-30": "1.11", "2011-06-30": "0.97", "2011-03-31": "1.08", "2010-12-31": "0.96", "2010-09-30": "1.10", "2010-06-30": "1.09", "2010-03-31": "1.13", "2009-12-31": "1.17", "2009-09-30": "1.33", "2009-06-30": "1.22", "2009-03-31": "1.11", "2008-12-31": "0.99", "2008-09-30": "1.27", "2008-06-30": "1.20", "2008-03-31": "1.30", "2007-12-31": "1.50", "2007-09-30": "1.57", "2007-06-30": "1.45", "2007-03-31": "1.38", "2006-12-31": "1.62", "2006-09-30": "1.03", "2006-06-30": "0.97", "2006-03-31": "1.12", "2005-12-31": "1.07", "2005-09-30": "1.35", "2005-06-30": "1.38", "2005-03-31": "1.24"}, "debt equity ratio": {"current": "1.88", "2020-09-30": "4.33", "2020-06-30": "4.25", "2020-03-31": "3.52", "2019-12-31": "2.78", "2019-09-30": "2.63", "2019-06-30": "2.66", "2019-03-31": "2.63", "2018-12-31": "2.33", "2018-09-30": "2.52", "2018-06-30": "2.58", "2018-03-31": "2.54", "2017-12-31": "2.52", "2017-09-30": "2.49", "2017-06-30": "2.43", "2017-03-31": "2.47", "2016-12-31": "2.49", "2016-09-30": "2.64", "2016-06-30": "2.83", "2016-03-31": "2.87", "2015-12-31": "2.96", "2015-09-30": "3.02", "2015-06-30": "3.17", "2015-03-31": "3.31", "2014-12-31": "3.69", "2014-09-30": "6.92", "2014-06-30": "7.19", "2014-03-31": "8.30", "2013-12-31": "8.38", "2013-09-30": "13.69", "2013-06-30": "17.15", "2013-03-31": "21.18", "2012-12-31": "26.16", "2012-09-30": "10.90", "2012-06-30": "13.55", "2012-03-31": "14.63", "2011-12-31": "16.33", "2011-09-30": "9.21", "2011-06-30": "9.03", "2011-03-31": "9.68", "2010-12-31": "15.97", "2010-09-30": "12.89", "2010-06-30": "15.20", "2010-03-31": "14.09", "2009-12-31": "13.62", "2009-09-30": "14.27", "2009-06-30": "18.04", "2009-03-31": "16.95", "2008-12-31": "11.15", "2008-09-30": "4.30", "2008-06-30": "4.22", "2008-03-31": "4.32", "2007-12-31": "5.03", "2007-09-30": "8.47", "2007-06-30": "16.01", "2007-03-31": "-177.23", "2006-12-31": "-23.47", "2006-09-30": "89.73", "2006-06-30": "70.72", "2006-03-31": "80.34", "2005-12-31": "212.77", "2005-09-30": "53.86", "2005-06-30": "354.76", "2005-03-31": "369.11"}, "return on equity": {"2020-09-30": "-47.82%", "2020-06-30": "-39.75%", "2020-03-31": "-18.97%", "2019-12-31": "-6.33%", "2019-09-30": "3.78%", "2019-06-30": "9.01%", "2019-03-31": "11.17%", "2018-12-31": "13.95%", "2018-09-30": "9.91%", "2018-06-30": "5.36%", "2018-03-31": "5.08%", "2017-12-31": "6.89%", "2017-09-30": "20.11%", "2017-06-30": "24.39%", "2017-03-31": "26.51%", "2016-12-31": "27.83%", "2016-09-30": "7.35%", "2016-06-30": "6.43%", "2016-03-31": "6.27%", "2015-12-31": "7.34%", "2015-09-30": "68.59%", "2015-06-30": "76.42%", "2015-03-31": "90.63%", "2014-12-31": "99.25%", "2014-09-30": "27.57%", "2014-06-30": "31.42%", "2014-03-31": "35.19%", "2013-12-31": "49.83%", "2013-09-30": "41.65%", "2013-06-30": "32.59%", "2013-03-31": "21.31%", "2012-12-31": "16.29%", "2012-09-30": "16.46%", "2012-06-30": "19.56%", "2012-03-31": "14.52%", "2011-12-31": "20.82%", "2011-09-30": "8.37%", "2011-06-30": "-3.98%", "2011-03-31": "-5.79%", "2010-12-31": "-22.05%", "2010-09-30": "6.83%", "2010-06-30": "16.48%", "2010-03-31": "-9.42%", "2009-12-31": "-41.43%", "2009-09-30": "-83.54%", "2009-06-30": "-56.16%", "2009-03-31": "-25.80%", "2008-12-31": "-2.79%", "2008-09-30": "9.05%", "2008-06-30": "32.91%", "2008-03-31": "40.92%", "2007-12-31": "42.18%", "2007-09-30": "39.98%", "2007-06-30": "-703.36%", "2007-03-31": "513.78%", "2006-12-31": "790.42%", "2006-09-30": "-13.86%", "2006-06-30": "85.20%", "2006-03-31": "154.20%", "2005-12-31": "199.13%"}, "return on assets": {"2020-09-30": "-10.37%", "2020-06-30": "-9.52%", "2020-03-31": "-4.92%", "2019-12-31": "-1.72%", "2019-09-30": "1.06%", "2019-06-30": "2.55%", "2019-03-31": "3.18%", "2018-12-31": "3.99%", "2018-09-30": "2.80%", "2018-06-30": "1.52%", "2018-03-31": "1.45%", "2017-12-31": "1.98%", "2017-09-30": "5.80%", "2017-06-30": "6.96%", "2017-03-31": "7.36%", "2016-12-31": "7.51%", "2016-09-30": "1.92%", "2016-06-30": "1.64%", "2016-03-31": "1.57%", "2015-12-31": "1.79%", "2015-09-30": "16.00%", "2015-06-30": "15.56%", "2015-03-31": "15.81%", "2014-12-31": "14.23%", "2014-09-30": "3.18%", "2014-06-30": "3.17%", "2014-03-31": "2.96%", "2013-12-31": "3.43%", "2013-09-30": "2.14%", "2013-06-30": "1.81%", "2013-03-31": "1.26%", "2012-12-31": "1.04%", "2012-09-30": "1.13%", "2012-06-30": "1.41%", "2012-03-31": "1.16%", "2011-12-31": "1.82%", "2011-09-30": "0.74%", "2011-06-30": "-0.33%", "2011-03-31": "-0.42%", "2010-12-31": "-1.43%", "2010-09-30": "0.46%", "2010-06-30": "1.08%", "2010-03-31": "-0.59%", "2009-12-31": "-2.51%", "2009-09-30": "-5.36%", "2009-06-30": "-5.50%", "2009-03-31": "-3.46%", "2008-12-31": "-0.46%", "2008-09-30": "1.66%", "2008-06-30": "5.36%", "2008-03-31": "5.33%", "2007-12-31": "3.50%", "2007-09-30": "1.16%", "2007-06-30": "-3.21%", "2007-03-31": "-3.57%", "2006-12-31": "-2.04%", "2006-09-30": "-0.15%", "2006-06-30": "1.05%", "2006-03-31": "1.47%", "2005-12-31": "1.42%"}, "return on investments": {"2020-09-30": "-6.76%", "2020-06-30": "-5.04%", "2020-03-31": "3.93%", "2019-12-31": "7.94%", "2019-09-30": "8.69%", "2019-06-30": "9.47%", "2019-03-31": "10.60%", "2018-12-31": "11.47%", "2018-09-30": "12.72%", "2018-06-30": "12.41%", "2018-03-31": "12.58%", "2017-12-31": "13.65%", "2017-09-30": "14.20%", "2017-06-30": "16.33%", "2017-03-31": "18.00%", "2016-12-31": "18.21%", "2016-09-30": "16.46%", "2016-06-30": "16.94%", "2016-03-31": "17.28%", "2015-12-31": "17.04%", "2015-09-30": "17.15%", "2015-06-30": "17.00%", "2015-03-31": "16.78%", "2014-12-31": "16.56%", "2014-09-30": "18.13%", "2014-06-30": "17.39%", "2014-03-31": "17.33%", "2013-12-31": "18.15%", "2013-09-30": "17.96%", "2013-06-30": "17.12%", "2013-03-31": "16.88%", "2012-12-31": "17.31%", "2012-09-30": "15.67%", "2012-06-30": "17.36%", "2012-03-31": "17.14%", "2011-12-31": "17.23%", "2011-09-30": "17.97%", "2011-06-30": "15.67%", "2011-03-31": "14.43%", "2010-12-31": "14.04%", "2010-09-30": "15.01%", "2010-06-30": "15.58%", "2010-03-31": "11.66%", "2009-12-31": "3.95%", "2009-09-30": "-2.28%", "2009-06-30": "-2.34%", "2009-03-31": "2.86%", "2008-12-31": "10.87%", "2008-09-30": "15.73%", "2008-06-30": "18.39%", "2008-03-31": "18.40%", "2007-12-31": "15.55%", "2007-09-30": "9.19%", "2007-06-30": "8.04%", "2007-03-31": "6.48%", "2006-12-31": "9.57%", "2006-09-30": "14.47%", "2006-06-30": "15.64%", "2006-03-31": "18.31%", "2005-12-31": "18.73%"}, "return on tangible equity": {"2020-09-30": "-56.77%", "2020-06-30": "-46.65%", "2020-03-31": "-22.10%", "2019-12-31": "-7.37%", "2019-09-30": "4.39%", "2019-06-30": "10.48%", "2019-03-31": "13.02%", "2018-12-31": "16.30%", "2018-09-30": "11.63%", "2018-06-30": "6.29%", "2018-03-31": "5.94%", "2017-12-31": "8.03%", "2017-09-30": "23.37%", "2017-06-30": "28.40%", "2017-03-31": "31.06%", "2016-12-31": "32.86%", "2016-09-30": "8.74%", "2016-06-30": "7.67%", "2016-03-31": "7.50%", "2015-12-31": "8.80%", "2015-09-30": "82.75%", "2015-06-30": "95.94%", "2015-03-31": "120.53%", "2014-12-31": "144.85%", "2014-09-30": "46.13%", "2014-06-30": "58.17%", "2014-03-31": "77.16%", "2013-12-31": "145.99%", "2013-09-30": "369.23%", "2013-06-30": "181.35%", "2013-03-31": "94.32%", "2012-12-31": "58.37%", "2012-09-30": "49.05%", "2012-06-30": "53.39%", "2012-03-31": "35.17%", "2011-12-31": "46.27%", "2011-09-30": "19.20%", "2011-06-30": "-10.96%", "2011-03-31": "-22.06%", "2010-12-31": "-148.20%", "2010-09-30": "43.73%", "2010-06-30": "125.24%", "2010-03-31": "-101.71%", "2009-12-31": "-655.02%", "2009-09-30": "-621.03%", "2009-06-30": "-126.46%", "2009-03-31": "-43.19%", "2008-12-31": "-4.15%", "2008-09-30": "12.74%", "2008-06-30": "48.71%", "2008-03-31": "68.14%", "2007-12-31": "110.36%", "2007-09-30": "-53.22%", "2007-06-30": "68.81%", "2007-03-31": "60.81%", "2006-12-31": "37.53%", "2006-09-30": "3.47%", "2006-06-30": "-26.66%", "2006-03-31": "-35.23%", "2005-12-31": "-32.24%"}, "dividend yield history": {"last payout": "$0.00", "last yield": "0.00%"}}