{"ticker": "GPC", "price": {"title": "Genuine Parts Historical Annual Stock Price Data", "value": 100.53, "historical": {"2021": {"Average Stock Price": "101.2089", "Year Open": "98.4400", "Year High": "108.3000", "Year Low": "93.8800", "Year Close": "100.5300", "Annual % Change": "0.10%"}, "2020": {"Average Stock Price": "89.7652", "Year Open": "105.8100", "Year High": "105.8100", "Year Low": "50.2900", "Year Close": "100.4300", "Annual % Change": "-5.46%"}, "2019": {"Average Stock Price": "101.4304", "Year Open": "94.7900", "Year High": "115.1400", "Year Low": "87.7300", "Year Close": "106.2300", "Annual % Change": "10.63%"}, "2018": {"Average Stock Price": "96.1904", "Year Open": "96.5800", "Year High": "107.5800", "Year Low": "86.5200", "Year Close": "96.0200", "Annual % Change": "1.06%"}, "2017": {"Average Stock Price": "91.1104", "Year Open": "95.6300", "Year High": "100.6700", "Year Low": "80.4800", "Year Close": "95.0100", "Annual % Change": "-0.55%"}, "2016": {"Average Stock Price": "95.6842", "Year Open": "84.0300", "Year High": "105.2400", "Year Low": "77.4000", "Year Close": "95.5400", "Annual % Change": "11.24%"}, "2015": {"Average Stock Price": "90.4209", "Year Open": "106.5200", "Year High": "106.5200", "Year Low": "79.5300", "Year Close": "85.8900", "Annual % Change": "-19.41%"}, "2014": {"Average Stock Price": "88.8213", "Year Open": "81.9200", "Year High": "108.3100", "Year Low": "77.7500", "Year Close": "106.5700", "Annual % Change": "28.10%"}, "2013": {"Average Stock Price": "77.5819", "Year Open": "65.1500", "Year High": "85.0300", "Year Low": "65.0400", "Year Close": "83.1900", "Annual % Change": "30.84%"}, "2012": {"Average Stock Price": "62.7951", "Year Open": "61.7100", "Year High": "66.3800", "Year Low": "58.5300", "Year Close": "63.5800", "Annual % Change": "3.89%"}, "2011": {"Average Stock Price": "53.8653", "Year Open": "52.2900", "Year High": "61.9600", "Year Low": "46.7300", "Year Close": "61.2000", "Annual % Change": "19.21%"}, "2010": {"Average Stock Price": "43.1818", "Year Open": "38.1300", "Year High": "51.5000", "Year Low": "36.9600", "Year Close": "51.3400", "Annual % Change": "35.25%"}, "2009": {"Average Stock Price": "34.5376", "Year Open": "39.3800", "Year High": "39.3800", "Year Low": "25.0600", "Year Close": "37.9600", "Annual % Change": "0.26%"}, "2008": {"Average Stock Price": "40.5919", "Year Open": "45.0400", "Year High": "45.7600", "Year Low": "31.2100", "Year Close": "37.8600", "Annual % Change": "-18.23%"}, "2007": {"Average Stock Price": "49.0075", "Year Open": "47.5500", "Year High": "51.4300", "Year Low": "46.3000", "Year Close": "46.3000", "Annual % Change": "-2.38%"}, "2006": {"Average Stock Price": "43.7089", "Year Open": "44.2100", "Year High": "48.0200", "Year Low": "40.2600", "Year Close": "47.4300", "Annual % Change": "7.99%"}, "2005": {"Average Stock Price": "43.5658", "Year Open": "43.6200", "Year High": "46.5000", "Year Low": "40.9800", "Year Close": "43.9200", "Annual % Change": "-0.32%"}, "2004": {"Average Stock Price": "37.4732", "Year Open": "33.0300", "Year High": "44.0600", "Year Low": "32.1300", "Year Close": "44.0600", "Annual % Change": "32.71%"}, "2003": {"Average Stock Price": "31.5865", "Year Open": "31.6100", "Year High": "33.6600", "Year Low": "27.4300", "Year Close": "33.2000", "Annual % Change": "7.79%"}, "2002": {"Average Stock Price": "33.3167", "Year Open": "36.0900", "Year High": "38.0800", "Year Low": "27.6400", "Year Close": "30.8000", "Annual % Change": "-16.08%"}, "2001": {"Average Stock Price": "30.1936", "Year Open": "26.3800", "Year High": "37.4400", "Year Low": "24.2600", "Year Close": "36.7000", "Annual % Change": "40.13%"}, "2000": {"Average Stock Price": "22.0798", "Year Open": "24.0600", "Year High": "26.4400", "Year Low": "18.6200", "Year Close": "26.1900", "Annual % Change": "5.56%"}, "1999": {"Average Stock Price": "29.7801", "Year Open": "33.1900", "Year High": "35.7500", "Year Low": "23.1200", "Year Close": "24.8100", "Annual % Change": "-25.81%"}, "1998": {"Average Stock Price": "33.8798", "Year Open": "33.6900", "Year High": "38.1200", "Year Low": "29.3800", "Year Close": "33.4400", "Annual % Change": "-1.47%"}, "1997": {"Average Stock Price": "32.0867", "Year Open": "29.7467", "Year High": "35.6200", "Year Low": "28.9200", "Year Close": "33.9400", "Annual % Change": "14.40%"}, "1996": {"Average Stock Price": "29.3570", "Year Open": "27.5800", "Year High": "31.1667", "Year Low": "26.8333", "Year Close": "29.6667", "Annual % Change": "8.54%"}, "1995": {"Average Stock Price": "25.9561", "Year Open": "23.9200", "Year High": "28.0000", "Year Low": "23.9200", "Year Close": "27.3333", "Annual % Change": "13.89%"}, "1994": {"Average Stock Price": "23.9424", "Year Open": "25.2533", "Year High": "26.1667", "Year Low": "22.5800", "Year Close": "24.0000", "Annual % Change": "-4.31%"}, "1993": {"Average Stock Price": "24.0636", "Year Open": "22.4200", "Year High": "26.0000", "Year Low": "22.2533", "Year Close": "25.0800", "Annual % Change": "10.65%"}, "1992": {"Average Stock Price": "21.0436", "Year Open": "21.5022", "Year High": "23.0800", "Year Low": "19.6667", "Year Close": "22.6667", "Annual % Change": "4.62%"}, "1991": {"Average Stock Price": "18.4749", "Year Open": "16.8311", "Year High": "21.7200", "Year Low": "15.7778", "Year Close": "21.6667", "Annual % Change": "28.29%"}, "1990": {"Average Stock Price": "16.8256", "Year Open": "19.0000", "Year High": "19.0000", "Year Low": "15.0578", "Year Close": "16.8889", "Annual % Change": "-9.52%"}, "1989": {"Average Stock Price": "17.3195", "Year Open": "15.6667", "Year High": "19.2222", "Year Low": "15.5556", "Year Close": "18.6667", "Annual % Change": "18.31%"}, "1988": {"Average Stock Price": "16.3507", "Year Open": "16.1111", "Year High": "18.1111", "Year Low": "14.5556", "Year Close": "15.7778", "Annual % Change": "1.08%"}, "1987": {"Average Stock Price": "15.9025", "Year Open": "13.1496", "Year High": "19.3333", "Year Low": "12.5556", "Year Close": "15.6089", "Annual % Change": "22.14%"}, "1986": {"Average Stock Price": "12.7820", "Year Open": "11.1852", "Year High": "14.2607", "Year Low": "10.6311", "Year Close": "12.7793", "Annual % Change": "13.11%"}, "1985": {"Average Stock Price": "9.6971", "Year Open": "9.4430", "Year High": "11.3333", "Year Low": "8.9630", "Year Close": "11.2978", "Annual % Change": "20.09%"}, "1984": {"Average Stock Price": "8.6171", "Year Open": "8.8395", "Year High": "9.8904", "Year Low": "7.1852", "Year Close": "9.4074", "Annual % Change": "5.83%"}}}, "market cap": {"value": "$14.96B"}, "income statement": {"Revenue": {"2019-12-31": "19392.30000", "2018-12-31": "18735.07000", "2017-12-31": "16308.80000", "2016-12-31": "15339.71000", "2015-12-31": "15280.04000", "2014-12-31": "15341.65000", "2013-12-31": "14077.84000", "2012-12-31": "13013.87000", "2011-12-31": "12458.88000", "2010-12-31": "11207.59000", "2009-12-31": "10057.51000", "2008-12-31": "11015.26000", "2007-12-31": "10843.20000", "2006-12-31": "10457.94000", "2005-12-31": "9783.05000"}, "Cost Of Goods Sold": {"2019-12-31": "13076.04000", "2018-12-31": "12751.29000", "2017-12-31": "11402.40000", "2016-12-31": "10740.11000", "2015-12-31": "10724.19000", "2014-12-31": "10747.89000", "2013-12-31": "9857.92300", "2012-12-31": "9235.77700", "2011-12-31": "8852.83700", "2010-12-31": "7954.64500", "2009-12-31": "7047.75000", "2008-12-31": "7742.77300", "2007-12-31": "7625.97200", "2006-12-31": "7353.44700", "2005-12-31": "6884.96400"}, "Gross Profit": {"2019-12-31": "6316.26900", "2018-12-31": "5983.78600", "2017-12-31": "4906.39700", "2016-12-31": "4599.60600", "2015-12-31": "4555.85200", "2014-12-31": "4593.76200", "2013-12-31": "4219.92000", "2012-12-31": "3778.09100", "2011-12-31": "3606.04000", "2010-12-31": "3252.94400", "2009-12-31": "3009.76200", "2008-12-31": "3272.49000", "2007-12-31": "3217.22800", "2006-12-31": "3104.49600", "2005-12-31": "2898.08600"}, "Research And Development Expenses": {"2019-12-31": "", "2018-12-31": "", "2017-12-31": "", "2016-12-31": "", "2015-12-31": "", "2014-12-31": "", "2013-12-31": "", "2012-12-31": "", "2011-12-31": "", "2010-12-31": "", "2009-12-31": "", "2008-12-31": "", "2007-12-31": "", "2006-12-31": "", "2005-12-31": ""}, "SG&A Expenses": {"2019-12-31": "4934.16700", "2018-12-31": "4615.29000", "2017-12-31": "3726.23300", "2016-12-31": "3391.97100", "2015-12-31": "3277.39000", "2014-12-31": "3314.03000", "2013-12-31": "3028.02800", "2012-12-31": "2656.53000", "2011-12-31": "2594.37200", "2010-12-31": "2366.66700", "2009-12-31": "2219.93500", "2008-12-31": "2359.82900", "2007-12-31": "2278.15500", "2006-12-31": "2217.88200", "2005-12-31": "2078.30800"}, "Other Operating Income Or Expenses": {"2019-12-31": "-14.90500", "2018-12-31": "-17.14700", "2017-12-31": "-13.93200", "2016-12-31": "-11.51500", "2015-12-31": "-12.37300", "2014-12-31": "-7.19200", "2013-12-31": "-8.69100", "2012-12-31": "-8.04700", "2011-12-31": "-13.24800", "2010-12-31": "-10.59700", "2009-12-31": "-28.46300", "2008-12-31": "-23.88300", "2007-12-31": "-13.51400", "2006-12-31": "-16.47200", "2005-12-31": "-16.35600"}, "Operating Expenses": {"2019-12-31": "18489.55000", "2018-12-31": "17625.36000", "2017-12-31": "15310.26000", "2016-12-31": "14291.08000", "2015-12-31": "14155.63000", "2014-12-31": "14217.42000", "2013-12-31": "13028.60000", "2012-12-31": "11998.74000", "2011-12-31": "11549.39000", "2010-12-31": "10421.24000", "2009-12-31": "9386.55900", "2008-12-31": "10215.18000", "2007-12-31": "10005.34000", "2006-12-31": "9661.22400", "2005-12-31": "9045.15700"}, "Operating Income": {"2019-12-31": "902.75780", "2018-12-31": "1109.71500", "2017-12-31": "998.54100", "2016-12-31": "1048.63400", "2015-12-31": "1124.41400", "2014-12-31": "1124.22600", "2013-12-31": "1049.24300", "2012-12-31": "1015.13100", "2011-12-31": "909.48440", "2010-12-31": "786.34770", "2009-12-31": "670.95310", "2008-12-31": "800.08010", "2007-12-31": "837.85740", "2006-12-31": "796.71880", "2005-12-31": "737.89260"}, "Total Non-Operating Income/Expense": {"2019-12-31": "-72.45700", "2018-12-31": "-34.10300", "2017-12-31": "10.72600", "2016-12-31": "25.70600", "2015-12-31": "-0.73300", "2014-12-31": "-6.48700", "2013-12-31": "-4.94000", "2012-12-31": "3.80100", "2011-12-31": "-18.67800", "2010-12-31": "-24.56500", "2009-12-31": "-26.78800", "2008-12-31": "-31.61200", "2007-12-31": "-21.10700", "2006-12-31": "-25.80200", "2005-12-31": "-28.82900"}, "Pre-Tax Income": {"2019-12-31": "830.30000", "2018-12-31": "1075.61200", "2017-12-31": "1009.26800", "2016-12-31": "1074.34000", "2015-12-31": "1123.68100", "2014-12-31": "1117.73900", "2013-12-31": "1044.30400", "2012-12-31": "1018.93200", "2011-12-31": "890.80600", "2010-12-31": "761.78300", "2009-12-31": "644.16500", "2008-12-31": "768.46800", "2007-12-31": "816.74500", "2006-12-31": "770.91600", "2005-12-31": "709.06400"}, "Income Taxes": {"2019-12-31": "209.21500", "2018-12-31": "265.13800", "2017-12-31": "392.51100", "2016-12-31": "387.10000", "2015-12-31": "418.00900", "2014-12-31": "406.45300", "2013-12-31": "359.34500", "2012-12-31": "370.89100", "2011-12-31": "325.69000", "2010-12-31": "286.27200", "2009-12-31": "244.59000", "2008-12-31": "293.05100", "2007-12-31": "310.40600", "2006-12-31": "295.51100", "2005-12-31": "271.63000"}, "Income After Taxes": {"2019-12-31": "621.08500", "2018-12-31": "810.47410", "2017-12-31": "616.75700", "2016-12-31": "687.24000", "2015-12-31": "705.67200", "2014-12-31": "711.28600", "2013-12-31": "684.95900", "2012-12-31": "648.04100", "2011-12-31": "565.11600", "2010-12-31": "475.51100", "2009-12-31": "399.57500", "2008-12-31": "475.41700", "2007-12-31": "506.33900", "2006-12-31": "475.40500", "2005-12-31": "437.43400"}, "Other Income": {"2019-12-31": "", "2018-12-31": "", "2017-12-31": "", "2016-12-31": "", "2015-12-31": "", "2014-12-31": "", "2013-12-31": "", "2012-12-31": "", "2011-12-31": "", "2010-12-31": "", "2009-12-31": "", "2008-12-31": "", "2007-12-31": "", "2006-12-31": "", "2005-12-31": ""}, "Income From Continuous Operations": {"2019-12-31": "621.08500", "2018-12-31": "810.47410", "2017-12-31": "616.75700", "2016-12-31": "687.24000", "2015-12-31": "705.67200", "2014-12-31": "711.28600", "2013-12-31": "684.95900", "2012-12-31": "648.04100", "2011-12-31": "565.11600", "2010-12-31": "475.51100", "2009-12-31": "399.57500", "2008-12-31": "475.41700", "2007-12-31": "506.33900", "2006-12-31": "475.40500", "2005-12-31": "437.43400"}, "Income From Discontinued Operations": {"2019-12-31": "", "2018-12-31": "", "2017-12-31": "", "2016-12-31": "", "2015-12-31": "", "2014-12-31": "", "2013-12-31": "", "2012-12-31": "", "2011-12-31": "", "2010-12-31": "", "2009-12-31": "", "2008-12-31": "", "2007-12-31": "", "2006-12-31": "", "2005-12-31": ""}, "Net Income": {"2019-12-31": "621.08500", "2018-12-31": "810.47400", "2017-12-31": "616.75700", "2016-12-31": "687.24000", "2015-12-31": "705.67200", "2014-12-31": "711.28600", "2013-12-31": "684.95900", "2012-12-31": "648.04100", "2011-12-31": "565.11600", "2010-12-31": "475.51100", "2009-12-31": "399.57500", "2008-12-31": "475.41700", "2007-12-31": "506.33900", "2006-12-31": "475.40500", "2005-12-31": "437.43400"}, "EBITDA": {"2019-12-31": "1255.01400", "2018-12-31": "1351.35000", "2017-12-31": "1166.23200", "2016-12-31": "1196.12100", "2015-12-31": "1266.08900", "2014-12-31": "1272.53900", "2013-12-31": "1183.20000", "2012-12-31": "1113.51400", "2011-12-31": "998.42030", "2010-12-31": "875.67970", "2009-12-31": "761.36410", "2008-12-31": "888.77810", "2007-12-31": "925.55940", "2006-12-31": "870.14170", "2005-12-31": "803.42160"}, "EBIT": {"2019-12-31": "902.75780", "2018-12-31": "1109.71500", "2017-12-31": "998.54100", "2016-12-31": "1048.63400", "2015-12-31": "1124.41400", "2014-12-31": "1124.22600", "2013-12-31": "1049.24300", "2012-12-31": "1015.13100", "2011-12-31": "909.48440", "2010-12-31": "786.34770", "2009-12-31": "670.95310", "2008-12-31": "800.08010", "2007-12-31": "837.85740", "2006-12-31": "796.71880", "2005-12-31": "737.89260"}, "Basic Shares Outstanding": {"2019-12-31": "145.73600", "2018-12-31": "146.65700", "2017-12-31": "147.14000", "2016-12-31": "149.05100", "2015-12-31": "151.66700", "2014-12-31": "153.29900", "2013-12-31": "154.63600", "2012-12-31": "155.41300", "2011-12-31": "156.65600", "2010-12-31": "158.03200", "2009-12-31": "159.41000", "2008-12-31": "162.35100", "2007-12-31": "169.12900", "2006-12-31": "171.57600", "2005-12-31": "174.05400"}, "Shares Outstanding": {"2019-12-31": "146.41700", "2018-12-31": "147.24100", "2017-12-31": "147.70100", "2016-12-31": "149.80400", "2015-12-31": "152.49600", "2014-12-31": "154.37500", "2013-12-31": "155.71400", "2012-12-31": "156.42000", "2011-12-31": "157.66000", "2010-12-31": "158.46100", "2009-12-31": "159.70700", "2008-12-31": "162.98600", "2007-12-31": "170.13500", "2006-12-31": "172.48600", "2005-12-31": "175.00700"}, "Basic EPS": {"2019-12-31": "4.26000", "2018-12-31": "5.53000", "2017-12-31": "4.19000", "2016-12-31": "4.61000", "2015-12-31": "4.65000", "2014-12-31": "4.64000", "2013-12-31": "4.43000", "2012-12-31": "4.17000", "2011-12-31": "3.61000", "2010-12-31": "3.01000", "2009-12-31": "2.51000", "2008-12-31": "2.93000", "2007-12-31": "2.99000", "2006-12-31": "2.77000", "2005-12-31": "2.51000"}, "EPS - Earnings Per Share": {"2019-12-31": "4.24000", "2018-12-31": "5.50000", "2017-12-31": "4.18000", "2016-12-31": "4.59000", "2015-12-31": "4.63000", "2014-12-31": "4.61000", "2013-12-31": "4.40000", "2012-12-31": "4.14000", "2011-12-31": "3.58000", "2010-12-31": "3.00000", "2009-12-31": "2.50000", "2008-12-31": "2.92000", "2007-12-31": "2.98000", "2006-12-31": "2.76000", "2005-12-31": "2.50000"}}, "income statement, quarterly": {"Revenue": {"2020-09-30": "4370.08600", "2020-06-30": "3823.22700", "2020-03-31": "4559.53200", "2019-12-31": "5672.25700", "2019-09-30": "4525.28400", "2019-06-30": "4457.93100", "2019-03-31": "4736.83300", "2018-12-31": "4603.79200", "2018-09-30": "4722.92200", "2018-06-30": "4822.06500", "2018-03-31": "4586.29400", "2017-12-31": "4207.07500", "2017-09-30": "4095.90600", "2017-06-30": "4100.17800", "2017-03-31": "3905.64100", "2016-12-31": "3780.06500", "2016-09-30": "3941.74300", "2016-06-30": "3899.63800", "2016-03-31": "3718.26700", "2015-12-31": "3681.79000", "2015-09-30": "3921.80200", "2015-06-30": "3940.40100", "2015-03-31": "3736.05100", "2014-12-31": "3822.45500", "2014-09-30": "3985.90900", "2014-06-30": "3908.38700", "2014-03-31": "3624.89700", "2013-12-31": "3517.80100", "2013-09-30": "3685.24300", "2013-06-30": "3675.99700", "2013-03-31": "3198.80200", "2012-12-31": "3118.96600", "2012-09-30": "3375.77800", "2012-06-30": "3337.83600", "2012-03-31": "3181.28800", "2011-12-31": "3014.13500", "2011-09-30": "3285.56000", "2011-06-30": "3184.98400", "2011-03-31": "2974.19800", "2010-12-31": "2807.72800", "2010-09-30": "2950.56000", "2010-06-30": "2847.18600", "2010-03-31": "2602.11500", "2009-12-31": "2471.21400", "2009-09-30": "2606.75700", "2009-06-30": "2535.04500", "2009-03-31": "2444.49600", "2008-12-31": "2520.18900", "2008-09-30": "2882.11500", "2008-06-30": "2873.48500", "2008-03-31": "2739.47300", "2007-12-31": "2627.27400", "2007-09-30": "2797.55600", "2007-06-30": "2769.52700", "2007-03-31": "2648.84300", "2006-12-31": "2542.94400", "2006-09-30": "2699.64100", "2006-06-30": "2661.80500", "2006-03-31": "2553.55200", "2005-12-31": "2409.68900", "2005-09-30": "2555.50300", "2005-06-30": "2475.65700", "2005-03-31": "2342.20100"}, "Cost Of Goods Sold": {"2020-09-30": "2842.02000", "2020-06-30": "2532.74000", "2020-03-31": "3058.74100", "2019-12-31": "3852.09300", "2019-09-30": "3020.05100", "2019-06-30": "2975.22700", "2019-03-31": "3228.66500", "2018-12-31": "3061.63400", "2018-09-30": "3238.68700", "2018-06-30": "3300.47900", "2018-03-31": "3150.48700", "2017-12-31": "2923.00100", "2017-09-30": "2869.01600", "2017-06-30": "2860.46600", "2017-03-31": "2749.92000", "2016-12-31": "2648.98200", "2016-09-30": "2743.14200", "2016-06-30": "2734.18600", "2016-03-31": "2613.79600", "2015-12-31": "2586.31200", "2015-09-30": "2752.57700", "2015-06-30": "2762.07100", "2015-03-31": "2623.23200", "2014-12-31": "2675.91300", "2014-09-30": "2802.48700", "2014-06-30": "2729.21900", "2014-03-31": "2540.26700", "2013-12-31": "2425.66000", "2013-09-30": "2584.32000", "2013-06-30": "2570.88900", "2013-03-31": "2277.05400", "2012-12-31": "2208.30800", "2012-09-30": "2399.74200", "2012-06-30": "2365.55000", "2012-03-31": "2262.17700", "2011-12-31": "2121.53400", "2011-09-30": "2337.02800", "2011-06-30": "2268.87000", "2011-03-31": "2125.40400", "2010-12-31": "1990.60000", "2010-09-30": "2097.52900", "2010-06-30": "2024.87600", "2010-03-31": "1841.64000", "2009-12-31": "1703.75400", "2009-09-30": "1841.51100", "2009-06-30": "1790.19000", "2009-03-31": "1712.29500", "2008-12-31": "1768.40100", "2008-09-30": "2033.11000", "2008-06-30": "2021.27200", "2008-03-31": "1919.99000", "2007-12-31": "1849.06300", "2007-09-30": "1973.06800", "2007-06-30": "1944.94200", "2007-03-31": "1858.89900", "2006-12-31": "1898.40300", "2006-09-30": "1868.34600", "2006-06-30": "1836.62300", "2006-03-31": "1750.07500", "2005-12-31": "1787.84200", "2005-09-30": "1777.00100", "2005-06-30": "1714.40000", "2005-03-31": "1605.72100"}, "Gross Profit": {"2020-09-30": "1528.06600", "2020-06-30": "1290.48700", "2020-03-31": "1500.79100", "2019-12-31": "1820.16400", "2019-09-30": "1505.23300", "2019-06-30": "1482.70400", "2019-03-31": "1508.16800", "2018-12-31": "1542.15800", "2018-09-30": "1484.23500", "2018-06-30": "1521.58600", "2018-03-31": "1435.80700", "2017-12-31": "1284.07400", "2017-09-30": "1226.89000", "2017-06-30": "1239.71200", "2017-03-31": "1155.72100", "2016-12-31": "1131.08300", "2016-09-30": "1198.60100", "2016-06-30": "1165.45200", "2016-03-31": "1104.47100", "2015-12-31": "1095.47800", "2015-09-30": "1169.22500", "2015-06-30": "1178.33000", "2015-03-31": "1112.81900", "2014-12-31": "1146.54200", "2014-09-30": "1183.42200", "2014-06-30": "1179.16800", "2014-03-31": "1084.63000", "2013-12-31": "1092.14100", "2013-09-30": "1100.92300", "2013-06-30": "1105.10800", "2013-03-31": "921.74800", "2012-12-31": "910.65750", "2012-09-30": "976.03610", "2012-06-30": "972.28590", "2012-03-31": "919.11110", "2011-12-31": "892.60010", "2011-09-30": "948.53200", "2011-06-30": "916.11380", "2011-03-31": "848.79390", "2010-12-31": "817.12810", "2010-09-30": "853.03100", "2010-06-30": "822.31010", "2010-03-31": "760.47500", "2009-12-31": "767.45960", "2009-09-30": "765.24610", "2009-06-30": "744.85500", "2009-03-31": "732.20100", "2008-12-31": "751.78810", "2008-09-30": "849.00500", "2008-06-30": "852.21310", "2008-03-31": "819.48290", "2007-12-31": "778.21080", "2007-09-30": "824.48790", "2007-06-30": "824.58510", "2007-03-31": "789.94400", "2006-12-31": "644.54150", "2006-09-30": "831.29520", "2006-06-30": "825.18190", "2006-03-31": "803.47710", "2005-12-31": "621.84670", "2005-09-30": "778.50200", "2005-06-30": "761.25700", "2005-03-31": "736.48000"}, "Research And Development Expenses": {"2020-09-30": "", "2020-06-30": "", "2020-03-31": "", "2019-12-31": "", "2019-09-30": "", "2019-06-30": "", "2019-03-31": "", "2018-12-31": "", "2018-09-30": "", "2018-06-30": "", "2018-03-31": "", "2017-12-31": "", "2017-09-30": "", "2017-06-30": "", "2017-03-31": "", "2016-12-31": "", "2016-09-30": "", "2016-06-30": "", "2016-03-31": "", "2015-12-31": "", "2015-09-30": "", "2015-06-30": "", "2015-03-31": "", "2014-12-31": "", "2014-09-30": "", "2014-06-30": "", "2014-03-31": "", "2013-12-31": "", "2013-09-30": "", "2013-06-30": "", "2013-03-31": "", "2012-12-31": "", "2012-09-30": "", "2012-06-30": "", "2012-03-31": "", "2011-12-31": "", "2011-09-30": "", "2011-06-30": "", "2011-03-31": "", "2010-12-31": "", "2010-09-30": "", "2010-06-30": "", "2010-03-31": "", "2009-12-31": "", "2009-09-30": "", "2009-06-30": "", "2009-03-31": "", "2008-12-31": "", "2008-09-30": "", "2008-06-30": "", "2008-03-31": "", "2007-12-31": "", "2007-09-30": "", "2007-06-30": "", "2007-03-31": "", "2006-12-31": "", "2006-09-30": "", "2006-06-30": "", "2006-03-31": "", "2005-12-31": "", "2005-09-30": "", "2005-06-30": "", "2005-03-31": ""}, "SG&A Expenses": {"2020-09-30": "1140.15600", "2020-06-30": "971.58900", "2020-03-31": "1232.74300", "2019-12-31": "1427.26700", "2019-09-30": "1175.69900", "2019-06-30": "1127.29600", "2019-03-31": "1203.90500", "2018-12-31": "1214.03600", "2018-09-30": "1119.26600", "2018-06-30": "1148.21700", "2018-03-31": "1133.77100", "2017-12-31": "1010.43400", "2017-09-30": "931.50000", "2017-06-30": "906.94300", "2017-03-31": "877.35600", "2016-12-31": "869.74790", "2016-09-30": "869.56200", "2016-06-30": "829.48900", "2016-03-31": "823.17200", "2015-12-31": "784.85380", "2015-09-30": "834.37200", "2015-06-30": "832.61000", "2015-03-31": "825.55400", "2014-12-31": "827.86690", "2014-09-30": "850.15600", "2014-06-30": "832.20500", "2014-03-31": "803.80200", "2013-12-31": "806.93210", "2013-09-30": "793.95700", "2013-06-30": "753.52700", "2013-03-31": "673.61200", "2012-12-31": "629.43200", "2012-09-30": "678.89400", "2012-06-30": "680.24600", "2012-03-31": "667.95800", "2011-12-31": "628.50100", "2011-09-30": "679.96700", "2011-06-30": "651.63500", "2011-03-31": "634.26900", "2010-12-31": "573.67000", "2010-09-30": "618.44900", "2010-06-30": "598.33100", "2010-03-31": "576.21700", "2009-12-31": "526.55100", "2009-09-30": "571.97800", "2009-06-30": "556.39400", "2009-03-31": "565.01200", "2008-12-31": "523.83110", "2008-09-30": "616.39500", "2008-06-30": "614.48500", "2008-03-31": "605.11800", "2007-12-31": "516.46510", "2007-09-30": "595.10700", "2007-06-30": "593.45100", "2007-03-31": "573.13200", "2006-12-31": "390.25810", "2006-09-30": "614.20900", "2006-06-30": "612.05600", "2006-03-31": "601.35900", "2005-12-31": "385.64510", "2005-09-30": "581.23400", "2005-06-30": "564.23000", "2005-03-31": "547.19900"}, "Other Operating Income Or Expenses": {"2020-09-30": "-5.63300", "2020-06-30": "-11.30000", "2020-03-31": "-7.30000", "2019-12-31": "-4.23100", "2019-09-30": "-1.19200", "2019-06-30": "-5.51300", "2019-03-31": "-3.96900", "2018-12-31": "-5.84100", "2018-09-30": "-4.93900", "2018-06-30": "-3.66600", "2018-03-31": "-2.70100", "2017-12-31": "-4.75000", "2017-09-30": "-3.50800", "2017-06-30": "-2.54600", "2017-03-31": "-3.12800", "2016-12-31": "", "2016-09-30": "", "2016-06-30": "", "2016-03-31": "", "2015-12-31": "", "2015-09-30": "", "2015-06-30": "", "2015-03-31": "", "2014-12-31": "", "2014-09-30": "", "2014-06-30": "", "2014-03-31": "", "2013-12-31": "", "2013-09-30": "", "2013-06-30": "", "2013-03-31": "", "2012-12-31": "", "2012-09-30": "", "2012-06-30": "", "2012-03-31": "", "2011-12-31": "", "2011-09-30": "", "2011-06-30": "", "2011-03-31": "", "2010-12-31": "", "2010-09-30": "", "2010-06-30": "", "2010-03-31": "", "2009-12-31": "", "2009-09-30": "", "2009-06-30": "", "2009-03-31": "", "2008-12-31": "", "2008-09-30": "", "2008-06-30": "", "2008-03-31": "", "2007-12-31": "", "2007-09-30": "", "2007-06-30": "", "2007-03-31": "", "2006-12-31": "", "2006-09-30": "", "2006-06-30": "", "2006-03-31": "", "2005-12-31": "", "2005-09-30": "", "2005-06-30": "", "2005-03-31": ""}, "Operating Expenses": {"2020-09-30": "4067.87400", "2020-06-30": "4114.14200", "2020-03-31": "4370.66600", "2019-12-31": "5557.70100", "2019-09-30": "4262.60900", "2019-06-30": "4170.72000", "2019-03-31": "4498.51600", "2018-12-31": "4345.24800", "2018-09-30": "4423.97400", "2018-06-30": "4510.81300", "2018-03-31": "4345.32200", "2017-12-31": "3988.23700", "2017-09-30": "3844.30000", "2017-06-30": "3809.18700", "2017-03-31": "3668.53600", "2016-12-31": "3569.48500", "2016-09-30": "3650.38600", "2016-06-30": "3599.58600", "2016-03-31": "3471.62200", "2015-12-31": "3419.44800", "2015-09-30": "3621.22700", "2015-06-30": "3630.28400", "2015-03-31": "3484.67000", "2014-12-31": "3550.66400", "2014-09-30": "3687.62600", "2014-06-30": "3598.20700", "2014-03-31": "3380.92500", "2013-12-31": "3277.16800", "2013-09-30": "3413.49700", "2013-06-30": "3361.26900", "2013-03-31": "2976.66500", "2012-12-31": "2870.84100", "2012-09-30": "3104.24500", "2012-06-30": "3070.53100", "2012-03-31": "2953.12000", "2011-12-31": "2785.28100", "2011-09-30": "3038.46000", "2011-06-30": "2943.43300", "2011-03-31": "2782.21800", "2010-12-31": "2596.77700", "2010-09-30": "2738.07100", "2010-06-30": "2646.39300", "2010-03-31": "2440.00000", "2009-12-31": "2281.68500", "2009-09-30": "2436.05100", "2009-06-30": "2368.99500", "2009-03-31": "2299.82800", "2008-12-31": "2338.34400", "2008-09-30": "2671.27300", "2008-06-30": "2657.77400", "2008-03-31": "2547.79200", "2007-12-31": "2402.73000", "2007-09-30": "2590.16900", "2007-06-30": "2559.71100", "2007-03-31": "2452.73300", "2006-12-31": "2323.06400", "2006-09-30": "2502.79100", "2006-06-30": "2466.31100", "2006-03-31": "2369.05700", "2005-12-31": "2203.94400", "2005-09-30": "2375.40400", "2005-06-30": "2295.81900", "2005-03-31": "2169.99100"}, "Operating Income": {"2020-09-30": "302.21190", "2020-06-30": "-290.91460", "2020-03-31": "188.86620", "2019-12-31": "114.55620", "2019-09-30": "262.67530", "2019-06-30": "287.21090", "2019-03-31": "238.31690", "2018-12-31": "258.54390", "2018-09-30": "298.94780", "2018-06-30": "311.25200", "2018-03-31": "240.97170", "2017-12-31": "218.83810", "2017-09-30": "251.60600", "2017-06-30": "290.99120", "2017-03-31": "237.10520", "2016-12-31": "210.57960", "2016-09-30": "291.35690", "2016-06-30": "300.05200", "2016-03-31": "246.64500", "2015-12-31": "262.34200", "2015-09-30": "300.57500", "2015-06-30": "310.11670", "2015-03-31": "251.38110", "2014-12-31": "271.79080", "2014-09-30": "298.28300", "2014-06-30": "310.17990", "2014-03-31": "243.97190", "2013-12-31": "240.63210", "2013-09-30": "271.74580", "2013-06-30": "314.72800", "2013-03-31": "222.13700", "2012-12-31": "248.12500", "2012-09-30": "271.53320", "2012-06-30": "267.30470", "2012-03-31": "228.16800", "2011-12-31": "228.85300", "2011-09-30": "247.09990", "2011-06-30": "241.55080", "2011-03-31": "191.98000", "2010-12-31": "210.95140", "2010-09-30": "212.48900", "2010-06-30": "200.79300", "2010-03-31": "162.11500", "2009-12-31": "189.52930", "2009-09-30": "170.70610", "2009-06-30": "166.05000", "2009-03-31": "144.66800", "2008-12-31": "181.84550", "2008-09-30": "210.84200", "2008-06-30": "215.71120", "2008-03-31": "191.68090", "2007-12-31": "224.54440", "2007-09-30": "207.38700", "2007-06-30": "209.81620", "2007-03-31": "196.10990", "2006-12-31": "219.87960", "2006-09-30": "196.85010", "2006-06-30": "195.49390", "2006-03-31": "184.49490", "2005-12-31": "205.74510", "2005-09-30": "180.09910", "2005-06-30": "179.83810", "2005-03-31": "172.21000"}, "Total Non-Operating Income/Expense": {"2020-09-30": "-4.54700", "2020-06-30": "-13.52100", "2020-03-31": "-9.92100", "2019-12-31": "-61.84400", "2019-09-30": "21.20400", "2019-06-30": "-5.01200", "2019-03-31": "-26.80500", "2018-12-31": "-4.25600", "2018-09-30": "-7.21300", "2018-06-30": "-10.98100", "2018-03-31": "-11.65300", "2017-12-31": "3.16100", "2017-09-30": "-5.25100", "2017-06-30": "6.14600", "2017-03-31": "6.67000", "2016-12-31": "", "2016-09-30": "", "2016-06-30": "", "2016-03-31": "", "2015-12-31": "", "2015-09-30": "", "2015-06-30": "", "2015-03-31": "", "2014-12-31": "", "2014-09-30": "", "2014-06-30": "", "2014-03-31": "", "2013-12-31": "", "2013-09-30": "", "2013-06-30": "", "2013-03-31": "", "2012-12-31": "", "2012-09-30": "", "2012-06-30": "", "2012-03-31": "", "2011-12-31": "", "2011-09-30": "", "2011-06-30": "", "2011-03-31": "", "2010-12-31": "", "2010-09-30": "", "2010-06-30": "", "2010-03-31": "", "2009-12-31": "", "2009-09-30": "", "2009-06-30": "", "2009-03-31": "", "2008-12-31": "", "2008-09-30": "", "2008-06-30": "", "2008-03-31": "", "2007-12-31": "", "2007-09-30": "", "2007-06-30": "", "2007-03-31": "", "2006-12-31": "", "2006-09-30": "", "2006-06-30": "", "2006-03-31": "", "2005-12-31": "", "2005-09-30": "", "2005-06-30": "", "2005-03-31": ""}, "Pre-Tax Income": {"2020-09-30": "297.66500", "2020-06-30": "-304.43600", "2020-03-31": "178.94500", "2019-12-31": "52.71000", "2019-09-30": "283.87900", "2019-06-30": "282.19900", "2019-03-31": "211.51200", "2018-12-31": "254.28710", "2018-09-30": "291.73500", "2018-06-30": "300.27100", "2018-03-31": "229.31900", "2017-12-31": "222.00100", "2017-09-30": "246.35500", "2017-06-30": "297.13700", "2017-03-31": "243.77500", "2016-12-31": "236.28600", "2016-09-30": "291.35700", "2016-06-30": "300.05200", "2016-03-31": "246.64500", "2015-12-31": "261.60800", "2015-09-30": "300.57500", "2015-06-30": "310.11700", "2015-03-31": "251.38100", "2014-12-31": "265.30410", "2014-09-30": "298.28300", "2014-06-30": "310.18000", "2014-03-31": "243.97200", "2013-12-31": "235.69300", "2013-09-30": "271.74600", "2013-06-30": "314.72800", "2013-03-31": "222.13700", "2012-12-31": "251.92610", "2012-09-30": "271.53300", "2012-06-30": "267.30500", "2012-03-31": "228.16800", "2011-12-31": "210.17510", "2011-09-30": "247.10000", "2011-06-30": "241.55100", "2011-03-31": "191.98000", "2010-12-31": "186.38600", "2010-09-30": "212.48900", "2010-06-30": "200.79300", "2010-03-31": "162.11500", "2009-12-31": "162.74100", "2009-09-30": "170.70600", "2009-06-30": "166.05000", "2009-03-31": "144.66800", "2008-12-31": "150.23400", "2008-09-30": "210.84200", "2008-06-30": "215.71100", "2008-03-31": "191.68100", "2007-12-31": "203.43210", "2007-09-30": "207.38700", "2007-06-30": "209.81600", "2007-03-31": "196.11000", "2006-12-31": "194.07700", "2006-09-30": "196.85000", "2006-06-30": "195.49400", "2006-03-31": "184.49500", "2005-12-31": "176.91700", "2005-09-30": "180.09900", "2005-06-30": "179.83800", "2005-03-31": "172.21000"}, "Income Taxes": {"2020-09-30": "64.74700", "2020-06-30": "59.06500", "2020-03-31": "42.41000", "2019-12-31": "13.65000", "2019-09-30": "71.62300", "2019-06-30": "72.68000", "2019-03-31": "51.26200", "2018-12-31": "67.58800", "2018-09-30": "71.50800", "2018-06-30": "73.29900", "2018-03-31": "52.74300", "2017-12-31": "113.81800", "2017-09-30": "87.91300", "2017-06-30": "107.16500", "2017-03-31": "83.61500", "2016-12-31": "83.76600", "2016-09-30": "106.03100", "2016-06-30": "108.68300", "2016-03-31": "88.62000", "2015-12-31": "100.33500", "2015-09-30": "112.55900", "2015-06-30": "114.74400", "2015-03-31": "90.37100", "2014-12-31": "99.74500", "2014-09-30": "107.76700", "2014-06-30": "112.45300", "2014-03-31": "86.48800", "2013-12-31": "85.22600", "2013-09-30": "98.00000", "2013-06-30": "98.37100", "2013-03-31": "77.74800", "2012-12-31": "91.70100", "2012-09-30": "98.59000", "2012-06-30": "98.68700", "2012-03-31": "81.91300", "2011-12-31": "75.21800", "2011-09-30": "95.26800", "2011-06-30": "89.73900", "2011-03-31": "65.46500", "2010-12-31": "67.73600", "2010-09-30": "80.70400", "2010-06-30": "76.32600", "2010-03-31": "61.50600", "2009-12-31": "63.57400", "2009-09-30": "63.06700", "2009-06-30": "62.44000", "2009-03-31": "55.50900", "2008-12-31": "62.45000", "2008-09-30": "79.82500", "2008-06-30": "82.63800", "2008-03-31": "68.13800", "2007-12-31": "77.34700", "2007-09-30": "78.80700", "2007-06-30": "79.69500", "2007-03-31": "74.55700", "2006-12-31": "74.61000", "2006-09-30": "75.51700", "2006-06-30": "74.81400", "2006-03-31": "70.57000", "2005-12-31": "67.92400", "2005-09-30": "69.22300", "2005-06-30": "68.87100", "2005-03-31": "65.61200"}, "Income After Taxes": {"2020-09-30": "232.91800", "2020-06-30": "-363.50100", "2020-03-31": "136.53500", "2019-12-31": "39.06000", "2019-09-30": "212.25600", "2019-06-30": "209.51900", "2019-03-31": "160.25000", "2018-12-31": "186.69910", "2018-09-30": "220.22700", "2018-06-30": "226.97200", "2018-03-31": "176.57600", "2017-12-31": "108.18300", "2017-09-30": "158.44200", "2017-06-30": "189.97200", "2017-03-31": "160.16000", "2016-12-31": "152.52000", "2016-09-30": "185.32600", "2016-06-30": "191.36900", "2016-03-31": "158.02500", "2015-12-31": "161.27300", "2015-09-30": "188.01600", "2015-06-30": "195.37300", "2015-03-31": "161.01000", "2014-12-31": "165.55900", "2014-09-30": "190.51600", "2014-06-30": "197.72700", "2014-03-31": "157.48400", "2013-12-31": "150.46700", "2013-09-30": "173.74600", "2013-06-30": "216.35700", "2013-03-31": "144.38900", "2012-12-31": "160.22500", "2012-09-30": "172.94300", "2012-06-30": "168.61800", "2012-03-31": "146.25500", "2011-12-31": "134.95700", "2011-09-30": "151.83200", "2011-06-30": "151.81200", "2011-03-31": "126.51500", "2010-12-31": "118.65000", "2010-09-30": "131.78500", "2010-06-30": "124.46700", "2010-03-31": "100.60900", "2009-12-31": "99.16700", "2009-09-30": "107.63900", "2009-06-30": "103.61000", "2009-03-31": "89.15900", "2008-12-31": "87.78400", "2008-09-30": "131.01700", "2008-06-30": "133.07300", "2008-03-31": "123.54300", "2007-12-31": "126.08500", "2007-09-30": "128.58000", "2007-06-30": "130.12100", "2007-03-31": "121.55300", "2006-12-31": "119.46700", "2006-09-30": "121.33300", "2006-06-30": "120.68000", "2006-03-31": "113.92500", "2005-12-31": "108.99300", "2005-09-30": "110.87600", "2005-06-30": "110.96700", "2005-03-31": "106.59800"}, "Other Income": {"2020-09-30": "", "2020-06-30": "", "2020-03-31": "", "2019-12-31": "", "2019-09-30": "", "2019-06-30": "", "2019-03-31": "", "2018-12-31": "", "2018-09-30": "", "2018-06-30": "", "2018-03-31": "", "2017-12-31": "", "2017-09-30": "", "2017-06-30": "", "2017-03-31": "", "2016-12-31": "", "2016-09-30": "", "2016-06-30": "", "2016-03-31": "", "2015-12-31": "", "2015-09-30": "", "2015-06-30": "", "2015-03-31": "", "2014-12-31": "", "2014-09-30": "", "2014-06-30": "", "2014-03-31": "", "2013-12-31": "", "2013-09-30": "", "2013-06-30": "", "2013-03-31": "", "2012-12-31": "", "2012-09-30": "", "2012-06-30": "", "2012-03-31": "", "2011-12-31": "", "2011-09-30": "", "2011-06-30": "", "2011-03-31": "", "2010-12-31": "", "2010-09-30": "", "2010-06-30": "", "2010-03-31": "", "2009-12-31": "", "2009-09-30": "", "2009-06-30": "", "2009-03-31": "", "2008-12-31": "", "2008-09-30": "", "2008-06-30": "", "2008-03-31": "", "2007-12-31": "", "2007-09-30": "", "2007-06-30": "", "2007-03-31": "", "2006-12-31": "", "2006-09-30": "", "2006-06-30": "", "2006-03-31": "", "2005-12-31": "", "2005-09-30": "", "2005-06-30": "", "2005-03-31": ""}, "Income From Continuous Operations": {"2020-09-30": "232.91800", "2020-06-30": "-363.50100", "2020-03-31": "136.53500", "2019-12-31": "39.06000", "2019-09-30": "212.25600", "2019-06-30": "209.51900", "2019-03-31": "160.25000", "2018-12-31": "186.69910", "2018-09-30": "220.22700", "2018-06-30": "226.97200", "2018-03-31": "176.57600", "2017-12-31": "108.18300", "2017-09-30": "158.44200", "2017-06-30": "189.97200", "2017-03-31": "160.16000", "2016-12-31": "152.52000", "2016-09-30": "185.32600", "2016-06-30": "191.36900", "2016-03-31": "158.02500", "2015-12-31": "161.27300", "2015-09-30": "188.01600", "2015-06-30": "195.37300", "2015-03-31": "161.01000", "2014-12-31": "165.55900", "2014-09-30": "190.51600", "2014-06-30": "197.72700", "2014-03-31": "157.48400", "2013-12-31": "150.46700", "2013-09-30": "173.74600", "2013-06-30": "216.35700", "2013-03-31": "144.38900", "2012-12-31": "160.22500", "2012-09-30": "172.94300", "2012-06-30": "168.61800", "2012-03-31": "146.25500", "2011-12-31": "134.95700", "2011-09-30": "151.83200", "2011-06-30": "151.81200", "2011-03-31": "126.51500", "2010-12-31": "118.65000", "2010-09-30": "131.78500", "2010-06-30": "124.46700", "2010-03-31": "100.60900", "2009-12-31": "99.16700", "2009-09-30": "107.63900", "2009-06-30": "103.61000", "2009-03-31": "89.15900", "2008-12-31": "87.78400", "2008-09-30": "131.01700", "2008-06-30": "133.07300", "2008-03-31": "123.54300", "2007-12-31": "126.08500", "2007-09-30": "128.58000", "2007-06-30": "130.12100", "2007-03-31": "121.55300", "2006-12-31": "119.46700", "2006-09-30": "121.33300", "2006-06-30": "120.68000", "2006-03-31": "113.92500", "2005-12-31": "108.99300", "2005-09-30": "110.87600", "2005-06-30": "110.96700", "2005-03-31": "106.59800"}, "Income From Discontinued Operations": {"2020-09-30": "-5.38700", "2020-06-30": "-200.87100", "2020-03-31": "", "2019-12-31": "", "2019-09-30": "15.23100", "2019-06-30": "14.91100", "2019-03-31": "", "2018-12-31": "", "2018-09-30": "", "2018-06-30": "", "2018-03-31": "", "2017-12-31": "", "2017-09-30": "", "2017-06-30": "", "2017-03-31": "", "2016-12-31": "", "2016-09-30": "", "2016-06-30": "", "2016-03-31": "", "2015-12-31": "", "2015-09-30": "", "2015-06-30": "", "2015-03-31": "", "2014-12-31": "", "2014-09-30": "", "2014-06-30": "", "2014-03-31": "", "2013-12-31": "", "2013-09-30": "", "2013-06-30": "", "2013-03-31": "", "2012-12-31": "", "2012-09-30": "", "2012-06-30": "", "2012-03-31": "", "2011-12-31": "", "2011-09-30": "", "2011-06-30": "", "2011-03-31": "", "2010-12-31": "", "2010-09-30": "", "2010-06-30": "", "2010-03-31": "", "2009-12-31": "", "2009-09-30": "", "2009-06-30": "", "2009-03-31": "", "2008-12-31": "", "2008-09-30": "", "2008-06-30": "", "2008-03-31": "", "2007-12-31": "", "2007-09-30": "", "2007-06-30": "", "2007-03-31": "", "2006-12-31": "", "2006-09-30": "", "2006-06-30": "", "2006-03-31": "", "2005-12-31": "", "2005-09-30": "", "2005-06-30": "", "2005-03-31": ""}, "Net Income": {"2020-09-30": "227.53100", "2020-06-30": "-564.37200", "2020-03-31": "136.53500", "2019-12-31": "8.91800", "2019-09-30": "227.48700", "2019-06-30": "224.43000", "2019-03-31": "160.25000", "2018-12-31": "186.69900", "2018-09-30": "220.22700", "2018-06-30": "226.97200", "2018-03-31": "176.57600", "2017-12-31": "108.18300", "2017-09-30": "158.44200", "2017-06-30": "189.97200", "2017-03-31": "160.16000", "2016-12-31": "152.52000", "2016-09-30": "185.32600", "2016-06-30": "191.36900", "2016-03-31": "158.02500", "2015-12-31": "161.27300", "2015-09-30": "188.01600", "2015-06-30": "195.37300", "2015-03-31": "161.01000", "2014-12-31": "165.55900", "2014-09-30": "190.51600", "2014-06-30": "197.72700", "2014-03-31": "157.48400", "2013-12-31": "150.46700", "2013-09-30": "173.74600", "2013-06-30": "216.35700", "2013-03-31": "144.38900", "2012-12-31": "160.22500", "2012-09-30": "172.94300", "2012-06-30": "168.61800", "2012-03-31": "146.25500", "2011-12-31": "134.95700", "2011-09-30": "151.83200", "2011-06-30": "151.81200", "2011-03-31": "126.51500", "2010-12-31": "118.65000", "2010-09-30": "131.78500", "2010-06-30": "124.46700", "2010-03-31": "100.60900", "2009-12-31": "99.16700", "2009-09-30": "107.63900", "2009-06-30": "103.61000", "2009-03-31": "89.15900", "2008-12-31": "87.78400", "2008-09-30": "131.01700", "2008-06-30": "133.07300", "2008-03-31": "123.54300", "2007-12-31": "126.08500", "2007-09-30": "128.58000", "2007-06-30": "130.12100", "2007-03-31": "121.55300", "2006-12-31": "119.46700", "2006-09-30": "121.33300", "2006-06-30": "120.68000", "2006-03-31": "113.92500", "2005-12-31": "108.99300", "2005-09-30": "110.87600", "2005-06-30": "110.96700", "2005-03-31": "106.59800"}, "EBITDA": {"2020-09-30": "371.30890", "2020-06-30": "279.35050", "2020-03-31": "259.30920", "2019-12-31": "279.84410", "2019-09-30": "328.34230", "2019-06-30": "346.53490", "2019-03-31": "300.29390", "2018-12-31": "322.28300", "2018-09-30": "360.02980", "2018-06-30": "369.70290", "2018-03-31": "299.33470", "2017-12-31": "268.88910", "2017-09-30": "291.88200", "2017-06-30": "330.22320", "2017-03-31": "275.23720", "2016-12-31": "249.81960", "2016-09-30": "329.03890", "2016-06-30": "335.96300", "2016-03-31": "281.29900", "2015-12-31": "298.25310", "2015-09-30": "334.85200", "2015-06-30": "345.71970", "2015-03-31": "287.26510", "2014-12-31": "311.48080", "2014-09-30": "333.26600", "2014-06-30": "346.96390", "2014-03-31": "280.82790", "2013-12-31": "276.51710", "2013-09-30": "306.96590", "2013-06-30": "351.58100", "2013-03-31": "248.13600", "2012-12-31": "273.17900", "2012-09-30": "297.14220", "2012-06-30": "292.03970", "2012-03-31": "251.15300", "2011-12-31": "250.85100", "2011-09-30": "268.56480", "2011-06-30": "264.47880", "2011-03-31": "214.52500", "2010-12-31": "232.86140", "2010-09-30": "234.58200", "2010-06-30": "223.97900", "2010-03-31": "184.25800", "2009-12-31": "212.44630", "2009-09-30": "193.26810", "2009-06-30": "188.46100", "2009-03-31": "167.18900", "2008-12-31": "204.07450", "2008-09-30": "232.61000", "2008-06-30": "237.72820", "2008-03-31": "214.36490", "2007-12-31": "248.23240", "2007-09-30": "229.38100", "2007-06-30": "231.13420", "2007-03-31": "216.81190", "2006-12-31": "237.81160", "2006-09-30": "217.08610", "2006-06-30": "213.12590", "2006-03-31": "202.11790", "2005-12-31": "219.84510", "2005-09-30": "197.26810", "2005-06-30": "197.02710", "2005-03-31": "189.28100"}, "EBIT": {"2020-09-30": "302.21190", "2020-06-30": "-290.91460", "2020-03-31": "188.86620", "2019-12-31": "114.55470", "2019-09-30": "262.67530", "2019-06-30": "287.21090", "2019-03-31": "238.31690", "2018-12-31": "258.54350", "2018-09-30": "298.94780", "2018-06-30": "311.25200", "2018-03-31": "240.97170", "2017-12-31": "218.83860", "2017-09-30": "251.60600", "2017-06-30": "290.99120", "2017-03-31": "237.10520", "2016-12-31": "210.57980", "2016-09-30": "291.35690", "2016-06-30": "300.05200", "2016-03-31": "246.64500", "2015-12-31": "262.34130", "2015-09-30": "300.57500", "2015-06-30": "310.11670", "2015-03-31": "251.38110", "2014-12-31": "271.79080", "2014-09-30": "298.28300", "2014-06-30": "310.17990", "2014-03-31": "243.97190", "2013-12-31": "240.63230", "2013-09-30": "271.74580", "2013-06-30": "314.72800", "2013-03-31": "222.13700", "2012-12-31": "248.12500", "2012-09-30": "271.53320", "2012-06-30": "267.30470", "2012-03-31": "228.16800", "2011-12-31": "228.85380", "2011-09-30": "247.09990", "2011-06-30": "241.55080", "2011-03-31": "191.98000", "2010-12-31": "210.95070", "2010-09-30": "212.48900", "2010-06-30": "200.79300", "2010-03-31": "162.11500", "2009-12-31": "189.52910", "2009-09-30": "170.70610", "2009-06-30": "166.05000", "2009-03-31": "144.66800", "2008-12-31": "181.84590", "2008-09-30": "210.84200", "2008-06-30": "215.71120", "2008-03-31": "191.68090", "2007-12-31": "224.54440", "2007-09-30": "207.38700", "2007-06-30": "209.81620", "2007-03-31": "196.10990", "2006-12-31": "219.87990", "2006-09-30": "196.85010", "2006-06-30": "195.49390", "2006-03-31": "184.49490", "2005-12-31": "205.74540", "2005-09-30": "180.09910", "2005-06-30": "179.83810", "2005-03-31": "172.21000"}, "Basic Shares Outstanding": {"2020-09-30": "144.27300", "2020-06-30": "144.26200", "2020-03-31": "145.05200", "2019-12-31": "145.73600", "2019-09-30": "145.57200", "2019-06-30": "146.07500", "2019-03-31": "145.98100", "2018-12-31": "146.65700", "2018-09-30": "146.76300", "2018-06-30": "146.74800", "2018-03-31": "146.72700", "2017-12-31": "147.14000", "2017-09-30": "146.72000", "2017-06-30": "147.07900", "2017-03-31": "148.15400", "2016-12-31": "149.05100", "2016-09-30": "148.89900", "2016-06-30": "149.24100", "2016-03-31": "149.59300", "2015-12-31": "151.66700", "2015-09-30": "151.35400", "2015-06-30": "152.13400", "2015-03-31": "152.65600", "2014-12-31": "153.29900", "2014-09-30": "153.01800", "2014-06-30": "153.46300", "2014-03-31": "153.72900", "2013-12-31": "154.63600", "2013-09-30": "154.56700", "2013-06-30": "155.05000", "2013-03-31": "154.89100", "2012-12-31": "155.41300", "2012-09-30": "155.14700", "2012-06-30": "155.75300", "2012-03-31": "155.81000", "2011-12-31": "156.65600", "2011-09-30": "156.20600", "2011-06-30": "157.24800", "2011-03-31": "157.63300", "2010-12-31": "158.03200", "2010-09-30": "157.57300", "2010-06-30": "158.26000", "2010-03-31": "158.77100", "2009-12-31": "159.41000", "2009-09-30": "159.54100", "2009-06-30": "159.51300", "2009-03-31": "159.44400", "2008-12-31": "162.35100", "2008-09-30": "161.60300", "2008-06-30": "163.41100", "2008-03-31": "164.97700", "2007-12-31": "169.12900", "2007-09-30": "168.81900", "2007-06-30": "170.31800", "2007-03-31": "170.46600", "2006-12-31": "171.57600", "2006-09-30": "170.91200", "2006-06-30": "172.18600", "2006-03-31": "172.77300", "2005-12-31": "174.05400", "2005-09-30": "173.92900", "2005-06-30": "174.27000", "2005-03-31": "174.77200"}, "Shares Outstanding": {"2020-09-30": "145.03500", "2020-06-30": "144.26200", "2020-03-31": "145.62300", "2019-12-31": "146.41700", "2019-09-30": "146.18900", "2019-06-30": "146.73600", "2019-03-31": "146.69400", "2018-12-31": "147.24100", "2018-09-30": "147.45300", "2018-06-30": "147.26000", "2018-03-31": "147.32200", "2017-12-31": "147.70100", "2017-09-30": "147.22200", "2017-06-30": "147.65000", "2017-03-31": "148.78800", "2016-12-31": "149.80400", "2016-09-30": "149.72700", "2016-06-30": "150.02900", "2016-03-31": "150.34200", "2015-12-31": "152.49600", "2015-09-30": "152.14300", "2015-06-30": "152.98900", "2015-03-31": "153.57400", "2014-12-31": "154.37500", "2014-09-30": "154.09800", "2014-06-30": "154.53200", "2014-03-31": "154.79600", "2013-12-31": "155.71400", "2013-09-30": "155.66300", "2013-06-30": "156.14400", "2013-03-31": "155.93100", "2012-12-31": "156.42000", "2012-09-30": "156.13500", "2012-06-30": "156.77200", "2012-03-31": "156.94900", "2011-12-31": "157.66000", "2011-09-30": "157.14800", "2011-06-30": "158.24300", "2011-03-31": "158.65600", "2010-12-31": "158.46100", "2010-09-30": "157.98000", "2010-06-30": "158.66200", "2010-03-31": "159.17900", "2009-12-31": "159.70700", "2009-09-30": "159.87600", "2009-06-30": "159.76600", "2009-03-31": "159.66300", "2008-12-31": "162.98600", "2008-09-30": "162.27600", "2008-06-30": "164.12700", "2008-03-31": "165.70600", "2007-12-31": "170.13500", "2007-09-30": "169.82500", "2007-06-30": "171.38000", "2007-03-31": "171.50100", "2006-12-31": "172.48600", "2006-09-30": "171.73700", "2006-06-30": "173.07900", "2006-03-31": "173.68500", "2005-12-31": "175.00700", "2005-09-30": "174.88500", "2005-06-30": "175.23200", "2005-03-31": "176.03600"}, "Basic EPS": {"2020-09-30": "1.58000", "2020-06-30": "-2.52000", "2020-03-31": "0.94000", "2019-12-31": "0.17000", "2019-09-30": "1.56000", "2019-06-30": "1.43000", "2019-03-31": "1.10000", "2018-12-31": "1.28000", "2018-09-30": "1.50000", "2018-06-30": "1.55000", "2018-03-31": "1.20000", "2017-12-31": "0.74000", "2017-09-30": "1.08000", "2017-06-30": "1.29000", "2017-03-31": "1.08000", "2016-12-31": "1.03000", "2016-09-30": "1.24000", "2016-06-30": "1.28000", "2016-03-31": "1.06000", "2015-12-31": "1.08000", "2015-09-30": "1.24000", "2015-06-30": "1.28000", "2015-03-31": "1.05000", "2014-12-31": "1.08000", "2014-09-30": "1.25000", "2014-06-30": "1.29000", "2014-03-31": "1.02000", "2013-12-31": "0.98000", "2013-09-30": "1.12000", "2013-06-30": "1.40000", "2013-03-31": "0.93000", "2012-12-31": "1.04000", "2012-09-30": "1.11000", "2012-06-30": "1.08000", "2012-03-31": "0.94000", "2011-12-31": "0.87000", "2011-09-30": "0.97000", "2011-06-30": "0.97000", "2011-03-31": "0.80000", "2010-12-31": "0.75000", "2010-09-30": "0.84000", "2010-06-30": "0.79000", "2010-03-31": "0.63000", "2009-12-31": "0.63000", "2009-09-30": "0.67000", "2009-06-30": "0.65000", "2009-03-31": "0.56000", "2008-12-31": "0.56000", "2008-09-30": "0.81000", "2008-06-30": "0.81000", "2008-03-31": "0.75000", "2007-12-31": "0.76000", "2007-09-30": "0.76000", "2007-06-30": "0.76000", "2007-03-31": "0.71000", "2006-12-31": "0.70000", "2006-09-30": "0.71000", "2006-06-30": "0.70000", "2006-03-31": "0.66000", "2005-12-31": "0.62000", "2005-09-30": "0.64000", "2005-06-30": "0.64000", "2005-03-31": "0.61000"}, "EPS - Earnings Per Share": {"2020-09-30": "1.57000", "2020-06-30": "-2.52000", "2020-03-31": "0.94000", "2019-12-31": "0.16000", "2019-09-30": "1.56000", "2019-06-30": "1.43000", "2019-03-31": "1.09000", "2018-12-31": "1.27000", "2018-09-30": "1.49000", "2018-06-30": "1.54000", "2018-03-31": "1.20000", "2017-12-31": "0.73000", "2017-09-30": "1.08000", "2017-06-30": "1.29000", "2017-03-31": "1.08000", "2016-12-31": "1.02000", "2016-09-30": "1.24000", "2016-06-30": "1.28000", "2016-03-31": "1.05000", "2015-12-31": "1.06000", "2015-09-30": "1.24000", "2015-06-30": "1.28000", "2015-03-31": "1.05000", "2014-12-31": "1.07000", "2014-09-30": "1.24000", "2014-06-30": "1.28000", "2014-03-31": "1.02000", "2013-12-31": "0.96000", "2013-09-30": "1.12000", "2013-06-30": "1.39000", "2013-03-31": "0.93000", "2012-12-31": "1.02000", "2012-09-30": "1.11000", "2012-06-30": "1.08000", "2012-03-31": "0.93000", "2011-12-31": "0.85000", "2011-09-30": "0.97000", "2011-06-30": "0.96000", "2011-03-31": "0.80000", "2010-12-31": "0.76000", "2010-09-30": "0.83000", "2010-06-30": "0.78000", "2010-03-31": "0.63000", "2009-12-31": "0.62000", "2009-09-30": "0.67000", "2009-06-30": "0.65000", "2009-03-31": "0.56000", "2008-12-31": "0.55000", "2008-09-30": "0.81000", "2008-06-30": "0.81000", "2008-03-31": "0.75000", "2007-12-31": "0.75000", "2007-09-30": "0.76000", "2007-06-30": "0.76000", "2007-03-31": "0.71000", "2006-12-31": "0.69000", "2006-09-30": "0.71000", "2006-06-30": "0.70000", "2006-03-31": "0.66000", "2005-12-31": "0.63000", "2005-09-30": "0.63000", "2005-06-30": "0.63000", "2005-03-31": "0.61000"}}, "balance sheet": {"Cash On Hand": {"2019-12-31": "276.99200", "2018-12-31": "333.54700", "2017-12-31": "314.89900", "2016-12-31": "242.87900", "2015-12-31": "211.63100", "2014-12-31": "137.73000", "2013-12-31": "196.89300", "2012-12-31": "403.09500", "2011-12-31": "525.05400", "2010-12-31": "529.96800", "2009-12-31": "336.80300", "2008-12-31": "67.77700", "2007-12-31": "231.83700", "2006-12-31": "135.97300", "2005-12-31": "188.91100"}, "Receivables": {"2019-12-31": "2635.15500", "2018-12-31": "2493.63600", "2017-12-31": "2421.56300", "2016-12-31": "1938.56200", "2015-12-31": "1822.41900", "2014-12-31": "1872.36500", "2013-12-31": "1664.81900", "2012-12-31": "1490.02800", "2011-12-31": "1461.01100", "2010-12-31": "1364.40600", "2009-12-31": "1187.07500", "2008-12-31": "1224.52500", "2007-12-31": "1216.22000", "2006-12-31": "1227.80500", "2005-12-31": "1186.86500"}, "Inventory": {"2019-12-31": "3831.18300", "2018-12-31": "3609.38900", "2017-12-31": "3771.08900", "2016-12-31": "3210.32000", "2015-12-31": "2999.96600", "2014-12-31": "3043.84800", "2013-12-31": "2946.02100", "2012-12-31": "2602.56000", "2011-12-31": "2440.11100", "2010-12-31": "2224.71700", "2009-12-31": "2214.07600", "2008-12-31": "2316.88000", "2007-12-31": "2335.71600", "2006-12-31": "2236.36800", "2005-12-31": "2216.54200"}, "Pre-Paid Expenses": {"2019-12-31": "1195.28600", "2018-12-31": "1139.11800", "2017-12-31": "805.34200", "2016-12-31": "556.67000", "2015-12-31": "521.30000", "2014-12-31": "538.58200", "2013-12-31": "413.75800", "2012-12-31": "324.44800", "2011-12-31": "328.53400", "2010-12-31": "295.79600", "2009-12-31": "294.87400", "2008-12-31": "262.23800", "2007-12-31": "269.23900", "2006-12-31": "234.98100", "2005-12-31": "214.56400"}, "Other Current Assets": {"2019-12-31": "", "2018-12-31": "", "2017-12-31": "", "2016-12-31": "", "2015-12-31": "", "2014-12-31": "", "2013-12-31": "", "2012-12-31": "", "2011-12-31": "", "2010-12-31": "", "2009-12-31": "", "2008-12-31": "", "2007-12-31": "", "2006-12-31": "", "2005-12-31": ""}, "Total Current Assets": {"2019-12-31": "7938.61600", "2018-12-31": "7575.69000", "2017-12-31": "7312.89300", "2016-12-31": "5948.43100", "2015-12-31": "5555.31600", "2014-12-31": "5592.52500", "2013-12-31": "5221.49100", "2012-12-31": "4820.13100", "2011-12-31": "4754.71000", "2010-12-31": "4414.88700", "2009-12-31": "4032.82800", "2008-12-31": "3871.42000", "2007-12-31": "4053.01200", "2006-12-31": "3835.12700", "2005-12-31": "3806.88200"}, "Property, Plant, And Equipment": {"2019-12-31": "1214.78300", "2018-12-31": "1027.23100", "2017-12-31": "936.70200", "2016-12-31": "728.12400", "2015-12-31": "648.21700", "2014-12-31": "670.10200", "2013-12-31": "670.06100", "2012-12-31": "566.36500", "2011-12-31": "500.20400", "2010-12-31": "484.13000", "2009-12-31": "485.02400", "2008-12-31": "423.26500", "2007-12-31": "425.98900", "2006-12-31": "429.26000", "2005-12-31": "392.29500"}, "Long-Term Investments": {"2019-12-31": "", "2018-12-31": "", "2017-12-31": "", "2016-12-31": "", "2015-12-31": "", "2014-12-31": "", "2013-12-31": "", "2012-12-31": "", "2011-12-31": "", "2010-12-31": "", "2009-12-31": "", "2008-12-31": "", "2007-12-31": "", "2006-12-31": "", "2005-12-31": ""}, "Goodwill And Intangible Assets": {"2019-12-31": "3862.44500", "2018-12-31": "3540.41800", "2017-12-31": "3554.38000", "2016-12-31": "1574.66300", "2015-12-31": "1361.79500", "2014-12-31": "1386.59000", "2013-12-31": "1289.35600", "2012-12-31": "497.83900", "2011-12-31": "279.77500", "2010-12-31": "209.54800", "2009-12-31": "171.53200", "2008-12-31": "158.82500", "2007-12-31": "82.45300", "2006-12-31": "62.25400", "2005-12-31": "62.71700"}, "Other Long-Term Assets": {"2019-12-31": "498.96500", "2018-12-31": "510.19200", "2017-12-31": "568.24800", "2016-12-31": "475.53000", "2015-12-31": "460.91800", "2014-12-31": "451.69000", "2013-12-31": "401.83400", "2012-12-31": "643.26300", "2011-12-31": "406.47700", "2010-12-31": "199.08700", "2009-12-31": "147.58300", "2008-12-31": "114.33700", "2007-12-31": "176.83700", "2006-12-31": "170.34300", "2005-12-31": "509.64400"}, "Total Long-Term Assets": {"2019-12-31": "6707.01300", "2018-12-31": "5107.35000", "2017-12-31": "5099.48800", "2016-12-31": "2910.96900", "2015-12-31": "2589.45500", "2014-12-31": "2653.71300", "2013-12-31": "2458.80600", "2012-12-31": "1986.93000", "2011-12-31": "1448.06400", "2010-12-31": "1050.15700", "2009-12-31": "971.86100", "2008-12-31": "914.93000", "2007-12-31": "721.05700", "2006-12-31": "661.85700", "2005-12-31": "964.65600"}, "Total Assets": {"2019-12-31": "14645.63000", "2018-12-31": "12683.04000", "2017-12-31": "12412.38000", "2016-12-31": "8859.40000", "2015-12-31": "8144.77100", "2014-12-31": "8246.23800", "2013-12-31": "7680.29700", "2012-12-31": "6807.06100", "2011-12-31": "6202.77400", "2010-12-31": "5465.04400", "2009-12-31": "5004.68900", "2008-12-31": "4786.35000", "2007-12-31": "4774.06900", "2006-12-31": "4496.98400", "2005-12-31": "4771.53800"}, "Total Current Liabilities": {"2019-12-31": "6394.12000", "2018-12-31": "5900.73300", "2017-12-31": "5474.02500", "2016-12-31": "4244.15000", "2015-12-31": "3940.65400", "2014-12-31": "3584.11500", "2013-12-31": "3183.04400", "2012-12-31": "2487.63800", "2011-12-31": "2012.54800", "2010-12-31": "1971.81400", "2009-12-31": "1408.28400", "2008-12-31": "1287.10300", "2007-12-31": "1547.97600", "2006-12-31": "1198.76800", "2005-12-31": "1249.10400"}, "Long Term Debt": {"2019-12-31": "2802.05600", "2018-12-31": "2432.13300", "2017-12-31": "2550.02000", "2016-12-31": "550.00000", "2015-12-31": "250.00000", "2014-12-31": "500.00000", "2013-12-31": "500.00000", "2012-12-31": "250.00000", "2011-12-31": "500.00000", "2010-12-31": "250.00000", "2009-12-31": "500.00000", "2008-12-31": "500.00000", "2007-12-31": "250.00000", "2006-12-31": "500.00000", "2005-12-31": "500.00000"}, "Other Non-Current Liabilities": {"2019-12-31": "445.65200", "2018-12-31": "446.11200", "2017-12-31": "501.00400", "2016-12-31": "468.05800", "2015-12-31": "459.95600", "2014-12-31": "447.74900", "2013-12-31": "414.99800", "2012-12-31": "488.25600", "2011-12-31": "442.91400", "2010-12-31": "181.70900", "2009-12-31": "166.83600", "2008-12-31": "103.26400", "2007-12-31": "101.98800", "2006-12-31": "187.50900", "2005-12-31": "114.62300"}, "Total Long Term Liabilities": {"2019-12-31": "4556.00900", "2018-12-31": "3310.31600", "2017-12-31": "3474.20000", "2016-12-31": "1407.89400", "2015-12-31": "1044.87500", "2014-12-31": "1349.75900", "2013-12-31": "1138.48500", "2012-12-31": "1311.24400", "2011-12-31": "1436.63500", "2010-12-31": "690.51600", "2009-12-31": "967.03300", "2008-12-31": "1105.86900", "2007-12-31": "509.37700", "2006-12-31": "748.22500", "2005-12-31": "828.47700"}, "Total Liabilities": {"2019-12-31": "10950.13000", "2018-12-31": "9211.04900", "2017-12-31": "8948.22500", "2016-12-31": "5652.04400", "2015-12-31": "4985.52900", "2014-12-31": "4933.87400", "2013-12-31": "4321.52900", "2012-12-31": "3798.88200", "2011-12-31": "3449.18300", "2010-12-31": "2662.33000", "2009-12-31": "2375.31700", "2008-12-31": "2392.97200", "2007-12-31": "2057.35300", "2006-12-31": "1946.99300", "2005-12-31": "2077.58100"}, "Common Stock Net": {"2019-12-31": "145.37800", "2018-12-31": "145.93700", "2017-12-31": "146.65300", "2016-12-31": "148.41000", "2015-12-31": "150.08100", "2014-12-31": "153.11300", "2013-12-31": "153.77300", "2012-12-31": "154.84100", "2011-12-31": "155.65100", "2010-12-31": "157.63600", "2009-12-31": "158.91800", "2008-12-31": "159.44300", "2007-12-31": "166.06500", "2006-12-31": "170.53100", "2005-12-31": "173.03300"}, "Retained Earnings (Accumulated Deficit)": {"2019-12-31": "4571.86000", "2018-12-31": "4341.21200", "2017-12-31": "4049.96500", "2016-12-31": "4001.73400", "2015-12-31": "3885.75100", "2014-12-31": "3841.93200", "2013-12-31": "3578.02100", "2012-12-31": "3344.53800", "2011-12-31": "3070.39400", "2010-12-31": "2934.53500", "2009-12-31": "2772.30900", "2008-12-31": "2643.45100", "2007-12-31": "2674.36600", "2006-12-31": "2621.99400", "2005-12-31": "2475.38900"}, "Comprehensive Income": {"2019-12-31": "-1141.30800", "2018-12-31": "-1115.07800", "2017-12-31": "-852.59200", "2016-12-31": "-1013.02100", "2015-12-31": "-930.61800", "2014-12-31": "-720.21100", "2013-12-31": "-397.65500", "2012-12-31": "-501.49200", "2011-12-31": "-482.03800", "2010-12-31": "-298.35200", "2009-12-31": "-309.89700", "2008-12-31": "-478.56200", "2007-12-31": "-123.71500", "2006-12-31": "-242.53400", "2005-12-31": "45.53500"}, "Other Share Holders Equity": {"2019-12-31": "", "2018-12-31": "", "2017-12-31": "", "2016-12-31": "", "2015-12-31": "", "2014-12-31": "", "2013-12-31": "", "2012-12-31": "", "2011-12-31": "", "2010-12-31": "", "2009-12-31": "", "2008-12-31": "", "2007-12-31": "", "2006-12-31": "", "2005-12-31": ""}, "Share Holder Equity": {"2019-12-31": "3695.50000", "2018-12-31": "3471.99100", "2017-12-31": "3464.15600", "2016-12-31": "3207.35600", "2015-12-31": "3159.24200", "2014-12-31": "3312.36400", "2013-12-31": "3358.76800", "2012-12-31": "3008.17900", "2011-12-31": "2753.59100", "2010-12-31": "2802.71400", "2009-12-31": "2629.37200", "2008-12-31": "2393.37800", "2007-12-31": "2716.71600", "2006-12-31": "2549.99100", "2005-12-31": "2693.95700"}, "Total Liabilities And Share Holders Equity": {"2019-12-31": "14645.63000", "2018-12-31": "12683.04000", "2017-12-31": "12412.38000", "2016-12-31": "8859.40000", "2015-12-31": "8144.77100", "2014-12-31": "8246.23800", "2013-12-31": "7680.29700", "2012-12-31": "6807.06100", "2011-12-31": "6202.77400", "2010-12-31": "5465.04400", "2009-12-31": "5004.68900", "2008-12-31": "4786.35000", "2007-12-31": "4774.06900", "2006-12-31": "4496.98400", "2005-12-31": "4771.53800"}}, "balance sheet, quarterly": {"Cash On Hand": {"2020-09-30": "900.12300", "2020-06-30": "983.75900", "2020-03-31": "354.46900", "2019-12-31": "276.99200", "2019-09-30": "451.27500", "2019-06-30": "562.55100", "2019-03-31": "356.92500", "2018-12-31": "333.54700", "2018-09-30": "359.10500", "2018-06-30": "355.14100", "2018-03-31": "325.97300", "2017-12-31": "314.89900", "2017-09-30": "210.08200", "2017-06-30": "203.14500", "2017-03-31": "177.91700", "2016-12-31": "242.87900", "2016-09-30": "225.17700", "2016-06-30": "233.62700", "2016-03-31": "205.13500", "2015-12-31": "211.63100", "2015-09-30": "199.29400", "2015-06-30": "223.84000", "2015-03-31": "166.49500", "2014-12-31": "137.73000", "2014-09-30": "135.53700", "2014-06-30": "152.86300", "2014-03-31": "103.47200", "2013-12-31": "196.89300", "2013-09-30": "320.87000", "2013-06-30": "196.77000", "2013-03-31": "841.89400", "2012-12-31": "403.09500", "2012-09-30": "398.11800", "2012-06-30": "171.57700", "2012-03-31": "424.42400", "2011-12-31": "525.05400", "2011-09-30": "534.80100", "2011-06-30": "516.72800", "2011-03-31": "465.88200", "2010-12-31": "529.96800", "2010-09-30": "531.73100", "2010-06-30": "411.87200", "2010-03-31": "333.53700", "2009-12-31": "336.80300", "2009-09-30": "363.13300", "2009-06-30": "238.58900", "2009-03-31": "133.28100", "2008-12-31": "67.77700", "2008-09-30": "124.42800", "2008-06-30": "135.84400", "2008-03-31": "161.51900", "2007-12-31": "231.83700", "2007-09-30": "330.05200", "2007-06-30": "274.56000", "2007-03-31": "250.08200", "2006-12-31": "135.97300", "2006-09-30": "214.39400", "2006-06-30": "189.14500", "2006-03-31": "150.17100", "2005-12-31": "188.91100", "2005-09-30": "339.50500", "2005-06-30": "260.53800", "2005-03-31": "157.81700"}, "Receivables": {"2020-09-30": "1952.22500", "2020-06-30": "1823.35700", "2020-03-31": "2705.19200", "2019-12-31": "2440.25200", "2019-09-30": "2739.97100", "2019-06-30": "2836.87500", "2019-03-31": "2741.91600", "2018-12-31": "2493.63600", "2018-09-30": "2655.88800", "2018-06-30": "2669.64900", "2018-03-31": "2641.15100", "2017-12-31": "2421.56300", "2017-09-30": "2155.94800", "2017-06-30": "2169.97000", "2017-03-31": "2084.87100", "2016-12-31": "1938.56200", "2016-09-30": "2032.54800", "2016-06-30": "2031.09400", "2016-03-31": "1981.65100", "2015-12-31": "1822.41900", "2015-09-30": "1963.15800", "2015-06-30": "2008.44500", "2015-03-31": "1978.23300", "2014-12-31": "1872.36500", "2014-09-30": "1976.05600", "2014-06-30": "1909.26800", "2014-03-31": "1828.30900", "2013-12-31": "1664.81900", "2013-09-30": "1759.51700", "2013-06-30": "1759.17600", "2013-03-31": "1624.95400", "2012-12-31": "1490.02800", "2012-09-30": "1606.29700", "2012-06-30": "1605.69600", "2012-03-31": "1605.46900", "2011-12-31": "1461.01100", "2011-09-30": "1531.04600", "2011-06-30": "1565.88900", "2011-03-31": "1490.74400", "2010-12-31": "1364.40600", "2010-09-30": "1394.87000", "2010-06-30": "1353.91800", "2010-03-31": "1323.98000", "2009-12-31": "1187.07500", "2009-09-30": "1250.57500", "2009-06-30": "1239.31800", "2009-03-31": "1211.33700", "2008-12-31": "1224.52500", "2008-09-30": "1350.56800", "2008-06-30": "1342.63500", "2008-03-31": "1303.78700", "2007-12-31": "1216.22000", "2007-09-30": "1334.30900", "2007-06-30": "1322.97300", "2007-03-31": "1296.80000", "2006-12-31": "1227.80500", "2006-09-30": "1301.38400", "2006-06-30": "1307.07100", "2006-03-31": "1297.83600", "2005-12-31": "1186.86500", "2005-09-30": "1227.83600", "2005-06-30": "1225.67400", "2005-03-31": "1195.03400"}, "Inventory": {"2020-09-30": "3419.38300", "2020-06-30": "3351.75100", "2020-03-31": "3698.92800", "2019-12-31": "3443.87600", "2019-09-30": "3718.30700", "2019-06-30": "3750.77800", "2019-03-31": "3684.58000", "2018-12-31": "3609.38900", "2018-09-30": "3536.50300", "2018-06-30": "3484.94900", "2018-03-31": "3772.91900", "2017-12-31": "3771.08900", "2017-09-30": "3354.17800", "2017-06-30": "3330.18900", "2017-03-31": "3287.04200", "2016-12-31": "3210.32000", "2016-09-30": "3146.15700", "2016-06-30": "3062.67300", "2016-03-31": "3074.64100", "2015-12-31": "2999.96600", "2015-09-30": "2967.72400", "2015-06-30": "3025.16500", "2015-03-31": "3007.29500", "2014-12-31": "3043.84800", "2014-09-30": "3014.10200", "2014-06-30": "2987.14300", "2014-03-31": "2974.30600", "2013-12-31": "2946.02100", "2013-09-30": "2832.10800", "2013-06-30": "2799.15000", "2013-03-31": "2560.07700", "2012-12-31": "2602.56000", "2012-09-30": "2351.32100", "2012-06-30": "2333.59200", "2012-03-31": "2264.39800", "2011-12-31": "2440.11100", "2011-09-30": "2250.30900", "2011-06-30": "2251.59500", "2011-03-31": "2236.75800", "2010-12-31": "2224.71700", "2010-09-30": "2182.41300", "2010-06-30": "2164.54800", "2010-03-31": "2211.45700", "2009-12-31": "2214.07600", "2009-09-30": "2188.13300", "2009-06-30": "2215.70900", "2009-03-31": "2253.03600", "2008-12-31": "2316.88000", "2008-09-30": "2318.21500", "2008-06-30": "2319.48500", "2008-03-31": "2314.53600", "2007-12-31": "2335.71600", "2007-09-30": "2225.71800", "2007-06-30": "2223.06600", "2007-03-31": "2201.44600", "2006-12-31": "2236.36800", "2006-09-30": "2189.84500", "2006-06-30": "2162.40500", "2006-03-31": "2184.82300", "2005-12-31": "2216.54200", "2005-09-30": "2157.82400", "2005-06-30": "2125.36600", "2005-03-31": "2149.81400"}, "Pre-Paid Expenses": {"2020-09-30": "1103.55400", "2020-06-30": "1132.46100", "2020-03-31": "1234.46100", "2019-12-31": "1063.24500", "2019-09-30": "1149.11800", "2019-06-30": "1034.46600", "2019-03-31": "1102.97000", "2018-12-31": "1139.11800", "2018-09-30": "998.99900", "2018-06-30": "1013.63000", "2018-03-31": "841.56900", "2017-12-31": "805.34200", "2017-09-30": "596.40000", "2017-06-30": "598.11200", "2017-03-31": "644.23200", "2016-12-31": "556.67000", "2016-09-30": "504.60000", "2016-06-30": "538.74800", "2016-03-31": "508.84100", "2015-12-31": "521.30000", "2015-09-30": "493.30600", "2015-06-30": "506.07000", "2015-03-31": "482.67600", "2014-12-31": "538.58200", "2014-09-30": "459.68200", "2014-06-30": "463.08700", "2014-03-31": "440.34400", "2013-12-31": "413.75800", "2013-09-30": "382.98000", "2013-06-30": "352.64500", "2013-03-31": "324.67900", "2012-12-31": "324.44800", "2012-09-30": "308.83900", "2012-06-30": "312.51000", "2012-03-31": "307.25500", "2011-12-31": "328.53400", "2011-09-30": "330.15700", "2011-06-30": "299.07900", "2011-03-31": "301.84500", "2010-12-31": "295.79600", "2010-09-30": "282.28700", "2010-06-30": "280.15900", "2010-03-31": "277.25700", "2009-12-31": "294.87400", "2009-09-30": "232.45000", "2009-06-30": "222.39900", "2009-03-31": "222.25300", "2008-12-31": "262.23800", "2008-09-30": "279.93200", "2008-06-30": "264.80400", "2008-03-31": "245.89100", "2007-12-31": "269.23900", "2007-09-30": "243.29600", "2007-06-30": "219.68800", "2007-03-31": "214.11600", "2006-12-31": "234.98100", "2006-09-30": "212.90800", "2006-06-30": "192.47700", "2006-03-31": "198.59100", "2005-12-31": "214.56400", "2005-09-30": "167.95800", "2005-06-30": "152.57100", "2005-03-31": "186.83700"}, "Other Current Assets": {"2020-09-30": "", "2020-06-30": "", "2020-03-31": "", "2019-12-31": "", "2019-09-30": "", "2019-06-30": "", "2019-03-31": "", "2018-12-31": "", "2018-09-30": "", "2018-06-30": "", "2018-03-31": "", "2017-12-31": "", "2017-09-30": "", "2017-06-30": "", "2017-03-31": "", "2016-12-31": "", "2016-09-30": "", "2016-06-30": "", "2016-03-31": "", "2015-12-31": "", "2015-09-30": "", "2015-06-30": "", "2015-03-31": "", "2014-12-31": "", "2014-09-30": "", "2014-06-30": "", "2014-03-31": "", "2013-12-31": "", "2013-09-30": "", "2013-06-30": "", "2013-03-31": "", "2012-12-31": "", "2012-09-30": "", "2012-06-30": "", "2012-03-31": "", "2011-12-31": "", "2011-09-30": "", "2011-06-30": "", "2011-03-31": "", "2010-12-31": "", "2010-09-30": "", "2010-06-30": "", "2010-03-31": "", "2009-12-31": "", "2009-09-30": "", "2009-06-30": "", "2009-03-31": "", "2008-12-31": "", "2008-09-30": "", "2008-06-30": "", "2008-03-31": "", "2007-12-31": "", "2007-09-30": "", "2007-06-30": "", "2007-03-31": "", "2006-12-31": "", "2006-09-30": "", "2006-06-30": "", "2006-03-31": "", "2005-12-31": "", "2005-09-30": "", "2005-06-30": "", "2005-03-31": ""}, "Total Current Assets": {"2020-09-30": "7375.28500", "2020-06-30": "7291.32800", "2020-03-31": "7993.05000", "2019-12-31": "7938.61600", "2019-09-30": "8058.67100", "2019-06-30": "8184.67000", "2019-03-31": "7886.39100", "2018-12-31": "7575.69000", "2018-09-30": "7550.49500", "2018-06-30": "7523.36900", "2018-03-31": "7581.61200", "2017-12-31": "7312.89300", "2017-09-30": "6316.60800", "2017-06-30": "6301.41600", "2017-03-31": "6194.06200", "2016-12-31": "5948.43100", "2016-09-30": "5908.48200", "2016-06-30": "5866.14200", "2016-03-31": "5770.26800", "2015-12-31": "5555.31600", "2015-09-30": "5623.48200", "2015-06-30": "5763.52000", "2015-03-31": "5634.69900", "2014-12-31": "5592.52500", "2014-09-30": "5585.37700", "2014-06-30": "5512.36100", "2014-03-31": "5346.43100", "2013-12-31": "5221.49100", "2013-09-30": "5295.47500", "2013-06-30": "5107.74100", "2013-03-31": "5351.60400", "2012-12-31": "4820.13100", "2012-09-30": "4664.57500", "2012-06-30": "4423.37500", "2012-03-31": "4601.54600", "2011-12-31": "4754.71000", "2011-09-30": "4646.31300", "2011-06-30": "4633.29100", "2011-03-31": "4495.22900", "2010-12-31": "4414.88700", "2010-09-30": "4391.30100", "2010-06-30": "4210.49700", "2010-03-31": "4146.23100", "2009-12-31": "4032.82800", "2009-09-30": "4034.29100", "2009-06-30": "3916.01500", "2009-03-31": "3819.90700", "2008-12-31": "3871.42000", "2008-09-30": "4073.14300", "2008-06-30": "4062.76800", "2008-03-31": "4025.73300", "2007-12-31": "4053.01200", "2007-09-30": "4133.37500", "2007-06-30": "4040.28700", "2007-03-31": "3962.44400", "2006-12-31": "3835.12700", "2006-09-30": "3918.53100", "2006-06-30": "3851.09800", "2006-03-31": "3831.42100", "2005-12-31": "3806.88200", "2005-09-30": "3893.12300", "2005-06-30": "3764.14900", "2005-03-31": "3689.50200"}, "Property, Plant, And Equipment": {"2020-09-30": "1141.41900", "2020-06-30": "1133.99000", "2020-03-31": "1180.20500", "2019-12-31": "1173.68800", "2019-09-30": "1118.91200", "2019-06-30": "1089.76300", "2019-03-31": "1044.78800", "2018-12-31": "1027.23100", "2018-09-30": "937.74000", "2018-06-30": "918.57800", "2018-03-31": "931.28800", "2017-12-31": "936.70200", "2017-09-30": "760.21300", "2017-06-30": "740.77600", "2017-03-31": "737.20600", "2016-12-31": "728.12400", "2016-09-30": "688.85100", "2016-06-30": "685.38500", "2016-03-31": "648.20400", "2015-12-31": "648.21700", "2015-09-30": "628.46100", "2015-06-30": "640.53400", "2015-03-31": "646.11600", "2014-12-31": "670.10200", "2014-09-30": "662.25300", "2014-06-30": "661.30400", "2014-03-31": "664.68900", "2013-12-31": "670.06100", "2013-09-30": "648.50300", "2013-06-30": "642.95500", "2013-03-31": "581.27900", "2012-12-31": "566.36500", "2012-09-30": "560.90000", "2012-06-30": "567.01300", "2012-03-31": "500.84500", "2011-12-31": "500.20400", "2011-09-30": "479.54700", "2011-06-30": "486.28300", "2011-03-31": "479.81600", "2010-12-31": "484.13000", "2010-09-30": "478.43600", "2010-06-30": "469.15000", "2010-03-31": "477.26900", "2009-12-31": "485.02400", "2009-09-30": "485.64700", "2009-06-30": "487.30700", "2009-03-31": "412.36600", "2008-12-31": "423.26500", "2008-09-30": "412.75500", "2008-06-30": "422.15100", "2008-03-31": "419.82500", "2007-12-31": "425.98900", "2007-09-30": "458.59700", "2007-06-30": "445.17900", "2007-03-31": "430.80700", "2006-12-31": "429.26000", "2006-09-30": "431.12300", "2006-06-30": "416.13500", "2006-03-31": "400.44400", "2005-12-31": "392.29500", "2005-09-30": "383.29200", "2005-06-30": "380.69200", "2005-03-31": "379.58700"}, "Long-Term Investments": {"2020-09-30": "", "2020-06-30": "", "2020-03-31": "", "2019-12-31": "", "2019-09-30": "", "2019-06-30": "", "2019-03-31": "", "2018-12-31": "", "2018-09-30": "", "2018-06-30": "", "2018-03-31": "", "2017-12-31": "", "2017-09-30": "", "2017-06-30": "", "2017-03-31": "", "2016-12-31": "", "2016-09-30": "", "2016-06-30": "", "2016-03-31": "", "2015-12-31": "", "2015-09-30": "", "2015-06-30": "", "2015-03-31": "", "2014-12-31": "", "2014-09-30": "", "2014-06-30": "", "2014-03-31": "", "2013-12-31": "", "2013-09-30": "", "2013-06-30": "", "2013-03-31": "", "2012-12-31": "", "2012-09-30": "", "2012-06-30": "", "2012-03-31": "", "2011-12-31": "", "2011-09-30": "", "2011-06-30": "", "2011-03-31": "", "2010-12-31": "", "2010-09-30": "", "2010-06-30": "", "2010-03-31": "", "2009-12-31": "", "2009-09-30": "", "2009-06-30": "", "2009-03-31": "", "2008-12-31": "", "2008-09-30": "", "2008-06-30": "", "2008-03-31": "", "2007-12-31": "", "2007-09-30": "", "2007-06-30": "", "2007-03-31": "", "2006-12-31": "", "2006-09-30": "", "2006-06-30": "", "2006-03-31": "", "2005-12-31": "", "2005-09-30": "", "2005-06-30": "", "2005-03-31": ""}, "Goodwill And Intangible Assets": {"2020-09-30": "3279.39200", "2020-06-30": "3194.51500", "2020-03-31": "3675.59800", "2019-12-31": "3785.61600", "2019-09-30": "3801.72200", "2019-06-30": "3847.16700", "2019-03-31": "3641.99500", "2018-12-31": "3540.41800", "2018-09-30": "3518.47000", "2018-06-30": "3498.97100", "2018-03-31": "3618.42600", "2017-12-31": "3554.38000", "2017-09-30": "1713.56900", "2017-06-30": "1677.74800", "2017-03-31": "1608.46600", "2016-12-31": "1574.66300", "2016-09-30": "1550.43500", "2016-06-30": "1478.29800", "2016-03-31": "1412.98500", "2015-12-31": "1361.79500", "2015-09-30": "1328.43100", "2015-06-30": "1382.76600", "2015-03-31": "1346.33600", "2014-12-31": "1386.59000", "2014-09-30": "1444.35600", "2014-06-30": "1432.86200", "2014-03-31": "1409.81200", "2013-12-31": "1289.35600", "2013-09-30": "1280.18200", "2013-06-30": "1270.44700", "2013-03-31": "492.75600", "2012-12-31": "497.83900", "2012-09-30": "504.19200", "2012-06-30": "498.28800", "2012-03-31": "292.89300", "2011-12-31": "279.77500", "2011-09-30": "277.92400", "2011-06-30": "227.93500", "2011-03-31": "229.27600", "2010-12-31": "209.54800", "2010-09-30": "207.23700", "2010-06-30": "201.32600", "2010-03-31": "204.90700", "2009-12-31": "171.53200", "2009-09-30": "171.57300", "2009-06-30": "166.68300", "2009-03-31": "158.42700", "2008-12-31": "158.82500", "2008-09-30": "147.94000", "2008-06-30": "126.01000", "2008-03-31": "114.48900", "2007-12-31": "82.45300", "2007-09-30": "70.53900", "2007-06-30": "61.96000", "2007-03-31": "62.13600", "2006-12-31": "62.25400", "2006-09-30": "62.39800", "2006-06-30": "62.50400", "2006-03-31": "62.61100", "2005-12-31": "62.71700", "2005-09-30": "62.47800", "2005-06-30": "62.61500", "2005-03-31": "57.58300"}, "Other Long-Term Assets": {"2020-09-30": "587.31800", "2020-06-30": "570.82900", "2020-03-31": "491.39210", "2019-12-31": "457.35000", "2019-09-30": "455.12190", "2019-06-30": "528.19900", "2019-03-31": "522.62500", "2018-12-31": "510.19200", "2018-09-30": "627.51600", "2018-06-30": "600.12400", "2018-03-31": "588.23800", "2017-12-31": "568.24800", "2017-09-30": "581.04700", "2017-06-30": "565.90500", "2017-03-31": "497.55300", "2016-12-31": "475.53000", "2016-09-30": "491.92500", "2016-06-30": "491.96800", "2016-03-31": "504.15300", "2015-12-31": "460.91800", "2015-09-30": "486.13600", "2015-06-30": "486.88500", "2015-03-31": "467.09200", "2014-12-31": "451.69000", "2014-09-30": "558.93200", "2014-06-30": "555.82500", "2014-03-31": "468.90300", "2013-12-31": "401.83400", "2013-09-30": "462.17200", "2013-06-30": "459.32000", "2013-03-31": "639.33500", "2012-12-31": "643.26300", "2012-09-30": "483.37000", "2012-06-30": "455.99200", "2012-03-31": "453.95500", "2011-12-31": "406.47700", "2011-09-30": "227.61500", "2011-06-30": "218.45000", "2011-03-31": "209.65600", "2010-12-31": "199.08700", "2010-09-30": "184.54800", "2010-06-30": "173.73000", "2010-03-31": "172.72300", "2009-12-31": "147.58300", "2009-09-30": "132.94300", "2009-06-30": "124.35800", "2009-03-31": "117.50200", "2008-12-31": "114.33700", "2008-09-30": "185.42000", "2008-06-30": "186.41400", "2008-03-31": "195.37100", "2007-12-31": "176.83700", "2007-09-30": "172.58300", "2007-06-30": "177.65000", "2007-03-31": "170.67600", "2006-12-31": "170.34300", "2006-09-30": "499.89000", "2006-06-30": "516.21600", "2006-03-31": "520.93000", "2005-12-31": "509.64400", "2005-09-30": "430.40000", "2005-06-30": "403.33500", "2005-03-31": "404.30000"}, "Total Long-Term Assets": {"2020-09-30": "6100.17600", "2020-06-30": "5972.63400", "2020-03-31": "6458.30500", "2019-12-31": "6707.01300", "2019-09-30": "6454.51900", "2019-06-30": "6454.80200", "2019-03-31": "6184.14000", "2018-12-31": "5107.35000", "2018-09-30": "5106.62400", "2018-06-30": "5043.15300", "2018-03-31": "5177.78200", "2017-12-31": "5099.48800", "2017-09-30": "3177.62600", "2017-06-30": "3110.72800", "2017-03-31": "2972.76400", "2016-12-31": "2910.96900", "2016-09-30": "2840.89000", "2016-06-30": "2767.96700", "2016-03-31": "2680.25900", "2015-12-31": "2589.45500", "2015-09-30": "2579.64600", "2015-06-30": "2650.11300", "2015-03-31": "2603.65600", "2014-12-31": "2653.71300", "2014-09-30": "2756.08000", "2014-06-30": "2739.18700", "2014-03-31": "2635.94300", "2013-12-31": "2458.80600", "2013-09-30": "2648.42800", "2013-06-30": "2552.57200", "2013-03-31": "1986.85800", "2012-12-31": "1986.93000", "2012-09-30": "1781.30700", "2012-06-30": "1761.55400", "2012-03-31": "1494.28300", "2011-12-31": "1448.06400", "2011-09-30": "1138.40500", "2011-06-30": "1083.71000", "2011-03-31": "1074.29100", "2010-12-31": "1050.15700", "2010-09-30": "1022.46900", "2010-06-30": "1008.86300", "2010-03-31": "1022.53100", "2009-12-31": "971.86100", "2009-09-30": "942.95000", "2009-06-30": "938.92900", "2009-03-31": "904.94800", "2008-12-31": "914.93000", "2008-09-30": "746.11500", "2008-06-30": "734.57500", "2008-03-31": "729.68510", "2007-12-31": "721.05700", "2007-09-30": "701.71900", "2007-06-30": "684.78890", "2007-03-31": "663.61900", "2006-12-31": "661.85700", "2006-09-30": "993.41100", "2006-06-30": "994.85500", "2006-03-31": "983.98500", "2005-12-31": "964.65600", "2005-09-30": "876.17000", "2005-06-30": "846.64200", "2005-03-31": "841.47000"}, "Total Assets": {"2020-09-30": "13475.46000", "2020-06-30": "13263.96000", "2020-03-31": "14451.36000", "2019-12-31": "14645.63000", "2019-09-30": "14513.19000", "2019-06-30": "14639.47000", "2019-03-31": "14070.53000", "2018-12-31": "12683.04000", "2018-09-30": "12657.12000", "2018-06-30": "12566.52000", "2018-03-31": "12759.39000", "2017-12-31": "12412.38000", "2017-09-30": "9494.23400", "2017-06-30": "9412.14400", "2017-03-31": "9166.82600", "2016-12-31": "8859.40000", "2016-09-30": "8749.37200", "2016-06-30": "8634.10900", "2016-03-31": "8450.52700", "2015-12-31": "8144.77100", "2015-09-30": "8203.12800", "2015-06-30": "8413.63300", "2015-03-31": "8238.35500", "2014-12-31": "8246.23800", "2014-09-30": "8341.45700", "2014-06-30": "8251.54800", "2014-03-31": "7982.37400", "2013-12-31": "7680.29700", "2013-09-30": "7943.90300", "2013-06-30": "7660.31300", "2013-03-31": "7338.46200", "2012-12-31": "6807.06100", "2012-09-30": "6445.88200", "2012-06-30": "6184.92900", "2012-03-31": "6095.82900", "2011-12-31": "6202.77400", "2011-09-30": "5784.71800", "2011-06-30": "5717.00100", "2011-03-31": "5569.52000", "2010-12-31": "5465.04400", "2010-09-30": "5413.77000", "2010-06-30": "5219.36000", "2010-03-31": "5168.76200", "2009-12-31": "5004.68900", "2009-09-30": "4977.24100", "2009-06-30": "4854.94400", "2009-03-31": "4724.85500", "2008-12-31": "4786.35000", "2008-09-30": "4819.25800", "2008-06-30": "4797.34300", "2008-03-31": "4755.41800", "2007-12-31": "4774.06900", "2007-09-30": "4835.09400", "2007-06-30": "4725.07600", "2007-03-31": "4626.06300", "2006-12-31": "4496.98400", "2006-09-30": "4911.94200", "2006-06-30": "4845.95300", "2006-03-31": "4815.40600", "2005-12-31": "4771.53800", "2005-09-30": "4769.29300", "2005-06-30": "4610.79100", "2005-03-31": "4530.97200"}, "Total Current Liabilities": {"2020-09-30": "5976.69800", "2020-06-30": "5968.73000", "2020-03-31": "6581.22000", "2019-12-31": "6394.12000", "2019-09-30": "6372.81300", "2019-06-30": "6498.22800", "2019-03-31": "6545.33400", "2018-12-31": "5900.73300", "2018-09-30": "5661.18900", "2018-06-30": "5656.89400", "2018-03-31": "5757.47200", "2017-12-31": "5474.02500", "2017-09-30": "4802.66700", "2017-06-30": "4801.16700", "2017-03-31": "4579.83300", "2016-12-31": "4244.15000", "2016-09-30": "4401.53100", "2016-06-30": "4406.17000", "2016-03-31": "4211.92600", "2015-12-31": "3940.65400", "2015-09-30": "3764.06800", "2015-06-30": "3867.62200", "2015-03-31": "3759.36100", "2014-12-31": "3584.11500", "2014-09-30": "3635.78200", "2014-06-30": "3506.85400", "2014-03-31": "3422.73800", "2013-12-31": "3183.04400", "2013-09-30": "3454.09400", "2013-06-30": "3322.94700", "2013-03-31": "3023.31400", "2012-12-31": "2487.63800", "2012-09-30": "2101.61700", "2012-06-30": "1978.25600", "2012-03-31": "1931.36900", "2011-12-31": "2012.54800", "2011-09-30": "2240.66000", "2011-06-30": "2107.41500", "2011-03-31": "2003.63600", "2010-12-31": "1971.81400", "2010-09-30": "1720.88500", "2010-06-30": "1575.37300", "2010-03-31": "1514.12900", "2009-12-31": "1408.28400", "2009-09-30": "1444.51100", "2009-06-30": "1412.56700", "2009-03-31": "1257.37400", "2008-12-31": "1287.10300", "2008-09-30": "1625.65600", "2008-06-30": "1581.39200", "2008-03-31": "1569.45200", "2007-12-31": "1547.97600", "2007-09-30": "1368.60700", "2007-06-30": "1285.33800", "2007-03-31": "1284.31100", "2006-12-31": "1198.76800", "2006-09-30": "1276.30200", "2006-06-30": "1255.92300", "2006-03-31": "1249.83800", "2005-12-31": "1249.10400", "2005-09-30": "1331.41600", "2005-06-30": "1228.35300", "2005-03-31": "1180.32600"}, "Long Term Debt": {"2020-09-30": "2700.61600", "2020-06-30": "2727.92900", "2020-03-31": "2726.39100", "2019-12-31": "2802.05600", "2019-09-30": "2795.87800", "2019-06-30": "2871.10600", "2019-03-31": "2389.24400", "2018-12-31": "2432.13300", "2018-09-30": "2463.45200", "2018-06-30": "2490.55200", "2018-03-31": "2564.11100", "2017-12-31": "2550.02000", "2017-09-30": "550.00000", "2017-06-30": "550.00000", "2017-03-31": "550.00000", "2016-12-31": "550.00000", "2016-09-30": "300.00000", "2016-06-30": "250.00000", "2016-03-31": "250.00000", "2015-12-31": "250.00000", "2015-09-30": "500.00000", "2015-06-30": "500.00000", "2015-03-31": "500.00000", "2014-12-31": "500.00000", "2014-09-30": "500.00000", "2014-06-30": "500.00000", "2014-03-31": "500.00000", "2013-12-31": "500.00000", "2013-09-30": "250.00000", "2013-06-30": "250.00000", "2013-03-31": "250.00000", "2012-12-31": "250.00000", "2012-09-30": "500.00000", "2012-06-30": "500.00000", "2012-03-31": "500.00000", "2011-12-31": "500.00000", "2011-09-30": "250.00000", "2011-06-30": "250.00000", "2011-03-31": "250.00000", "2010-12-31": "250.00000", "2010-09-30": "500.00000", "2010-06-30": "500.00000", "2010-03-31": "500.00000", "2009-12-31": "500.00000", "2009-09-30": "500.00000", "2009-06-30": "500.00000", "2009-03-31": "500.00000", "2008-12-31": "500.00000", "2008-09-30": "250.00000", "2008-06-30": "250.00000", "2008-03-31": "250.00000", "2007-12-31": "250.00000", "2007-09-30": "500.00000", "2007-06-30": "500.00000", "2007-03-31": "500.00000", "2006-12-31": "500.00000", "2006-09-30": "500.00000", "2006-06-30": "500.00000", "2006-03-31": "500.00000", "2005-12-31": "500.00000", "2005-09-30": "500.00000", "2005-06-30": "500.00000", "2005-03-31": "500.00000"}, "Other Non-Current Liabilities": {"2020-09-30": "520.68000", "2020-06-30": "480.41700", "2020-03-31": "456.10100", "2019-12-31": "445.65200", "2019-09-30": "444.34400", "2019-06-30": "437.16500", "2019-03-31": "429.85000", "2018-12-31": "446.11200", "2018-09-30": "480.37400", "2018-06-30": "482.04800", "2018-03-31": "491.79400", "2017-12-31": "501.00400", "2017-09-30": "441.09000", "2017-06-30": "438.98400", "2017-03-31": "467.73200", "2016-12-31": "468.05800", "2016-09-30": "458.94400", "2016-06-30": "458.95000", "2016-03-31": "462.50100", "2015-12-31": "459.95600", "2015-09-30": "456.90800", "2015-06-30": "460.30200", "2015-03-31": "444.81000", "2014-12-31": "447.74900", "2014-09-30": "482.43000", "2014-06-30": "484.00000", "2014-03-31": "423.06300", "2013-12-31": "414.99800", "2013-09-30": "514.71700", "2013-06-30": "506.65500", "2013-03-31": "485.16200", "2012-12-31": "488.25600", "2012-09-30": "301.98800", "2012-06-30": "289.53400", "2012-03-31": "282.53400", "2011-12-31": "442.91400", "2011-09-30": "189.79100", "2011-06-30": "184.36200", "2011-03-31": "184.58400", "2010-12-31": "181.70900", "2010-09-30": "175.77700", "2010-06-30": "173.95700", "2010-03-31": "169.50000", "2009-12-31": "166.83600", "2009-09-30": "128.72900", "2009-06-30": "121.16800", "2009-03-31": "110.20700", "2008-12-31": "103.26400", "2008-09-30": "206.05800", "2008-06-30": "201.41200", "2008-03-31": "200.83000", "2007-12-31": "101.98800", "2007-09-30": "191.75000", "2007-06-30": "179.05600", "2007-03-31": "171.75400", "2006-12-31": "187.50900", "2006-09-30": "130.29400", "2006-06-30": "116.76500", "2006-03-31": "119.22400", "2005-12-31": "114.62300", "2005-09-30": "109.88800", "2005-06-30": "110.95400", "2005-03-31": "112.30500"}, "Total Long Term Liabilities": {"2020-09-30": "4463.99000", "2020-06-30": "4424.34400", "2020-03-31": "4447.10400", "2019-12-31": "4556.00900", "2019-09-30": "4475.64000", "2019-06-30": "4453.26900", "2019-03-31": "3952.36400", "2018-12-31": "3310.31600", "2018-09-30": "3332.85100", "2018-06-30": "3347.30100", "2018-03-31": "3440.54100", "2017-12-31": "3474.20000", "2017-09-30": "1301.43900", "2017-06-30": "1309.63400", "2017-03-31": "1354.64900", "2016-12-31": "1407.89400", "2016-09-30": "1012.54700", "2016-06-30": "977.71000", "2016-03-31": "994.88900", "2015-12-31": "1044.87500", "2015-09-30": "1268.03600", "2015-06-30": "1290.51300", "2015-03-31": "1287.95200", "2014-12-31": "1349.75900", "2014-09-30": "1197.52700", "2014-06-30": "1207.20000", "2014-03-31": "1148.42700", "2013-12-31": "1138.48500", "2013-09-30": "1336.63400", "2013-06-30": "1251.22700", "2013-03-31": "1240.70500", "2012-12-31": "1311.24400", "2012-09-30": "1278.09600", "2012-06-30": "1274.85100", "2012-03-31": "1270.46600", "2011-12-31": "1436.63500", "2011-09-30": "652.66700", "2011-06-30": "678.29000", "2011-03-31": "687.01600", "2010-12-31": "690.51600", "2010-09-30": "915.10300", "2010-06-30": "970.78000", "2010-03-31": "969.06700", "2009-12-31": "967.03300", "2009-09-30": "918.38800", "2009-06-30": "926.69300", "2009-03-31": "1059.05100", "2008-12-31": "1105.86900", "2008-09-30": "524.49700", "2008-06-30": "518.71000", "2008-03-31": "516.29200", "2007-12-31": "509.37700", "2007-09-30": "756.52400", "2007-06-30": "742.20900", "2007-03-31": "733.36900", "2006-12-31": "748.22500", "2006-09-30": "850.62810", "2006-06-30": "834.70400", "2006-03-31": "833.60890", "2005-12-31": "828.47700", "2005-09-30": "787.41000", "2005-06-30": "783.00600", "2005-03-31": "782.04600"}, "Total Liabilities": {"2020-09-30": "10440.69000", "2020-06-30": "10393.07000", "2020-03-31": "11028.32000", "2019-12-31": "10950.13000", "2019-09-30": "10848.45000", "2019-06-30": "10951.50000", "2019-03-31": "10497.70000", "2018-12-31": "9211.04900", "2018-09-30": "8994.04000", "2018-06-30": "9004.19500", "2018-03-31": "9198.01300", "2017-12-31": "8948.22500", "2017-09-30": "6104.10600", "2017-06-30": "6110.80100", "2017-03-31": "5934.48200", "2016-12-31": "5652.04400", "2016-09-30": "5414.07800", "2016-06-30": "5383.88000", "2016-03-31": "5206.81500", "2015-12-31": "4985.52900", "2015-09-30": "5032.10400", "2015-06-30": "5158.13500", "2015-03-31": "5047.31300", "2014-12-31": "4933.87400", "2014-09-30": "4833.30900", "2014-06-30": "4714.05400", "2014-03-31": "4571.16500", "2013-12-31": "4321.52900", "2013-09-30": "4790.72800", "2013-06-30": "4574.17400", "2013-03-31": "4264.01900", "2012-12-31": "3798.88200", "2012-09-30": "3379.71300", "2012-06-30": "3253.10700", "2012-03-31": "3201.83500", "2011-12-31": "3449.18300", "2011-09-30": "2893.32700", "2011-06-30": "2785.70500", "2011-03-31": "2690.65200", "2010-12-31": "2662.33000", "2010-09-30": "2635.98800", "2010-06-30": "2546.15300", "2010-03-31": "2483.19600", "2009-12-31": "2375.31700", "2009-09-30": "2362.89900", "2009-06-30": "2339.26000", "2009-03-31": "2316.42500", "2008-12-31": "2392.97200", "2008-09-30": "2150.15300", "2008-06-30": "2100.10200", "2008-03-31": "2085.74400", "2007-12-31": "2057.35300", "2007-09-30": "2125.13100", "2007-06-30": "2027.54700", "2007-03-31": "2017.68000", "2006-12-31": "1946.99300", "2006-09-30": "2126.93000", "2006-06-30": "2090.62700", "2006-03-31": "2083.44700", "2005-12-31": "2077.58100", "2005-09-30": "2118.82600", "2005-06-30": "2011.35900", "2005-03-31": "1962.37200"}, "Common Stock Net": {"2020-09-30": "144.29000", "2020-06-30": "144.26400", "2020-03-31": "144.24900", "2019-12-31": "145.37800", "2019-09-30": "145.29300", "2019-06-30": "146.07800", "2019-03-31": "146.06400", "2018-12-31": "145.93700", "2018-09-30": "146.75900", "2018-06-30": "146.75300", "2018-03-31": "146.73800", "2017-12-31": "146.65300", "2017-09-30": "146.61300", "2017-06-30": "146.83100", "2017-03-31": "147.39400", "2016-12-31": "148.41000", "2016-09-30": "148.73700", "2016-06-30": "148.91400", "2016-03-31": "149.62300", "2015-12-31": "150.08100", "2015-09-30": "150.76300", "2015-06-30": "151.70900", "2015-03-31": "152.32500", "2014-12-31": "153.11300", "2014-09-30": "152.85700", "2014-06-30": "153.30600", "2014-03-31": "153.60400", "2013-12-31": "153.77300", "2013-09-30": "154.35700", "2013-06-30": "154.85900", "2013-03-31": "154.96600", "2012-12-31": "154.84100", "2012-09-30": "155.13100", "2012-06-30": "155.10100", "2012-03-31": "155.91000", "2011-12-31": "155.65100", "2011-09-30": "155.65300", "2011-06-30": "156.76700", "2011-03-31": "157.54300", "2010-12-31": "157.63600", "2010-09-30": "157.53500", "2010-06-30": "157.61300", "2010-03-31": "158.79200", "2009-12-31": "158.91800", "2009-09-30": "159.55200", "2009-06-30": "159.53100", "2009-03-31": "159.44600", "2008-12-31": "159.44300", "2008-09-30": "160.55700", "2008-06-30": "162.47700", "2008-03-31": "163.81800", "2007-12-31": "166.06500", "2007-09-30": "167.90000", "2007-06-30": "169.93000", "2007-03-31": "170.37800", "2006-12-31": "170.53100", "2006-09-30": "170.40300", "2006-06-30": "171.30800", "2006-03-31": "172.67800", "2005-12-31": "173.03300", "2005-09-30": "173.52200", "2005-06-30": "174.06100", "2005-03-31": "174.45000"}, "Retained Earnings (Accumulated Deficit)": {"2020-09-30": "3923.11300", "2020-06-30": "3809.56400", "2020-03-31": "4487.90400", "2019-12-31": "4571.86000", "2019-09-30": "4674.91800", "2019-06-30": "4630.48000", "2019-03-31": "4517.43000", "2018-12-31": "4341.21200", "2018-09-30": "4349.01400", "2018-06-30": "4236.35900", "2018-03-31": "4114.47200", "2017-12-31": "4049.96500", "2017-09-30": "4042.40400", "2017-06-30": "4001.07300", "2017-03-31": "3964.18400", "2016-12-31": "4001.73400", "2016-09-30": "3983.98400", "2016-06-30": "3920.77500", "2016-03-31": "3899.58200", "2015-12-31": "3885.75100", "2015-09-30": "3883.40300", "2015-06-30": "3867.29800", "2015-03-31": "3825.71600", "2014-12-31": "3841.93200", "2014-09-30": "3764.80700", "2014-06-30": "3703.46200", "2014-03-31": "3624.64200", "2013-12-31": "3578.02100", "2013-09-30": "3570.35600", "2013-06-30": "3521.73500", "2013-03-31": "3407.31700", "2012-12-31": "3344.53800", "2012-09-30": "3321.51700", "2012-06-30": "3225.15200", "2012-03-31": "3182.11800", "2011-12-31": "3070.39400", "2011-09-30": "3051.46700", "2011-06-30": "3023.73700", "2011-03-31": "2982.74800", "2010-12-31": "2934.53500", "2010-09-30": "2880.15500", "2010-06-30": "2815.42700", "2010-03-31": "2802.36900", "2009-12-31": "2772.30900", "2009-09-30": "2752.45000", "2009-06-30": "2708.62900", "2009-03-31": "2671.22400", "2008-12-31": "2643.45100", "2008-09-30": "2659.32100", "2008-06-30": "2663.60600", "2008-03-31": "2644.11600", "2007-12-31": "2674.36600", "2007-09-30": "2692.08500", "2007-06-30": "2718.09500", "2007-03-31": "2671.81700", "2006-12-31": "2621.99400", "2006-09-30": "2554.08500", "2006-06-30": "2524.03100", "2006-03-31": "2516.19600", "2005-12-31": "2475.38900", "2005-09-30": "2434.51000", "2005-06-30": "2394.84900", "2005-03-31": "2338.33100"}, "Comprehensive Income": {"2020-09-30": "-1166.57200", "2020-06-30": "-1212.37200", "2020-03-31": "-1333.32900", "2019-12-31": "-1141.30800", "2019-09-30": "-1268.58000", "2019-06-30": "-1195.17900", "2019-03-31": "-1189.98700", "2018-12-31": "-1115.07800", "2018-09-30": "-962.27700", "2018-06-30": "-943.35100", "2018-03-31": "-819.25800", "2017-12-31": "-852.59200", "2017-09-30": "-876.93400", "2017-06-30": "-921.38900", "2017-03-31": "-950.26900", "2016-12-31": "-1013.02100", "2016-09-30": "-865.51000", "2016-06-30": "-882.16500", "2016-03-31": "-862.51900", "2015-12-31": "-930.61800", "2015-09-30": "-914.58600", "2015-06-30": "-809.50100", "2015-03-31": "-827.68200", "2014-12-31": "-720.21100", "2014-09-30": "-446.85400", "2014-06-30": "-351.41500", "2014-03-31": "-393.76200", "2013-12-31": "-397.65500", "2013-09-30": "-581.65200", "2013-06-30": "-600.22300", "2013-03-31": "-497.93400", "2012-12-31": "-501.49200", "2012-09-30": "-420.84500", "2012-06-30": "-458.44400", "2012-03-31": "-453.51900", "2011-12-31": "-482.03800", "2011-09-30": "-325.39200", "2011-06-30": "-258.48000", "2011-03-31": "-270.02900", "2010-12-31": "-298.35200", "2010-09-30": "-268.50200", "2010-06-30": "-308.54000", "2010-03-31": "-283.57900", "2009-12-31": "-309.89700", "2009-09-30": "-313.78800", "2009-06-30": "-366.97300", "2009-03-31": "-491.91700", "2008-12-31": "-478.56200", "2008-09-30": "-150.77300", "2008-06-30": "-128.84200", "2008-03-31": "-138.26000", "2007-12-31": "-123.71500", "2007-09-30": "-150.02200", "2007-06-30": "-190.49600", "2007-03-31": "-233.81200", "2006-12-31": "-242.53400", "2006-09-30": "60.52400", "2006-06-30": "59.98700", "2006-03-31": "43.08500", "2005-12-31": "45.53500", "2005-09-30": "42.43500", "2005-06-30": "20.41500", "2005-03-31": "24.50300"}, "Other Share Holders Equity": {"2020-09-30": "", "2020-06-30": "", "2020-03-31": "", "2019-12-31": "", "2019-09-30": "", "2019-06-30": "", "2019-03-31": "", "2018-12-31": "", "2018-09-30": "", "2018-06-30": "", "2018-03-31": "", "2017-12-31": "", "2017-09-30": "", "2017-06-30": "", "2017-03-31": "", "2016-12-31": "", "2016-09-30": "", "2016-06-30": "", "2016-03-31": "", "2015-12-31": "", "2015-09-30": "", "2015-06-30": "", "2015-03-31": "", "2014-12-31": "", "2014-09-30": "", "2014-06-30": "", "2014-03-31": "", "2013-12-31": "", "2013-09-30": "", "2013-06-30": "", "2013-03-31": "", "2012-12-31": "", "2012-09-30": "", "2012-06-30": "", "2012-03-31": "", "2011-12-31": "", "2011-09-30": "", "2011-06-30": "", "2011-03-31": "", "2010-12-31": "", "2010-09-30": "", "2010-06-30": "", "2010-03-31": "", "2009-12-31": "", "2009-09-30": "", "2009-06-30": "", "2009-03-31": "", "2008-12-31": "", "2008-09-30": "", "2008-06-30": "", "2008-03-31": "", "2007-12-31": "", "2007-09-30": "", "2007-06-30": "", "2007-03-31": "", "2006-12-31": "", "2006-09-30": "", "2006-06-30": "", "2006-03-31": "", "2005-12-31": "", "2005-09-30": "", "2005-06-30": "", "2005-03-31": ""}, "Share Holder Equity": {"2020-09-30": "3034.77300", "2020-06-30": "2870.88800", "2020-03-31": "3423.03100", "2019-12-31": "3695.50000", "2019-09-30": "3664.73700", "2019-06-30": "3687.97500", "2019-03-31": "3572.83200", "2018-12-31": "3471.99100", "2018-09-30": "3663.07900", "2018-06-30": "3562.32700", "2018-03-31": "3561.38100", "2017-12-31": "3464.15600", "2017-09-30": "3390.12800", "2017-06-30": "3301.34300", "2017-03-31": "3232.34400", "2016-12-31": "3207.35600", "2016-09-30": "3335.29400", "2016-06-30": "3250.22900", "2016-03-31": "3243.71200", "2015-12-31": "3159.24200", "2015-09-30": "3171.02400", "2015-06-30": "3255.49800", "2015-03-31": "3191.04200", "2014-12-31": "3312.36400", "2014-09-30": "3508.14800", "2014-06-30": "3537.49400", "2014-03-31": "3411.20900", "2013-12-31": "3358.76800", "2013-09-30": "3153.17500", "2013-06-30": "3086.13900", "2013-03-31": "3074.44300", "2012-12-31": "3008.17900", "2012-09-30": "3066.16900", "2012-06-30": "2931.82200", "2012-03-31": "2893.99400", "2011-12-31": "2753.59100", "2011-09-30": "2891.39100", "2011-06-30": "2931.29600", "2011-03-31": "2878.86800", "2010-12-31": "2802.71400", "2010-09-30": "2777.78200", "2010-06-30": "2673.20700", "2010-03-31": "2685.56600", "2009-12-31": "2629.37200", "2009-09-30": "2614.34200", "2009-06-30": "2515.68400", "2009-03-31": "2408.43000", "2008-12-31": "2393.37800", "2008-09-30": "2669.10500", "2008-06-30": "2697.24100", "2008-03-31": "2669.67400", "2007-12-31": "2716.71600", "2007-09-30": "2709.96300", "2007-06-30": "2697.52900", "2007-03-31": "2608.38300", "2006-12-31": "2549.99100", "2006-09-30": "2785.01200", "2006-06-30": "2755.32600", "2006-03-31": "2731.95900", "2005-12-31": "2693.95700", "2005-09-30": "2650.46700", "2005-06-30": "2599.43200", "2005-03-31": "2568.60000"}, "Total Liabilities And Share Holders Equity": {"2020-09-30": "13475.46000", "2020-06-30": "13263.96000", "2020-03-31": "14451.36000", "2019-12-31": "14645.63000", "2019-09-30": "14513.19000", "2019-06-30": "14639.47000", "2019-03-31": "14070.53000", "2018-12-31": "12683.04000", "2018-09-30": "12657.12000", "2018-06-30": "12566.52000", "2018-03-31": "12759.39000", "2017-12-31": "12412.38000", "2017-09-30": "9494.23400", "2017-06-30": "9412.14400", "2017-03-31": "9166.82600", "2016-12-31": "8859.40000", "2016-09-30": "8749.37200", "2016-06-30": "8634.10900", "2016-03-31": "8450.52700", "2015-12-31": "8144.77100", "2015-09-30": "8203.12800", "2015-06-30": "8413.63300", "2015-03-31": "8238.35500", "2014-12-31": "8246.23800", "2014-09-30": "8341.45700", "2014-06-30": "8251.54800", "2014-03-31": "7982.37400", "2013-12-31": "7680.29700", "2013-09-30": "7943.90300", "2013-06-30": "7660.31300", "2013-03-31": "7338.46200", "2012-12-31": "6807.06100", "2012-09-30": "6445.88200", "2012-06-30": "6184.92900", "2012-03-31": "6095.82900", "2011-12-31": "6202.77400", "2011-09-30": "5784.71800", "2011-06-30": "5717.00100", "2011-03-31": "5569.52000", "2010-12-31": "5465.04400", "2010-09-30": "5413.77000", "2010-06-30": "5219.36000", "2010-03-31": "5168.76200", "2009-12-31": "5004.68900", "2009-09-30": "4977.24100", "2009-06-30": "4854.94400", "2009-03-31": "4724.85500", "2008-12-31": "4786.35000", "2008-09-30": "4819.25800", "2008-06-30": "4797.34300", "2008-03-31": "4755.41800", "2007-12-31": "4774.06900", "2007-09-30": "4835.09400", "2007-06-30": "4725.07600", "2007-03-31": "4626.06300", "2006-12-31": "4496.98400", "2006-09-30": "4911.94200", "2006-06-30": "4845.95300", "2006-03-31": "4815.40600", "2005-12-31": "4771.53800", "2005-09-30": "4769.29300", "2005-06-30": "4610.79100", "2005-03-31": "4530.97200"}}, "cash flow statement": {"Net Income/Loss": {"2019-12-31": "621.08500", "2018-12-31": "810.47400", "2017-12-31": "616.75700", "2016-12-31": "687.24000", "2015-12-31": "705.67200", "2014-12-31": "711.28600", "2013-12-31": "684.95900", "2012-12-31": "648.04100", "2011-12-31": "565.11600", "2010-12-31": "475.51100", "2009-12-31": "399.57500", "2008-12-31": "475.41700", "2007-12-31": "506.33900", "2006-12-31": "475.40500", "2005-12-31": "437.43400"}, "Total Depreciation And Amortization - Cash Flow": {"2019-12-31": "352.25600", "2018-12-31": "241.63500", "2017-12-31": "167.69100", "2016-12-31": "147.48700", "2015-12-31": "141.67500", "2014-12-31": "148.31300", "2013-12-31": "133.95700", "2012-12-31": "98.38300", "2011-12-31": "88.93600", "2010-12-31": "89.33200", "2009-12-31": "90.41100", "2008-12-31": "88.69800", "2007-12-31": "87.70200", "2006-12-31": "73.42300", "2005-12-31": "65.52900"}, "Other Non-Cash Items": {"2019-12-31": "-40.96600", "2018-12-31": "20.37500", "2017-12-31": "79.74800", "2016-12-31": "25.68700", "2015-12-31": "43.04800", "2014-12-31": "49.07300", "2013-12-31": "-85.60800", "2012-12-31": "10.53700", "2011-12-31": "-3.15800", "2010-12-31": "14.07400", "2009-12-31": "33.40400", "2008-12-31": "-28.54600", "2007-12-31": "-0.41800", "2006-12-31": "7.96200", "2005-12-31": "56.65700"}, "Total Non-Cash Items": {"2019-12-31": "311.29000", "2018-12-31": "262.01000", "2017-12-31": "247.43900", "2016-12-31": "173.17400", "2015-12-31": "184.72300", "2014-12-31": "197.38600", "2013-12-31": "48.34900", "2012-12-31": "108.92000", "2011-12-31": "85.77800", "2010-12-31": "103.40600", "2009-12-31": "123.81500", "2008-12-31": "60.15200", "2007-12-31": "87.28400", "2006-12-31": "81.38500", "2005-12-31": "122.18600"}, "Change In Accounts Receivable": {"2019-12-31": "-116.14500", "2018-12-31": "-72.04100", "2017-12-31": "-19.27300", "2016-12-31": "-53.54400", "2015-12-31": "1.97400", "2014-12-31": "-225.17800", "2013-12-31": "-116.08000", "2012-12-31": "13.36600", "2011-12-31": "-85.01100", "2010-12-31": "-140.56200", "2009-12-31": "69.25800", "2008-12-31": "-19.69500", "2007-12-31": "38.33000", "2006-12-31": "-31.82100", "2005-12-31": "-59.94900"}, "Change In Inventories": {"2019-12-31": "-66.20200", "2018-12-31": "-73.17300", "2017-12-31": "-9.92300", "2016-12-31": "-64.21400", "2015-12-31": "-21.82100", "2014-12-31": "-100.82000", "2013-12-31": "-79.25300", "2012-12-31": "-25.84500", "2011-12-31": "-19.62400", "2010-12-31": "44.86500", "2009-12-31": "194.74300", "2008-12-31": "-20.70900", "2007-12-31": "-42.08700", "2006-12-31": "-7.24000", "2005-12-31": "-19.86900"}, "Change In Accounts Payable": {"2019-12-31": "70.67900", "2018-12-31": "364.63900", "2017-12-31": "61.47400", "2016-12-31": "240.71700", "2015-12-31": "331.41900", "2014-12-31": "292.25700", "2013-12-31": "473.42400", "2012-12-31": "220.69400", "2011-12-31": "85.76600", "2010-12-31": "280.73900", "2009-12-31": "49.94700", "2008-12-31": "-14.30700", "2007-12-31": "65.10300", "2006-12-31": "-66.11600", "2005-12-31": "112.08700"}, "Change In Assets/Liabilities": {"2019-12-31": "85.10400", "2018-12-31": "-148.32400", "2017-12-31": "-63.39100", "2016-12-31": "-37.29500", "2015-12-31": "-42.59400", "2014-12-31": "-84.78600", "2013-12-31": "45.33200", "2012-12-31": "-58.73800", "2011-12-31": "-7.09800", "2010-12-31": "-85.29600", "2009-12-31": "7.96000", "2008-12-31": "49.45100", "2007-12-31": "-13.49800", "2006-12-31": "-18.11300", "2005-12-31": "-151.37200"}, "Total Change In Assets/Liabilities": {"2019-12-31": "-26.56400", "2018-12-31": "71.10100", "2017-12-31": "-31.11300", "2016-12-31": "85.66400", "2015-12-31": "268.97800", "2014-12-31": "-118.52700", "2013-12-31": "323.42300", "2012-12-31": "149.47700", "2011-12-31": "-25.96700", "2010-12-31": "99.74600", "2009-12-31": "321.90800", "2008-12-31": "-5.26000", "2007-12-31": "47.84800", "2006-12-31": "-123.29000", "2005-12-31": "-119.10300"}, "Cash Flow From Operating Activities": {"2019-12-31": "892.01000", "2018-12-31": "1145.16400", "2017-12-31": "815.04300", "2016-12-31": "946.07800", "2015-12-31": "1159.37300", "2014-12-31": "790.14500", "2013-12-31": "1056.73100", "2012-12-31": "906.43800", "2011-12-31": "624.92700", "2010-12-31": "678.66300", "2009-12-31": "845.29800", "2008-12-31": "530.30900", "2007-12-31": "641.47100", "2006-12-31": "433.50000", "2005-12-31": "440.51700"}, "Net Change In Property, Plant, And Equipment": {"2019-12-31": "-273.09700", "2018-12-31": "-217.75700", "2017-12-31": "-135.48500", "2016-12-31": "-131.83200", "2015-12-31": "-100.92600", "2014-12-31": "-98.81500", "2013-12-31": "-113.40600", "2012-12-31": "-93.48300", "2011-12-31": "-94.56100", "2010-12-31": "-81.70300", "2009-12-31": "-130.21700", "2008-12-31": "-93.30500", "2007-12-31": "-47.99200", "2006-12-31": "-121.59200", "2005-12-31": "-78.60400"}, "Net Change In Intangible Assets": {"2019-12-31": "", "2018-12-31": "", "2017-12-31": "", "2016-12-31": "", "2015-12-31": "", "2014-12-31": "", "2013-12-31": "", "2012-12-31": "", "2011-12-31": "", "2010-12-31": "", "2009-12-31": "", "2008-12-31": "", "2007-12-31": "", "2006-12-31": "", "2005-12-31": ""}, "Net Acquisitions/Divestitures": {"2019-12-31": "-290.10900", "2018-12-31": "-278.36700", "2017-12-31": "-1494.79500", "2016-12-31": "-462.16700", "2015-12-31": "-162.70100", "2014-12-31": "-287.90000", "2013-12-31": "-712.17300", "2012-12-31": "-558.38400", "2011-12-31": "-136.93600", "2010-12-31": "-90.64500", "2009-12-31": "-134.20300", "2008-12-31": "-121.02900", "2007-12-31": "-39.60600", "2006-12-31": "-29.00700", "2005-12-31": "8.43000"}, "Net Change In Short-term Investments": {"2019-12-31": "", "2018-12-31": "", "2017-12-31": "", "2016-12-31": "", "2015-12-31": "", "2014-12-31": "", "2013-12-31": "", "2012-12-31": "", "2011-12-31": "", "2010-12-31": "", "2009-12-31": "", "2008-12-31": "", "2007-12-31": "", "2006-12-31": "", "2005-12-31": ""}, "Net Change In Long-Term Investments": {"2019-12-31": "", "2018-12-31": "", "2017-12-31": "", "2016-12-31": "", "2015-12-31": "", "2014-12-31": "", "2013-12-31": "", "2012-12-31": "", "2011-12-31": "", "2010-12-31": "", "2009-12-31": "", "2008-12-31": "", "2007-12-31": "", "2006-12-31": "", "2005-12-31": ""}, "Net Change In Investments - Total": {"2019-12-31": "", "2018-12-31": "", "2017-12-31": "", "2016-12-31": "", "2015-12-31": "", "2014-12-31": "", "2013-12-31": "", "2012-12-31": "", "2011-12-31": "", "2010-12-31": "", "2009-12-31": "", "2008-12-31": "", "2007-12-31": "", "2006-12-31": "", "2005-12-31": ""}, "Investing Activities - Other": {"2019-12-31": "", "2018-12-31": "", "2017-12-31": "", "2016-12-31": "", "2015-12-31": "", "2014-12-31": "", "2013-12-31": "", "2012-12-31": "", "2011-12-31": "", "2010-12-31": "", "2009-12-31": "", "2008-12-31": "", "2007-12-31": "", "2006-12-31": "5.00000", "2005-12-31": ""}, "Cash Flow From Investing Activities": {"2019-12-31": "-563.20600", "2018-12-31": "-496.12400", "2017-12-31": "-1630.28000", "2016-12-31": "-593.99900", "2015-12-31": "-263.62700", "2014-12-31": "-386.71500", "2013-12-31": "-825.57900", "2012-12-31": "-651.86700", "2011-12-31": "-231.49700", "2010-12-31": "-172.34800", "2009-12-31": "-264.42000", "2008-12-31": "-214.33400", "2007-12-31": "-87.59800", "2006-12-31": "-145.59900", "2005-12-31": "-70.17400"}, "Net Long-Term Debt": {"2019-12-31": "139.39890", "2018-12-31": "-59.97410", "2017-12-31": "1446.29700", "2016-12-31": "250.00000", "2015-12-31": "-142.96680", "2014-12-31": "-7.93800", "2013-12-31": "24.59600", "2012-12-31": "", "2011-12-31": "", "2010-12-31": "", "2009-12-31": "", "2008-12-31": "", "2007-12-31": "", "2006-12-31": "", "2005-12-31": ""}, "Net Current Debt": {"2019-12-31": "", "2018-12-31": "", "2017-12-31": "", "2016-12-31": "", "2015-12-31": "", "2014-12-31": "", "2013-12-31": "", "2012-12-31": "", "2011-12-31": "", "2010-12-31": "", "2009-12-31": "-52.00000", "2008-12-31": "52.00000", "2007-12-31": "", "2006-12-31": "-0.88100", "2005-12-31": "-0.08700"}, "Debt Issuance/Retirement Net - Total": {"2019-12-31": "139.39890", "2018-12-31": "-59.97410", "2017-12-31": "1446.29700", "2016-12-31": "250.00000", "2015-12-31": "-142.96680", "2014-12-31": "-7.93800", "2013-12-31": "24.59600", "2012-12-31": "", "2011-12-31": "", "2010-12-31": "", "2009-12-31": "-52.00000", "2008-12-31": "52.00000", "2007-12-31": "", "2006-12-31": "-0.88100", "2005-12-31": "-0.08700"}, "Net Common Equity Issued/Repurchased": {"2019-12-31": "-85.60000", "2018-12-31": "-102.21000", "2017-12-31": "-178.76300", "2016-12-31": "-197.56400", "2015-12-31": "-301.84700", "2014-12-31": "-117.99700", "2013-12-31": "-136.40100", "2012-12-31": "-88.86900", "2011-12-31": "-123.12700", "2010-12-31": "-65.92200", "2009-12-31": "-24.14100", "2008-12-31": "-272.17900", "2007-12-31": "-230.69000", "2006-12-31": "-114.80100", "2005-12-31": "-101.51400"}, "Net Total Equity Issued/Repurchased": {"2019-12-31": "-85.60000", "2018-12-31": "-102.21000", "2017-12-31": "-178.76300", "2016-12-31": "-197.56400", "2015-12-31": "-301.84700", "2014-12-31": "-117.99700", "2013-12-31": "-136.40100", "2012-12-31": "-88.86900", "2011-12-31": "-123.12700", "2010-12-31": "-65.92200", "2009-12-31": "-24.14100", "2008-12-31": "-272.17900", "2007-12-31": "-230.69000", "2006-12-31": "-114.80100", "2005-12-31": "-101.51400"}, "Total Common And Preferred Stock Dividends Paid": {"2019-12-31": "-438.89000", "2018-12-31": "-415.98300", "2017-12-31": "-395.47500", "2016-12-31": "-386.86300", "2015-12-31": "-368.28400", "2014-12-31": "-347.27100", "2013-12-31": "-326.21700", "2012-12-31": "-300.98300", "2011-12-31": "-276.36900", "2010-12-31": "-257.89800", "2009-12-31": "-253.55800", "2008-12-31": "-251.80800", "2007-12-31": "-243.24400", "2006-12-31": "-228.05200", "2005-12-31": "-215.86800"}, "Financial Activities - Other": {"2019-12-31": "-0.87100", "2018-12-31": "-30.66300", "2017-12-31": "", "2016-12-31": "12.02100", "2015-12-31": "7.02400", "2014-12-31": "17.76600", "2013-12-31": "12.90500", "2012-12-31": "11.01800", "2011-12-31": "5.35600", "2010-12-31": "3.25100", "2009-12-31": "-0.68400", "2008-12-31": "-0.58600", "2007-12-31": "4.43800", "2006-12-31": "3.00500", "2005-12-31": ""}, "Cash Flow From Financial Activities": {"2019-12-31": "-385.96200", "2018-12-31": "-608.83000", "2017-12-31": "872.05900", "2016-12-31": "-322.40600", "2015-12-31": "-806.07400", "2014-12-31": "-455.44000", "2013-12-31": "-425.11700", "2012-12-31": "-378.83400", "2011-12-31": "-394.14000", "2010-12-31": "-320.56900", "2009-12-31": "-330.38300", "2008-12-31": "-472.57300", "2007-12-31": "-469.49600", "2006-12-31": "-340.72900", "2005-12-31": "-317.46900"}, "Net Cash Flow": {"2019-12-31": "-56.55500", "2018-12-31": "18.64800", "2017-12-31": "72.02000", "2016-12-31": "31.24800", "2015-12-31": "73.90100", "2014-12-31": "-59.16300", "2013-12-31": "-206.20200", "2012-12-31": "-121.95900", "2011-12-31": "-4.91400", "2010-12-31": "193.16500", "2009-12-31": "269.02600", "2008-12-31": "-164.06000", "2007-12-31": "95.86400", "2006-12-31": "-52.93800", "2005-12-31": "53.97100"}, "Stock-Based Compensation": {"2019-12-31": "32.05000", "2018-12-31": "20.71600", "2017-12-31": "16.89200", "2016-12-31": "19.71900", "2015-12-31": "17.71700", "2014-12-31": "16.23900", "2013-12-31": "12.64800", "2012-12-31": "10.74700", "2011-12-31": "7.54700", "2010-12-31": "7.01600", "2009-12-31": "8.57800", "2008-12-31": "12.97700", "2007-12-31": "14.30000", "2006-12-31": "11.94800", "2005-12-31": "12.12600"}, "Common Stock Dividends Paid": {"2019-12-31": "-438.89000", "2018-12-31": "-415.98300", "2017-12-31": "-395.47500", "2016-12-31": "-386.86300", "2015-12-31": "-368.28400", "2014-12-31": "-347.27100", "2013-12-31": "-326.21700", "2012-12-31": "-300.98300", "2011-12-31": "-276.36900", "2010-12-31": "-257.89800", "2009-12-31": "-253.55800", "2008-12-31": "-251.80800", "2007-12-31": "-243.24400", "2006-12-31": "-228.05200", "2005-12-31": "-215.86800"}}, "cash flow statement, quarterly": {"Net Income/Loss": {"2020-09-30": 227.531, "2020-06-30": -564.372, "2020-03-31": "136.53500", "2019-12-31": 8.918, "2019-09-30": 227.487, "2019-06-30": 224.43, "2019-03-31": "160.25000", "2018-12-31": 186.699, "2018-09-30": 220.227, "2018-06-30": 226.972, "2018-03-31": "176.57600", "2017-12-31": 108.183, "2017-09-30": 158.442, "2017-06-30": 189.972, "2017-03-31": "160.16000", "2016-12-31": 152.52, "2016-09-30": 185.326, "2016-06-30": 191.369, "2016-03-31": "158.02500", "2015-12-31": 161.273, "2015-09-30": 188.016, "2015-06-30": 195.373, "2015-03-31": "161.01000", "2014-12-31": 165.559, "2014-09-30": 190.516, "2014-06-30": 197.727, "2014-03-31": "157.48400", "2013-12-31": 150.467, "2013-09-30": 173.746, "2013-06-30": 216.357, "2013-03-31": "144.38900", "2012-12-31": 160.225, "2012-09-30": 172.943, "2012-06-30": 168.618, "2012-03-31": "146.25500", "2011-12-31": 134.957, "2011-09-30": 151.832, "2011-06-30": 151.812, "2011-03-31": "126.51500", "2010-12-31": 118.65, "2010-09-30": 131.785, "2010-06-30": 124.467, "2010-03-31": "100.60900", "2009-12-31": 99.167, "2009-09-30": 107.639, "2009-06-30": 103.61, "2009-03-31": "89.15900", "2008-12-31": 87.784, "2008-09-30": 131.017, "2008-06-30": 133.073, "2008-03-31": "123.54300", "2007-12-31": 126.085, "2007-09-30": 128.58, "2007-06-30": 130.121, "2007-03-31": "121.55300", "2006-12-31": 119.467, "2006-09-30": 121.333, "2006-06-30": 120.68, "2006-03-31": "113.92500", "2005-12-31": 108.993, "2005-09-30": 110.876, "2005-06-30": 110.967, "2005-03-31": "106.59800"}, "Total Depreciation And Amortization - Cash Flow": {"2020-09-30": 69.097, "2020-06-30": 570.265, "2020-03-31": "70.44300", "2019-12-31": 165.288, "2019-09-30": 65.667, "2019-06-30": 59.324, "2019-03-31": "61.97700", "2018-12-31": 63.739, "2018-09-30": 61.082, "2018-06-30": 58.451, "2018-03-31": "58.36300", "2017-12-31": 50.051, "2017-09-30": 40.276, "2017-06-30": 39.232, "2017-03-31": "38.13200", "2016-12-31": 39.24, "2016-09-30": 37.682, "2016-06-30": 35.911, "2016-03-31": "34.65400", "2015-12-31": 35.911, "2015-09-30": 34.277, "2015-06-30": 35.603, "2015-03-31": "35.88400", "2014-12-31": 39.69, "2014-09-30": 34.983, "2014-06-30": 36.784, "2014-03-31": "36.85600", "2013-12-31": 35.885, "2013-09-30": 35.22, "2013-06-30": 36.853, "2013-03-31": "25.99900", "2012-12-31": 25.054, "2012-09-30": 25.609, "2012-06-30": 24.735, "2012-03-31": "22.98500", "2011-12-31": 21.998, "2011-09-30": 21.465, "2011-06-30": 22.928, "2011-03-31": "22.54500", "2010-12-31": 21.91, "2010-09-30": 22.093, "2010-06-30": 23.186, "2010-03-31": "22.14300", "2009-12-31": 22.917, "2009-09-30": 22.562, "2009-06-30": 22.411, "2009-03-31": "22.52100", "2008-12-31": 22.229, "2008-09-30": 21.768, "2008-06-30": 22.017, "2008-03-31": "22.68400", "2007-12-31": 23.688, "2007-09-30": 21.994, "2007-06-30": 21.318, "2007-03-31": "20.70200", "2006-12-31": 17.932, "2006-09-30": 20.236, "2006-06-30": 17.632, "2006-03-31": "17.62300", "2005-12-31": 14.1, "2005-09-30": 17.169, "2005-06-30": 17.189, "2005-03-31": "17.07100"}, "Other Non-Cash Items": {"2020-09-30": 12.02, "2020-06-30": 202.826, "2020-03-31": "5.22800", "2019-12-31": -40.362, "2019-09-30": -5.585, "2019-06-30": 2.783, "2019-03-31": "2.19800", "2018-12-31": 8.037, "2018-09-30": 5.902, "2018-06-30": 5.267, "2018-03-31": "1.16900", "2017-12-31": 69.34, "2017-09-30": 4.567, "2017-06-30": 4.67, "2017-03-31": "1.17100", "2016-12-31": 20.8, "2016-09-30": 2.425, "2016-06-30": 3.357, "2016-03-31": "-0.89500", "2015-12-31": 34.847, "2015-09-30": 4.855, "2015-06-30": 3.764, "2015-03-31": "-0.41800", "2014-12-31": 43.701, "2014-09-30": 3.465, "2014-06-30": 2.94, "2014-03-31": "-1.03300", "2013-12-31": -82.52, "2013-09-30": 0.867, "2013-06-30": -2.592, "2013-03-31": "-1.36300", "2012-12-31": 11.678, "2012-09-30": 0.934, "2012-06-30": 1.511, "2012-03-31": "-3.58600", "2011-12-31": -6.547, "2011-09-30": 1.168, "2011-06-30": 2.238, "2011-03-31": "-0.01700", "2010-12-31": 10.9, "2010-09-30": 1.126, "2010-06-30": 0.957, "2010-03-31": "1.09100", "2009-12-31": 26.758, "2009-09-30": 1.907, "2009-06-30": 2.369, "2009-03-31": "2.37000", "2008-12-31": -38.251, "2008-09-30": 3.433, "2008-06-30": 4.889, "2008-03-31": "1.38300", "2007-12-31": -6.992, "2007-09-30": 3.158, "2007-06-30": 3.066, "2007-03-31": "0.35000", "2006-12-31": 1.113, "2006-09-30": 3.079, "2006-06-30": 2.329, "2006-03-31": "1.44100", "2005-12-31": 51.784, "2005-09-30": 1.826, "2005-06-30": 2.012, "2005-03-31": "1.03500"}, "Total Non-Cash Items": {"2020-09-30": 81.117, "2020-06-30": 773.091, "2020-03-31": "75.67100", "2019-12-31": 124.926, "2019-09-30": 60.082, "2019-06-30": 62.107, "2019-03-31": "64.17500", "2018-12-31": 71.776, "2018-09-30": 66.984, "2018-06-30": 63.718, "2018-03-31": "59.53200", "2017-12-31": 119.391, "2017-09-30": 44.843, "2017-06-30": 43.902, "2017-03-31": "39.30300", "2016-12-31": 60.04, "2016-09-30": 40.107, "2016-06-30": 39.268, "2016-03-31": "33.75900", "2015-12-31": 70.758, "2015-09-30": 39.132, "2015-06-30": 39.367, "2015-03-31": "35.46600", "2014-12-31": 83.391, "2014-09-30": 38.448, "2014-06-30": 39.724, "2014-03-31": "35.82300", "2013-12-31": -46.635, "2013-09-30": 36.087, "2013-06-30": 34.261, "2013-03-31": "24.63600", "2012-12-31": 36.732, "2012-09-30": 26.543, "2012-06-30": 26.246, "2012-03-31": "19.39900", "2011-12-31": 15.451, "2011-09-30": 22.633, "2011-06-30": 25.166, "2011-03-31": "22.52800", "2010-12-31": 32.81, "2010-09-30": 23.219, "2010-06-30": 24.143, "2010-03-31": "23.23400", "2009-12-31": 49.675, "2009-09-30": 24.469, "2009-06-30": 24.78, "2009-03-31": "24.89100", "2008-12-31": -16.022, "2008-09-30": 25.201, "2008-06-30": 26.906, "2008-03-31": "24.06700", "2007-12-31": 16.696, "2007-09-30": 25.152, "2007-06-30": 24.384, "2007-03-31": "21.05200", "2006-12-31": 19.045, "2006-09-30": 23.315, "2006-06-30": 19.961, "2006-03-31": "19.06400", "2005-12-31": 65.884, "2005-09-30": 18.995, "2005-06-30": 19.201, "2005-03-31": "18.10600"}, "Change In Accounts Receivable": {"2020-09-30": 0, "2020-06-30": 0, "2020-03-31": "", "2019-12-31": -116.145, "2019-09-30": 0, "2019-06-30": 0, "2019-03-31": "", "2018-12-31": -72.041, "2018-09-30": 0, "2018-06-30": 0, "2018-03-31": "", "2017-12-31": -19.273, "2017-09-30": 0, "2017-06-30": 0, "2017-03-31": "", "2016-12-31": -53.544, "2016-09-30": 0, "2016-06-30": 0, "2016-03-31": "", "2015-12-31": 1.974, "2015-09-30": 0, "2015-06-30": 0, "2015-03-31": "", "2014-12-31": -225.178, "2014-09-30": 0, "2014-06-30": 0, "2014-03-31": "", "2013-12-31": -116.08, "2013-09-30": 0, "2013-06-30": 0, "2013-03-31": "", "2012-12-31": 13.366, "2012-09-30": 0, "2012-06-30": 0, "2012-03-31": "", "2011-12-31": -85.011, "2011-09-30": 0, "2011-06-30": 0, "2011-03-31": "", "2010-12-31": -140.562, "2010-09-30": 0, "2010-06-30": 0, "2010-03-31": "", "2009-12-31": 69.258, "2009-09-30": 0, "2009-06-30": 0, "2009-03-31": "", "2008-12-31": -19.695, "2008-09-30": 0, "2008-06-30": 0, "2008-03-31": "", "2007-12-31": 38.33, "2007-09-30": 0, "2007-06-30": 0, "2007-03-31": "", "2006-12-31": -31.821, "2006-09-30": 0, "2006-06-30": 0, "2006-03-31": "", "2005-12-31": -59.949, "2005-09-30": 0, "2005-06-30": 0, "2005-03-31": ""}, "Change In Inventories": {"2020-09-30": 0, "2020-06-30": 0, "2020-03-31": "", "2019-12-31": -66.202, "2019-09-30": 0, "2019-06-30": 0, "2019-03-31": "", "2018-12-31": -73.173, "2018-09-30": 0, "2018-06-30": 0, "2018-03-31": "", "2017-12-31": -9.923, "2017-09-30": 0, "2017-06-30": 0, "2017-03-31": "", "2016-12-31": -64.214, "2016-09-30": 0, "2016-06-30": 0, "2016-03-31": "", "2015-12-31": -21.821, "2015-09-30": 0, "2015-06-30": 0, "2015-03-31": "", "2014-12-31": -100.82, "2014-09-30": 0, "2014-06-30": 0, "2014-03-31": "", "2013-12-31": -79.253, "2013-09-30": 0, "2013-06-30": 0, "2013-03-31": "", "2012-12-31": -25.845, "2012-09-30": 0, "2012-06-30": 0, "2012-03-31": "", "2011-12-31": -19.624, "2011-09-30": 0, "2011-06-30": 0, "2011-03-31": "", "2010-12-31": 44.865, "2010-09-30": 0, "2010-06-30": 0, "2010-03-31": "", "2009-12-31": 194.743, "2009-09-30": 0, "2009-06-30": 0, "2009-03-31": "", "2008-12-31": -20.709, "2008-09-30": 0, "2008-06-30": 0, "2008-03-31": "", "2007-12-31": -42.087, "2007-09-30": 0, "2007-06-30": 0, "2007-03-31": "", "2006-12-31": -7.24, "2006-09-30": 0, "2006-06-30": 0, "2006-03-31": "", "2005-12-31": -19.869, "2005-09-30": 0, "2005-06-30": 0, "2005-03-31": ""}, "Change In Accounts Payable": {"2020-09-30": 0, "2020-06-30": 0, "2020-03-31": "", "2019-12-31": 70.679, "2019-09-30": 0, "2019-06-30": 0, "2019-03-31": "", "2018-12-31": 364.639, "2018-09-30": 0, "2018-06-30": 0, "2018-03-31": "", "2017-12-31": 61.474, "2017-09-30": 0, "2017-06-30": 0, "2017-03-31": "", "2016-12-31": 240.717, "2016-09-30": 0, "2016-06-30": 0, "2016-03-31": "", "2015-12-31": 331.419, "2015-09-30": 0, "2015-06-30": 0, "2015-03-31": "", "2014-12-31": 292.257, "2014-09-30": 0, "2014-06-30": 0, "2014-03-31": "", "2013-12-31": 473.424, "2013-09-30": 0, "2013-06-30": 0, "2013-03-31": "", "2012-12-31": 220.694, "2012-09-30": 0, "2012-06-30": 0, "2012-03-31": "", "2011-12-31": 85.766, "2011-09-30": 0, "2011-06-30": 0, "2011-03-31": "", "2010-12-31": 280.739, "2010-09-30": 0, "2010-06-30": 0, "2010-03-31": "", "2009-12-31": 49.947, "2009-09-30": 0, "2009-06-30": 0, "2009-03-31": "", "2008-12-31": -14.307, "2008-09-30": 0, "2008-06-30": 0, "2008-03-31": "", "2007-12-31": 65.103, "2007-09-30": 0, "2007-06-30": 0, "2007-03-31": "", "2006-12-31": -66.116, "2006-09-30": 0, "2006-06-30": 0, "2006-03-31": "", "2005-12-31": 112.087, "2005-09-30": 0, "2005-06-30": 0, "2005-03-31": ""}, "Change In Assets/Liabilities": {"2020-09-30": 197.816, "2020-06-30": 638.117, "2020-03-31": "-138.32200", "2019-12-31": 205.777, "2019-09-30": 142.324, "2019-06-30": -73.265, "2019-03-31": "-189.73200", "2018-12-31": -259.841, "2018-09-30": 183.24, "2018-06-30": 26.018, "2018-03-31": "-97.74100", "2017-12-31": 30.874, "2017-09-30": -6.212, "2017-06-30": 9.59, "2017-03-31": "-97.64300", "2016-12-31": -130.793, "2016-09-30": -14.573, "2016-06-30": 164.81, "2016-03-31": "-56.73900", "2015-12-31": -280.217, "2015-09-30": 214.731, "2015-06-30": 96.856, "2015-03-31": "-73.96400", "2014-12-31": -14.387, "2014-09-30": -6.743, "2014-06-30": 69.872, "2014-03-31": "-133.52800", "2013-12-31": -213.285, "2013-09-30": 160.131, "2013-06-30": 151.066, "2013-03-31": "-52.58000", "2012-12-31": -264.565, "2012-09-30": 144.329, "2012-06-30": 54.805, "2012-03-31": "6.69300", "2011-12-31": -4.02, "2011-09-30": 72.992, "2011-06-30": 19.562, "2011-03-31": "-95.63200", "2010-12-31": -225.598, "2010-09-30": 59.902, "2010-06-30": 64.617, "2010-03-31": "15.78300", "2009-12-31": -382.078, "2009-09-30": 145.304, "2009-06-30": 159.169, "2009-03-31": "85.56500", "2008-12-31": 47.615, "2008-09-30": 33.029, "2008-06-30": -28.666, "2008-03-31": "-2.52700", "2007-12-31": -167.747, "2007-09-30": 100.879, "2007-06-30": -9.186, "2007-03-31": "62.55600", "2006-12-31": -11.796, "2006-09-30": 24.31, "2006-06-30": 42.883, "2006-03-31": "-73.51000", "2005-12-31": -258.623, "2005-09-30": 44.037, "2005-06-30": 73.197, "2005-03-31": "-9.98300"}, "Total Change In Assets/Liabilities": {"2020-09-30": 197.816, "2020-06-30": 638.117, "2020-03-31": "-138.32200", "2019-12-31": 94.109, "2019-09-30": 142.324, "2019-06-30": -73.265, "2019-03-31": "-189.73200", "2018-12-31": -40.416, "2018-09-30": 183.24, "2018-06-30": 26.018, "2018-03-31": "-97.74100", "2017-12-31": 63.152, "2017-09-30": -6.212, "2017-06-30": 9.59, "2017-03-31": "-97.64300", "2016-12-31": -7.834, "2016-09-30": -14.573, "2016-06-30": 164.81, "2016-03-31": "-56.73900", "2015-12-31": 31.355, "2015-09-30": 214.731, "2015-06-30": 96.856, "2015-03-31": "-73.96400", "2014-12-31": -48.128, "2014-09-30": -6.743, "2014-06-30": 69.872, "2014-03-31": "-133.52800", "2013-12-31": 64.806, "2013-09-30": 160.131, "2013-06-30": 151.066, "2013-03-31": "-52.58000", "2012-12-31": -56.35, "2012-09-30": 144.329, "2012-06-30": 54.805, "2012-03-31": "6.69300", "2011-12-31": -22.889, "2011-09-30": 72.992, "2011-06-30": 19.562, "2011-03-31": "-95.63200", "2010-12-31": -40.556, "2010-09-30": 59.902, "2010-06-30": 64.617, "2010-03-31": "15.78300", "2009-12-31": -68.13, "2009-09-30": 145.304, "2009-06-30": 159.169, "2009-03-31": "85.56500", "2008-12-31": -7.096, "2008-09-30": 33.029, "2008-06-30": -28.666, "2008-03-31": "-2.52700", "2007-12-31": -106.401, "2007-09-30": 100.879, "2007-06-30": -9.186, "2007-03-31": "62.55600", "2006-12-31": -116.973, "2006-09-30": 24.31, "2006-06-30": 42.883, "2006-03-31": "-73.51000", "2005-12-31": -226.354, "2005-09-30": 44.037, "2005-06-30": 73.197, "2005-03-31": "-9.98300"}, "Cash Flow From Operating Activities": {"2020-09-30": 506.464, "2020-06-30": 846.66, "2020-03-31": "74.06000", "2019-12-31": 214.152, "2019-09-30": 429.893, "2019-06-30": 186.235, "2019-03-31": "61.73000", "2018-12-31": 219.638, "2018-09-30": 470.451, "2018-06-30": 316.708, "2018-03-31": "138.36700", "2017-12-31": 272.686, "2017-09-30": 197.073, "2017-06-30": 243.464, "2017-03-31": "101.82000", "2016-12-31": 204.726, "2016-09-30": 210.86, "2016-06-30": 395.447, "2016-03-31": "135.04500", "2015-12-31": 263.386, "2015-09-30": 441.879, "2015-06-30": 331.596, "2015-03-31": "122.51200", "2014-12-31": 200.822, "2014-09-30": 222.221, "2014-06-30": 307.323, "2014-03-31": "59.77900", "2013-12-31": 219.246, "2013-09-30": 370.407, "2013-06-30": 350.7, "2013-03-31": "116.37800", "2012-12-31": 141.618, "2012-09-30": 343.507, "2012-06-30": 249.016, "2012-03-31": "172.29700", "2011-12-31": 127.519, "2011-09-30": 247.457, "2011-06-30": 196.54, "2011-03-31": "53.41100", "2010-12-31": 110.241, "2010-09-30": 215.97, "2010-06-30": 212.807, "2010-03-31": "139.64500", "2009-12-31": 78.795, "2009-09-30": 277.672, "2009-06-30": 288.409, "2009-03-31": "200.42200", "2008-12-31": 61.304, "2008-09-30": 191.805, "2008-06-30": 131.313, "2008-03-31": "145.88700", "2007-12-31": 32.751, "2007-09-30": 255.96, "2007-06-30": 146.709, "2007-03-31": "206.05100", "2006-12-31": 18.865, "2006-09-30": 170.024, "2006-06-30": 184.556, "2006-03-31": "60.05500", "2005-12-31": -53.31, "2005-09-30": 176.6, "2005-06-30": 201.016, "2005-03-31": "116.21100"}, "Net Change In Property, Plant, And Equipment": {"2020-09-30": -26.233, "2020-06-30": -25.438, "2020-03-31": "-42.08200", "2019-12-31": -107.057, "2019-09-30": -72.748, "2019-06-30": -50.406, "2019-03-31": "-42.88600", "2018-12-31": -125.815, "2018-09-30": -26.796, "2018-06-30": -33.513, "2018-03-31": "-31.63300", "2017-12-31": -38.304, "2017-09-30": -43.086, "2017-06-30": -29.289, "2017-03-31": "-24.80600", "2016-12-31": -45.182, "2016-09-30": -36.939, "2016-06-30": -38.041, "2016-03-31": "-11.67000", "2015-12-31": -38.932, "2015-09-30": -24.53, "2015-06-30": -21.037, "2015-03-31": "-16.42700", "2014-12-31": -25.03, "2014-09-30": -33.862, "2014-06-30": -21.536, "2014-03-31": "-18.38700", "2013-12-31": -29.26, "2013-09-30": -33.339, "2013-06-30": -37.883, "2013-03-31": "-12.92400", "2012-12-31": -21.856, "2012-09-30": -20.259, "2012-06-30": -34.479, "2012-03-31": "-16.88900", "2011-12-31": -30.629, "2011-09-30": -22.184, "2011-06-30": -27.214, "2011-03-31": "-14.53400", "2010-12-31": -22.772, "2010-09-30": -31.019, "2010-06-30": -18.062, "2010-03-31": "-9.85000", "2009-12-31": -8.046, "2009-09-30": -85.216, "2009-06-30": -22.858, "2009-03-31": "-14.09700", "2008-12-31": -33.214, "2008-09-30": -15.761, "2008-06-30": -22.568, "2008-03-31": "-21.76200", "2007-12-31": 35.789, "2007-09-30": -31.015, "2007-06-30": -29.083, "2007-03-31": "-23.68300", "2006-12-31": -28.437, "2006-09-30": -34.564, "2006-06-30": -31.07, "2006-03-31": "-27.52100", "2005-12-31": -19.294, "2005-09-30": -18.986, "2005-06-30": -19.556, "2005-03-31": "-20.76800"}, "Net Change In Intangible Assets": {"2020-09-30": 0, "2020-06-30": 0, "2020-03-31": "", "2019-12-31": 0, "2019-09-30": 0, "2019-06-30": 0, "2019-03-31": "", "2018-12-31": 0, "2018-09-30": 0, "2018-06-30": 0, "2018-03-31": "", "2017-12-31": 0, "2017-09-30": 0, "2017-06-30": 0, "2017-03-31": "", "2016-12-31": 0, "2016-09-30": 0, "2016-06-30": 0, "2016-03-31": "", "2015-12-31": 0, "2015-09-30": 0, "2015-06-30": 0, "2015-03-31": "", "2014-12-31": 0, "2014-09-30": 0, "2014-06-30": 0, "2014-03-31": "", "2013-12-31": 0, "2013-09-30": 0, "2013-06-30": 0, "2013-03-31": "", "2012-12-31": 0, "2012-09-30": 0, "2012-06-30": 0, "2012-03-31": "", "2011-12-31": 0, "2011-09-30": 0, "2011-06-30": 0, "2011-03-31": "", "2010-12-31": 0, "2010-09-30": 0, "2010-06-30": 0, "2010-03-31": "", "2009-12-31": 0, "2009-09-30": 0, "2009-06-30": 0, "2009-03-31": "", "2008-12-31": 0, "2008-09-30": 0, "2008-06-30": 0, "2008-03-31": "", "2007-12-31": 0, "2007-09-30": 0, "2007-06-30": 0, "2007-03-31": "", "2006-12-31": 0, "2006-09-30": 0, "2006-06-30": 0, "2006-03-31": "", "2005-12-31": 0, "2005-09-30": 0, "2005-06-30": 0, "2005-03-31": ""}, "Net Acquisitions/Divestitures": {"2020-09-30": -43.669, "2020-06-30": 360.735, "2020-03-31": "6.60900", "2019-12-31": -70.756, "2019-09-30": 146.856, "2019-06-30": -225.057, "2019-03-31": "-141.15200", "2018-12-31": -124.379, "2018-09-30": -71.443, "2018-06-30": -43.957, "2018-03-31": "-38.58800", "2017-12-31": -1205.442, "2017-09-30": -49.137, "2017-06-30": -133.98, "2017-03-31": "-106.23600", "2016-12-31": -96.622, "2016-09-30": -60.11, "2016-06-30": -231.81, "2016-03-31": "-73.62500", "2015-12-31": -47.287, "2015-09-30": -35.274, "2015-06-30": -50.011, "2015-03-31": "-30.12900", "2014-12-31": -12.605, "2014-09-30": -96.406, "2014-06-30": -22.036, "2014-03-31": "-156.85300", "2013-12-31": -98.064, "2013-09-30": -18.004, "2013-06-30": -589.36, "2013-03-31": "-6.74500", "2012-12-31": -13.006, "2012-09-30": -19.477, "2012-06-30": -336.983, "2012-03-31": "-188.91800", "2011-12-31": -31.807, "2011-09-30": -67.003, "2011-06-30": -4.223, "2011-03-31": "-33.90300", "2010-12-31": -7.565, "2010-09-30": -15.387, "2010-06-30": -1.921, "2010-03-31": "-65.77200", "2009-12-31": -11.156, "2009-09-30": -15.642, "2009-06-30": -101.626, "2009-03-31": "-5.77900", "2008-12-31": -121.029, "2008-09-30": 53.656, "2008-06-30": -14.653, "2008-03-31": "-39.00300", "2007-12-31": -39.606, "2007-09-30": 6.329, "2007-06-30": -6.329, "2007-03-31": "", "2006-12-31": -29.007, "2006-09-30": 0, "2006-06-30": 0, "2006-03-31": "", "2005-12-31": 8.43, "2005-09-30": 0, "2005-06-30": 0, "2005-03-31": ""}, "Net Change In Short-term Investments": {"2020-09-30": 0, "2020-06-30": 0, "2020-03-31": "", "2019-12-31": 0, "2019-09-30": 0, "2019-06-30": 0, "2019-03-31": "", "2018-12-31": 0, "2018-09-30": 0, "2018-06-30": 0, "2018-03-31": "", "2017-12-31": 0, "2017-09-30": 0, "2017-06-30": 0, "2017-03-31": "", "2016-12-31": 0, "2016-09-30": 0, "2016-06-30": 0, "2016-03-31": "", "2015-12-31": 0, "2015-09-30": 0, "2015-06-30": 0, "2015-03-31": "", "2014-12-31": 0, "2014-09-30": 0, "2014-06-30": 0, "2014-03-31": "", "2013-12-31": 0, "2013-09-30": 0, "2013-06-30": 0, "2013-03-31": "", "2012-12-31": 0, "2012-09-30": 0, "2012-06-30": 0, "2012-03-31": "", "2011-12-31": 0, "2011-09-30": 0, "2011-06-30": 0, "2011-03-31": "", "2010-12-31": 0, "2010-09-30": 0, "2010-06-30": 0, "2010-03-31": "", "2009-12-31": 0, "2009-09-30": 0, "2009-06-30": 0, "2009-03-31": "", "2008-12-31": 0, "2008-09-30": 0, "2008-06-30": 0, "2008-03-31": "", "2007-12-31": 0, "2007-09-30": 0, "2007-06-30": 0, "2007-03-31": "", "2006-12-31": 0, "2006-09-30": 0, "2006-06-30": 0, "2006-03-31": "", "2005-12-31": 0, "2005-09-30": 0, "2005-06-30": 0, "2005-03-31": ""}, "Net Change In Long-Term Investments": {"2020-09-30": 0, "2020-06-30": 0, "2020-03-31": "", "2019-12-31": 0, "2019-09-30": 0, "2019-06-30": 0, "2019-03-31": "", "2018-12-31": 0, "2018-09-30": 0, "2018-06-30": 0, "2018-03-31": "", "2017-12-31": 0, "2017-09-30": 0, "2017-06-30": 0, "2017-03-31": "", "2016-12-31": 0, "2016-09-30": 0, "2016-06-30": 0, "2016-03-31": "", "2015-12-31": 0, "2015-09-30": 0, "2015-06-30": 0, "2015-03-31": "", "2014-12-31": 0, "2014-09-30": 0, "2014-06-30": 0, "2014-03-31": "", "2013-12-31": 0, "2013-09-30": 0, "2013-06-30": 0, "2013-03-31": "", "2012-12-31": 0, "2012-09-30": 0, "2012-06-30": 0, "2012-03-31": "", "2011-12-31": 0, "2011-09-30": 0, "2011-06-30": 0, "2011-03-31": "", "2010-12-31": 0, "2010-09-30": 0, "2010-06-30": 0, "2010-03-31": "", "2009-12-31": 0, "2009-09-30": 0, "2009-06-30": 0, "2009-03-31": "", "2008-12-31": 0, "2008-09-30": 0, "2008-06-30": 0, "2008-03-31": "", "2007-12-31": 0, "2007-09-30": 0, "2007-06-30": 0, "2007-03-31": "", "2006-12-31": 0, "2006-09-30": 0, "2006-06-30": 0, "2006-03-31": "", "2005-12-31": 0, "2005-09-30": 0, "2005-06-30": 0, "2005-03-31": ""}, "Net Change In Investments - Total": {"2020-09-30": 0, "2020-06-30": 0, "2020-03-31": "", "2019-12-31": 0, "2019-09-30": 0, "2019-06-30": 0, "2019-03-31": "", "2018-12-31": 0, "2018-09-30": 0, "2018-06-30": 0, "2018-03-31": "", "2017-12-31": 0, "2017-09-30": 0, "2017-06-30": 0, "2017-03-31": "", "2016-12-31": 0, "2016-09-30": 0, "2016-06-30": 0, "2016-03-31": "", "2015-12-31": 0, "2015-09-30": 0, "2015-06-30": 0, "2015-03-31": "", "2014-12-31": 0, "2014-09-30": 0, "2014-06-30": 0, "2014-03-31": "", "2013-12-31": 0, "2013-09-30": 0, "2013-06-30": 0, "2013-03-31": "", "2012-12-31": 0, "2012-09-30": 0, "2012-06-30": 0, "2012-03-31": "", "2011-12-31": 0, "2011-09-30": 0, "2011-06-30": 0, "2011-03-31": "", "2010-12-31": 0, "2010-09-30": 0, "2010-06-30": 0, "2010-03-31": "", "2009-12-31": 0, "2009-09-30": 0, "2009-06-30": 0, "2009-03-31": "", "2008-12-31": 0, "2008-09-30": 0, "2008-06-30": 0, "2008-03-31": "", "2007-12-31": 0, "2007-09-30": 0, "2007-06-30": 0, "2007-03-31": "", "2006-12-31": 0, "2006-09-30": 0, "2006-06-30": 0, "2006-03-31": "", "2005-12-31": 0, "2005-09-30": 0, "2005-06-30": 0, "2005-03-31": ""}, "Investing Activities - Other": {"2020-09-30": 0, "2020-06-30": 0, "2020-03-31": "", "2019-12-31": 0, "2019-09-30": 0, "2019-06-30": 0, "2019-03-31": "", "2018-12-31": 0, "2018-09-30": 0, "2018-06-30": 0, "2018-03-31": "", "2017-12-31": 0, "2017-09-30": 0, "2017-06-30": 0, "2017-03-31": "", "2016-12-31": 0, "2016-09-30": 0, "2016-06-30": 0, "2016-03-31": "", "2015-12-31": 0, "2015-09-30": 0, "2015-06-30": 0, "2015-03-31": "", "2014-12-31": 0, "2014-09-30": 0, "2014-06-30": 0, "2014-03-31": "", "2013-12-31": 0, "2013-09-30": 0, "2013-06-30": 0, "2013-03-31": "", "2012-12-31": 0, "2012-09-30": 0, "2012-06-30": 0, "2012-03-31": "", "2011-12-31": 0, "2011-09-30": 0, "2011-06-30": 0, "2011-03-31": "", "2010-12-31": 0, "2010-09-30": 0, "2010-06-30": 0, "2010-03-31": "", "2009-12-31": 0, "2009-09-30": 0, "2009-06-30": 0, "2009-03-31": "", "2008-12-31": 98.735, "2008-09-30": -98.735, "2008-06-30": 0, "2008-03-31": "", "2007-12-31": 20.316, "2007-09-30": -20.316, "2007-06-30": -0.672, "2007-03-31": "0.67200", "2006-12-31": 16.614, "2006-09-30": -14.43, "2006-06-30": 1.083, "2006-03-31": "1.73300", "2005-12-31": -11.428, "2005-09-30": 5.157, "2005-06-30": -0.533, "2005-03-31": "6.80400"}, "Cash Flow From Investing Activities": {"2020-09-30": -69.902, "2020-06-30": 335.297, "2020-03-31": "-35.47300", "2019-12-31": -177.813, "2019-09-30": 74.108, "2019-06-30": -275.463, "2019-03-31": "-184.03800", "2018-12-31": -250.194, "2018-09-30": -98.239, "2018-06-30": -77.47, "2018-03-31": "-70.22100", "2017-12-31": -1243.746, "2017-09-30": -92.223, "2017-06-30": -163.269, "2017-03-31": "-131.04200", "2016-12-31": -141.804, "2016-09-30": -97.049, "2016-06-30": -269.851, "2016-03-31": "-85.29500", "2015-12-31": -86.219, "2015-09-30": -59.804, "2015-06-30": -71.048, "2015-03-31": "-46.55600", "2014-12-31": -37.635, "2014-09-30": -130.268, "2014-06-30": -43.572, "2014-03-31": "-175.24000", "2013-12-31": -127.324, "2013-09-30": -51.343, "2013-06-30": -627.243, "2013-03-31": "-19.66900", "2012-12-31": -34.862, "2012-09-30": -39.736, "2012-06-30": -371.462, "2012-03-31": "-205.80700", "2011-12-31": -62.436, "2011-09-30": -89.187, "2011-06-30": -31.437, "2011-03-31": "-48.43700", "2010-12-31": -30.337, "2010-09-30": -46.406, "2010-06-30": -19.983, "2010-03-31": "-75.62200", "2009-12-31": -19.202, "2009-09-30": -100.858, "2009-06-30": -124.484, "2009-03-31": "-19.87600", "2008-12-31": -55.508, "2008-09-30": -60.84, "2008-06-30": -37.221, "2008-03-31": "-60.76500", "2007-12-31": 16.499, "2007-09-30": -45.002, "2007-06-30": -36.084, "2007-03-31": "-23.01100", "2006-12-31": -40.83, "2006-09-30": -48.994, "2006-06-30": -29.987, "2006-03-31": "-25.78800", "2005-12-31": -22.292, "2005-09-30": -13.829, "2005-06-30": -20.089, "2005-03-31": "-13.96400"}, "Net Long-Term Debt": {"2020-09-30": -380.2471, "2020-06-30": -458.4, "2020-03-31": "261.23800", "2019-12-31": -39.8081, "2019-09-30": -434.054, "2019-06-30": 355.374, "2019-03-31": "257.88700", "2018-12-31": 243.9849, "2018-09-30": -257.5811, "2018-06-30": -94.0689, "2018-03-31": "47.69100", "2017-12-31": 1176.297, "2017-09-30": 15, "2017-06-30": 105, "2017-03-31": "150.00000", "2016-12-31": 100, "2016-09-30": 0, "2016-06-30": 75, "2016-03-31": "75.00000", "2015-12-31": 0, "2015-09-30": -224.9999, "2015-06-30": -47.8769, "2015-03-31": "129.91000", "2014-12-31": -65.907, "2014-09-30": 25.5249, "2014-06-30": -96.9639, "2014-03-31": "129.40800", "2013-12-31": -79.7501, "2013-09-30": -66.2059, "2013-06-30": -244.19, "2013-03-31": "414.74200", "2012-12-31": 0, "2012-09-30": 0, "2012-06-30": 0, "2012-03-31": "", "2011-12-31": 0, "2011-09-30": 0, "2011-06-30": 0, "2011-03-31": "", "2010-12-31": 0, "2010-09-30": 0, "2010-06-30": 0, "2010-03-31": "", "2009-12-31": 0, "2009-09-30": 0, "2009-06-30": 0, "2009-03-31": "", "2008-12-31": 0, "2008-09-30": 0, "2008-06-30": 0, "2008-03-31": "", "2007-12-31": 0, "2007-09-30": 0, "2007-06-30": 0, "2007-03-31": "", "2006-12-31": 0, "2006-09-30": 0, "2006-06-30": 0, "2006-03-31": "", "2005-12-31": 0, "2005-09-30": 0, "2005-06-30": 0, "2005-03-31": ""}, "Net Current Debt": {"2020-09-30": 0, "2020-06-30": 0, "2020-03-31": "", "2019-12-31": 0, "2019-09-30": 0, "2019-06-30": 0, "2019-03-31": "", "2018-12-31": 0, "2018-09-30": 0, "2018-06-30": 0, "2018-03-31": "", "2017-12-31": 0, "2017-09-30": 0, "2017-06-30": 0, "2017-03-31": "", "2016-12-31": 0, "2016-09-30": 0, "2016-06-30": 0, "2016-03-31": "", "2015-12-31": 0, "2015-09-30": 0, "2015-06-30": 0, "2015-03-31": "", "2014-12-31": 0, "2014-09-30": 0, "2014-06-30": 0, "2014-03-31": "", "2013-12-31": 0, "2013-09-30": 0, "2013-06-30": 0, "2013-03-31": "", "2012-12-31": 0, "2012-09-30": 0, "2012-06-30": 0, "2012-03-31": "", "2011-12-31": 0, "2011-09-30": 0, "2011-06-30": 0, "2011-03-31": "", "2010-12-31": 0, "2010-09-30": 0, "2010-06-30": 0, "2010-03-31": "", "2009-12-31": 0, "2009-09-30": 0, "2009-06-30": 0, "2009-03-31": "-52.00000", "2008-12-31": 52, "2008-09-30": 0, "2008-06-30": 0, "2008-03-31": "", "2007-12-31": 0, "2007-09-30": 0, "2007-06-30": 0, "2007-03-31": "", "2006-12-31": 0, "2006-09-30": 0, "2006-06-30": 0, "2006-03-31": "-0.88100", "2005-12-31": -0.028, "2005-09-30": -0.022, "2005-06-30": 0.034, "2005-03-31": "-0.07100"}, "Debt Issuance/Retirement Net - Total": {"2020-09-30": -380.2471, "2020-06-30": -458.4, "2020-03-31": "261.23800", "2019-12-31": -39.8081, "2019-09-30": -434.054, "2019-06-30": 355.374, "2019-03-31": "257.88700", "2018-12-31": 243.9849, "2018-09-30": -257.5811, "2018-06-30": -94.0689, "2018-03-31": "47.69100", "2017-12-31": 1176.297, "2017-09-30": 15, "2017-06-30": 105, "2017-03-31": "150.00000", "2016-12-31": 100, "2016-09-30": 0, "2016-06-30": 75, "2016-03-31": "75.00000", "2015-12-31": 0, "2015-09-30": -224.9999, "2015-06-30": -47.8769, "2015-03-31": "129.91000", "2014-12-31": -65.907, "2014-09-30": 25.5249, "2014-06-30": -96.9639, "2014-03-31": "129.40800", "2013-12-31": -79.7501, "2013-09-30": -66.2059, "2013-06-30": -244.19, "2013-03-31": "414.74200", "2012-12-31": 0, "2012-09-30": 0, "2012-06-30": 0, "2012-03-31": "", "2011-12-31": 0, "2011-09-30": 0, "2011-06-30": 0, "2011-03-31": "", "2010-12-31": 0, "2010-09-30": 0, "2010-06-30": 0, "2010-03-31": "", "2009-12-31": 0, "2009-09-30": 0, "2009-06-30": 0, "2009-03-31": "-52.00000", "2008-12-31": 52, "2008-09-30": 0, "2008-06-30": 0, "2008-03-31": "", "2007-12-31": 0, "2007-09-30": 0, "2007-06-30": 0, "2007-03-31": "", "2006-12-31": 0, "2006-09-30": 0, "2006-06-30": 0, "2006-03-31": "-0.88100", "2005-12-31": -0.028, "2005-09-30": -0.022, "2005-06-30": 0.034, "2005-03-31": "-0.07100"}, "Net Common Equity Issued/Repurchased": {"2020-09-30": -0.964, "2020-06-30": -0.449, "2020-03-31": "-96.06000", "2019-12-31": -5.053, "2019-09-30": -73.176, "2019-06-30": -0.532, "2019-03-31": "-6.83900", "2018-12-31": -94.432, "2018-09-30": -2.927, "2018-06-30": -0.675, "2018-03-31": "-4.17600", "2017-12-31": -3.59, "2017-09-30": -18.651, "2017-06-30": -62.914, "2017-03-31": "-93.60800", "2016-12-31": -41.812, "2016-09-30": -27.728, "2016-06-30": -76.007, "2016-03-31": "-52.01700", "2015-12-31": -70.642, "2015-09-30": -80.072, "2015-06-30": -63.077, "2015-03-31": "-88.05600", "2014-12-31": -14.185, "2014-09-30": -43.289, "2014-06-30": -33.078, "2014-03-31": "-27.44500", "2013-12-31": -50.35, "2013-09-30": -48.785, "2013-06-30": -32.731, "2013-03-31": "-4.53500", "2012-12-31": -26.053, "2012-09-30": -4.898, "2012-06-30": -54.5, "2012-03-31": "-3.41800", "2011-12-31": -11.406, "2011-09-30": -57.607, "2011-06-30": -45.628, "2011-03-31": "-8.48600", "2010-12-31": -3.661, "2010-09-30": -4.508, "2010-06-30": -51.028, "2010-03-31": "-6.72500", "2009-12-31": -26.16, "2009-09-30": -0.005, "2009-06-30": 1.998, "2009-03-31": "0.02600", "2008-12-31": -44.68, "2008-09-30": -77.75, "2008-06-30": -56.176, "2008-03-31": "-93.57300", "2007-12-31": -88.663, "2007-09-30": -99.232, "2007-06-30": -28.21, "2007-03-31": "-14.58500", "2006-12-31": 1.565, "2006-09-30": -38.048, "2006-06-30": -58.984, "2006-03-31": "-19.33400", "2005-12-31": -21.729, "2005-09-30": -29.371, "2005-06-30": -23.61, "2005-03-31": "-26.80400"}, "Net Total Equity Issued/Repurchased": {"2020-09-30": -0.964, "2020-06-30": -0.449, "2020-03-31": "-96.06000", "2019-12-31": -5.053, "2019-09-30": -73.176, "2019-06-30": -0.532, "2019-03-31": "-6.83900", "2018-12-31": -94.432, "2018-09-30": -2.927, "2018-06-30": -0.675, "2018-03-31": "-4.17600", "2017-12-31": -3.59, "2017-09-30": -18.651, "2017-06-30": -62.914, "2017-03-31": "-93.60800", "2016-12-31": -41.812, "2016-09-30": -27.728, "2016-06-30": -76.007, "2016-03-31": "-52.01700", "2015-12-31": -70.642, "2015-09-30": -80.072, "2015-06-30": -63.077, "2015-03-31": "-88.05600", "2014-12-31": -14.185, "2014-09-30": -43.289, "2014-06-30": -33.078, "2014-03-31": "-27.44500", "2013-12-31": -50.35, "2013-09-30": -48.785, "2013-06-30": -32.731, "2013-03-31": "-4.53500", "2012-12-31": -26.053, "2012-09-30": -4.898, "2012-06-30": -54.5, "2012-03-31": "-3.41800", "2011-12-31": -11.406, "2011-09-30": -57.607, "2011-06-30": -45.628, "2011-03-31": "-8.48600", "2010-12-31": -3.661, "2010-09-30": -4.508, "2010-06-30": -51.028, "2010-03-31": "-6.72500", "2009-12-31": -26.16, "2009-09-30": -0.005, "2009-06-30": 1.998, "2009-03-31": "0.02600", "2008-12-31": -44.68, "2008-09-30": -77.75, "2008-06-30": -56.176, "2008-03-31": "-93.57300", "2007-12-31": -88.663, "2007-09-30": -99.232, "2007-06-30": -28.21, "2007-03-31": "-14.58500", "2006-12-31": 1.565, "2006-09-30": -38.048, "2006-06-30": -58.984, "2006-03-31": "-19.33400", "2005-12-31": -21.729, "2005-09-30": -29.371, "2005-06-30": -23.61, "2005-03-31": "-26.80400"}, "Total Common And Preferred Stock Dividends Paid": {"2020-09-30": -113.967, "2020-06-30": -114.476, "2020-03-31": "-110.85100", "2019-12-31": -110.784, "2019-09-30": -111.382, "2019-06-30": -111.355, "2019-03-31": "-105.36900", "2018-12-31": -105.673, "2018-09-30": -105.661, "2018-06-30": -105.649, "2018-03-31": "-99.00000", "2017-12-31": -98.958, "2017-09-30": -99.109, "2017-06-30": -99.824, "2017-03-31": "-97.58400", "2016-12-31": -97.954, "2016-09-30": -97.975, "2016-06-30": -98.338, "2016-03-31": "-92.59600", "2015-12-31": -92.905, "2015-09-30": -93.496, "2015-06-30": -93.844, "2015-03-31": "-88.03900", "2014-12-31": -87.906, "2014-09-30": -88.194, "2014-06-30": -88.421, "2014-03-31": "-82.75000", "2013-12-31": -82.955, "2013-09-30": -83.354, "2013-06-30": -83.267, "2013-03-31": "-76.64100", "2012-12-31": -76.813, "2012-09-30": -76.983, "2012-06-30": -77.168, "2012-03-31": "-70.01900", "2011-12-31": -70.133, "2011-09-30": -70.686, "2011-06-30": -70.95, "2011-03-31": "-64.60000", "2010-12-31": -64.585, "2010-09-30": -64.686, "2010-06-30": -65.083, "2010-03-31": "-63.54400", "2009-12-31": -63.819, "2009-09-30": -63.813, "2009-06-30": -63.778, "2009-03-31": "-62.14800", "2008-12-31": -63.003, "2008-09-30": -63.751, "2008-06-30": -64.265, "2008-03-31": "-60.78900", "2007-12-31": -61.319, "2007-09-30": -62.206, "2007-06-30": -62.174, "2007-03-31": "-57.54500", "2006-12-31": -57.522, "2006-09-30": -58.104, "2006-06-30": -58.285, "2006-03-31": "-54.14100", "2005-12-31": -54.332, "2005-09-30": -54.411, "2005-06-30": -54.63, "2005-03-31": "-52.49500"}, "Financial Activities - Other": {"2020-09-30": -6.675, "2020-06-30": -7.486, "2020-03-31": "-0.87100", "2019-12-31": -0.871, "2019-09-30": 0, "2019-06-30": 0, "2019-03-31": "", "2018-12-31": -30.663, "2018-09-30": 0, "2018-06-30": 0, "2018-03-31": "", "2017-12-31": 0, "2017-09-30": 0, "2017-06-30": 0, "2017-03-31": "", "2016-12-31": 1.546, "2016-09-30": 2.935, "2016-06-30": 2.396, "2016-03-31": "5.14400", "2015-12-31": 1.643, "2015-09-30": 0.081, "2015-06-30": 1.566, "2015-03-31": "3.73400", "2014-12-31": 10.497, "2014-09-30": 1.321, "2014-06-30": 1.842, "2014-03-31": "4.10600", "2013-12-31": 0.885, "2013-09-30": 2.61, "2013-06-30": 5.57, "2013-03-31": "3.84000", "2012-12-31": 1.779, "2012-09-30": 2.065, "2012-06-30": 1.839, "2012-03-31": "5.33500", "2011-12-31": 2.91, "2011-09-30": 0.644, "2011-06-30": 1.273, "2011-03-31": "0.52900", "2010-12-31": 1.751, "2010-09-30": 0.415, "2010-06-30": 1.085, "2010-03-31": "", "2009-12-31": -0.747, "2009-09-30": 0.063, "2009-06-30": 0, "2009-03-31": "", "2008-12-31": -0.899, "2008-09-30": 0.026, "2008-06-30": 0.07, "2008-03-31": "0.21700", "2007-12-31": 0.262, "2007-09-30": 0.392, "2007-06-30": 1.484, "2007-03-31": "2.30000", "2006-12-31": 1.185, "2006-09-30": 0.2, "2006-06-30": 0.271, "2006-03-31": "1.34900", "2005-12-31": 0, "2005-09-30": 0, "2005-06-30": 0, "2005-03-31": ""}, "Cash Flow From Financial Activities": {"2020-09-30": -501.853, "2020-06-30": -580.811, "2020-03-31": "53.45600", "2019-12-31": -156.516, "2019-09-30": -618.612, "2019-06-30": 243.487, "2019-03-31": "145.67900", "2018-12-31": 13.217, "2018-09-30": -366.169, "2018-06-30": -200.393, "2018-03-31": "-55.48500", "2017-12-31": 1073.749, "2017-09-30": -102.76, "2017-06-30": -57.738, "2017-03-31": "-41.19200", "2016-12-31": -38.22, "2016-09-30": -122.768, "2016-06-30": -96.949, "2016-03-31": "-64.46900", "2015-12-31": -161.904, "2015-09-30": -398.487, "2015-06-30": -203.232, "2015-03-31": "-42.45100", "2014-12-31": -157.501, "2014-09-30": -104.637, "2014-06-30": -216.621, "2014-03-31": "23.31900", "2013-12-31": -212.17, "2013-09-30": -195.735, "2013-06-30": -354.618, "2013-03-31": "337.40600", "2012-12-31": -101.087, "2012-09-30": -79.816, "2012-06-30": -129.829, "2012-03-31": "-68.10200", "2011-12-31": -78.629, "2011-09-30": -127.649, "2011-06-30": -115.305, "2011-03-31": "-72.55700", "2010-12-31": -66.495, "2010-09-30": -68.779, "2010-06-30": -115.026, "2010-03-31": "-70.26900", "2009-12-31": -90.726, "2009-09-30": -63.755, "2009-06-30": -61.78, "2009-03-31": "-114.12200", "2008-12-31": -56.582, "2008-09-30": -141.475, "2008-06-30": -120.371, "2008-03-31": "-154.14500", "2007-12-31": -149.72, "2007-09-30": -161.046, "2007-06-30": -88.9, "2007-03-31": "-69.83000", "2006-12-31": -54.772, "2006-09-30": -95.952, "2006-06-30": -116.998, "2006-03-31": "-73.00700", "2005-12-31": -76.089, "2005-09-30": -83.804, "2005-06-30": -78.206, "2005-03-31": "-79.37000"}, "Net Cash Flow": {"2020-09-30": -83.636, "2020-06-30": 629.29, "2020-03-31": "77.47700", "2019-12-31": -174.283, "2019-09-30": -111.276, "2019-06-30": 205.626, "2019-03-31": "23.37800", "2018-12-31": -25.558, "2018-09-30": 3.964, "2018-06-30": 29.168, "2018-03-31": "11.07400", "2017-12-31": 104.817, "2017-09-30": 6.937, "2017-06-30": 25.228, "2017-03-31": "-64.96200", "2016-12-31": 17.702, "2016-09-30": -8.45, "2016-06-30": 28.492, "2016-03-31": "-6.49600", "2015-12-31": 12.337, "2015-09-30": -24.546, "2015-06-30": 57.345, "2015-03-31": "28.76500", "2014-12-31": 2.193, "2014-09-30": -17.326, "2014-06-30": 49.391, "2014-03-31": "-93.42100", "2013-12-31": -123.977, "2013-09-30": 124.1, "2013-06-30": -645.124, "2013-03-31": "438.79900", "2012-12-31": 4.977, "2012-09-30": 226.541, "2012-06-30": -252.847, "2012-03-31": "-100.63000", "2011-12-31": -9.747, "2011-09-30": 18.073, "2011-06-30": 50.846, "2011-03-31": "-64.08600", "2010-12-31": -1.763, "2010-09-30": 119.859, "2010-06-30": 78.335, "2010-03-31": "-3.26600", "2009-12-31": -26.33, "2009-09-30": 124.544, "2009-06-30": 105.308, "2009-03-31": "65.50400", "2008-12-31": -56.651, "2008-09-30": -11.416, "2008-06-30": -25.675, "2008-03-31": "-70.31800", "2007-12-31": -98.215, "2007-09-30": 55.492, "2007-06-30": 24.478, "2007-03-31": "114.10900", "2006-12-31": -78.421, "2006-09-30": 25.249, "2006-06-30": 38.974, "2006-03-31": "-38.74000", "2005-12-31": -150.594, "2005-09-30": 78.967, "2005-06-30": 102.721, "2005-03-31": "22.87700"}, "Stock-Based Compensation": {"2020-09-30": 6.42, "2020-06-30": 4.405, "2020-03-31": "5.44900", "2019-12-31": 14.74, "2019-09-30": 5.903, "2019-06-30": 5.397, "2019-03-31": "6.01000", "2018-12-31": 5.299, "2018-09-30": 6.382, "2018-06-30": 5.349, "2018-03-31": "3.68600", "2017-12-31": 3.98, "2017-09-30": 4.826, "2017-06-30": 5.369, "2017-03-31": "2.71700", "2016-12-31": 4.357, "2016-09-30": 5.36, "2016-06-30": 5.753, "2016-03-31": "4.24900", "2015-12-31": 4.135, "2015-09-30": 4.936, "2015-06-30": 5.33, "2015-03-31": "3.31600", "2014-12-31": 3.598, "2014-09-30": 4.786, "2014-06-30": 4.782, "2014-03-31": "3.07300", "2013-12-31": 3.716, "2013-09-30": 3.477, "2013-06-30": 2.978, "2013-03-31": "2.47700", "2012-12-31": 2.649, "2012-09-30": 2.999, "2012-06-30": 3.35, "2012-03-31": "1.74900", "2011-12-31": 1.712, "2011-09-30": 1.812, "2011-06-30": 3.511, "2011-03-31": "0.51200", "2010-12-31": 2.342, "2010-09-30": 1.541, "2010-06-30": 2.042, "2010-03-31": "1.09100", "2009-12-31": 1.869, "2009-09-30": 1.97, "2009-06-30": 2.369, "2009-03-31": "2.37000", "2008-12-31": 2.959, "2008-09-30": 3.459, "2008-06-30": 4.959, "2008-03-31": "1.60000", "2007-12-31": 3.55, "2007-09-30": 3.55, "2007-06-30": 4.55, "2007-03-31": "2.65000", "2006-12-31": 3.279, "2006-09-30": 3.279, "2006-06-30": 2.6, "2006-03-31": "2.79000", "2005-12-31": 7.253, "2005-09-30": 1.826, "2005-06-30": 2.012, "2005-03-31": "1.03500"}, "Common Stock Dividends Paid": {"2020-09-30": -113.967, "2020-06-30": -114.476, "2020-03-31": "-110.85100", "2019-12-31": -110.784, "2019-09-30": -111.382, "2019-06-30": -111.355, "2019-03-31": "-105.36900", "2018-12-31": -105.673, "2018-09-30": -105.661, "2018-06-30": -105.649, "2018-03-31": "-99.00000", "2017-12-31": -98.958, "2017-09-30": -99.109, "2017-06-30": -99.824, "2017-03-31": "-97.58400", "2016-12-31": -97.954, "2016-09-30": -97.975, "2016-06-30": -98.338, "2016-03-31": "-92.59600", "2015-12-31": -92.905, "2015-09-30": -93.496, "2015-06-30": -93.844, "2015-03-31": "-88.03900", "2014-12-31": -87.906, "2014-09-30": -88.194, "2014-06-30": -88.421, "2014-03-31": "-82.75000", "2013-12-31": -82.955, "2013-09-30": -83.354, "2013-06-30": -83.267, "2013-03-31": "-76.64100", "2012-12-31": -76.813, "2012-09-30": -76.983, "2012-06-30": -77.168, "2012-03-31": "-70.01900", "2011-12-31": -70.133, "2011-09-30": -70.686, "2011-06-30": -70.95, "2011-03-31": "-64.60000", "2010-12-31": -64.585, "2010-09-30": -64.686, "2010-06-30": -65.083, "2010-03-31": "-63.54400", "2009-12-31": -63.819, "2009-09-30": -63.813, "2009-06-30": -63.778, "2009-03-31": "-62.14800", "2008-12-31": -63.003, "2008-09-30": -63.751, "2008-06-30": -64.265, "2008-03-31": "-60.78900", "2007-12-31": -61.319, "2007-09-30": -62.206, "2007-06-30": -62.174, "2007-03-31": "-57.54500", "2006-12-31": -57.522, "2006-09-30": -58.104, "2006-06-30": -58.285, "2006-03-31": "-54.14100", "2005-12-31": -54.332, "2005-09-30": -54.411, "2005-06-30": -54.63, "2005-03-31": "-52.49500"}}, "financial ratios": {"Current Ratio": {"2019-12-31": "1.24150", "2018-12-31": "1.28390", "2017-12-31": "1.33590", "2016-12-31": "1.40160", "2015-12-31": "1.40970", "2014-12-31": "1.56040", "2013-12-31": "1.64040", "2012-12-31": "1.93760", "2011-12-31": "2.36250", "2010-12-31": "2.23900", "2009-12-31": "2.86360", "2008-12-31": "3.00790", "2007-12-31": "2.61830", "2006-12-31": "3.19920", "2005-12-31": "3.04770"}, "Long-term Debt / Capital": {"2019-12-31": "0.43120", "2018-12-31": "0.41190", "2017-12-31": "0.42400", "2016-12-31": "0.14640", "2015-12-31": "0.07330", "2014-12-31": "0.13120", "2013-12-31": "0.12960", "2012-12-31": "0.07670", "2011-12-31": "0.15370", "2010-12-31": "0.08190", "2009-12-31": "0.15980", "2008-12-31": "0.17280", "2007-12-31": "0.08430", "2006-12-31": "0.16390", "2005-12-31": "0.15650"}, "Debt/Equity Ratio": {"2019-12-31": "0.92710", "2018-12-31": "0.90530", "2017-12-31": "0.93670", "2016-12-31": "0.27280", "2015-12-31": "0.19780", "2014-12-31": "0.23110", "2013-12-31": "0.22770", "2012-12-31": "0.16620", "2011-12-31": "0.18160", "2010-12-31": "0.17840", "2009-12-31": "0.19020", "2008-12-31": "0.20890", "2007-12-31": "0.18400", "2006-12-31": "0.19610", "2005-12-31": "0.18590"}, "Gross Margin": {"2019-12-31": "32.57100", "2018-12-31": "31.93900", "2017-12-31": "30.08440", "2016-12-31": "29.98500", "2015-12-31": "29.81570", "2014-12-31": "29.94310", "2013-12-31": "29.97560", "2012-12-31": "29.03130", "2011-12-31": "28.94350", "2010-12-31": "29.02450", "2009-12-31": "29.92550", "2008-12-31": "29.70870", "2007-12-31": "29.67040", "2006-12-31": "29.68550", "2005-12-31": "29.62350"}, "Operating Margin": {"2019-12-31": "4.65520", "2018-12-31": "5.92320", "2017-12-31": "6.12270", "2016-12-31": "6.83610", "2015-12-31": "7.35870", "2014-12-31": "7.32790", "2013-12-31": "7.45320", "2012-12-31": "7.80040", "2011-12-31": "7.29990", "2010-12-31": "7.01620", "2009-12-31": "6.67120", "2008-12-31": "7.26340", "2007-12-31": "7.72700", "2006-12-31": "7.61830", "2005-12-31": "7.54260"}, "EBIT Margin": {"2019-12-31": "4.65520", "2018-12-31": "5.92320", "2017-12-31": "6.12270", "2016-12-31": "6.83610", "2015-12-31": "7.35870", "2014-12-31": "7.32790", "2013-12-31": "7.45320", "2012-12-31": "7.80040", "2011-12-31": "7.29990", "2010-12-31": "7.01620", "2009-12-31": "6.67120", "2008-12-31": "7.26340", "2007-12-31": "7.72700", "2006-12-31": "7.61830", "2005-12-31": "7.54260"}, "EBITDA Margin": {"2019-12-31": "6.47170", "2018-12-31": "7.21290", "2017-12-31": "7.15090", "2016-12-31": "7.79750", "2015-12-31": "8.28590", "2014-12-31": "8.29470", "2013-12-31": "8.40470", "2012-12-31": "8.55640", "2011-12-31": "8.01370", "2010-12-31": "7.81330", "2009-12-31": "7.57010", "2008-12-31": "8.06860", "2007-12-31": "8.53590", "2006-12-31": "8.32040", "2005-12-31": "8.21240"}, "Pre-Tax Profit Margin": {"2019-12-31": "4.28160", "2018-12-31": "5.74120", "2017-12-31": "6.18850", "2016-12-31": "7.00370", "2015-12-31": "7.35390", "2014-12-31": "7.28570", "2013-12-31": "7.41810", "2012-12-31": "7.82960", "2011-12-31": "7.15000", "2010-12-31": "6.79700", "2009-12-31": "6.40480", "2008-12-31": "6.97640", "2007-12-31": "7.53230", "2006-12-31": "7.37160", "2005-12-31": "7.24790"}, "Net Profit Margin": {"2019-12-31": "3.20270", "2018-12-31": "4.32600", "2017-12-31": "3.78170", "2016-12-31": "4.48010", "2015-12-31": "4.61830", "2014-12-31": "4.63630", "2013-12-31": "4.86550", "2012-12-31": "4.97960", "2011-12-31": "4.53590", "2010-12-31": "4.24280", "2009-12-31": "3.97290", "2008-12-31": "4.31600", "2007-12-31": "4.66960", "2006-12-31": "4.54590", "2005-12-31": "4.47130"}, "Asset Turnover": {"2019-12-31": "1.32410", "2018-12-31": "1.47720", "2017-12-31": "1.31390", "2016-12-31": "1.73150", "2015-12-31": "1.87610", "2014-12-31": "1.86040", "2013-12-31": "1.83300", "2012-12-31": "1.91180", "2011-12-31": "2.00860", "2010-12-31": "2.05080", "2009-12-31": "2.00960", "2008-12-31": "2.30140", "2007-12-31": "2.27130", "2006-12-31": "2.32550", "2005-12-31": "2.05030"}, "Inventory Turnover Ratio": {"2019-12-31": "3.41310", "2018-12-31": "3.53280", "2017-12-31": "3.02360", "2016-12-31": "3.34550", "2015-12-31": "3.57480", "2014-12-31": "3.53100", "2013-12-31": "3.34620", "2012-12-31": "3.54870", "2011-12-31": "3.62800", "2010-12-31": "3.57560", "2009-12-31": "3.18320", "2008-12-31": "3.34190", "2007-12-31": "3.26490", "2006-12-31": "3.28810", "2005-12-31": "3.10620"}, "Receiveable Turnover": {"2019-12-31": "7.35910", "2018-12-31": "7.51320", "2017-12-31": "6.73480", "2016-12-31": "7.91290", "2015-12-31": "8.38450", "2014-12-31": "8.19370", "2013-12-31": "8.45610", "2012-12-31": "8.73400", "2011-12-31": "8.52760", "2010-12-31": "8.21430", "2009-12-31": "8.47250", "2008-12-31": "8.99550", "2007-12-31": "8.91550", "2006-12-31": "8.51760", "2005-12-31": "8.24280"}, "Days Sales In Receivables": {"2019-12-31": "49.59860", "2018-12-31": "48.58150", "2017-12-31": "54.19590", "2016-12-31": "46.12700", "2015-12-31": "43.53280", "2014-12-31": "44.54630", "2013-12-31": "43.16420", "2012-12-31": "41.79080", "2011-12-31": "42.80230", "2010-12-31": "44.43490", "2009-12-31": "43.08050", "2008-12-31": "40.57570", "2007-12-31": "40.94000", "2006-12-31": "42.85250", "2005-12-31": "44.28130"}, "ROE - Return On Equity": {"2019-12-31": "16.80650", "2018-12-31": "23.34320", "2017-12-31": "17.80400", "2016-12-31": "21.42700", "2015-12-31": "22.33680", "2014-12-31": "21.47370", "2013-12-31": "20.39320", "2012-12-31": "21.54260", "2011-12-31": "20.52290", "2010-12-31": "16.96610", "2009-12-31": "15.19660", "2008-12-31": "19.86390", "2007-12-31": "18.63790", "2006-12-31": "18.64340", "2005-12-31": "16.23760"}, "Return On Tangible Equity": {"2019-12-31": "-372.02950", "2018-12-31": "-1184.44000", "2017-12-31": "-683.58700", "2016-12-31": "42.09240", "2015-12-31": "39.25970", "2014-12-31": "36.93510", "2013-12-31": "33.09920", "2012-12-31": "25.81490", "2011-12-31": "22.84390", "2010-12-31": "18.33710", "2009-12-31": "16.25720", "2008-12-31": "21.27570", "2007-12-31": "19.22130", "2006-12-31": "19.10990", "2005-12-31": "16.62460"}, "ROA - Return On Assets": {"2019-12-31": "4.24080", "2018-12-31": "6.39020", "2017-12-31": "4.96890", "2016-12-31": "7.75720", "2015-12-31": "8.66410", "2014-12-31": "8.62560", "2013-12-31": "8.91840", "2012-12-31": "9.52010", "2011-12-31": "9.11070", "2010-12-31": "8.70100", "2009-12-31": "7.98400", "2008-12-31": "9.93280", "2007-12-31": "10.60600", "2006-12-31": "10.57160", "2005-12-31": "9.16760"}, "ROI - Return On Investment": {"2019-12-31": "9.55870", "2018-12-31": "13.72730", "2017-12-31": "10.25510", "2016-12-31": "18.29050", "2015-12-31": "20.69880", "2014-12-31": "18.65740", "2013-12-31": "17.75070", "2012-12-31": "19.88970", "2011-12-31": "17.36900", "2010-12-31": "15.57670", "2009-12-31": "12.76850", "2008-12-31": "16.43120", "2007-12-31": "17.06730", "2006-12-31": "15.58710", "2005-12-31": "13.69570"}, "Book Value Per Share": {"2019-12-31": "25.41990", "2018-12-31": "23.79100", "2017-12-31": "23.62150", "2016-12-31": "21.61150", "2015-12-31": "21.05030", "2014-12-31": "21.63350", "2013-12-31": "21.84240", "2012-12-31": "19.42750", "2011-12-31": "17.69080", "2010-12-31": "17.77970", "2009-12-31": "16.54550", "2008-12-31": "15.01090", "2007-12-31": "16.35940", "2006-12-31": "14.95330", "2005-12-31": "15.56900"}, "Operating Cash Flow Per Share": {"2019-12-31": -1.6852, "2018-12-31": 2.2593, "2017-12-31": -0.7972, "2016-12-31": -1.2872, "2015-12-31": 2.4843, "2014-12-31": -1.6681, "2013-12-31": 0.9915, "2012-12-31": 1.8311, "2011-12-31": -0.319, "2010-12-31": -1.01, "2009-12-31": 2.0391, "2008-12-31": -0.5167, "2007-12-31": 1.2572, "2006-12-31": -0.0039, "2005-12-31": 2.5171}, "Free Cash Flow Per Share": {"2019-12-31": -2.0715, "2018-12-31": 1.6977, "2017-12-31": -0.8345, "2016-12-31": -1.5054, "2015-12-31": 2.4625, "2014-12-31": -1.5798, "2013-12-31": 0.8608, "2012-12-31": 1.8333, "2011-12-31": -0.4032, "2010-12-31": -0.7103, "2009-12-31": 1.7963, "2008-12-31": -0.8071, "2007-12-31": 1.68, "2006-12-31": -0.2597, "2005-12-31": 2.068}}, "financial ratios, quarterly": {"Current Ratio": {"2020-09-30": "1.23400", "2020-06-30": "1.22160", "2020-03-31": "1.21450", "2019-12-31": "1.24150", "2019-09-30": "1.26450", "2019-06-30": "1.25950", "2019-03-31": "1.20490", "2018-12-31": "1.28390", "2018-09-30": "1.33370", "2018-06-30": "1.32990", "2018-03-31": "1.31680", "2017-12-31": "1.33590", "2017-09-30": "1.31520", "2017-06-30": "1.31250", "2017-03-31": "1.35250", "2016-12-31": "1.40160", "2016-09-30": "1.34240", "2016-06-30": "1.33130", "2016-03-31": "1.37000", "2015-12-31": "1.40970", "2015-09-30": "1.49400", "2015-06-30": "1.49020", "2015-03-31": "1.49880", "2014-12-31": "1.56040", "2014-09-30": "1.53620", "2014-06-30": "1.57190", "2014-03-31": "1.56200", "2013-12-31": "1.64040", "2013-09-30": "1.53310", "2013-06-30": "1.53710", "2013-03-31": "1.77010", "2012-12-31": "1.93760", "2012-09-30": "2.21950", "2012-06-30": "2.23600", "2012-03-31": "2.38250", "2011-12-31": "2.36250", "2011-09-30": "2.07360", "2011-06-30": "2.19860", "2011-03-31": "2.24350", "2010-12-31": "2.23900", "2010-09-30": "2.55180", "2010-06-30": "2.67270", "2010-03-31": "2.73840", "2009-12-31": "2.86360", "2009-09-30": "2.79280", "2009-06-30": "2.77230", "2009-03-31": "3.03800", "2008-12-31": "3.00790", "2008-09-30": "2.50550", "2008-06-30": "2.56910", "2008-03-31": "2.56510", "2007-12-31": "2.61830", "2007-09-30": "3.02010", "2007-06-30": "3.14340", "2007-03-31": "3.08530", "2006-12-31": "3.19920", "2006-09-30": "3.07020", "2006-06-30": "3.06630", "2006-03-31": "3.06550", "2005-12-31": "3.04770", "2005-09-30": "2.92400", "2005-06-30": "3.06440", "2005-03-31": "3.12580"}, "Long-term Debt / Capital": {"2020-09-30": "0.47090", "2020-06-30": "0.48720", "2020-03-31": "0.44340", "2019-12-31": "0.43120", "2019-09-30": "0.43280", "2019-06-30": "0.43770", "2019-03-31": "0.40070", "2018-12-31": "0.41190", "2018-09-30": "0.40210", "2018-06-30": "0.41150", "2018-03-31": "0.41860", "2017-12-31": "0.42400", "2017-09-30": "0.13960", "2017-06-30": "0.14280", "2017-03-31": "0.14540", "2016-12-31": "0.14640", "2016-09-30": "0.08250", "2016-06-30": "0.07140", "2016-03-31": "0.07160", "2015-12-31": "0.07330", "2015-09-30": "0.13620", "2015-06-30": "0.13310", "2015-03-31": "0.13550", "2014-12-31": "0.13120", "2014-09-30": "0.12470", "2014-06-30": "0.12380", "2014-03-31": "0.12780", "2013-12-31": "0.12960", "2013-09-30": "0.07350", "2013-06-30": "0.07490", "2013-03-31": "0.07520", "2012-12-31": "0.07670", "2012-09-30": "0.14020", "2012-06-30": "0.14570", "2012-03-31": "0.14730", "2011-12-31": "0.15370", "2011-09-30": "0.07960", "2011-06-30": "0.07860", "2011-03-31": "0.07990", "2010-12-31": "0.08190", "2010-09-30": "0.15250", "2010-06-30": "0.15760", "2010-03-31": "0.15700", "2009-12-31": "0.15980", "2009-09-30": "0.16050", "2009-06-30": "0.16580", "2009-03-31": "0.17190", "2008-12-31": "0.17280", "2008-09-30": "0.08560", "2008-06-30": "0.08480", "2008-03-31": "0.08560", "2007-12-31": "0.08430", "2007-09-30": "0.15580", "2007-06-30": "0.15640", "2007-03-31": "0.16090", "2006-12-31": "0.16390", "2006-09-30": "0.15220", "2006-06-30": "0.15360", "2006-03-31": "0.15470", "2005-12-31": "0.15650", "2005-09-30": "0.15870", "2005-06-30": "0.16130", "2005-03-31": "0.16290"}, "Debt/Equity Ratio": {"2020-09-30": "0.95790", "2020-06-30": "1.12050", "2020-03-31": "1.06200", "2019-12-31": "0.92710", "2019-09-30": "0.93270", "2019-06-30": "1.05270", "2019-03-31": "0.95770", "2018-12-31": "0.90530", "2018-09-30": "0.79550", "2018-06-30": "0.89180", "2018-03-31": "0.93100", "2017-12-31": "0.93670", "2017-09-30": "0.33770", "2017-06-30": "0.34230", "2017-03-31": "0.31710", "2016-12-31": "0.27280", "2016-09-30": "0.23240", "2016-06-30": "0.23840", "2016-03-31": "0.21580", "2015-12-31": "0.19780", "2015-09-30": "0.19710", "2015-06-30": "0.26110", "2015-03-31": "0.28010", "2014-12-31": "0.23110", "2014-09-30": "0.23810", "2014-06-30": "0.22790", "2014-03-31": "0.26380", "2013-12-31": "0.22770", "2013-09-30": "0.26450", "2013-06-30": "0.29170", "2013-03-31": "0.29750", "2012-12-31": "0.16620", "2012-09-30": "0.16310", "2012-06-30": "0.17050", "2012-03-31": "0.17280", "2011-12-31": "0.18160", "2011-09-30": "0.17290", "2011-06-30": "0.17060", "2011-03-31": "0.17370", "2010-12-31": "0.17840", "2010-09-30": "0.18000", "2010-06-30": "0.18700", "2010-03-31": "0.18620", "2009-12-31": "0.19020", "2009-09-30": "0.19130", "2009-06-30": "0.19880", "2009-03-31": "0.20760", "2008-12-31": "0.20890", "2008-09-30": "0.18730", "2008-06-30": "0.18540", "2008-03-31": "0.18730", "2007-12-31": "0.18400", "2007-09-30": "0.18450", "2007-06-30": "0.18540", "2007-03-31": "0.19170", "2006-12-31": "0.19610", "2006-09-30": "0.17950", "2006-06-30": "0.18150", "2006-03-31": "0.18300", "2005-12-31": "0.18590", "2005-09-30": "0.18900", "2005-06-30": "0.19270", "2005-03-31": "0.19500"}, "Gross Margin": {"2020-09-30": "34.96650", "2020-06-30": "33.75390", "2020-03-31": "32.91550", "2019-12-31": "32.08890", "2019-09-30": "33.26270", "2019-06-30": "33.25990", "2019-03-31": "31.83920", "2018-12-31": "33.49760", "2018-09-30": "31.42620", "2018-06-30": "31.55470", "2018-03-31": "31.30650", "2017-12-31": "30.52180", "2017-09-30": "29.95410", "2017-06-30": "30.23560", "2017-03-31": "29.59110", "2016-12-31": "29.92230", "2016-09-30": "30.40790", "2016-06-30": "29.88620", "2016-03-31": "29.70390", "2015-12-31": "29.75400", "2015-09-30": "29.81350", "2015-06-30": "29.90380", "2015-03-31": "29.78600", "2014-12-31": "29.99490", "2014-09-30": "29.69010", "2014-06-30": "30.17020", "2014-03-31": "29.92170", "2013-12-31": "31.04610", "2013-09-30": "29.87380", "2013-06-30": "30.06280", "2013-03-31": "28.81540", "2012-12-31": "29.19740", "2012-09-30": "28.91290", "2012-06-30": "29.12920", "2012-03-31": "28.89120", "2011-12-31": "29.61380", "2011-09-30": "28.86970", "2011-06-30": "28.76350", "2011-03-31": "28.53860", "2010-12-31": "29.10280", "2010-09-30": "28.91080", "2010-06-30": "28.88150", "2010-03-31": "29.22530", "2009-12-31": "31.05600", "2009-09-30": "29.35630", "2009-06-30": "29.38230", "2009-03-31": "29.95300", "2008-12-31": "29.83070", "2008-09-30": "29.45770", "2008-06-30": "29.65780", "2008-03-31": "29.91390", "2007-12-31": "29.62030", "2007-09-30": "29.47170", "2007-06-30": "29.77350", "2007-03-31": "29.82220", "2006-12-31": "25.34630", "2006-09-30": "30.79280", "2006-06-30": "31.00080", "2006-03-31": "31.46510", "2005-12-31": "25.80610", "2005-09-30": "30.46380", "2005-06-30": "30.74970", "2005-03-31": "31.44390"}, "Operating Margin": {"2020-09-30": "6.91550", "2020-06-30": "-7.60910", "2020-03-31": "4.14220", "2019-12-31": "2.01960", "2019-09-30": "5.80460", "2019-06-30": "6.44270", "2019-03-31": "5.03110", "2018-12-31": "5.61590", "2018-09-30": "6.32970", "2018-06-30": "6.45470", "2018-03-31": "5.25420", "2017-12-31": "5.20170", "2017-09-30": "6.14290", "2017-06-30": "7.09700", "2017-03-31": "6.07080", "2016-12-31": "5.57080", "2016-09-30": "7.39160", "2016-06-30": "7.69440", "2016-03-31": "6.63330", "2015-12-31": "7.12540", "2015-09-30": "7.66420", "2015-06-30": "7.87020", "2015-03-31": "6.72850", "2014-12-31": "7.11040", "2014-09-30": "7.48340", "2014-06-30": "7.93630", "2014-03-31": "6.73050", "2013-12-31": "6.84040", "2013-09-30": "7.37390", "2013-06-30": "8.56170", "2013-03-31": "6.94440", "2012-12-31": "7.95540", "2012-09-30": "8.04360", "2012-06-30": "8.00830", "2012-03-31": "7.17220", "2011-12-31": "7.59270", "2011-09-30": "7.52080", "2011-06-30": "7.58410", "2011-03-31": "6.45480", "2010-12-31": "7.51320", "2010-09-30": "7.20170", "2010-06-30": "7.05230", "2010-03-31": "6.23010", "2009-12-31": "7.66950", "2009-09-30": "6.54860", "2009-06-30": "6.55020", "2009-03-31": "5.91810", "2008-12-31": "7.21550", "2008-09-30": "7.31550", "2008-06-30": "7.50700", "2008-03-31": "6.99700", "2007-12-31": "8.54670", "2007-09-30": "7.41310", "2007-06-30": "7.57590", "2007-03-31": "7.40360", "2006-12-31": "8.64670", "2006-09-30": "7.29170", "2006-06-30": "7.34440", "2006-03-31": "7.22500", "2005-12-31": "8.53820", "2005-09-30": "7.04750", "2005-06-30": "7.26430", "2005-03-31": "7.35250"}, "EBIT Margin": {"2020-09-30": "6.91550", "2020-06-30": "-7.60910", "2020-03-31": "4.14220", "2019-12-31": "2.01960", "2019-09-30": "5.80460", "2019-06-30": "6.44270", "2019-03-31": "5.03110", "2018-12-31": "5.61590", "2018-09-30": "6.32970", "2018-06-30": "6.45470", "2018-03-31": "5.25420", "2017-12-31": "5.20170", "2017-09-30": "6.14290", "2017-06-30": "7.09700", "2017-03-31": "6.07080", "2016-12-31": "5.57080", "2016-09-30": "7.39160", "2016-06-30": "7.69440", "2016-03-31": "6.63330", "2015-12-31": "7.12540", "2015-09-30": "7.66420", "2015-06-30": "7.87020", "2015-03-31": "6.72850", "2014-12-31": "7.11040", "2014-09-30": "7.48340", "2014-06-30": "7.93630", "2014-03-31": "6.73050", "2013-12-31": "6.84040", "2013-09-30": "7.37390", "2013-06-30": "8.56170", "2013-03-31": "6.94440", "2012-12-31": "7.95540", "2012-09-30": "8.04360", "2012-06-30": "8.00830", "2012-03-31": "7.17220", "2011-12-31": "7.59270", "2011-09-30": "7.52080", "2011-06-30": "7.58410", "2011-03-31": "6.45480", "2010-12-31": "7.51320", "2010-09-30": "7.20170", "2010-06-30": "7.05230", "2010-03-31": "6.23010", "2009-12-31": "7.66950", "2009-09-30": "6.54860", "2009-06-30": "6.55020", "2009-03-31": "5.91810", "2008-12-31": "7.21560", "2008-09-30": "7.31550", "2008-06-30": "7.50700", "2008-03-31": "6.99700", "2007-12-31": "8.54670", "2007-09-30": "7.41310", "2007-06-30": "7.57590", "2007-03-31": "7.40360", "2006-12-31": "8.64670", "2006-09-30": "7.29170", "2006-06-30": "7.34440", "2006-03-31": "7.22500", "2005-12-31": "8.53830", "2005-09-30": "7.04750", "2005-06-30": "7.26430", "2005-03-31": "7.35250"}, "EBITDA Margin": {"2020-09-30": "", "2020-06-30": "", "2020-03-31": "", "2019-12-31": "", "2019-09-30": "", "2019-06-30": "", "2019-03-31": "", "2018-12-31": "", "2018-09-30": "", "2018-06-30": "", "2018-03-31": "", "2017-12-31": "", "2017-09-30": "", "2017-06-30": "", "2017-03-31": "", "2016-12-31": "", "2016-09-30": "", "2016-06-30": "", "2016-03-31": "", "2015-12-31": "", "2015-09-30": "", "2015-06-30": "", "2015-03-31": "", "2014-12-31": "", "2014-09-30": "", "2014-06-30": "", "2014-03-31": "", "2013-12-31": "", "2013-09-30": "", "2013-06-30": "", "2013-03-31": "", "2012-12-31": "", "2012-09-30": "", "2012-06-30": "", "2012-03-31": "", "2011-12-31": "", "2011-09-30": "", "2011-06-30": "", "2011-03-31": "", "2010-12-31": "", "2010-09-30": "", "2010-06-30": "", "2010-03-31": "", "2009-12-31": "", "2009-09-30": "", "2009-06-30": "", "2009-03-31": "", "2008-12-31": "", "2008-09-30": "", "2008-06-30": "", "2008-03-31": "", "2007-12-31": "", "2007-09-30": "", "2007-06-30": "", "2007-03-31": "", "2006-12-31": "", "2006-09-30": "", "2006-06-30": "", "2006-03-31": "", "2005-12-31": "", "2005-09-30": "", "2005-06-30": "", "2005-03-31": ""}, "Pre-Tax Profit Margin": {"2020-09-30": "6.81140", "2020-06-30": "-7.96280", "2020-03-31": "3.92460", "2019-12-31": "0.92930", "2019-09-30": "6.27320", "2019-06-30": "6.33030", "2019-03-31": "4.46530", "2018-12-31": "5.52340", "2018-09-30": "6.17700", "2018-06-30": "6.22700", "2018-03-31": "5.00010", "2017-12-31": "5.27690", "2017-09-30": "6.01470", "2017-06-30": "7.24690", "2017-03-31": "6.24160", "2016-12-31": "6.25080", "2016-09-30": "7.39160", "2016-06-30": "7.69440", "2016-03-31": "6.63330", "2015-12-31": "7.10550", "2015-09-30": "7.66420", "2015-06-30": "7.87020", "2015-03-31": "6.72850", "2014-12-31": "6.94070", "2014-09-30": "7.48340", "2014-06-30": "7.93630", "2014-03-31": "6.73050", "2013-12-31": "6.70000", "2013-09-30": "7.37390", "2013-06-30": "8.56170", "2013-03-31": "6.94440", "2012-12-31": "8.07720", "2012-09-30": "8.04360", "2012-06-30": "8.00830", "2012-03-31": "7.17220", "2011-12-31": "6.97300", "2011-09-30": "7.52080", "2011-06-30": "7.58410", "2011-03-31": "6.45480", "2010-12-31": "6.63830", "2010-09-30": "7.20170", "2010-06-30": "7.05230", "2010-03-31": "6.23010", "2009-12-31": "6.58550", "2009-09-30": "6.54860", "2009-06-30": "6.55020", "2009-03-31": "5.91810", "2008-12-31": "5.96120", "2008-09-30": "7.31550", "2008-06-30": "7.50690", "2008-03-31": "6.99700", "2007-12-31": "7.74310", "2007-09-30": "7.41310", "2007-06-30": "7.57590", "2007-03-31": "7.40360", "2006-12-31": "7.63200", "2006-09-30": "7.29170", "2006-06-30": "7.34440", "2006-03-31": "7.22500", "2005-12-31": "7.34190", "2005-09-30": "7.04750", "2005-06-30": "7.26430", "2005-03-31": "7.35250"}, "Net Profit Margin": {"2020-09-30": "5.20660", "2020-06-30": "-14.76170", "2020-03-31": "2.99450", "2019-12-31": "0.15720", "2019-09-30": "5.02700", "2019-06-30": "5.03440", "2019-03-31": "3.38310", "2018-12-31": "4.05530", "2018-09-30": "4.66290", "2018-06-30": "4.70690", "2018-03-31": "3.85010", "2017-12-31": "2.57150", "2017-09-30": "3.86830", "2017-06-30": "4.63330", "2017-03-31": "4.10070", "2016-12-31": "4.03490", "2016-09-30": "4.70160", "2016-06-30": "4.90740", "2016-03-31": "4.25000", "2015-12-31": "4.38030", "2015-09-30": "4.79410", "2015-06-30": "4.95820", "2015-03-31": "4.30960", "2014-12-31": "4.33120", "2014-09-30": "4.77970", "2014-06-30": "5.05900", "2014-03-31": "4.34450", "2013-12-31": "4.27730", "2013-09-30": "4.71460", "2013-06-30": "5.88570", "2013-03-31": "4.51380", "2012-12-31": "5.13710", "2012-09-30": "5.12310", "2012-06-30": "5.05170", "2012-03-31": "4.59740", "2011-12-31": "4.47750", "2011-09-30": "4.62120", "2011-06-30": "4.76650", "2011-03-31": "4.25380", "2010-12-31": "4.22580", "2010-09-30": "4.46640", "2010-06-30": "4.37160", "2010-03-31": "3.86640", "2009-12-31": "4.01290", "2009-09-30": "4.12920", "2009-06-30": "4.08710", "2009-03-31": "3.64730", "2008-12-31": "3.48320", "2008-09-30": "4.54590", "2008-06-30": "4.63110", "2008-03-31": "4.50970", "2007-12-31": "4.79910", "2007-09-30": "4.59620", "2007-06-30": "4.69830", "2007-03-31": "4.58890", "2006-12-31": "4.69800", "2006-09-30": "4.49440", "2006-06-30": "4.53380", "2006-03-31": "4.46140", "2005-12-31": "4.52310", "2005-09-30": "4.33870", "2005-06-30": "4.48230", "2005-03-31": "4.55120"}, "Asset Turnover": {"2020-09-30": "0.32430", "2020-06-30": "0.28820", "2020-03-31": "0.31550", "2019-12-31": "0.38730", "2019-09-30": "0.31180", "2019-06-30": "0.30450", "2019-03-31": "0.33660", "2018-12-31": "0.36300", "2018-09-30": "0.37310", "2018-06-30": "0.38370", "2018-03-31": "0.35940", "2017-12-31": "0.33890", "2017-09-30": "0.43140", "2017-06-30": "0.43560", "2017-03-31": "0.42610", "2016-12-31": "0.42670", "2016-09-30": "0.45050", "2016-06-30": "0.45170", "2016-03-31": "0.44000", "2015-12-31": "0.45200", "2015-09-30": "0.47810", "2015-06-30": "0.46830", "2015-03-31": "0.45350", "2014-12-31": "0.46350", "2014-09-30": "0.47780", "2014-06-30": "0.47370", "2014-03-31": "0.45410", "2013-12-31": "0.45800", "2013-09-30": "0.46390", "2013-06-30": "0.47990", "2013-03-31": "0.43590", "2012-12-31": "0.45820", "2012-09-30": "0.52370", "2012-06-30": "0.53970", "2012-03-31": "0.52190", "2011-12-31": "0.48590", "2011-09-30": "0.56800", "2011-06-30": "0.55710", "2011-03-31": "0.53400", "2010-12-31": "0.51380", "2010-09-30": "0.54500", "2010-06-30": "0.54550", "2010-03-31": "0.50340", "2009-12-31": "0.49380", "2009-09-30": "0.52370", "2009-06-30": "0.52220", "2009-03-31": "0.51740", "2008-12-31": "0.52650", "2008-09-30": "0.59800", "2008-06-30": "0.59900", "2008-03-31": "0.57610", "2007-12-31": "0.55030", "2007-09-30": "0.57860", "2007-06-30": "0.58610", "2007-03-31": "0.57260", "2006-12-31": "0.56550", "2006-09-30": "0.54960", "2006-06-30": "0.54930", "2006-03-31": "0.53030", "2005-12-31": "0.50500", "2005-09-30": "0.53580", "2005-06-30": "0.53690", "2005-03-31": "0.51690"}, "Inventory Turnover Ratio": {"2020-09-30": "0.83110", "2020-06-30": "0.75560", "2020-03-31": "0.82690", "2019-12-31": "1.11850", "2019-09-30": "0.81220", "2019-06-30": "0.79320", "2019-03-31": "0.87630", "2018-12-31": "0.84820", "2018-09-30": "0.91580", "2018-06-30": "0.94710", "2018-03-31": "0.83500", "2017-12-31": "0.77510", "2017-09-30": "0.85540", "2017-06-30": "0.85900", "2017-03-31": "0.83660", "2016-12-31": "0.82510", "2016-09-30": "0.87190", "2016-06-30": "0.89270", "2016-03-31": "0.85010", "2015-12-31": "0.86210", "2015-09-30": "0.92750", "2015-06-30": "0.91300", "2015-03-31": "0.87230", "2014-12-31": "0.87910", "2014-09-30": "0.92980", "2014-06-30": "0.91370", "2014-03-31": "0.85410", "2013-12-31": "0.82340", "2013-09-30": "0.91250", "2013-06-30": "0.91850", "2013-03-31": "0.88940", "2012-12-31": "0.84850", "2012-09-30": "1.02060", "2012-06-30": "1.01370", "2012-03-31": "0.99900", "2011-12-31": "0.86940", "2011-09-30": "1.03850", "2011-06-30": "1.00770", "2011-03-31": "0.95020", "2010-12-31": "0.89480", "2010-09-30": "0.96110", "2010-06-30": "0.93550", "2010-03-31": "0.83280", "2009-12-31": "0.76950", "2009-09-30": "0.84160", "2009-06-30": "0.80800", "2009-03-31": "0.76000", "2008-12-31": "0.76330", "2008-09-30": "0.87700", "2008-06-30": "0.87140", "2008-03-31": "0.82950", "2007-12-31": "0.79160", "2007-09-30": "0.88650", "2007-06-30": "0.87490", "2007-03-31": "0.84440", "2006-12-31": "0.84890", "2006-09-30": "0.85320", "2006-06-30": "0.84930", "2006-03-31": "0.80100", "2005-12-31": "0.80660", "2005-09-30": "0.82350", "2005-06-30": "0.80660", "2005-03-31": "0.74690"}, "Receiveable Turnover": {"2020-09-30": "2.23850", "2020-06-30": "2.09680", "2020-03-31": "1.68550", "2019-12-31": "2.32450", "2019-09-30": "1.65160", "2019-06-30": "1.57140", "2019-03-31": "1.72760", "2018-12-31": "1.84620", "2018-09-30": "1.77830", "2018-06-30": "1.80630", "2018-03-31": "1.73650", "2017-12-31": "1.73730", "2017-09-30": "1.89980", "2017-06-30": "1.88950", "2017-03-31": "1.87330", "2016-12-31": "1.94990", "2016-09-30": "1.93930", "2016-06-30": "1.92000", "2016-03-31": "1.87630", "2015-12-31": "2.02030", "2015-09-30": "1.99770", "2015-06-30": "1.96190", "2015-03-31": "1.88860", "2014-12-31": "2.04150", "2014-09-30": "2.01710", "2014-06-30": "2.04710", "2014-03-31": "1.98270", "2013-12-31": "2.11300", "2013-09-30": "2.09450", "2013-06-30": "2.08960", "2013-03-31": "1.96850", "2012-12-31": "2.09320", "2012-09-30": "2.10160", "2012-06-30": "2.07870", "2012-03-31": "1.98150", "2011-12-31": "2.06300", "2011-09-30": "2.14600", "2011-06-30": "2.03400", "2011-03-31": "1.99510", "2010-12-31": "2.05780", "2010-09-30": "2.11530", "2010-06-30": "2.10290", "2010-03-31": "1.96540", "2009-12-31": "2.08180", "2009-09-30": "2.08440", "2009-06-30": "2.04550", "2009-03-31": "2.01800", "2008-12-31": "2.05810", "2008-09-30": "2.13400", "2008-06-30": "2.14020", "2008-03-31": "2.10120", "2007-12-31": "2.16020", "2007-09-30": "2.09660", "2007-06-30": "2.09340", "2007-03-31": "2.04260", "2006-12-31": "2.07110", "2006-09-30": "2.07440", "2006-06-30": "2.03650", "2006-03-31": "1.96750", "2005-12-31": "2.03030", "2005-09-30": "2.08130", "2005-06-30": "2.01980", "2005-03-31": "1.95990"}, "Days Sales In Receivables": {"2020-09-30": "40.20520", "2020-06-30": "42.92240", "2020-03-31": "53.39740", "2019-12-31": "38.71880", "2019-09-30": "54.49320", "2019-06-30": "57.27290", "2019-03-31": "52.09650", "2018-12-31": "48.74830", "2018-09-30": "50.61060", "2018-06-30": "49.82690", "2018-03-31": "51.82910", "2017-12-31": "51.80340", "2017-09-30": "47.37300", "2017-06-30": "47.63140", "2017-03-31": "48.04290", "2016-12-31": "46.15550", "2016-09-30": "46.40820", "2016-06-30": "46.87580", "2016-03-31": "47.96550", "2015-12-31": "44.54840", "2015-09-30": "45.05180", "2015-06-30": "45.87350", "2015-03-31": "47.65490", "2014-12-31": "44.08500", "2014-09-30": "44.61840", "2014-06-30": "43.96550", "2014-03-31": "45.39380", "2013-12-31": "42.59300", "2013-09-30": "42.97040", "2013-06-30": "43.07020", "2013-03-31": "45.71900", "2012-12-31": "42.99580", "2012-09-30": "42.82470", "2012-06-30": "43.29530", "2012-03-31": "45.41940", "2011-12-31": "43.62480", "2011-09-30": "41.93930", "2011-06-30": "44.24830", "2011-03-31": "45.11030", "2010-12-31": "43.73520", "2010-09-30": "42.54730", "2010-06-30": "42.79760", "2010-03-31": "45.79280", "2009-12-31": "43.23250", "2009-09-30": "43.17690", "2009-06-30": "43.99870", "2009-03-31": "44.59830", "2008-12-31": "43.72980", "2008-09-30": "42.17430", "2008-06-30": "42.05250", "2008-03-31": "42.83340", "2007-12-31": "41.66290", "2007-09-30": "42.92600", "2007-06-30": "42.99200", "2007-03-31": "44.06150", "2006-12-31": "43.45450", "2006-09-30": "43.38520", "2006-06-30": "44.19420", "2006-03-31": "45.74230", "2005-12-31": "44.32850", "2005-09-30": "43.24210", "2005-06-30": "44.55810", "2005-03-31": "45.91970"}, "ROE - Return On Equity": {"2020-09-30": "7.67500", "2020-06-30": "-12.66160", "2020-03-31": "3.98870", "2019-12-31": "1.05700", "2019-09-30": "5.79180", "2019-06-30": "5.68110", "2019-03-31": "4.48520", "2018-12-31": "5.37730", "2018-09-30": "6.01210", "2018-06-30": "6.37150", "2018-03-31": "4.95810", "2017-12-31": "3.12290", "2017-09-30": "4.67360", "2017-06-30": "5.75440", "2017-03-31": "4.95490", "2016-12-31": "4.75530", "2016-09-30": "5.55650", "2016-06-30": "5.88790", "2016-03-31": "4.87170", "2015-12-31": "5.10480", "2015-09-30": "5.92920", "2015-06-30": "6.00130", "2015-03-31": "5.04570", "2014-12-31": "4.99820", "2014-09-30": "5.43070", "2014-06-30": "5.58950", "2014-03-31": "4.61670", "2013-12-31": "4.47980", "2013-09-30": "5.51020", "2013-06-30": "7.01060", "2013-03-31": "4.69640", "2012-12-31": "5.32630", "2012-09-30": "5.64040", "2012-06-30": "5.75130", "2012-03-31": "5.05370", "2011-12-31": "4.90110", "2011-09-30": "5.25120", "2011-06-30": "5.17900", "2011-03-31": "4.39460", "2010-12-31": "4.23340", "2010-09-30": "4.74430", "2010-06-30": "4.65610", "2010-03-31": "3.74630", "2009-12-31": "3.77150", "2009-09-30": "4.11730", "2009-06-30": "4.11860", "2009-03-31": "3.70200", "2008-12-31": "3.66780", "2008-09-30": "4.90860", "2008-06-30": "4.93370", "2008-03-31": "4.62760", "2007-12-31": "4.64110", "2007-09-30": "4.74470", "2007-06-30": "4.82370", "2007-03-31": "4.66010", "2006-12-31": "4.68500", "2006-09-30": "4.35660", "2006-06-30": "4.37990", "2006-03-31": "4.17010", "2005-12-31": "4.04580", "2005-09-30": "4.18330", "2005-06-30": "4.26890", "2005-03-31": "4.15000"}, "Return On Tangible Equity": {"2020-09-30": "-95.21640", "2020-06-30": "112.32080", "2020-03-31": "-54.05900", "2019-12-31": "-43.34400", "2019-09-30": "-154.94880", "2019-06-30": "-131.61370", "2019-03-31": "-231.69870", "2018-12-31": "-272.84520", "2018-09-30": "152.29120", "2018-06-30": "358.24880", "2018-03-31": "-309.53720", "2017-12-31": "-119.90540", "2017-09-30": "9.45040", "2017-06-30": "11.70070", "2017-03-31": "9.86280", "2016-12-31": "9.34160", "2016-09-30": "10.38320", "2016-06-30": "10.80000", "2016-03-31": "8.63180", "2015-12-31": "8.97230", "2015-09-30": "10.20390", "2015-06-30": "10.43250", "2015-03-31": "8.72820", "2014-12-31": "8.59700", "2014-09-30": "9.23140", "2014-06-30": "9.39490", "2014-03-31": "7.86870", "2013-12-31": "7.27100", "2013-09-30": "9.27640", "2013-06-30": "11.91600", "2013-03-31": "5.59280", "2012-12-31": "6.38260", "2012-09-30": "6.75040", "2012-06-30": "6.92890", "2012-03-31": "5.62280", "2011-12-31": "5.45540", "2011-09-30": "5.80960", "2011-06-30": "5.61570", "2011-03-31": "4.77490", "2010-12-31": "4.57550", "2010-09-30": "5.12670", "2010-06-30": "5.03530", "2010-03-31": "4.05570", "2009-12-31": "4.03470", "2009-09-30": "4.40640", "2009-06-30": "4.41080", "2009-03-31": "3.96260", "2008-12-31": "3.92850", "2008-09-30": "5.19670", "2008-06-30": "5.17550", "2008-03-31": "4.83500", "2007-12-31": "4.78630", "2007-09-30": "4.87150", "2007-06-30": "4.93710", "2007-03-31": "4.77380", "2006-12-31": "4.80220", "2006-09-30": "4.45650", "2006-06-30": "4.48150", "2006-03-31": "4.26790", "2005-12-31": "4.14230", "2005-09-30": "4.28430", "2005-06-30": "4.37430", "2005-03-31": "4.24520"}, "ROA - Return On Assets": {"2020-09-30": "1.72850", "2020-06-30": "-2.74050", "2020-03-31": "0.94480", "2019-12-31": "0.26670", "2019-09-30": "1.46250", "2019-06-30": "1.43120", "2019-03-31": "1.13890", "2018-12-31": "1.47200", "2018-09-30": "1.73990", "2018-06-30": "1.80620", "2018-03-31": "1.38390", "2017-12-31": "0.87160", "2017-09-30": "1.66880", "2017-06-30": "2.01840", "2017-03-31": "1.74720", "2016-12-31": "1.72160", "2016-09-30": "2.11820", "2016-06-30": "2.21640", "2016-03-31": "1.87000", "2015-12-31": "1.98010", "2015-09-30": "2.29200", "2015-06-30": "2.32210", "2015-03-31": "1.95440", "2014-12-31": "2.00770", "2014-09-30": "2.28400", "2014-06-30": "2.39620", "2014-03-31": "1.97290", "2013-12-31": "1.95910", "2013-09-30": "2.18720", "2013-06-30": "2.82440", "2013-03-31": "1.96760", "2012-12-31": "2.35380", "2012-09-30": "2.68300", "2012-06-30": "2.72630", "2012-03-31": "2.39930", "2011-12-31": "2.17580", "2011-09-30": "2.62470", "2011-06-30": "2.65540", "2011-03-31": "2.27160", "2010-12-31": "2.17110", "2010-09-30": "2.43430", "2010-06-30": "2.38470", "2010-03-31": "1.94650", "2009-12-31": "1.98150", "2009-09-30": "2.16260", "2009-06-30": "2.13410", "2009-03-31": "1.88700", "2008-12-31": "1.83400", "2008-09-30": "2.71860", "2008-06-30": "2.77390", "2008-03-31": "2.59790", "2007-12-31": "2.64100", "2007-09-30": "2.65930", "2007-06-30": "2.75380", "2007-03-31": "2.62760", "2006-12-31": "2.65660", "2006-09-30": "2.47020", "2006-06-30": "2.49030", "2006-03-31": "2.36580", "2005-12-31": "2.28420", "2005-09-30": "2.32480", "2005-06-30": "2.40670", "2005-03-31": "2.35270"}, "ROI - Return On Investment": {"2020-09-30": "4.06110", "2020-06-30": "-6.49250", "2020-03-31": "2.22030", "2019-12-31": "0.60110", "2019-09-30": "3.28540", "2019-06-30": "3.19430", "2019-03-31": "2.68780", "2018-12-31": "3.16220", "2018-09-30": "3.59460", "2018-06-30": "3.74980", "2018-03-31": "2.88260", "2017-12-31": "1.79880", "2017-09-30": "4.02120", "2017-06-30": "4.93260", "2017-03-31": "4.23440", "2016-12-31": "4.05920", "2016-09-30": "5.09800", "2016-06-30": "5.46730", "2016-03-31": "4.52310", "2015-12-31": "4.73050", "2015-09-30": "5.12160", "2015-06-30": "5.20230", "2015-03-31": "4.36220", "2014-12-31": "4.34270", "2014-09-30": "4.75320", "2014-06-30": "4.89730", "2014-03-31": "4.02650", "2013-12-31": "3.89940", "2013-09-30": "5.10540", "2013-06-30": "6.48530", "2013-03-31": "4.34330", "2012-12-31": "4.91760", "2012-09-30": "4.84950", "2012-06-30": "4.91340", "2012-03-31": "4.30920", "2011-12-31": "4.14790", "2011-09-30": "4.83330", "2011-06-30": "4.77200", "2011-03-31": "4.04350", "2010-12-31": "3.88670", "2010-09-30": "4.02060", "2010-06-30": "3.92240", "2010-03-31": "3.15830", "2009-12-31": "3.16890", "2009-09-30": "3.45620", "2009-06-30": "3.43570", "2009-03-31": "3.06550", "2008-12-31": "3.03400", "2008-09-30": "4.48830", "2008-06-30": "4.51520", "2008-03-31": "4.23140", "2007-12-31": "4.25000", "2007-09-30": "4.00570", "2007-06-30": "4.06940", "2007-03-31": "3.91050", "2006-12-31": "3.91700", "2006-09-30": "3.69350", "2006-06-30": "3.70720", "2006-03-31": "3.52500", "2005-12-31": "3.41250", "2005-09-30": "3.51940", "2005-06-30": "3.58020", "2005-03-31": "3.47380"}, "Book Value Per Share": {"2020-09-30": "21.03250", "2020-06-30": "19.90020", "2020-03-31": "23.73000", "2019-12-31": "25.41990", "2019-09-30": "25.22310", "2019-06-30": "25.24660", "2019-03-31": "24.46070", "2018-12-31": "23.79100", "2018-09-30": "24.95980", "2018-06-30": "24.27430", "2018-03-31": "24.27030", "2017-12-31": "23.62150", "2017-09-30": "23.12300", "2017-06-30": "22.48400", "2017-03-31": "21.93000", "2016-12-31": "21.61150", "2016-09-30": "22.42410", "2016-06-30": "21.82620", "2016-03-31": "21.67920", "2015-12-31": "21.05030", "2015-09-30": "21.03320", "2015-06-30": "21.45880", "2015-03-31": "20.94890", "2014-12-31": "21.63350", "2014-09-30": "22.95050", "2014-06-30": "23.07470", "2014-03-31": "22.20780", "2013-12-31": "21.84240", "2013-09-30": "20.42780", "2013-06-30": "19.92870", "2013-03-31": "19.83950", "2012-12-31": "19.42750", "2012-09-30": "19.76500", "2012-06-30": "18.90270", "2012-03-31": "18.56200", "2011-12-31": "17.69080", "2011-09-30": "18.57590", "2011-06-30": "18.69850", "2011-03-31": "18.27350", "2010-12-31": "17.77970", "2010-09-30": "17.63280", "2010-06-30": "16.96060", "2010-03-31": "16.91250", "2009-12-31": "16.54550", "2009-09-30": "16.38550", "2009-06-30": "15.76930", "2009-03-31": "15.10500", "2008-12-31": "15.01090", "2008-09-30": "16.62400", "2008-06-30": "16.60080", "2008-03-31": "16.29660", "2007-12-31": "16.35940", "2007-09-30": "16.14030", "2007-06-30": "15.87440", "2007-03-31": "15.30950", "2006-12-31": "14.95330", "2006-09-30": "16.34370", "2006-06-30": "16.08410", "2006-03-31": "15.82110", "2005-12-31": "15.56900", "2005-09-30": "15.27460", "2005-06-30": "14.93410", "2005-03-31": "14.72400"}, "Operating Cash Flow Per Share": {"2020-09-30": 3.458, "2020-06-30": 5.8737, "2020-03-31": "0.50860", "2019-12-31": 1.4554, "2019-09-30": 2.947, "2019-06-30": 1.2691, "2019-03-31": "0.42080", "2018-12-31": 1.5007, "2018-09-30": 3.1865, "2018-06-30": 2.1511, "2018-03-31": "0.93920", "2017-12-31": 1.8343, "2017-09-30": 1.3454, "2017-06-30": 1.6542, "2017-03-31": "0.68430", "2016-12-31": 1.364, "2016-09-30": 1.4155, "2016-06-30": 2.6376, "2016-03-31": "0.89830", "2015-12-31": 1.7135, "2015-09-30": 2.9209, "2015-06-30": 2.1705, "2015-03-31": "0.79770", "2014-12-31": 1.294, "2014-09-30": 1.4487, "2014-06-30": 1.9894, "2014-03-31": "0.38620", "2013-12-31": 1.4063, "2013-09-30": 2.3888, "2013-06-30": 2.245, "2013-03-31": "0.74630", "2012-12-31": 0.8964, "2012-09-30": 2.2111, "2012-06-30": 1.5896, "2012-03-31": "1.09780", "2011-12-31": 0.7986, "2011-09-30": 1.5857, "2011-06-30": 1.2429, "2011-03-31": "0.33660", "2010-12-31": 0.6847, "2010-09-30": 1.3767, "2010-06-30": 1.3441, "2010-03-31": "0.87730", "2009-12-31": 0.4984, "2009-09-30": 1.7347, "2009-06-30": 1.8044, "2009-03-31": "1.25530", "2008-12-31": 0.3635, "2008-09-30": 1.2013, "2008-06-30": 0.8085, "2008-03-31": "0.88040", "2007-12-31": 0.186, "2007-09-30": 1.526, "2007-06-30": 0.8569, "2007-03-31": "1.20150", "2006-12-31": 0.0988, "2006-09-30": 1.0011, "2006-06-30": 1.0675, "2006-03-31": "0.34580", "2005-12-31": -0.3066, "2005-09-30": 1.0134, "2005-06-30": 1.1501, "2005-03-31": "0.66020"}, "Free Cash Flow Per Share": {"2020-09-30": 3.2797, "2020-06-30": 5.6946, "2020-03-31": "0.21960", "2019-12-31": 0.726, "2019-09-30": 2.447, "2019-06-30": 0.9256, "2019-03-31": "0.12850", "2018-12-31": 0.6454, "2018-09-30": 3.0053, "2018-06-30": 1.9234, "2018-03-31": "0.72450", "2017-12-31": 1.5771, "2017-09-30": 1.0516, "2017-06-30": 1.4546, "2017-03-31": "0.51760", "2016-12-31": 1.0628, "2016-09-30": 1.168, "2016-06-30": 2.384, "2016-03-31": "0.82060", "2015-12-31": 1.4592, "2015-09-30": 2.7582, "2015-06-30": 2.0326, "2015-03-31": "0.69080", "2014-12-31": 1.1328, "2014-09-30": 1.2283, "2014-06-30": 1.8498, "2014-03-31": "0.26740", "2013-12-31": 1.2185, "2013-09-30": 2.1737, "2013-06-30": 2.0024, "2013-03-31": "0.66350", "2012-12-31": 0.7576, "2012-09-30": 2.0799, "2012-06-30": 1.3696, "2012-03-31": "0.99020", "2011-12-31": 0.6056, "2011-09-30": 1.4427, "2011-06-30": 1.0707, "2011-03-31": "0.24500", "2010-12-31": 0.5422, "2010-09-30": 1.1795, "2010-06-30": 1.2301, "2010-03-31": "0.81540", "2009-12-31": 0.4473, "2009-09-30": 1.2018, "2009-06-30": 1.6614, "2009-03-31": "1.16700", "2008-12-31": 0.1613, "2008-09-30": 1.1011, "2008-06-30": 0.6697, "2008-03-31": "0.74910", "2007-12-31": 0.3972, "2007-09-30": 1.3406, "2007-06-30": 0.6871, "2007-03-31": "1.06340", "2006-12-31": -0.0636, "2006-09-30": 0.7971, "2006-06-30": 0.8875, "2006-03-31": "0.18730", "2005-12-31": -0.4166, "2005-09-30": 0.9044, "2005-06-30": 1.038, "2005-03-31": "0.54220"}}, "revenue": {"Genuine Parts Annual Revenue (Millions of US $)": {"2019": "$19,392", "2018": "$18,735", "2017": "$16,309", "2016": "$15,340", "2015": "$15,280", "2014": "$15,342", "2013": "$14,078", "2012": "$13,014", "2011": "$12,459", "2010": "$11,208", "2009": "$10,058", "2008": "$11,015", "2007": "$10,843", "2006": "$10,458", "2005": "$9,783"}, "Genuine Parts Quarterly Revenue (Millions of US $)": {"2020-09-30": "$4,370", "2020-06-30": "$3,823", "2020-03-31": "$4,560", "2019-12-31": "$5,672", "2019-09-30": "$4,525", "2019-06-30": "$4,458", "2019-03-31": "$4,737", "2018-12-31": "$4,604", "2018-09-30": "$4,723", "2018-06-30": "$4,822", "2018-03-31": "$4,586", "2017-12-31": "$4,207", "2017-09-30": "$4,096", "2017-06-30": "$4,100", "2017-03-31": "$3,906", "2016-12-31": "$3,780", "2016-09-30": "$3,942", "2016-06-30": "$3,900", "2016-03-31": "$3,718", "2015-12-31": "$3,682", "2015-09-30": "$3,922", "2015-06-30": "$3,940", "2015-03-31": "$3,736", "2014-12-31": "$3,822", "2014-09-30": "$3,986", "2014-06-30": "$3,908", "2014-03-31": "$3,625", "2013-12-31": "$3,518", "2013-09-30": "$3,685", "2013-06-30": "$3,676", "2013-03-31": "$3,199", "2012-12-31": "$3,119", "2012-09-30": "$3,376", "2012-06-30": "$3,338", "2012-03-31": "$3,181", "2011-12-31": "$3,014", "2011-09-30": "$3,286", "2011-06-30": "$3,185", "2011-03-31": "$2,974", "2010-12-31": "$2,808", "2010-09-30": "$2,951", "2010-06-30": "$2,847", "2010-03-31": "$2,602", "2009-12-31": "$2,471", "2009-09-30": "$2,607", "2009-06-30": "$2,535", "2009-03-31": "$2,444", "2008-12-31": "$2,520", "2008-09-30": "$2,882", "2008-06-30": "$2,873", "2008-03-31": "$2,739", "2007-12-31": "$2,627", "2007-09-30": "$2,798", "2007-06-30": "$2,770", "2007-03-31": "$2,649", "2006-12-31": "$2,543", "2006-09-30": "$2,700", "2006-06-30": "$2,662", "2006-03-31": "$2,554", "2005-12-31": "$2,410", "2005-09-30": "$2,556", "2005-06-30": "$2,476", "2005-03-31": "$2,342"}}, "gross-profit": {"Genuine Parts Annual Gross Profit (Millions of US $)": {"2019": "$6,316", "2018": "$5,984", "2017": "$4,906", "2016": "$4,600", "2015": "$4,556", "2014": "$4,594", "2013": "$4,220", "2012": "$3,778", "2011": "$3,606", "2010": "$3,253", "2009": "$3,010", "2008": "$3,272", "2007": "$3,217", "2006": "$3,104", "2005": "$2,898"}, "Genuine Parts Quarterly Gross Profit (Millions of US $)": {"2020-09-30": "$1,528", "2020-06-30": "$1,290", "2020-03-31": "$1,501", "2019-12-31": "$1,820", "2019-09-30": "$1,505", "2019-06-30": "$1,483", "2019-03-31": "$1,508", "2018-12-31": "$1,542", "2018-09-30": "$1,484", "2018-06-30": "$1,522", "2018-03-31": "$1,436", "2017-12-31": "$1,284", "2017-09-30": "$1,227", "2017-06-30": "$1,240", "2017-03-31": "$1,156", "2016-12-31": "$1,131", "2016-09-30": "$1,199", "2016-06-30": "$1,165", "2016-03-31": "$1,104", "2015-12-31": "$1,095", "2015-09-30": "$1,169", "2015-06-30": "$1,178", "2015-03-31": "$1,113", "2014-12-31": "$1,147", "2014-09-30": "$1,183", "2014-06-30": "$1,179", "2014-03-31": "$1,085", "2013-12-31": "$1,092", "2013-09-30": "$1,101", "2013-06-30": "$1,105", "2013-03-31": "$922", "2012-12-31": "$911", "2012-09-30": "$976", "2012-06-30": "$972", "2012-03-31": "$919", "2011-12-31": "$893", "2011-09-30": "$949", "2011-06-30": "$916", "2011-03-31": "$849", "2010-12-31": "$817", "2010-09-30": "$853", "2010-06-30": "$822", "2010-03-31": "$760", "2009-12-31": "$767", "2009-09-30": "$765", "2009-06-30": "$745", "2009-03-31": "$732", "2008-12-31": "$752", "2008-09-30": "$849", "2008-06-30": "$852", "2008-03-31": "$819", "2007-12-31": "$778", "2007-09-30": "$824", "2007-06-30": "$825", "2007-03-31": "$790", "2006-12-31": "$645", "2006-09-30": "$831", "2006-06-30": "$825", "2006-03-31": "$803", "2005-12-31": "$622", "2005-09-30": "$779", "2005-06-30": "$761", "2005-03-31": "$736"}}, "operating-income": {"Genuine Parts Annual Operating Income (Millions of US $)": {"2019": "$903", "2018": "$1,110", "2017": "$999", "2016": "$1,049", "2015": "$1,124", "2014": "$1,124", "2013": "$1,049", "2012": "$1,015", "2011": "$909", "2010": "$786", "2009": "$671", "2008": "$800", "2007": "$838", "2006": "$797", "2005": "$738"}, "Genuine Parts Quarterly Operating Income (Millions of US $)": {"2020-09-30": "$302", "2020-06-30": "$-291", "2020-03-31": "$189", "2019-12-31": "$115", "2019-09-30": "$263", "2019-06-30": "$287", "2019-03-31": "$238", "2018-12-31": "$259", "2018-09-30": "$299", "2018-06-30": "$311", "2018-03-31": "$241", "2017-12-31": "$219", "2017-09-30": "$252", "2017-06-30": "$291", "2017-03-31": "$237", "2016-12-31": "$211", "2016-09-30": "$291", "2016-06-30": "$300", "2016-03-31": "$247", "2015-12-31": "$262", "2015-09-30": "$301", "2015-06-30": "$310", "2015-03-31": "$251", "2014-12-31": "$272", "2014-09-30": "$298", "2014-06-30": "$310", "2014-03-31": "$244", "2013-12-31": "$241", "2013-09-30": "$272", "2013-06-30": "$315", "2013-03-31": "$222", "2012-12-31": "$248", "2012-09-30": "$272", "2012-06-30": "$267", "2012-03-31": "$228", "2011-12-31": "$229", "2011-09-30": "$247", "2011-06-30": "$242", "2011-03-31": "$192", "2010-12-31": "$211", "2010-09-30": "$212", "2010-06-30": "$201", "2010-03-31": "$162", "2009-12-31": "$190", "2009-09-30": "$171", "2009-06-30": "$166", "2009-03-31": "$145", "2008-12-31": "$182", "2008-09-30": "$211", "2008-06-30": "$216", "2008-03-31": "$192", "2007-12-31": "$225", "2007-09-30": "$207", "2007-06-30": "$210", "2007-03-31": "$196", "2006-12-31": "$220", "2006-09-30": "$197", "2006-06-30": "$195", "2006-03-31": "$184", "2005-12-31": "$206", "2005-09-30": "$180", "2005-06-30": "$180", "2005-03-31": "$172"}}, "ebitda": {"Genuine Parts Annual EBITDA (Millions of US $)": {"2019": "$1,255", "2018": "$1,351", "2017": "$1,166", "2016": "$1,196", "2015": "$1,266", "2014": "$1,273", "2013": "$1,183", "2012": "$1,114", "2011": "$998", "2010": "$876", "2009": "$761", "2008": "$889", "2007": "$926", "2006": "$870", "2005": "$803"}, "Genuine Parts Quarterly EBITDA (Millions of US $)": {"2020-09-30": "$371", "2020-06-30": "$279", "2020-03-31": "$259", "2019-12-31": "$280", "2019-09-30": "$328", "2019-06-30": "$347", "2019-03-31": "$300", "2018-12-31": "$322", "2018-09-30": "$360", "2018-06-30": "$370", "2018-03-31": "$299", "2017-12-31": "$269", "2017-09-30": "$292", "2017-06-30": "$330", "2017-03-31": "$275", "2016-12-31": "$250", "2016-09-30": "$329", "2016-06-30": "$336", "2016-03-31": "$281", "2015-12-31": "$298", "2015-09-30": "$335", "2015-06-30": "$346", "2015-03-31": "$287", "2014-12-31": "$311", "2014-09-30": "$333", "2014-06-30": "$347", "2014-03-31": "$281", "2013-12-31": "$277", "2013-09-30": "$307", "2013-06-30": "$352", "2013-03-31": "$248", "2012-12-31": "$273", "2012-09-30": "$297", "2012-06-30": "$292", "2012-03-31": "$251", "2011-12-31": "$251", "2011-09-30": "$269", "2011-06-30": "$264", "2011-03-31": "$215", "2010-12-31": "$233", "2010-09-30": "$235", "2010-06-30": "$224", "2010-03-31": "$184", "2009-12-31": "$212", "2009-09-30": "$193", "2009-06-30": "$188", "2009-03-31": "$167", "2008-12-31": "$204", "2008-09-30": "$233", "2008-06-30": "$238", "2008-03-31": "$214", "2007-12-31": "$248", "2007-09-30": "$229", "2007-06-30": "$231", "2007-03-31": "$217", "2006-12-31": "$238", "2006-09-30": "$217", "2006-06-30": "$213", "2006-03-31": "$202", "2005-12-31": "$220", "2005-09-30": "$197", "2005-06-30": "$197", "2005-03-31": "$189"}}, "net-income": {"Genuine Parts Annual Net Income (Millions of US $)": {"2019": "$621", "2018": "$810", "2017": "$617", "2016": "$687", "2015": "$706", "2014": "$711", "2013": "$685", "2012": "$648", "2011": "$565", "2010": "$476", "2009": "$400", "2008": "$475", "2007": "$506", "2006": "$475", "2005": "$437"}, "Genuine Parts Quarterly Net Income (Millions of US $)": {"2020-09-30": "$228", "2020-06-30": "$-564", "2020-03-31": "$137", "2019-12-31": "$9", "2019-09-30": "$227", "2019-06-30": "$224", "2019-03-31": "$160", "2018-12-31": "$187", "2018-09-30": "$220", "2018-06-30": "$227", "2018-03-31": "$177", "2017-12-31": "$108", "2017-09-30": "$158", "2017-06-30": "$190", "2017-03-31": "$160", "2016-12-31": "$153", "2016-09-30": "$185", "2016-06-30": "$191", "2016-03-31": "$158", "2015-12-31": "$161", "2015-09-30": "$188", "2015-06-30": "$195", "2015-03-31": "$161", "2014-12-31": "$166", "2014-09-30": "$191", "2014-06-30": "$198", "2014-03-31": "$157", "2013-12-31": "$150", "2013-09-30": "$174", "2013-06-30": "$216", "2013-03-31": "$144", "2012-12-31": "$160", "2012-09-30": "$173", "2012-06-30": "$169", "2012-03-31": "$146", "2011-12-31": "$135", "2011-09-30": "$152", "2011-06-30": "$152", "2011-03-31": "$127", "2010-12-31": "$119", "2010-09-30": "$132", "2010-06-30": "$124", "2010-03-31": "$101", "2009-12-31": "$99", "2009-09-30": "$108", "2009-06-30": "$104", "2009-03-31": "$89", "2008-12-31": "$88", "2008-09-30": "$131", "2008-06-30": "$133", "2008-03-31": "$124", "2007-12-31": "$126", "2007-09-30": "$129", "2007-06-30": "$130", "2007-03-31": "$122", "2006-12-31": "$119", "2006-09-30": "$121", "2006-06-30": "$121", "2006-03-31": "$114", "2005-12-31": "$109", "2005-09-30": "$111", "2005-06-30": "$111", "2005-03-31": "$107"}}, "eps-earnings-per-share-diluted": {"Genuine Parts Annual EPS": {"2019": "$4.24", "2018": "$5.50", "2017": "$4.18", "2016": "$4.59", "2015": "$4.63", "2014": "$4.61", "2013": "$4.40", "2012": "$4.14", "2011": "$3.58", "2010": "$3.00", "2009": "$2.50", "2008": "$2.92", "2007": "$2.98", "2006": "$2.76", "2005": "$2.50"}, "Genuine Parts Quarterly EPS": {"2020-09-30": "$1.57", "2020-06-30": "$-2.52", "2020-03-31": "$0.94", "2019-12-31": "$0.16", "2019-09-30": "$1.56", "2019-06-30": "$1.43", "2019-03-31": "$1.09", "2018-12-31": "$1.27", "2018-09-30": "$1.49", "2018-06-30": "$1.54", "2018-03-31": "$1.20", "2017-12-31": "$0.73", "2017-09-30": "$1.08", "2017-06-30": "$1.29", "2017-03-31": "$1.08", "2016-12-31": "$1.02", "2016-09-30": "$1.24", "2016-06-30": "$1.28", "2016-03-31": "$1.05", "2015-12-31": "$1.06", "2015-09-30": "$1.24", "2015-06-30": "$1.28", "2015-03-31": "$1.05", "2014-12-31": "$1.07", "2014-09-30": "$1.24", "2014-06-30": "$1.28", "2014-03-31": "$1.02", "2013-12-31": "$0.96", "2013-09-30": "$1.12", "2013-06-30": "$1.39", "2013-03-31": "$0.93", "2012-12-31": "$1.02", "2012-09-30": "$1.11", "2012-06-30": "$1.08", "2012-03-31": "$0.93", "2011-12-31": "$0.85", "2011-09-30": "$0.97", "2011-06-30": "$0.96", "2011-03-31": "$0.80", "2010-12-31": "$0.76", "2010-09-30": "$0.83", "2010-06-30": "$0.78", "2010-03-31": "$0.63", "2009-12-31": "$0.62", "2009-09-30": "$0.67", "2009-06-30": "$0.65", "2009-03-31": "$0.56", "2008-12-31": "$0.55", "2008-09-30": "$0.81", "2008-06-30": "$0.81", "2008-03-31": "$0.75", "2007-12-31": "$0.75", "2007-09-30": "$0.76", "2007-06-30": "$0.76", "2007-03-31": "$0.71", "2006-12-31": "$0.69", "2006-09-30": "$0.71", "2006-06-30": "$0.70", "2006-03-31": "$0.66", "2005-12-31": "$0.63", "2005-09-30": "$0.63", "2005-06-30": "$0.63", "2005-03-31": "$0.61"}}, "shares-outstanding": {"Genuine Parts Annual Shares Outstanding (Millions of Shares)": {"2019": "146", "2018": "147", "2017": "148", "2016": "150", "2015": "152", "2014": "154", "2013": "156", "2012": "156", "2011": "158", "2010": "158", "2009": "160", "2008": "163", "2007": "170", "2006": "172", "2005": "175"}, "Genuine Parts Quarterly Shares Outstanding (Millions of Shares)": {"2020-09-30": "145", "2020-06-30": "144", "2020-03-31": "146", "2019-12-31": "146", "2019-09-30": "146", "2019-06-30": "147", "2019-03-31": "147", "2018-12-31": "147", "2018-09-30": "147", "2018-06-30": "147", "2018-03-31": "147", "2017-12-31": "148", "2017-09-30": "147", "2017-06-30": "148", "2017-03-31": "149", "2016-12-31": "150", "2016-09-30": "150", "2016-06-30": "150", "2016-03-31": "150", "2015-12-31": "152", "2015-09-30": "152", "2015-06-30": "153", "2015-03-31": "154", "2014-12-31": "154", "2014-09-30": "154", "2014-06-30": "155", "2014-03-31": "155", "2013-12-31": "156", "2013-09-30": "156", "2013-06-30": "156", "2013-03-31": "156", "2012-12-31": "156", "2012-09-30": "156", "2012-06-30": "157", "2012-03-31": "157", "2011-12-31": "158", "2011-09-30": "157", "2011-06-30": "158", "2011-03-31": "159", "2010-12-31": "158", "2010-09-30": "158", "2010-06-30": "159", "2010-03-31": "159", "2009-12-31": "160", "2009-09-30": "160", "2009-06-30": "160", "2009-03-31": "160", "2008-12-31": "163", "2008-09-30": "162", "2008-06-30": "164", "2008-03-31": "166", "2007-12-31": "170", "2007-09-30": "170", "2007-06-30": "171", "2007-03-31": "172", "2006-12-31": "172", "2006-09-30": "172", "2006-06-30": "173", "2006-03-31": "174", "2005-12-31": "175", "2005-09-30": "175", "2005-06-30": "175", "2005-03-31": "176"}}, "total-assets": {"Genuine Parts Annual Total Assets (Millions of US $)": {"2019": "$14,646", "2018": "$12,683", "2017": "$12,412", "2016": "$8,859", "2015": "$8,145", "2014": "$8,246", "2013": "$7,680", "2012": "$6,807", "2011": "$6,203", "2010": "$5,465", "2009": "$5,005", "2008": "$4,786", "2007": "$4,774", "2006": "$4,497", "2005": "$4,772"}, "Genuine Parts Quarterly Total Assets (Millions of US $)": {"2020-09-30": "$13,475", "2020-06-30": "$13,264", "2020-03-31": "$14,451", "2019-12-31": "$14,646", "2019-09-30": "$14,513", "2019-06-30": "$14,639", "2019-03-31": "$14,071", "2018-12-31": "$12,683", "2018-09-30": "$12,657", "2018-06-30": "$12,567", "2018-03-31": "$12,759", "2017-12-31": "$12,412", "2017-09-30": "$9,494", "2017-06-30": "$9,412", "2017-03-31": "$9,167", "2016-12-31": "$8,859", "2016-09-30": "$8,749", "2016-06-30": "$8,634", "2016-03-31": "$8,451", "2015-12-31": "$8,145", "2015-09-30": "$8,203", "2015-06-30": "$8,414", "2015-03-31": "$8,238", "2014-12-31": "$8,246", "2014-09-30": "$8,341", "2014-06-30": "$8,252", "2014-03-31": "$7,982", "2013-12-31": "$7,680", "2013-09-30": "$7,944", "2013-06-30": "$7,660", "2013-03-31": "$7,338", "2012-12-31": "$6,807", "2012-09-30": "$6,446", "2012-06-30": "$6,185", "2012-03-31": "$6,096", "2011-12-31": "$6,203", "2011-09-30": "$5,785", "2011-06-30": "$5,717", "2011-03-31": "$5,570", "2010-12-31": "$5,465", "2010-09-30": "$5,414", "2010-06-30": "$5,219", "2010-03-31": "$5,169", "2009-12-31": "$5,005", "2009-09-30": "$4,977", "2009-06-30": "$4,855", "2009-03-31": "$4,725", "2008-12-31": "$4,786", "2008-09-30": "$4,819", "2008-06-30": "$4,797", "2008-03-31": "$4,755", "2007-12-31": "$4,774", "2007-09-30": "$4,835", "2007-06-30": "$4,725", "2007-03-31": "$4,626", "2006-12-31": "$4,497", "2006-09-30": "$4,912", "2006-06-30": "$4,846", "2006-03-31": "$4,815", "2005-12-31": "$4,772", "2005-09-30": "$4,769", "2005-06-30": "$4,611", "2005-03-31": "$4,531"}}, "cash-on-hand": {"Genuine Parts Annual Cash on Hand (Millions of US $)": {"2019": "$277", "2018": "$334", "2017": "$315", "2016": "$243", "2015": "$212", "2014": "$138", "2013": "$197", "2012": "$403", "2011": "$525", "2010": "$530", "2009": "$337", "2008": "$68", "2007": "$232", "2006": "$136", "2005": "$189"}, "Genuine Parts Quarterly Cash on Hand (Millions of US $)": {"2020-09-30": "$900", "2020-06-30": "$984", "2020-03-31": "$354", "2019-12-31": "$277", "2019-09-30": "$451", "2019-06-30": "$563", "2019-03-31": "$357", "2018-12-31": "$334", "2018-09-30": "$359", "2018-06-30": "$355", "2018-03-31": "$326", "2017-12-31": "$315", "2017-09-30": "$210", "2017-06-30": "$203", "2017-03-31": "$178", "2016-12-31": "$243", "2016-09-30": "$225", "2016-06-30": "$234", "2016-03-31": "$205", "2015-12-31": "$212", "2015-09-30": "$199", "2015-06-30": "$224", "2015-03-31": "$166", "2014-12-31": "$138", "2014-09-30": "$136", "2014-06-30": "$153", "2014-03-31": "$103", "2013-12-31": "$197", "2013-09-30": "$321", "2013-06-30": "$197", "2013-03-31": "$842", "2012-12-31": "$403", "2012-09-30": "$398", "2012-06-30": "$172", "2012-03-31": "$424", "2011-12-31": "$525", "2011-09-30": "$535", "2011-06-30": "$517", "2011-03-31": "$466", "2010-12-31": "$530", "2010-09-30": "$532", "2010-06-30": "$412", "2010-03-31": "$334", "2009-12-31": "$337", "2009-09-30": "$363", "2009-06-30": "$239", "2009-03-31": "$133", "2008-12-31": "$68", "2008-09-30": "$124", "2008-06-30": "$136", "2008-03-31": "$162", "2007-12-31": "$232", "2007-09-30": "$330", "2007-06-30": "$275", "2007-03-31": "$250", "2006-12-31": "$136", "2006-09-30": "$214", "2006-06-30": "$189", "2006-03-31": "$150", "2005-12-31": "$189", "2005-09-30": "$340", "2005-06-30": "$261", "2005-03-31": "$158"}}, "long-term-debt": {"Genuine Parts Annual Long Term Debt (Millions of US $)": {"2019": "$2,802", "2018": "$2,432", "2017": "$2,550", "2016": "$550", "2015": "$250", "2014": "$500", "2013": "$500", "2012": "$250", "2011": "$500", "2010": "$250", "2009": "$500", "2008": "$500", "2007": "$250", "2006": "$500", "2005": "$500"}, "Genuine Parts Quarterly Long Term Debt (Millions of US $)": {"2020-09-30": "$2,701", "2020-06-30": "$2,728", "2020-03-31": "$2,726", "2019-12-31": "$2,802", "2019-09-30": "$2,796", "2019-06-30": "$2,871", "2019-03-31": "$2,389", "2018-12-31": "$2,432", "2018-09-30": "$2,463", "2018-06-30": "$2,491", "2018-03-31": "$2,564", "2017-12-31": "$2,550", "2017-09-30": "$550", "2017-06-30": "$550", "2017-03-31": "$550", "2016-12-31": "$550", "2016-09-30": "$300", "2016-06-30": "$250", "2016-03-31": "$250", "2015-12-31": "$250", "2015-09-30": "$500", "2015-06-30": "$500", "2015-03-31": "$500", "2014-12-31": "$500", "2014-09-30": "$500", "2014-06-30": "$500", "2014-03-31": "$500", "2013-12-31": "$500", "2013-09-30": "$250", "2013-06-30": "$250", "2013-03-31": "$250", "2012-12-31": "$250", "2012-09-30": "$500", "2012-06-30": "$500", "2012-03-31": "$500", "2011-12-31": "$500", "2011-09-30": "$250", "2011-06-30": "$250", "2011-03-31": "$250", "2010-12-31": "$250", "2010-09-30": "$500", "2010-06-30": "$500", "2010-03-31": "$500", "2009-12-31": "$500", "2009-09-30": "$500", "2009-06-30": "$500", "2009-03-31": "$500", "2008-12-31": "$500", "2008-09-30": "$250", "2008-06-30": "$250", "2008-03-31": "$250", "2007-12-31": "$250", "2007-09-30": "$500", "2007-06-30": "$500", "2007-03-31": "$500", "2006-12-31": "$500", "2006-09-30": "$500", "2006-06-30": "$500", "2006-03-31": "$500", "2005-12-31": "$500", "2005-09-30": "$500", "2005-06-30": "$500", "2005-03-31": "$500"}}, "total-liabilities": {"Genuine Parts Annual Total Liabilities (Millions of US $)": {"2019": "$10,950", "2018": "$9,211", "2017": "$8,948", "2016": "$5,652", "2015": "$4,986", "2014": "$4,934", "2013": "$4,322", "2012": "$3,799", "2011": "$3,449", "2010": "$2,662", "2009": "$2,375", "2008": "$2,393", "2007": "$2,057", "2006": "$1,947", "2005": "$2,078"}, "Genuine Parts Quarterly Total Liabilities (Millions of US $)": {"2020-09-30": "$10,441", "2020-06-30": "$10,393", "2020-03-31": "$11,028", "2019-12-31": "$10,950", "2019-09-30": "$10,848", "2019-06-30": "$10,952", "2019-03-31": "$10,498", "2018-12-31": "$9,211", "2018-09-30": "$8,994", "2018-06-30": "$9,004", "2018-03-31": "$9,198", "2017-12-31": "$8,948", "2017-09-30": "$6,104", "2017-06-30": "$6,111", "2017-03-31": "$5,934", "2016-12-31": "$5,652", "2016-09-30": "$5,414", "2016-06-30": "$5,384", "2016-03-31": "$5,207", "2015-12-31": "$4,986", "2015-09-30": "$5,032", "2015-06-30": "$5,158", "2015-03-31": "$5,047", "2014-12-31": "$4,934", "2014-09-30": "$4,833", "2014-06-30": "$4,714", "2014-03-31": "$4,571", "2013-12-31": "$4,322", "2013-09-30": "$4,791", "2013-06-30": "$4,574", "2013-03-31": "$4,264", "2012-12-31": "$3,799", "2012-09-30": "$3,380", "2012-06-30": "$3,253", "2012-03-31": "$3,202", "2011-12-31": "$3,449", "2011-09-30": "$2,893", "2011-06-30": "$2,786", "2011-03-31": "$2,691", "2010-12-31": "$2,662", "2010-09-30": "$2,636", "2010-06-30": "$2,546", "2010-03-31": "$2,483", "2009-12-31": "$2,375", "2009-09-30": "$2,363", "2009-06-30": "$2,339", "2009-03-31": "$2,316", "2008-12-31": "$2,393", "2008-09-30": "$2,150", "2008-06-30": "$2,100", "2008-03-31": "$2,086", "2007-12-31": "$2,057", "2007-09-30": "$2,125", "2007-06-30": "$2,028", "2007-03-31": "$2,018", "2006-12-31": "$1,947", "2006-09-30": "$2,127", "2006-06-30": "$2,091", "2006-03-31": "$2,083", "2005-12-31": "$2,078", "2005-09-30": "$2,119", "2005-06-30": "$2,011", "2005-03-31": "$1,962"}}, "total-share-holder-equity": {"Genuine Parts Annual Share Holder Equity (Millions of US $)": {"2019": "$3,696", "2018": "$3,472", "2017": "$3,464", "2016": "$3,207", "2015": "$3,159", "2014": "$3,312", "2013": "$3,359", "2012": "$3,008", "2011": "$2,754", "2010": "$2,803", "2009": "$2,629", "2008": "$2,393", "2007": "$2,717", "2006": "$2,550", "2005": "$2,694"}, "Genuine Parts Quarterly Share Holder Equity (Millions of US $)": {"2020-09-30": "$3,035", "2020-06-30": "$2,871", "2020-03-31": "$3,423", "2019-12-31": "$3,696", "2019-09-30": "$3,665", "2019-06-30": "$3,688", "2019-03-31": "$3,573", "2018-12-31": "$3,472", "2018-09-30": "$3,663", "2018-06-30": "$3,562", "2018-03-31": "$3,561", "2017-12-31": "$3,464", "2017-09-30": "$3,390", "2017-06-30": "$3,301", "2017-03-31": "$3,232", "2016-12-31": "$3,207", "2016-09-30": "$3,335", "2016-06-30": "$3,250", "2016-03-31": "$3,244", "2015-12-31": "$3,159", "2015-09-30": "$3,171", "2015-06-30": "$3,255", "2015-03-31": "$3,191", "2014-12-31": "$3,312", "2014-09-30": "$3,508", "2014-06-30": "$3,537", "2014-03-31": "$3,411", "2013-12-31": "$3,359", "2013-09-30": "$3,153", "2013-06-30": "$3,086", "2013-03-31": "$3,074", "2012-12-31": "$3,008", "2012-09-30": "$3,066", "2012-06-30": "$2,932", "2012-03-31": "$2,894", "2011-12-31": "$2,754", "2011-09-30": "$2,891", "2011-06-30": "$2,931", "2011-03-31": "$2,879", "2010-12-31": "$2,803", "2010-09-30": "$2,778", "2010-06-30": "$2,673", "2010-03-31": "$2,686", "2009-12-31": "$2,629", "2009-09-30": "$2,614", "2009-06-30": "$2,516", "2009-03-31": "$2,408", "2008-12-31": "$2,393", "2008-09-30": "$2,669", "2008-06-30": "$2,697", "2008-03-31": "$2,670", "2007-12-31": "$2,717", "2007-09-30": "$2,710", "2007-06-30": "$2,698", "2007-03-31": "$2,608", "2006-12-31": "$2,550", "2006-09-30": "$2,785", "2006-06-30": "$2,755", "2006-03-31": "$2,732", "2005-12-31": "$2,694", "2005-09-30": "$2,650", "2005-06-30": "$2,599", "2005-03-31": "$2,569"}}, "profit-margins": {"current": "-1.1%"}, "gross margin": {"2020-09-30": "33.32%", "2020-06-30": "32.92%", "2020-03-31": "32.83%", "2019-12-31": "32.57%", "2019-09-30": "32.95%", "2019-06-30": "32.49%", "2019-03-31": "32.07%", "2018-12-31": "31.94%", "2018-09-30": "31.22%", "2018-06-30": "30.88%", "2018-03-31": "30.53%", "2017-12-31": "30.09%", "2017-09-30": "29.93%", "2017-06-30": "30.05%", "2017-03-31": "29.95%", "2016-12-31": "29.98%", "2016-09-30": "29.94%", "2016-06-30": "29.78%", "2016-03-31": "29.79%", "2015-12-31": "29.81%", "2015-09-30": "29.88%", "2015-06-30": "29.84%", "2015-03-31": "29.91%", "2014-12-31": "29.95%", "2014-09-30": "30.19%", "2014-06-30": "30.25%", "2014-03-31": "30.22%", "2013-12-31": "29.98%", "2013-09-30": "29.53%", "2013-06-30": "29.27%", "2013-03-31": "29.01%", "2012-12-31": "29.03%", "2012-09-30": "29.13%", "2012-06-30": "29.12%", "2012-03-31": "29.03%", "2011-12-31": "28.95%", "2011-09-30": "28.82%", "2011-06-30": "28.82%", "2011-03-31": "28.85%", "2010-12-31": "29.01%", "2010-09-30": "29.45%", "2010-06-30": "29.58%", "2010-03-31": "29.73%", "2009-12-31": "29.92%", "2009-09-30": "29.63%", "2009-06-30": "29.65%", "2009-03-31": "29.71%", "2008-12-31": "29.71%", "2008-09-30": "29.66%", "2008-06-30": "29.65%", "2008-03-31": "29.69%", "2007-12-31": "29.67%", "2007-09-30": "28.66%", "2007-06-30": "28.99%", "2007-03-31": "29.29%", "2006-12-31": "29.68%", "2006-09-30": "29.84%", "2006-06-30": "29.75%", "2006-03-31": "29.66%", "2005-12-31": "29.62%"}, "operating margin": {"2020-09-30": "1.71%", "2020-06-30": "1.49%", "2020-03-31": "4.44%", "2019-12-31": "4.66%", "2019-09-30": "5.71%", "2019-06-30": "5.85%", "2019-03-31": "5.86%", "2018-12-31": "5.92%", "2018-09-30": "5.83%", "2018-06-30": "5.78%", "2018-03-31": "5.90%", "2017-12-31": "6.13%", "2017-09-30": "6.24%", "2017-06-30": "6.55%", "2017-03-31": "6.69%", "2016-12-31": "6.84%", "2016-09-30": "7.22%", "2016-06-30": "7.29%", "2016-03-31": "7.34%", "2015-12-31": "7.36%", "2015-09-30": "7.35%", "2015-06-30": "7.30%", "2015-03-31": "7.32%", "2014-12-31": "7.33%", "2014-09-30": "7.27%", "2014-06-30": "7.24%", "2014-03-31": "7.39%", "2013-12-31": "7.46%", "2013-09-30": "7.73%", "2013-06-30": "7.91%", "2013-03-31": "7.74%", "2012-12-31": "7.80%", "2012-09-30": "7.72%", "2012-06-30": "7.57%", "2012-03-31": "7.47%", "2011-12-31": "7.30%", "2011-09-30": "7.28%", "2011-06-30": "7.19%", "2011-03-31": "7.05%", "2010-12-31": "7.01%", "2010-09-30": "7.04%", "2010-06-30": "6.88%", "2010-03-31": "6.74%", "2009-12-31": "6.68%", "2009-09-30": "6.57%", "2009-06-30": "6.78%", "2009-03-31": "7.03%", "2008-12-31": "7.27%", "2008-09-30": "7.59%", "2008-06-30": "7.61%", "2008-03-31": "7.63%", "2007-12-31": "7.73%", "2007-09-30": "7.74%", "2007-06-30": "7.72%", "2007-03-31": "7.66%", "2006-12-31": "7.61%", "2006-09-30": "7.57%", "2006-06-30": "7.51%", "2006-03-31": "7.50%", "2005-12-31": "7.54%"}, "ebitda margin": {"2020-09-30": "6.45%", "2020-06-30": "6.17%", "2020-03-31": "6.32%", "2019-12-31": "6.47%", "2019-09-30": "7.08%", "2019-06-30": "7.18%", "2019-03-31": "7.16%", "2018-12-31": "7.21%", "2018-09-30": "7.08%", "2018-06-30": "6.94%", "2018-03-31": "7.00%", "2017-12-31": "7.15%", "2017-09-30": "7.22%", "2017-06-30": "7.53%", "2017-03-31": "7.66%", "2016-12-31": "7.80%", "2016-09-30": "8.16%", "2016-06-30": "8.21%", "2016-03-31": "8.26%", "2015-12-31": "8.29%", "2015-09-30": "8.29%", "2015-06-30": "8.25%", "2015-03-31": "8.27%", "2014-12-31": "8.29%", "2014-09-30": "8.23%", "2014-06-30": "8.22%", "2014-03-31": "8.39%", "2013-12-31": "8.41%", "2013-09-30": "8.63%", "2013-06-30": "8.75%", "2013-03-31": "8.52%", "2012-12-31": "8.55%", "2012-09-30": "8.45%", "2012-06-30": "8.29%", "2012-03-31": "8.17%", "2011-12-31": "8.02%", "2011-09-30": "8.01%", "2011-06-30": "7.95%", "2011-03-31": "7.83%", "2010-12-31": "7.82%", "2010-09-30": "7.86%", "2010-06-30": "7.72%", "2010-03-31": "7.61%", "2009-12-31": "7.56%", "2009-09-30": "7.44%", "2009-06-30": "7.63%", "2009-03-31": "7.86%", "2008-12-31": "8.07%", "2008-09-30": "8.39%", "2008-06-30": "8.42%", "2008-03-31": "8.43%", "2007-12-31": "8.53%", "2007-09-30": "8.50%", "2007-06-30": "8.47%", "2007-03-31": "8.39%", "2006-12-31": "8.32%", "2006-09-30": "8.25%", "2006-06-30": "8.17%", "2006-03-31": "8.16%", "2005-12-31": "8.21%"}, "pre tax profit margin": {"2020-09-30": "1.23%", "2020-06-30": "1.14%", "2020-03-31": "4.15%", "2019-12-31": "4.29%", "2019-09-30": "5.63%", "2019-06-30": "5.61%", "2019-03-31": "5.60%", "2018-12-31": "5.74%", "2018-09-30": "5.69%", "2018-06-30": "5.63%", "2018-03-31": "5.85%", "2017-12-31": "6.19%", "2017-09-30": "6.44%", "2017-06-30": "6.79%", "2017-03-31": "6.90%", "2016-12-31": "7.00%", "2016-09-30": "7.22%", "2016-06-30": "7.29%", "2016-03-31": "7.34%", "2015-12-31": "7.36%", "2015-09-30": "7.31%", "2015-06-30": "7.26%", "2015-03-31": "7.27%", "2014-12-31": "7.28%", "2014-09-30": "7.24%", "2014-06-30": "7.21%", "2014-03-31": "7.36%", "2013-12-31": "7.42%", "2013-09-30": "7.76%", "2013-06-30": "7.94%", "2013-03-31": "7.77%", "2012-12-31": "7.83%", "2012-09-30": "7.57%", "2012-06-30": "7.43%", "2012-03-31": "7.32%", "2011-12-31": "7.15%", "2011-09-30": "7.08%", "2011-06-30": "6.98%", "2011-03-31": "6.83%", "2010-12-31": "6.79%", "2010-09-30": "6.79%", "2010-06-30": "6.62%", "2010-03-31": "6.48%", "2009-12-31": "6.41%", "2009-09-30": "6.25%", "2009-06-30": "6.47%", "2009-03-31": "6.74%", "2008-12-31": "6.98%", "2008-09-30": "7.39%", "2008-06-30": "7.41%", "2008-03-31": "7.43%", "2007-12-31": "7.52%", "2007-09-30": "7.50%", "2007-06-30": "7.48%", "2007-03-31": "7.41%", "2006-12-31": "7.36%", "2006-09-30": "7.29%", "2006-06-30": "7.23%", "2006-03-31": "7.21%", "2005-12-31": "7.25%"}, "net profit margin": {"2020-09-30": "-1.03%", "2020-06-30": "-1.03%", "2020-03-31": "3.11%", "2019-12-31": "3.20%", "2019-09-30": "4.35%", "2019-06-30": "4.27%", "2019-03-31": "4.20%", "2018-12-31": "4.33%", "2018-09-30": "3.99%", "2018-06-30": "3.78%", "2018-03-31": "3.73%", "2017-12-31": "3.78%", "2017-09-30": "4.16%", "2017-06-30": "4.37%", "2017-03-31": "4.44%", "2016-12-31": "4.48%", "2016-09-30": "4.56%", "2016-06-30": "4.59%", "2016-03-31": "4.60%", "2015-12-31": "4.61%", "2015-09-30": "4.60%", "2015-06-30": "4.60%", "2015-03-31": "4.63%", "2014-12-31": "4.64%", "2014-09-30": "4.63%", "2014-06-30": "4.61%", "2014-03-31": "4.81%", "2013-12-31": "4.86%", "2013-09-30": "5.07%", "2013-06-30": "5.18%", "2013-03-31": "4.96%", "2012-12-31": "4.98%", "2012-09-30": "4.83%", "2012-06-30": "4.70%", "2012-03-31": "4.62%", "2011-12-31": "4.54%", "2011-09-30": "4.49%", "2011-06-30": "4.45%", "2011-03-31": "4.34%", "2010-12-31": "4.25%", "2010-09-30": "4.19%", "2010-06-30": "4.10%", "2010-03-31": "4.03%", "2009-12-31": "3.98%", "2009-09-30": "3.85%", "2009-06-30": "3.97%", "2009-03-31": "4.11%", "2008-12-31": "4.32%", "2008-09-30": "4.62%", "2008-06-30": "4.64%", "2008-03-31": "4.66%", "2007-12-31": "4.68%", "2007-09-30": "4.65%", "2007-06-30": "4.61%", "2007-03-31": "4.58%", "2006-12-31": "4.54%", "2006-09-30": "4.50%", "2006-06-30": "4.47%", "2006-03-31": "4.45%", "2005-12-31": "4.48%"}, "pe ratio": {"current": "19.86", "2021-02-11": "0.00", "2020-09-30": "0.00", "2020-06-30": "0.00", "2020-03-31": "16.06", "2019-12-31": "24.21", "2019-09-30": "17.53", "2019-06-30": "18.32", "2019-03-31": "19.63", "2018-12-31": "16.37", "2018-09-30": "18.66", "2018-06-30": "18.65", "2018-03-31": "19.17", "2017-12-31": "20.69", "2017-09-30": "19.34", "2017-06-30": "17.96", "2017-03-31": "17.80", "2016-12-31": "18.39", "2016-09-30": "19.01", "2016-06-30": "19.03", "2016-03-31": "18.55", "2015-12-31": "15.92", "2015-09-30": "15.26", "2015-06-30": "16.36", "2015-03-31": "16.92", "2014-12-31": "19.34", "2014-09-30": "16.18", "2014-06-30": "16.53", "2014-03-31": "15.85", "2013-12-31": "15.39", "2013-09-30": "14.67", "2013-06-30": "14.09", "2013-03-31": "15.02", "2012-12-31": "12.15", "2012-09-30": "12.07", "2012-06-30": "12.25", "2012-03-31": "13.07", "2011-12-31": "13.10", "2011-09-30": "11.13", "2011-06-30": "12.32", "2011-03-31": "12.73", "2010-12-31": "12.76", "2010-09-30": "11.50", "2010-06-30": "10.67", "2010-03-31": "11.88", "2009-12-31": "10.86", "2009-09-30": "11.08", "2009-06-30": "9.14", "2009-03-31": "7.57", "2008-12-31": "8.84", "2008-09-30": "8.70", "2008-06-30": "8.64", "2008-03-31": "8.83", "2007-12-31": "10.20", "2007-09-30": "11.12", "2007-06-30": "11.13", "2007-03-31": "11.15", "2006-12-31": "10.91"}, "price sales": {"2021-02-11": "0.79", "2020-09-30": "0.75", "2020-06-30": "0.67", "2020-03-31": "0.50", "2019-12-31": "0.78", "2019-09-30": "0.76", "2019-06-30": "0.78", "2019-03-31": "0.82", "2018-12-31": "0.71", "2018-09-30": "0.74", "2018-06-30": "0.71", "2018-03-31": "0.72", "2017-12-31": "0.78", "2017-09-30": "0.81", "2017-06-30": "0.79", "2017-03-31": "0.79", "2016-12-31": "0.83", "2016-09-30": "0.87", "2016-06-30": "0.88", "2016-03-31": "0.86", "2015-12-31": "0.74", "2015-09-30": "0.70", "2015-06-30": "0.75", "2015-03-31": "0.78", "2014-12-31": "0.90", "2014-09-30": "0.75", "2014-06-30": "0.76", "2014-03-31": "0.77", "2013-12-31": "0.75", "2013-09-30": "0.75", "2013-06-30": "0.73", "2013-03-31": "0.75", "2012-12-31": "0.61", "2012-09-30": "0.58", "2012-06-30": "0.58", "2012-03-31": "0.60", "2011-12-31": "0.60", "2011-09-30": "0.50", "2011-06-30": "0.55", "2011-03-31": "0.55", "2010-12-31": "0.54", "2010-09-30": "0.48", "2010-06-30": "0.44", "2010-03-31": "0.48", "2009-12-31": "0.43", "2009-09-30": "0.43", "2009-06-30": "0.36", "2009-03-31": "0.31", "2008-12-31": "0.38", "2008-09-30": "0.40", "2008-06-30": "0.40", "2008-03-31": "0.41", "2007-12-31": "0.48", "2007-09-30": "0.52", "2007-06-30": "0.52", "2007-03-31": "0.51", "2006-12-31": "0.50"}, "price book": {"current": "4.93", "2021-02-11": "4.78", "2020-09-30": "4.49", "2020-06-30": "4.30", "2020-03-31": "2.77", "2019-12-31": "4.04", "2019-09-30": "3.79", "2019-06-30": "3.90", "2019-03-31": "4.33", "2018-12-31": "3.78", "2018-09-30": "3.71", "2018-06-30": "3.50", "2018-03-31": "3.40", "2017-12-31": "3.66", "2017-09-30": "3.74", "2017-06-30": "3.70", "2017-03-31": "3.75", "2016-12-31": "3.91", "2016-09-30": "3.93", "2016-06-30": "4.05", "2016-03-31": "3.97", "2015-12-31": "3.51", "2015-09-30": "3.37", "2015-06-30": "3.54", "2015-03-31": "3.75", "2014-12-31": "4.12", "2014-09-30": "3.18", "2014-06-30": "3.15", "2014-03-31": "3.21", "2013-12-31": "3.11", "2013-09-30": "3.21", "2013-06-30": "3.15", "2013-03-31": "3.14", "2012-12-31": "2.60", "2012-09-30": "2.43", "2012-06-30": "2.49", "2012-03-31": "2.62", "2011-12-31": "2.66", "2011-09-30": "2.09", "2011-06-30": "2.20", "2011-03-31": "2.20", "2010-12-31": "2.15", "2010-09-30": "1.86", "2010-06-30": "1.70", "2010-03-31": "1.81", "2009-12-31": "1.64", "2009-09-30": "1.64", "2009-06-30": "1.49", "2009-03-31": "1.37", "2008-12-31": "1.72", "2008-09-30": "1.63", "2008-06-30": "1.60", "2008-03-31": "1.64", "2007-12-31": "1.86", "2007-09-30": "2.02", "2007-06-30": "2.02", "2007-03-31": "2.05", "2006-12-31": "2.02", "2006-09-30": "1.67", "2006-06-30": "1.62", "2006-03-31": "1.72"}, "price fcf": {"2021-02-11": "", "2020-09-30": "$9.92", "2020-06-30": "$9.09", "2020-03-31": "$4.32", "2019-12-31": "$4.23", "2019-09-30": "$4.15", "2019-06-30": "$4.70", "2019-03-31": "$5.70", "2018-12-31": "$6.30", "2018-09-30": "$7.23", "2018-06-30": "$5.28", "2018-03-31": "$4.81", "2017-12-31": "$4.60", "2017-09-30": "$4.09", "2017-06-30": "$4.20", "2017-03-31": "$5.13", "2016-12-31": "$5.44", "2016-09-30": "$5.83", "2016-06-30": "$7.42", "2016-03-31": "$7.07", "2015-12-31": "$6.94", "2015-09-30": "$6.61", "2015-06-30": "$5.08", "2015-03-31": "$4.90", "2014-12-31": "$4.48", "2014-09-30": "$4.56", "2014-06-30": "$5.51", "2014-03-31": "$5.66", "2013-12-31": "$6.06", "2013-09-30": "$5.60", "2013-06-30": "$5.50", "2013-03-31": "$4.87", "2012-12-31": "$5.20", "2012-09-30": "$5.05", "2012-06-30": "$4.41", "2012-03-31": "$4.11", "2011-12-31": "$3.36", "2011-09-30": "$3.30", "2011-06-30": "$3.04", "2011-03-31": "$3.20", "2010-12-31": "$3.77", "2010-09-30": "$3.67", "2010-06-30": "$3.69", "2010-03-31": "$4.13", "2009-12-31": "$4.48", "2009-09-30": "$4.19", "2009-06-30": "$4.09", "2009-03-31": "$3.10", "2008-12-31": "$2.68", "2008-09-30": "$2.92", "2008-06-30": "$3.16", "2008-03-31": "$3.17", "2007-12-31": "$3.49", "2007-09-30": "$3.03", "2007-06-30": "$2.48", "2007-03-31": "$2.68", "2006-12-31": "$1.81"}, "net worth": {"value": "$14.96B"}, "current ratio": {"current": "1.23", "2020-09-30": "1.23", "2020-06-30": "1.22", "2020-03-31": "1.22", "2019-12-31": "1.24", "2019-09-30": "1.27", "2019-06-30": "1.26", "2019-03-31": "1.21", "2018-12-31": "1.28", "2018-09-30": "1.33", "2018-06-30": "1.33", "2018-03-31": "1.32", "2017-12-31": "1.34", "2017-09-30": "1.32", "2017-06-30": "1.31", "2017-03-31": "1.35", "2016-12-31": "1.40", "2016-09-30": "1.34", "2016-06-30": "1.33", "2016-03-31": "1.37", "2015-12-31": "1.41", "2015-09-30": "1.49", "2015-06-30": "1.49", "2015-03-31": "1.50", "2014-12-31": "1.56", "2014-09-30": "1.54", "2014-06-30": "1.57", "2014-03-31": "1.56", "2013-12-31": "1.64", "2013-09-30": "1.53", "2013-06-30": "1.54", "2013-03-31": "1.77", "2012-12-31": "1.94", "2012-09-30": "2.22", "2012-06-30": "2.24", "2012-03-31": "2.38", "2011-12-31": "2.36", "2011-09-30": "2.07", "2011-06-30": "2.20", "2011-03-31": "2.24", "2010-12-31": "2.24", "2010-09-30": "2.55", "2010-06-30": "2.67", "2010-03-31": "2.74", "2009-12-31": "2.86", "2009-09-30": "2.79", "2009-06-30": "2.77", "2009-03-31": "3.04", "2008-12-31": "3.01", "2008-09-30": "2.51", "2008-06-30": "2.57", "2008-03-31": "2.57", "2007-12-31": "2.62", "2007-09-30": "3.02", "2007-06-30": "3.14", "2007-03-31": "3.09", "2006-12-31": "3.20", "2006-09-30": "3.07", "2006-06-30": "3.07", "2006-03-31": "3.07", "2005-12-31": "3.05", "2005-09-30": "2.92", "2005-06-30": "3.06", "2005-03-31": "3.13"}, "quick ratio": {"2020-09-30": "0.66", "2020-06-30": "0.66", "2020-03-31": "0.65", "2019-12-31": "0.70", "2019-09-30": "0.68", "2019-06-30": "0.68", "2019-03-31": "0.64", "2018-12-31": "0.67", "2018-09-30": "0.71", "2018-06-30": "0.71", "2018-03-31": "0.66", "2017-12-31": "0.65", "2017-09-30": "0.62", "2017-06-30": "0.62", "2017-03-31": "0.64", "2016-12-31": "0.65", "2016-09-30": "0.63", "2016-06-30": "0.64", "2016-03-31": "0.64", "2015-12-31": "0.65", "2015-09-30": "0.71", "2015-06-30": "0.71", "2015-03-31": "0.70", "2014-12-31": "0.71", "2014-09-30": "0.71", "2014-06-30": "0.72", "2014-03-31": "0.69", "2013-12-31": "0.72", "2013-09-30": "0.71", "2013-06-30": "0.70", "2013-03-31": "0.92", "2012-12-31": "0.89", "2012-09-30": "1.10", "2012-06-30": "1.06", "2012-03-31": "1.21", "2011-12-31": "1.15", "2011-09-30": "1.07", "2011-06-30": "1.13", "2011-03-31": "1.13", "2010-12-31": "1.11", "2010-09-30": "1.28", "2010-06-30": "1.30", "2010-03-31": "1.28", "2009-12-31": "1.29", "2009-09-30": "1.28", "2009-06-30": "1.20", "2009-03-31": "1.25", "2008-12-31": "1.21", "2008-09-30": "1.08", "2008-06-30": "1.10", "2008-03-31": "1.09", "2007-12-31": "1.11", "2007-09-30": "1.39", "2007-06-30": "1.41", "2007-03-31": "1.37", "2006-12-31": "1.33", "2006-09-30": "1.35", "2006-06-30": "1.35", "2006-03-31": "1.32", "2005-12-31": "1.27", "2005-09-30": "1.30", "2005-06-30": "1.33", "2005-03-31": "1.30"}, "debt equity ratio": {"current": "0.89", "2020-09-30": "3.44", "2020-06-30": "3.62", "2020-03-31": "3.22", "2019-12-31": "2.96", "2019-09-30": "2.96", "2019-06-30": "2.97", "2019-03-31": "2.94", "2018-12-31": "2.65", "2018-09-30": "2.46", "2018-06-30": "2.53", "2018-03-31": "2.58", "2017-12-31": "2.58", "2017-09-30": "1.80", "2017-06-30": "1.85", "2017-03-31": "1.84", "2016-12-31": "1.76", "2016-09-30": "1.62", "2016-06-30": "1.66", "2016-03-31": "1.61", "2015-12-31": "1.58", "2015-09-30": "1.59", "2015-06-30": "1.58", "2015-03-31": "1.58", "2014-12-31": "1.49", "2014-09-30": "1.38", "2014-06-30": "1.33", "2014-03-31": "1.34", "2013-12-31": "1.29", "2013-09-30": "1.52", "2013-06-30": "1.48", "2013-03-31": "1.39", "2012-12-31": "1.26", "2012-09-30": "1.10", "2012-06-30": "1.11", "2012-03-31": "1.11", "2011-12-31": "1.25", "2011-09-30": "1.00", "2011-06-30": "0.95", "2011-03-31": "0.94", "2010-12-31": "0.95", "2010-09-30": "0.95", "2010-06-30": "0.95", "2010-03-31": "0.93", "2009-12-31": "0.90", "2009-09-30": "0.90", "2009-06-30": "0.93", "2009-03-31": "0.96", "2008-12-31": "1.00", "2008-09-30": "0.81", "2008-06-30": "0.78", "2008-03-31": "0.78", "2007-12-31": "0.76", "2007-09-30": "0.78", "2007-06-30": "0.75", "2007-03-31": "0.77", "2006-12-31": "0.76", "2006-09-30": "0.76", "2006-06-30": "0.76", "2006-03-31": "0.76", "2005-12-31": "0.77", "2005-09-30": "0.80", "2005-06-30": "0.77", "2005-03-31": "0.76"}, "return on equity": {"2020-09-30": "-5.83%", "2020-06-30": "-5.60%", "2020-03-31": "16.50%", "2019-12-31": "16.96%", "2019-09-30": "22.17%", "2019-06-30": "21.98%", "2019-03-31": "22.26%", "2018-12-31": "22.75%", "2018-09-30": "20.55%", "2018-06-30": "19.17%", "2018-03-31": "18.46%", "2017-12-31": "18.41%", "2017-09-30": "20.14%", "2017-06-30": "21.05%", "2017-03-31": "21.16%", "2016-12-31": "21.08%", "2016-09-30": "21.40%", "2016-06-30": "21.77%", "2016-03-31": "21.89%", "2015-12-31": "22.07%", "2015-09-30": "21.97%", "2015-06-30": "21.50%", "2015-03-31": "21.14%", "2014-12-31": "20.69%", "2014-09-30": "20.15%", "2014-06-30": "20.18%", "2014-03-31": "21.43%", "2013-12-31": "21.59%", "2013-09-30": "22.53%", "2013-06-30": "22.66%", "2013-03-31": "21.39%", "2012-12-31": "21.78%", "2012-09-30": "21.40%", "2012-06-30": "20.99%", "2012-03-31": "20.40%", "2011-12-31": "19.76%", "2011-09-30": "19.12%", "2011-06-30": "18.61%", "2011-03-31": "18.04%", "2010-12-31": "17.40%", "2010-09-30": "16.94%", "2010-06-30": "16.30%", "2010-03-31": "15.78%", "2009-12-31": "15.74%", "2009-09-30": "15.67%", "2009-06-30": "16.50%", "2009-03-31": "17.35%", "2008-12-31": "18.26%", "2008-09-30": "19.12%", "2008-06-30": "18.97%", "2008-03-31": "18.86%", "2007-12-31": "18.89%", "2007-09-30": "18.93%", "2007-06-30": "18.49%", "2007-03-31": "18.06%", "2006-12-31": "17.56%", "2006-09-30": "16.96%", "2006-06-30": "16.80%", "2006-03-31": "16.67%", "2005-12-31": "16.67%"}, "return on assets": {"2020-09-30": "-1.36%", "2020-06-30": "-1.34%", "2020-03-31": "4.10%", "2019-12-31": "4.29%", "2019-09-30": "5.71%", "2019-06-30": "5.85%", "2019-03-31": "6.11%", "2018-12-31": "6.40%", "2018-09-30": "5.81%", "2018-06-30": "5.67%", "2018-03-31": "5.74%", "2017-12-31": "6.09%", "2017-09-30": "7.16%", "2017-06-30": "7.60%", "2017-03-31": "7.78%", "2016-12-31": "7.92%", "2016-09-30": "8.18%", "2016-06-30": "8.35%", "2016-03-31": "8.45%", "2015-12-31": "8.55%", "2015-09-30": "8.58%", "2015-06-30": "8.58%", "2015-03-31": "8.66%", "2014-12-31": "8.68%", "2014-09-30": "8.63%", "2014-06-30": "8.53%", "2014-03-31": "8.92%", "2013-12-31": "8.93%", "2013-09-30": "9.33%", "2013-06-30": "9.81%", "2013-03-31": "9.65%", "2012-12-31": "10.15%", "2012-09-30": "10.00%", "2012-06-30": "9.92%", "2012-03-31": "9.83%", "2011-12-31": "9.73%", "2011-09-30": "9.76%", "2011-06-30": "9.56%", "2011-03-31": "9.27%", "2010-12-31": "8.95%", "2010-09-30": "8.77%", "2010-06-30": "8.48%", "2010-03-31": "8.24%", "2009-12-31": "8.18%", "2009-09-30": "8.04%", "2009-06-30": "8.59%", "2009-03-31": "9.22%", "2008-12-31": "9.94%", "2008-09-30": "10.74%", "2008-06-30": "10.69%", "2008-03-31": "10.67%", "2007-12-31": "10.70%", "2007-09-30": "10.70%", "2007-06-30": "10.49%", "2007-03-31": "10.23%", "2006-12-31": "9.96%", "2006-09-30": "9.61%", "2006-06-30": "9.48%", "2006-03-31": "9.38%", "2005-12-31": "9.38%"}, "return on investments": {"2020-09-30": "5.25%", "2020-06-30": "4.47%", "2020-03-31": "13.31%", "2019-12-31": "14.18%", "2019-09-30": "16.83%", "2019-06-30": "17.64%", "2019-03-31": "18.41%", "2018-12-31": "18.34%", "2018-09-30": "17.60%", "2018-06-30": "18.49%", "2018-03-31": "20.13%", "2017-12-31": "22.72%", "2017-09-30": "25.86%", "2017-06-30": "27.42%", "2017-03-31": "28.32%", "2016-12-31": "29.17%", "2016-09-30": "31.34%", "2016-06-30": "31.55%", "2016-03-31": "31.27%", "2015-12-31": "30.95%", "2015-09-30": "30.38%", "2015-06-30": "29.63%", "2015-03-31": "29.10%", "2014-12-31": "28.51%", "2014-09-30": "27.64%", "2014-06-30": "28.06%", "2014-03-31": "29.55%", "2013-12-31": "30.17%", "2013-09-30": "31.74%", "2013-06-30": "31.36%", "2013-03-31": "29.72%", "2012-12-31": "29.74%", "2012-09-30": "29.20%", "2012-06-30": "29.38%", "2012-03-31": "29.18%", "2011-12-31": "28.65%", "2011-09-30": "28.53%", "2011-06-30": "27.12%", "2011-03-31": "25.84%", "2010-12-31": "24.78%", "2010-09-30": "23.97%", "2010-06-30": "22.98%", "2010-03-31": "22.15%", "2009-12-31": "22.09%", "2009-09-30": "22.26%", "2009-06-30": "23.99%", "2009-03-31": "25.85%", "2008-12-31": "27.43%", "2008-09-30": "28.72%", "2008-06-30": "27.90%", "2008-03-31": "27.13%", "2007-12-31": "26.85%", "2007-09-30": "26.52%", "2007-06-30": "26.04%", "2007-03-31": "25.45%", "2006-12-31": "24.83%", "2006-09-30": "24.12%", "2006-06-30": "23.85%", "2006-03-31": "23.67%", "2005-12-31": "23.59%"}, "return on tangible equity": {"2020-09-30": "83.33%", "2020-06-30": "95.02%", "2020-03-31": "-373.71%", "2019-12-31": "-545.05%", "2019-09-30": "-737.18%", "2019-06-30": "-2095.36%", "2019-03-31": "4473.24%", "2018-12-31": "3908.43%", "2018-09-30": "4800.00%", "2018-06-30": "168.24%", "2018-03-31": "80.28%", "2017-12-31": "50.96%", "2017-09-30": "40.32%", "2017-06-30": "41.28%", "2017-03-31": "40.45%", "2016-12-31": "39.14%", "2016-09-30": "38.69%", "2016-06-30": "38.55%", "2016-03-31": "38.24%", "2015-12-31": "38.33%", "2015-09-30": "37.93%", "2015-06-30": "37.00%", "2015-03-31": "36.07%", "2014-12-31": "35.18%", "2014-09-30": "33.79%", "2014-06-30": "33.75%", "2014-03-31": "35.93%", "2013-12-31": "32.81%", "2013-09-30": "31.61%", "2013-06-30": "29.27%", "2013-03-31": "25.61%", "2012-12-31": "25.65%", "2012-09-30": "24.74%", "2012-06-30": "23.79%", "2012-03-31": "22.52%", "2011-12-31": "21.69%", "2011-09-30": "20.84%", "2011-06-30": "20.16%", "2011-03-31": "19.52%", "2010-12-31": "18.82%", "2010-09-30": "18.27%", "2010-06-30": "17.54%", "2010-03-31": "16.94%", "2009-12-31": "16.84%", "2009-09-30": "16.77%", "2009-06-30": "17.62%", "2009-03-31": "18.42%", "2008-12-31": "19.27%", "2008-09-30": "20.00%", "2008-06-30": "19.69%", "2008-03-31": "19.46%", "2007-12-31": "19.40%", "2007-09-30": "19.40%", "2007-06-30": "18.94%", "2007-03-31": "18.49%", "2006-12-31": "17.97%", "2006-09-30": "17.36%", "2006-06-30": "17.20%", "2006-03-31": "17.07%", "2005-12-31": "17.06%"}, "dividend yield history": {"last payout": "$3.16", "last yield": "3.05%"}}