{"ticker": "GGG", "price": {"title": "Graco Historical Annual Stock Price Data", "value": 71.79, "historical": {"2021": {"Average Stock Price": "72.8375", "Year Open": "70.6000", "Year High": "76.6900", "Year Low": "68.5900", "Year Close": "71.7900", "Annual % Change": "-0.77%"}, "2020": {"Average Stock Price": "55.3545", "Year Open": "52.4900", "Year High": "72.8400", "Year Low": "39.4600", "Year Close": "72.3500", "Annual % Change": "39.13%"}, "2019": {"Average Stock Price": "47.6939", "Year Open": "41.5600", "Year High": "53.3400", "Year Low": "40.2800", "Year Close": "52.0000", "Annual % Change": "24.25%"}, "2018": {"Average Stock Price": "44.9803", "Year Open": "45.1400", "Year High": "49.0700", "Year Low": "37.3800", "Year Close": "41.8500", "Annual % Change": "-7.45%"}, "2017": {"Average Stock Price": "36.7673", "Year Open": "27.7900", "Year High": "45.6300", "Year Low": "27.7767", "Year Close": "45.2200", "Annual % Change": "63.27%"}, "2016": {"Average Stock Price": "25.7838", "Year Open": "23.8867", "Year High": "28.6733", "Year Low": "21.1867", "Year Close": "27.6967", "Annual % Change": "15.29%"}, "2015": {"Average Stock Price": "24.0417", "Year Open": "26.7833", "Year High": "26.7833", "Year Low": "21.5967", "Year Close": "24.0233", "Annual % Change": "-10.11%"}, "2014": {"Average Stock Price": "25.1833", "Year Open": "25.6067", "Year High": "27.1433", "Year Low": "22.0033", "Year Close": "26.7267", "Annual % Change": "2.64%"}, "2013": {"Average Stock Price": "22.1134", "Year Open": "17.8467", "Year High": "26.2900", "Year Low": "17.5833", "Year Close": "26.0400", "Annual % Change": "51.72%"}, "2012": {"Average Stock Price": "16.3322", "Year Open": "13.8000", "Year High": "18.6700", "Year Low": "13.3200", "Year Close": "17.1633", "Annual % Change": "25.92%"}, "2011": {"Average Stock Price": "14.2607", "Year Open": "13.4567", "Year High": "17.9467", "Year Low": "10.8233", "Year Close": "13.6300", "Annual % Change": "3.65%"}, "2010": {"Average Stock Price": "10.6570", "Year Open": "9.8733", "Year High": "13.4300", "Year Low": "8.7933", "Year Close": "13.1500", "Annual % Change": "38.08%"}, "2009": {"Average Stock Price": "8.0005", "Year Open": "8.2833", "Year High": "10.2333", "Year Low": "4.8267", "Year Close": "9.5233", "Annual % Change": "20.40%"}, "2008": {"Average Stock Price": "11.3200", "Year Open": "12.2700", "Year High": "13.9467", "Year Low": "5.8900", "Year Close": "7.9100", "Annual % Change": "-36.31%"}, "2007": {"Average Stock Price": "13.2229", "Year Open": "13.4267", "Year High": "15.3567", "Year Low": "12.0833", "Year Close": "12.4200", "Annual % Change": "-5.96%"}, "2006": {"Average Stock Price": "13.9009", "Year Open": "12.1667", "Year High": "16.3167", "Year Low": "12.1667", "Year Close": "13.2067", "Annual % Change": "8.61%"}, "2005": {"Average Stock Price": "12.0262", "Year Open": "12.1900", "Year High": "13.5600", "Year Low": "10.6100", "Year Close": "12.1600", "Annual % Change": "-2.33%"}, "2004": {"Average Stock Price": "10.3133", "Year Open": "8.9778", "Year High": "12.5667", "Year Low": "8.8111", "Year Close": "12.4500", "Annual % Change": "39.71%"}, "2003": {"Average Stock Price": "7.4147", "Year Open": "6.5622", "Year High": "8.9978", "Year Low": "5.7067", "Year Close": "8.9111", "Annual % Change": "39.96%"}, "2002": {"Average Stock Price": "5.9864", "Year Open": "5.6963", "Year High": "6.7748", "Year Low": "5.0889", "Year Close": "6.3667", "Annual % Change": "10.05%"}, "2001": {"Average Stock Price": "4.5301", "Year Open": "3.9565", "Year High": "5.7852", "Year Low": "3.6074", "Year Close": "5.7852", "Annual % Change": "41.55%"}, "2000": {"Average Stock Price": "3.2735", "Year Open": "3.3580", "Year High": "4.0988", "Year Low": "2.8642", "Year Close": "4.0869", "Annual % Change": "15.33%"}, "1999": {"Average Stock Price": "2.9580", "Year Open": "2.9758", "Year High": "3.5437", "Year Low": "1.9753", "Year Close": "3.5437", "Annual % Change": "21.63%"}, "1998": {"Average Stock Price": "2.8613", "Year Open": "2.5021", "Year High": "3.5743", "Year Low": "2.0128", "Year Close": "2.9136", "Annual % Change": "18.60%"}, "1997": {"Average Stock Price": "2.0937", "Year Open": "1.6547", "Year High": "2.6094", "Year Low": "1.5559", "Year Close": "2.4566", "Annual % Change": "52.28%"}, "1996": {"Average Stock Price": "1.3184", "Year Open": "1.3498", "Year High": "1.6955", "Year Low": "0.7826", "Year Close": "1.6132", "Annual % Change": "80.77%"}, "1995": {"Average Stock Price": "1.1846", "Year Open": "0.9438", "Year High": "1.6790", "Year Low": "0.8726", "Year Close": "0.8924", "Annual % Change": "-5.45%"}, "1994": {"Average Stock Price": "0.8811", "Year Open": "1.0424", "Year High": "1.0592", "Year Low": "0.7519", "Year Close": "0.9438", "Annual % Change": "-11.35%"}, "1993": {"Average Stock Price": "0.8725", "Year Open": "0.6769", "Year High": "1.0646", "Year Low": "0.6769", "Year Close": "1.0646", "Annual % Change": "55.60%"}, "1992": {"Average Stock Price": "0.7361", "Year Open": "0.7755", "Year High": "0.8560", "Year Low": "0.6731", "Year Close": "0.6842", "Annual % Change": "-12.20%"}, "1991": {"Average Stock Price": "0.7116", "Year Open": "0.6619", "Year High": "0.8852", "Year Low": "0.5853", "Year Close": "0.7793", "Annual % Change": "17.05%"}, "1990": {"Average Stock Price": "0.5941", "Year Open": "0.5341", "Year High": "0.7351", "Year Low": "0.4644", "Year Close": "0.6658", "Annual % Change": "27.33%"}, "1989": {"Average Stock Price": "0.5330", "Year Open": "0.5633", "Year High": "0.6072", "Year Low": "0.4682", "Year Close": "0.5229", "Annual % Change": "-6.54%"}, "1988": {"Average Stock Price": "0.5888", "Year Open": "0.4585", "Year High": "0.6902", "Year Low": "0.4487", "Year Close": "0.5595", "Annual % Change": "26.07%"}, "1987": {"Average Stock Price": "0.5773", "Year Open": "0.4926", "Year High": "0.6803", "Year Low": "0.4292", "Year Close": "0.4438", "Annual % Change": "-8.57%"}}}, "market cap": {"value": "$12.03B"}, "income statement": {"Revenue": {"2020-12-31": "1650.11500", "2019-12-31": "1646.04500", "2018-12-31": "1653.29200", "2017-12-31": "1474.74400", "2016-12-31": "1329.29300", "2015-12-31": "1286.48500", "2014-12-31": "1221.13000", "2013-12-31": "1104.02400", "2012-12-31": "1012.45600", "2011-12-31": "895.28300", "2010-12-31": "744.06500", "2009-12-31": "579.21200", "2008-12-31": "817.27000", "2007-12-31": "841.33900", "2006-12-31": "816.46800", "2005-12-31": "731.70200"}, "Cost Of Goods Sold": {"2020-12-31": "795.17800", "2019-12-31": "786.28900", "2018-12-31": "770.75300", "2017-12-31": "679.54200", "2016-12-31": "618.42400", "2015-12-31": "601.78500", "2014-12-31": "554.39400", "2013-12-31": "496.56900", "2012-12-31": "461.92600", "2011-12-31": "395.07800", "2010-12-31": "340.62000", "2009-12-31": "286.39600", "2008-12-31": "385.09300", "2007-12-31": "393.91300", "2006-12-31": "382.51100", "2005-12-31": "352.35200"}, "Gross Profit": {"2020-12-31": "854.93700", "2019-12-31": "859.75600", "2018-12-31": "882.53900", "2017-12-31": "795.20200", "2016-12-31": "710.86900", "2015-12-31": "684.70000", "2014-12-31": "666.73600", "2013-12-31": "607.45510", "2012-12-31": "550.53000", "2011-12-31": "500.20500", "2010-12-31": "403.44500", "2009-12-31": "292.81600", "2008-12-31": "432.17700", "2007-12-31": "447.42600", "2006-12-31": "433.95700", "2005-12-31": "379.35000"}, "Research And Development Expenses": {"2020-12-31": "72.19400", "2019-12-31": "67.55700", "2018-12-31": "63.12400", "2017-12-31": "59.21700", "2016-12-31": "59.56600", "2015-12-31": "58.55900", "2014-12-31": "54.24600", "2013-12-31": "51.42800", "2012-12-31": "48.92100", "2011-12-31": "41.55400", "2010-12-31": "37.69900", "2009-12-31": "37.53800", "2008-12-31": "36.55800", "2007-12-31": "30.27700", "2006-12-31": "29.97000", "2005-12-31": "26.97000"}, "SG&A Expenses": {"2020-12-31": "355.79600", "2019-12-31": "367.74300", "2018-12-31": "382.98800", "2017-12-31": "357.24000", "2016-12-31": "338.13900", "2015-12-31": "324.01600", "2014-12-31": "303.56500", "2013-12-31": "276.25800", "2012-12-31": "276.93200", "2011-12-31": "239.13700", "2010-12-31": "212.60500", "2009-12-31": "180.81100", "2008-12-31": "208.25400", "2007-12-31": "184.66900", "2006-12-31": "177.98800", "2005-12-31": "161.31000"}, "Other Operating Income Or Expenses": {"2020-12-31": "-35.22900", "2019-12-31": "", "2018-12-31": "", "2017-12-31": "", "2016-12-31": "-192.02000", "2015-12-31": "0.00000", "2014-12-31": "0.00000", "2013-12-31": "", "2012-12-31": "", "2011-12-31": "", "2010-12-31": "", "2009-12-31": "", "2008-12-31": "", "2007-12-31": "", "2006-12-31": "", "2005-12-31": ""}, "Operating Expenses": {"2020-12-31": "1258.39700", "2019-12-31": "1221.58900", "2018-12-31": "1216.86500", "2017-12-31": "1095.99900", "2016-12-31": "1208.14900", "2015-12-31": "984.36000", "2014-12-31": "912.20500", "2013-12-31": "824.25500", "2012-12-31": "787.77900", "2011-12-31": "675.76900", "2010-12-31": "590.92400", "2009-12-31": "504.74500", "2008-12-31": "629.90500", "2007-12-31": "608.85900", "2006-12-31": "590.46900", "2005-12-31": "540.63200"}, "Operating Income": {"2020-12-31": "391.71800", "2019-12-31": "424.45610", "2018-12-31": "436.42700", "2017-12-31": "378.74500", "2016-12-31": "121.14390", "2015-12-31": "302.12500", "2014-12-31": "308.92500", "2013-12-31": "279.76900", "2012-12-31": "224.67700", "2011-12-31": "219.51400", "2010-12-31": "153.14100", "2009-12-31": "74.46700", "2008-12-31": "187.36500", "2007-12-31": "232.48000", "2006-12-31": "225.99900", "2005-12-31": "191.07010"}, "Total Non-Operating Income/Expense": {"2020-12-31": "-17.06700", "2019-12-31": "-18.57900", "2018-12-31": "-25.66100", "2017-12-31": "-31.65100", "2016-12-31": "-24.48900", "2015-12-31": "172.58800", "2014-12-31": "6.14800", "2013-12-31": "9.05300", "2012-12-31": "-7.35100", "2011-12-31": "-9.78600", "2010-12-31": "-4.60100", "2009-12-31": "-5.80000", "2008-12-31": "-8.78600", "2007-12-31": "-3.64400", "2006-12-31": "-1.63300", "2005-12-31": "-1.71600"}, "Pre-Tax Income": {"2020-12-31": "374.65100", "2019-12-31": "405.87700", "2018-12-31": "410.76600", "2017-12-31": "347.09400", "2016-12-31": "96.65500", "2015-12-31": "474.71300", "2014-12-31": "315.07300", "2013-12-31": "288.82200", "2012-12-31": "217.32600", "2011-12-31": "209.72800", "2010-12-31": "148.54000", "2009-12-31": "68.66700", "2008-12-31": "178.57900", "2007-12-31": "228.83600", "2006-12-31": "224.36600", "2005-12-31": "189.35400"}, "Income Taxes": {"2020-12-31": "44.19500", "2019-12-31": "62.02400", "2018-12-31": "69.71200", "2017-12-31": "94.68200", "2016-12-31": "55.98100", "2015-12-31": "129.00000", "2014-12-31": "89.50000", "2013-12-31": "78.00000", "2012-12-31": "68.20000", "2011-12-31": "67.40000", "2010-12-31": "45.70000", "2009-12-31": "19.70000", "2008-12-31": "57.70000", "2007-12-31": "76.00000", "2006-12-31": "74.60000", "2005-12-31": "63.50000"}, "Income After Taxes": {"2020-12-31": "330.45600", "2019-12-31": "343.85300", "2018-12-31": "341.05400", "2017-12-31": "252.41200", "2016-12-31": "40.67400", "2015-12-31": "345.71300", "2014-12-31": "225.57300", "2013-12-31": "210.82200", "2012-12-31": "149.12600", "2011-12-31": "142.32800", "2010-12-31": "102.84000", "2009-12-31": "48.96700", "2008-12-31": "120.87900", "2007-12-31": "152.83600", "2006-12-31": "149.76600", "2005-12-31": "125.85400"}, "Other Income": {"2020-12-31": "", "2019-12-31": "", "2018-12-31": "", "2017-12-31": "", "2016-12-31": "", "2015-12-31": "", "2014-12-31": "", "2013-12-31": "", "2012-12-31": "", "2011-12-31": "", "2010-12-31": "", "2009-12-31": "", "2008-12-31": "", "2007-12-31": "", "2006-12-31": "", "2005-12-31": ""}, "Income From Continuous Operations": {"2020-12-31": "330.45600", "2019-12-31": "343.85300", "2018-12-31": "341.05400", "2017-12-31": "252.41200", "2016-12-31": "40.67400", "2015-12-31": "345.71300", "2014-12-31": "225.57300", "2013-12-31": "210.82200", "2012-12-31": "149.12600", "2011-12-31": "142.32800", "2010-12-31": "102.84000", "2009-12-31": "48.96700", "2008-12-31": "120.87900", "2007-12-31": "152.83600", "2006-12-31": "149.76600", "2005-12-31": "125.85400"}, "Income From Discontinued Operations": {"2020-12-31": "", "2019-12-31": "", "2018-12-31": "", "2017-12-31": "", "2016-12-31": "", "2015-12-31": "", "2014-12-31": "", "2013-12-31": "", "2012-12-31": "", "2011-12-31": "", "2010-12-31": "", "2009-12-31": "", "2008-12-31": "", "2007-12-31": "", "2006-12-31": "", "2005-12-31": ""}, "Net Income": {"2020-12-31": "330.45600", "2019-12-31": "343.85300", "2018-12-31": "341.05400", "2017-12-31": "252.41200", "2016-12-31": "40.67400", "2015-12-31": "345.71300", "2014-12-31": "225.57300", "2013-12-31": "210.82200", "2012-12-31": "149.12600", "2011-12-31": "142.32800", "2010-12-31": "102.84000", "2009-12-31": "48.96700", "2008-12-31": "120.87900", "2007-12-31": "152.83600", "2006-12-31": "149.76600", "2005-12-31": "125.85400"}, "EBITDA": {"2020-12-31": "447.04700", "2019-12-31": "473.36710", "2018-12-31": "484.18100", "2017-12-31": "424.32800", "2016-12-31": "169.43390", "2015-12-31": "346.73200", "2014-12-31": "344.44010", "2013-12-31": "317.08510", "2012-12-31": "263.43900", "2011-12-31": "251.99700", "2010-12-31": "187.11400", "2009-12-31": "109.60700", "2008-12-31": "222.86000", "2007-12-31": "261.14500", "2006-12-31": "252.04500", "2005-12-31": "214.56610"}, "EBIT": {"2020-12-31": "391.71800", "2019-12-31": "424.45610", "2018-12-31": "436.42700", "2017-12-31": "378.74500", "2016-12-31": "121.14390", "2015-12-31": "302.12500", "2014-12-31": "308.92500", "2013-12-31": "279.76900", "2012-12-31": "224.67700", "2011-12-31": "219.51400", "2010-12-31": "153.14100", "2009-12-31": "74.46700", "2008-12-31": "187.36500", "2007-12-31": "232.48000", "2006-12-31": "225.99900", "2005-12-31": "191.07010"}, "Basic Shares Outstanding": {"2020-12-31": "167.46200", "2019-12-31": "166.51500", "2018-12-31": "167.36400", "2017-12-31": "167.92500", "2016-12-31": "166.85100", "2015-12-31": "172.82900", "2014-12-31": "180.44400", "2013-12-31": "183.60900", "2012-12-31": "181.35300", "2011-12-31": "180.85800", "2010-12-31": "180.62700", "2009-12-31": "179.59500", "2008-12-31": "180.79200", "2007-12-31": "195.12900", "2006-12-31": "203.42100", "2005-12-31": "206.29800"}, "Shares Outstanding": {"2020-12-31": "172.00800", "2019-12-31": "171.62400", "2018-12-31": "173.21300", "2017-12-31": "174.31800", "2016-12-31": "170.87600", "2015-12-31": "177.02000", "2014-12-31": "185.23500", "2013-12-31": "188.37000", "2012-12-31": "185.13300", "2011-12-31": "184.11000", "2010-12-31": "182.40900", "2009-12-31": "180.68700", "2008-12-31": "182.50500", "2007-12-31": "197.95200", "2006-12-31": "206.93100", "2005-12-31": "209.58600"}, "Basic EPS": {"2020-12-31": "1.97000", "2019-12-31": "2.06000", "2018-12-31": "2.04000", "2017-12-31": "1.50000", "2016-12-31": "0.24000", "2015-12-31": "2.00000", "2014-12-31": "1.25000", "2013-12-31": "1.14670", "2012-12-31": "0.82330", "2011-12-31": "0.78670", "2010-12-31": "0.57000", "2009-12-31": "0.27330", "2008-12-31": "0.67000", "2007-12-31": "0.78330", "2006-12-31": "0.73670", "2005-12-31": "0.61000"}, "EPS - Earnings Per Share": {"2020-12-31": "1.92000", "2019-12-31": "2.00000", "2018-12-31": "1.97000", "2017-12-31": "1.45000", "2016-12-31": "0.24000", "2015-12-31": "1.95000", "2014-12-31": "1.21670", "2013-12-31": "1.12000", "2012-12-31": "0.80670", "2011-12-31": "0.77330", "2010-12-31": "0.56330", "2009-12-31": "0.27000", "2008-12-31": "0.66330", "2007-12-31": "0.77330", "2006-12-31": "0.72330", "2005-12-31": "0.60000"}}, "income statement, quarterly": {"Revenue": {"2020-12-31": "470.34000", "2020-09-30": "439.31600", "2020-06-30": "366.89200", "2020-03-31": "373.56700", "2019-12-31": "412.29200", "2019-09-30": "400.55500", "2019-06-30": "428.32800", "2019-03-31": "404.87000", "2018-12-31": "406.43800", "2018-09-30": "415.93600", "2018-06-30": "424.57000", "2018-03-31": "406.34800", "2017-12-31": "374.85900", "2017-09-30": "379.81200", "2017-06-30": "379.48300", "2017-03-31": "340.59000", "2016-12-31": "349.06300", "2016-09-30": "327.19200", "2016-06-30": "348.12600", "2016-03-31": "304.91200", "2015-12-31": "325.55700", "2015-09-30": "318.98600", "2015-06-30": "335.48900", "2015-03-31": "306.45300", "2014-12-31": "306.00500", "2014-09-30": "302.61400", "2014-06-30": "322.54900", "2014-03-31": "289.96200", "2013-12-31": "271.92300", "2013-09-30": "277.03500", "2013-06-30": "286.02000", "2013-03-31": "269.04600", "2012-12-31": "253.67800", "2012-09-30": "256.47200", "2012-06-30": "268.18400", "2012-03-31": "234.12200", "2011-12-31": "215.59400", "2011-09-30": "227.34700", "2011-06-30": "234.66300", "2011-03-31": "217.67900", "2010-12-31": "197.29300", "2010-09-30": "189.96300", "2010-06-30": "192.08800", "2010-03-31": "164.72100", "2009-12-31": "146.31200", "2009-09-30": "147.30800", "2009-06-30": "147.71200", "2009-03-31": "137.88000", "2008-12-31": "166.68900", "2008-09-30": "207.23100", "2008-06-30": "239.23000", "2008-03-31": "204.12000", "2007-12-31": "205.19000", "2007-09-30": "207.27000", "2007-06-30": "231.38400", "2007-03-31": "197.49500", "2006-12-31": "203.42100", "2006-09-30": "202.19900", "2006-06-30": "218.63200", "2006-03-31": "192.21600", "2005-12-31": "185.60300", "2005-09-30": "176.93400", "2005-06-30": "198.22100", "2005-03-31": "170.94400"}, "Cost Of Goods Sold": {"2020-12-31": "225.51600", "2020-09-30": "210.36300", "2020-06-30": "184.36300", "2020-03-31": "174.93600", "2019-12-31": "202.91100", "2019-09-30": "193.17600", "2019-06-30": "201.37400", "2019-03-31": "188.82800", "2018-12-31": "197.68200", "2018-09-30": "194.47700", "2018-06-30": "194.66700", "2018-03-31": "183.92700", "2017-12-31": "174.09200", "2017-09-30": "175.73200", "2017-06-30": "174.97300", "2017-03-31": "154.74500", "2016-12-31": "161.72900", "2016-09-30": "150.59400", "2016-06-30": "162.98500", "2016-03-31": "143.11600", "2015-12-31": "153.80500", "2015-09-30": "148.79000", "2015-06-30": "154.86600", "2015-03-31": "144.32400", "2014-12-31": "141.24500", "2014-09-30": "136.80000", "2014-06-30": "145.69900", "2014-03-31": "130.65000", "2013-12-31": "124.72400", "2013-09-30": "126.16200", "2013-06-30": "127.28100", "2013-03-31": "118.40200", "2012-12-31": "114.79000", "2012-09-30": "116.53900", "2012-06-30": "128.65400", "2012-03-31": "101.94300", "2011-12-31": "98.58100", "2011-09-30": "100.99800", "2011-06-30": "102.21700", "2011-03-31": "93.28200", "2010-12-31": "89.62100", "2010-09-30": "85.40500", "2010-06-30": "90.16800", "2010-03-31": "75.42600", "2009-12-31": "68.97300", "2009-09-30": "69.16700", "2009-06-30": "74.70400", "2009-03-31": "73.55200", "2008-12-31": "85.28800", "2008-09-30": "97.07100", "2008-06-30": "110.46700", "2008-03-31": "92.26700", "2007-12-31": "95.50400", "2007-09-30": "96.62400", "2007-06-30": "109.15200", "2007-03-31": "92.63300", "2006-12-31": "96.24800", "2006-09-30": "95.58800", "2006-06-30": "101.68600", "2006-03-31": "88.98900", "2005-12-31": "89.13300", "2005-09-30": "82.21200", "2005-06-30": "95.92900", "2005-03-31": "85.07800"}, "Gross Profit": {"2020-12-31": "244.82400", "2020-09-30": "228.95300", "2020-06-30": "182.52900", "2020-03-31": "198.63100", "2019-12-31": "209.38100", "2019-09-30": "207.37900", "2019-06-30": "226.95400", "2019-03-31": "216.04200", "2018-12-31": "208.75600", "2018-09-30": "221.45900", "2018-06-30": "229.90300", "2018-03-31": "222.42100", "2017-12-31": "200.76700", "2017-09-30": "204.08000", "2017-06-30": "204.51000", "2017-03-31": "185.84500", "2016-12-31": "187.33400", "2016-09-30": "176.59800", "2016-06-30": "185.14100", "2016-03-31": "161.79600", "2015-12-31": "171.75200", "2015-09-30": "170.19600", "2015-06-30": "180.62300", "2015-03-31": "162.12900", "2014-12-31": "164.76000", "2014-09-30": "165.81400", "2014-06-30": "176.85000", "2014-03-31": "159.31200", "2013-12-31": "147.19900", "2013-09-30": "150.87300", "2013-06-30": "158.73900", "2013-03-31": "150.64400", "2012-12-31": "138.88800", "2012-09-30": "139.93300", "2012-06-30": "139.53000", "2012-03-31": "132.17900", "2011-12-31": "117.01300", "2011-09-30": "126.34900", "2011-06-30": "132.44600", "2011-03-31": "124.39700", "2010-12-31": "107.67200", "2010-09-30": "104.55800", "2010-06-30": "101.92000", "2010-03-31": "89.29500", "2009-12-31": "77.33900", "2009-09-30": "78.14100", "2009-06-30": "73.00800", "2009-03-31": "64.32800", "2008-12-31": "81.40110", "2008-09-30": "110.16000", "2008-06-30": "128.76300", "2008-03-31": "111.85300", "2007-12-31": "109.68600", "2007-09-30": "110.64600", "2007-06-30": "122.23200", "2007-03-31": "104.86200", "2006-12-31": "107.17300", "2006-09-30": "106.61100", "2006-06-30": "116.94600", "2006-03-31": "103.22700", "2005-12-31": "96.47000", "2005-09-30": "94.72200", "2005-06-30": "102.29200", "2005-03-31": "85.86600"}, "Research And Development Expenses": {"2020-12-31": "19.45000", "2020-09-30": "17.71500", "2020-06-30": "17.94800", "2020-03-31": "17.08100", "2019-12-31": "16.94100", "2019-09-30": "16.72300", "2019-06-30": "17.32400", "2019-03-31": "16.56900", "2018-12-31": "15.98900", "2018-09-30": "15.73400", "2018-06-30": "16.11200", "2018-03-31": "15.28900", "2017-12-31": "15.74400", "2017-09-30": "14.55200", "2017-06-30": "14.66200", "2017-03-31": "14.25900", "2016-12-31": "14.60200", "2016-09-30": "14.67100", "2016-06-30": "15.60700", "2016-03-31": "14.68600", "2015-12-31": "13.57900", "2015-09-30": "14.78300", "2015-06-30": "14.90700", "2015-03-31": "15.29000", "2014-12-31": "13.89700", "2014-09-30": "13.78500", "2014-06-30": "13.40500", "2014-03-31": "13.15900", "2013-12-31": "14.03200", "2013-09-30": "12.50800", "2013-06-30": "12.46700", "2013-03-31": "12.42100", "2012-12-31": "12.29600", "2012-09-30": "12.48500", "2012-06-30": "12.50200", "2012-03-31": "11.63800", "2011-12-31": "10.84600", "2011-09-30": "10.42300", "2011-06-30": "10.35400", "2011-03-31": "9.93100", "2010-12-31": "9.49000", "2010-09-30": "9.26300", "2010-06-30": "9.47200", "2010-03-31": "9.47400", "2009-12-31": "8.95400", "2009-09-30": "8.75200", "2009-06-30": "9.78100", "2009-03-31": "10.05100", "2008-12-31": "9.95300", "2008-09-30": "9.62600", "2008-06-30": "9.03900", "2008-03-31": "7.94000", "2007-12-31": "7.37400", "2007-09-30": "7.08700", "2007-06-30": "7.54400", "2007-03-31": "8.27200", "2006-12-31": "7.73300", "2006-09-30": "7.48700", "2006-06-30": "7.53800", "2006-03-31": "7.21200", "2005-12-31": "7.08000", "2005-09-30": "7.03100", "2005-06-30": "6.61500", "2005-03-31": "6.24400"}, "SG&A Expenses": {"2020-12-31": "93.24600", "2020-09-30": "85.96600", "2020-06-30": "84.84600", "2020-03-31": "91.73800", "2019-12-31": "88.27100", "2019-09-30": "87.25700", "2019-06-30": "97.26900", "2019-03-31": "94.94600", "2018-12-31": "96.19300", "2018-09-30": "90.94600", "2018-06-30": "100.41300", "2018-03-31": "95.43600", "2017-12-31": "95.55800", "2017-09-30": "88.09300", "2017-06-30": "89.43800", "2017-03-31": "84.15100", "2016-12-31": "80.32300", "2016-09-30": "80.46300", "2016-06-30": "91.19200", "2016-03-31": "86.16100", "2015-12-31": "82.09700", "2015-09-30": "78.48600", "2015-06-30": "81.82500", "2015-03-31": "81.60800", "2014-12-31": "81.39800", "2014-09-30": "73.12200", "2014-06-30": "77.59700", "2014-03-31": "71.44800", "2013-12-31": "69.83800", "2013-09-30": "68.63900", "2013-06-30": "71.05500", "2013-03-31": "66.72600", "2012-12-31": "68.69000", "2012-09-30": "71.11700", "2012-06-30": "74.55300", "2012-03-31": "62.57200", "2011-12-31": "58.77900", "2011-09-30": "59.12400", "2011-06-30": "63.83700", "2011-03-31": "57.39700", "2010-12-31": "60.37900", "2010-09-30": "51.87200", "2010-06-30": "53.23900", "2010-03-31": "47.11500", "2009-12-31": "44.68000", "2009-09-30": "43.20200", "2009-06-30": "44.78100", "2009-03-31": "48.14800", "2008-12-31": "56.02900", "2008-09-30": "48.00500", "2008-06-30": "52.66100", "2008-03-31": "51.55900", "2007-12-31": "48.16900", "2007-09-30": "45.02300", "2007-06-30": "46.97400", "2007-03-31": "44.50300", "2006-12-31": "46.92500", "2006-09-30": "44.12000", "2006-06-30": "45.58000", "2006-03-31": "41.36300", "2005-12-31": "40.79300", "2005-09-30": "40.72900", "2005-06-30": "41.33300", "2005-03-31": "38.45500"}, "Other Operating Income Or Expenses": {"2020-12-31": "", "2020-09-30": "-0.26700", "2020-06-30": "-34.96200", "2020-03-31": "", "2019-12-31": "", "2019-09-30": "0.00000", "2019-06-30": "0.00000", "2019-03-31": "", "2018-12-31": "", "2018-09-30": "", "2018-06-30": "", "2018-03-31": "", "2017-12-31": "", "2017-09-30": "", "2017-06-30": "", "2017-03-31": "", "2016-12-31": "", "2016-09-30": "", "2016-06-30": "", "2016-03-31": "", "2015-12-31": "", "2015-09-30": "", "2015-06-30": "", "2015-03-31": "", "2014-12-31": "", "2014-09-30": "", "2014-06-30": "", "2014-03-31": "", "2013-12-31": "", "2013-09-30": "", "2013-06-30": "", "2013-03-31": "", "2012-12-31": "", "2012-09-30": "", "2012-06-30": "", "2012-03-31": "", "2011-12-31": "", "2011-09-30": "", "2011-06-30": "", "2011-03-31": "", "2010-12-31": "", "2010-09-30": "", "2010-06-30": "", "2010-03-31": "", "2009-12-31": "", "2009-09-30": "", "2009-06-30": "", "2009-03-31": "", "2008-12-31": "", "2008-09-30": "", "2008-06-30": "", "2008-03-31": "", "2007-12-31": "", "2007-09-30": "", "2007-06-30": "", "2007-03-31": "", "2006-12-31": "", "2006-09-30": "", "2006-06-30": "", "2006-03-31": "", "2005-12-31": "", "2005-09-30": "", "2005-06-30": "", "2005-03-31": ""}, "Operating Expenses": {"2020-12-31": "338.21200", "2020-09-30": "314.31100", "2020-06-30": "322.11900", "2020-03-31": "283.75500", "2019-12-31": "308.12300", "2019-09-30": "297.15600", "2019-06-30": "315.96700", "2019-03-31": "300.34300", "2018-12-31": "309.86400", "2018-09-30": "301.15700", "2018-06-30": "311.19200", "2018-03-31": "294.65200", "2017-12-31": "285.39400", "2017-09-30": "278.37700", "2017-06-30": "279.07300", "2017-03-31": "253.15500", "2016-12-31": "448.67400", "2016-09-30": "245.72800", "2016-06-30": "269.78400", "2016-03-31": "243.96300", "2015-12-31": "249.48100", "2015-09-30": "242.05900", "2015-06-30": "251.59800", "2015-03-31": "241.22200", "2014-12-31": "236.53990", "2014-09-30": "223.70700", "2014-06-30": "236.70100", "2014-03-31": "215.25700", "2013-12-31": "208.59400", "2013-09-30": "207.30900", "2013-06-30": "210.80300", "2013-03-31": "197.54900", "2012-12-31": "195.77600", "2012-09-30": "200.14100", "2012-06-30": "215.70900", "2012-03-31": "176.15300", "2011-12-31": "168.20600", "2011-09-30": "170.54500", "2011-06-30": "176.40800", "2011-03-31": "160.61000", "2010-12-31": "159.49000", "2010-09-30": "146.54000", "2010-06-30": "152.87900", "2010-03-31": "132.01500", "2009-12-31": "122.60700", "2009-09-30": "121.12100", "2009-06-30": "129.26600", "2009-03-31": "131.75100", "2008-12-31": "151.27000", "2008-09-30": "154.70200", "2008-06-30": "172.16700", "2008-03-31": "151.76600", "2007-12-31": "151.04700", "2007-09-30": "148.73400", "2007-06-30": "163.67000", "2007-03-31": "145.40800", "2006-12-31": "150.90600", "2006-09-30": "147.19500", "2006-06-30": "154.80400", "2006-03-31": "137.56400", "2005-12-31": "137.00600", "2005-09-30": "129.97200", "2005-06-30": "143.87700", "2005-03-31": "129.77700"}, "Operating Income": {"2020-12-31": "132.12800", "2020-09-30": "125.00500", "2020-06-30": "44.77300", "2020-03-31": "89.81200", "2019-12-31": "104.16900", "2019-09-30": "103.39900", "2019-06-30": "112.36100", "2019-03-31": "104.52700", "2018-12-31": "96.57400", "2018-09-30": "114.77900", "2018-06-30": "113.37800", "2018-03-31": "111.69600", "2017-12-31": "89.46500", "2017-09-30": "101.43500", "2017-06-30": "100.41000", "2017-03-31": "87.43500", "2016-12-31": "-99.61100", "2016-09-30": "81.46400", "2016-06-30": "78.34200", "2016-03-31": "60.94900", "2015-12-31": "76.07600", "2015-09-30": "76.92700", "2015-06-30": "83.89100", "2015-03-31": "65.23100", "2014-12-31": "69.46500", "2014-09-30": "78.90700", "2014-06-30": "85.84800", "2014-03-31": "74.70500", "2013-12-31": "63.32900", "2013-09-30": "69.72600", "2013-06-30": "75.21700", "2013-03-31": "71.49700", "2012-12-31": "57.90200", "2012-09-30": "56.33100", "2012-06-30": "52.47500", "2012-03-31": "57.96900", "2011-12-31": "47.38800", "2011-09-30": "56.80200", "2011-06-30": "58.25500", "2011-03-31": "57.06900", "2010-12-31": "37.80300", "2010-09-30": "43.42300", "2010-06-30": "39.20900", "2010-03-31": "32.70600", "2009-12-31": "23.70500", "2009-09-30": "26.18700", "2009-06-30": "18.44600", "2009-03-31": "6.12900", "2008-12-31": "15.41900", "2008-09-30": "52.52900", "2008-06-30": "67.06300", "2008-03-31": "52.35400", "2007-12-31": "54.14300", "2007-09-30": "58.53600", "2007-06-30": "67.71400", "2007-03-31": "52.08700", "2006-12-31": "52.51510", "2006-09-30": "55.00400", "2006-06-30": "63.82800", "2006-03-31": "54.65200", "2005-12-31": "48.59710", "2005-09-30": "46.96200", "2005-06-30": "54.34400", "2005-03-31": "41.16700"}, "Total Non-Operating Income/Expense": {"2020-12-31": "-2.62100", "2020-09-30": "-3.98900", "2020-06-30": "-2.74800", "2020-03-31": "-7.70900", "2019-12-31": "-3.63500", "2019-09-30": "-6.59000", "2019-06-30": "-4.55000", "2019-03-31": "-3.80400", "2018-12-31": "-6.52900", "2018-09-30": "-6.72200", "2018-06-30": "-8.14200", "2018-03-31": "-4.26800", "2017-12-31": "-15.94200", "2017-09-30": "-5.04300", "2017-06-30": "-4.80600", "2017-03-31": "-5.86000", "2016-12-31": "-11.35900", "2016-09-30": "-4.84800", "2016-06-30": "-4.93500", "2016-03-31": "-3.34700", "2015-12-31": "-3.04200", "2015-09-30": "-3.02600", "2015-06-30": "155.14600", "2015-03-31": "23.51000", "2014-12-31": "-2.42400", "2014-09-30": "3.64400", "2014-06-30": "6.08800", "2014-03-31": "-1.16000", "2013-12-31": "-0.78100", "2013-09-30": "3.97500", "2013-06-30": "6.22600", "2013-03-31": "-0.36700", "2012-12-31": "0.76000", "2012-09-30": "-2.00000", "2012-06-30": "-2.12300", "2012-03-31": "-3.98800", "2011-12-31": "-3.66400", "2011-09-30": "-3.45000", "2011-06-30": "-2.05600", "2011-03-31": "-0.61600", "2010-12-31": "-1.29500", "2010-09-30": "-1.29200", "2010-06-30": "-0.77300", "2010-03-31": "-1.24100", "2009-12-31": "-1.17600", "2009-09-30": "-1.35100", "2009-06-30": "-1.31200", "2009-03-31": "-1.96100", "2008-12-31": "-2.73700", "2008-09-30": "-2.55700", "2008-06-30": "-2.00400", "2008-03-31": "-1.48800", "2007-12-31": "-1.68500", "2007-09-30": "-1.07300", "2007-06-30": "-0.73400", "2007-03-31": "-0.15200", "2006-12-31": "-0.79800", "2006-09-30": "-0.51200", "2006-06-30": "-0.19300", "2006-03-31": "-0.13000", "2005-12-31": "-0.01800", "2005-09-30": "-0.46400", "2005-06-30": "-0.70600", "2005-03-31": "-0.52800"}, "Pre-Tax Income": {"2020-12-31": "129.50700", "2020-09-30": "121.01600", "2020-06-30": "42.02500", "2020-03-31": "82.10300", "2019-12-31": "100.53400", "2019-09-30": "96.80900", "2019-06-30": "107.81100", "2019-03-31": "100.72300", "2018-12-31": "90.04500", "2018-09-30": "108.05700", "2018-06-30": "105.23600", "2018-03-31": "107.42800", "2017-12-31": "73.52300", "2017-09-30": "96.39200", "2017-06-30": "95.60400", "2017-03-31": "81.57500", "2016-12-31": "-110.97000", "2016-09-30": "76.61600", "2016-06-30": "73.40700", "2016-03-31": "57.60200", "2015-12-31": "73.03400", "2015-09-30": "73.90100", "2015-06-30": "239.03700", "2015-03-31": "88.74100", "2014-12-31": "67.04100", "2014-09-30": "82.55100", "2014-06-30": "91.93600", "2014-03-31": "73.54500", "2013-12-31": "62.54800", "2013-09-30": "73.70100", "2013-06-30": "81.44300", "2013-03-31": "71.13000", "2012-12-31": "58.66200", "2012-09-30": "54.33100", "2012-06-30": "50.35200", "2012-03-31": "53.98100", "2011-12-31": "43.72400", "2011-09-30": "53.35200", "2011-06-30": "56.19900", "2011-03-31": "56.45300", "2010-12-31": "36.50800", "2010-09-30": "42.13100", "2010-06-30": "38.43600", "2010-03-31": "31.46500", "2009-12-31": "22.52900", "2009-09-30": "24.83600", "2009-06-30": "17.13400", "2009-03-31": "4.16800", "2008-12-31": "12.68200", "2008-09-30": "49.97200", "2008-06-30": "65.05900", "2008-03-31": "50.86600", "2007-12-31": "52.45800", "2007-09-30": "57.46300", "2007-06-30": "66.98000", "2007-03-31": "51.93500", "2006-12-31": "51.71700", "2006-09-30": "54.49200", "2006-06-30": "63.63500", "2006-03-31": "54.52200", "2005-12-31": "48.57900", "2005-09-30": "46.49800", "2005-06-30": "53.63800", "2005-03-31": "40.63900"}, "Income Taxes": {"2020-12-31": "14.81600", "2020-09-30": "6.90100", "2020-06-30": "13.19300", "2020-03-31": "9.28500", "2019-12-31": "15.69900", "2019-09-30": "12.67700", "2019-06-30": "19.67400", "2019-03-31": "13.97400", "2018-12-31": "16.32200", "2018-09-30": "15.37600", "2018-06-30": "16.09600", "2018-03-31": "21.91800", "2017-12-31": "37.13100", "2017-09-30": "20.93200", "2017-06-30": "15.77600", "2017-03-31": "20.84300", "2016-12-31": "-6.75700", "2016-09-30": "22.22800", "2016-06-30": "22.46000", "2016-03-31": "18.05000", "2015-12-31": "19.49000", "2015-09-30": "23.21000", "2015-06-30": "66.40000", "2015-03-31": "19.90000", "2014-12-31": "18.00000", "2014-09-30": "23.00000", "2014-06-30": "25.70000", "2014-03-31": "22.80000", "2013-12-31": "17.80000", "2013-09-30": "17.60000", "2013-06-30": "23.60000", "2013-03-31": "19.00000", "2012-12-31": "16.40000", "2012-09-30": "17.20000", "2012-06-30": "16.00000", "2012-03-31": "18.60000", "2011-12-31": "13.30000", "2011-09-30": "16.80000", "2011-06-30": "18.10000", "2011-03-31": "19.20000", "2010-12-31": "9.50000", "2010-09-30": "11.70000", "2010-06-30": "13.60000", "2010-03-31": "10.90000", "2009-12-31": "5.30000", "2009-09-30": "7.50000", "2009-06-30": "5.50000", "2009-03-31": "1.40000", "2008-12-31": "2.60000", "2008-09-30": "17.20000", "2008-06-30": "22.60000", "2008-03-31": "15.30000", "2007-12-31": "16.80000", "2007-09-30": "18.20000", "2007-06-30": "22.80000", "2007-03-31": "18.20000", "2006-12-31": "16.10000", "2006-09-30": "17.10000", "2006-06-30": "22.30000", "2006-03-31": "19.10000", "2005-12-31": "16.30000", "2005-09-30": "15.60000", "2005-06-30": "18.00000", "2005-03-31": "13.60000"}, "Income After Taxes": {"2020-12-31": "114.69100", "2020-09-30": "114.11500", "2020-06-30": "28.83200", "2020-03-31": "72.81800", "2019-12-31": "84.83500", "2019-09-30": "84.13200", "2019-06-30": "88.13700", "2019-03-31": "86.74900", "2018-12-31": "73.72300", "2018-09-30": "92.68100", "2018-06-30": "89.14000", "2018-03-31": "85.51000", "2017-12-31": "36.39200", "2017-09-30": "75.46000", "2017-06-30": "79.82800", "2017-03-31": "60.73200", "2016-12-31": "-104.21300", "2016-09-30": "54.38800", "2016-06-30": "50.94700", "2016-03-31": "39.55200", "2015-12-31": "53.54400", "2015-09-30": "50.69100", "2015-06-30": "172.63700", "2015-03-31": "68.84100", "2014-12-31": "49.04100", "2014-09-30": "59.55100", "2014-06-30": "66.23600", "2014-03-31": "50.74500", "2013-12-31": "44.74800", "2013-09-30": "56.10100", "2013-06-30": "57.84300", "2013-03-31": "52.13000", "2012-12-31": "42.26200", "2012-09-30": "37.13100", "2012-06-30": "34.35200", "2012-03-31": "35.38100", "2011-12-31": "30.42400", "2011-09-30": "36.55200", "2011-06-30": "38.09900", "2011-03-31": "37.25300", "2010-12-31": "27.00800", "2010-09-30": "30.43100", "2010-06-30": "24.83600", "2010-03-31": "20.56500", "2009-12-31": "17.22900", "2009-09-30": "17.33600", "2009-06-30": "11.63400", "2009-03-31": "2.76800", "2008-12-31": "10.08200", "2008-09-30": "32.77200", "2008-06-30": "42.45900", "2008-03-31": "35.56600", "2007-12-31": "35.65800", "2007-09-30": "39.26300", "2007-06-30": "44.18000", "2007-03-31": "33.73500", "2006-12-31": "35.61700", "2006-09-30": "37.39200", "2006-06-30": "41.33500", "2006-03-31": "35.42200", "2005-12-31": "32.27900", "2005-09-30": "30.89800", "2005-06-30": "35.63800", "2005-03-31": "27.03900"}, "Other Income": {"2020-12-31": "", "2020-09-30": "", "2020-06-30": "", "2020-03-31": "", "2019-12-31": "", "2019-09-30": "", "2019-06-30": "", "2019-03-31": "", "2018-12-31": "", "2018-09-30": "", "2018-06-30": "", "2018-03-31": "", "2017-12-31": "", "2017-09-30": "", "2017-06-30": "", "2017-03-31": "", "2016-12-31": "", "2016-09-30": "", "2016-06-30": "", "2016-03-31": "", "2015-12-31": "", "2015-09-30": "", "2015-06-30": "", "2015-03-31": "", "2014-12-31": "", "2014-09-30": "", "2014-06-30": "", "2014-03-31": "", "2013-12-31": "", "2013-09-30": "", "2013-06-30": "", "2013-03-31": "", "2012-12-31": "", "2012-09-30": "", "2012-06-30": "", "2012-03-31": "", "2011-12-31": "", "2011-09-30": "", "2011-06-30": "", "2011-03-31": "", "2010-12-31": "", "2010-09-30": "", "2010-06-30": "", "2010-03-31": "", "2009-12-31": "", "2009-09-30": "", "2009-06-30": "", "2009-03-31": "", "2008-12-31": "", "2008-09-30": "", "2008-06-30": "", "2008-03-31": "", "2007-12-31": "", "2007-09-30": "", "2007-06-30": "", "2007-03-31": "", "2006-12-31": "", "2006-09-30": "", "2006-06-30": "", "2006-03-31": "", "2005-12-31": "", "2005-09-30": "", "2005-06-30": "", "2005-03-31": ""}, "Income From Continuous Operations": {"2020-12-31": "114.69100", "2020-09-30": "114.11500", "2020-06-30": "28.83200", "2020-03-31": "72.81800", "2019-12-31": "84.83500", "2019-09-30": "84.13200", "2019-06-30": "88.13700", "2019-03-31": "86.74900", "2018-12-31": "73.72300", "2018-09-30": "92.68100", "2018-06-30": "89.14000", "2018-03-31": "85.51000", "2017-12-31": "36.39200", "2017-09-30": "75.46000", "2017-06-30": "79.82800", "2017-03-31": "60.73200", "2016-12-31": "-104.21300", "2016-09-30": "54.38800", "2016-06-30": "50.94700", "2016-03-31": "39.55200", "2015-12-31": "53.54400", "2015-09-30": "50.69100", "2015-06-30": "172.63700", "2015-03-31": "68.84100", "2014-12-31": "49.04100", "2014-09-30": "59.55100", "2014-06-30": "66.23600", "2014-03-31": "50.74500", "2013-12-31": "44.74800", "2013-09-30": "56.10100", "2013-06-30": "57.84300", "2013-03-31": "52.13000", "2012-12-31": "42.26200", "2012-09-30": "37.13100", "2012-06-30": "34.35200", "2012-03-31": "35.38100", "2011-12-31": "30.42400", "2011-09-30": "36.55200", "2011-06-30": "38.09900", "2011-03-31": "37.25300", "2010-12-31": "27.00800", "2010-09-30": "30.43100", "2010-06-30": "24.83600", "2010-03-31": "20.56500", "2009-12-31": "17.22900", "2009-09-30": "17.33600", "2009-06-30": "11.63400", "2009-03-31": "2.76800", "2008-12-31": "10.08200", "2008-09-30": "32.77200", "2008-06-30": "42.45900", "2008-03-31": "35.56600", "2007-12-31": "35.65800", "2007-09-30": "39.26300", "2007-06-30": "44.18000", "2007-03-31": "33.73500", "2006-12-31": "35.61700", "2006-09-30": "37.39200", "2006-06-30": "41.33500", "2006-03-31": "35.42200", "2005-12-31": "32.27900", "2005-09-30": "30.89800", "2005-06-30": "35.63800", "2005-03-31": "27.03900"}, "Income From Discontinued Operations": {"2020-12-31": "", "2020-09-30": "", "2020-06-30": "", "2020-03-31": "", "2019-12-31": "", "2019-09-30": "", "2019-06-30": "", "2019-03-31": "", "2018-12-31": "", "2018-09-30": "", "2018-06-30": "", "2018-03-31": "", "2017-12-31": "", "2017-09-30": "", "2017-06-30": "", "2017-03-31": "", "2016-12-31": "", "2016-09-30": "", "2016-06-30": "", "2016-03-31": "", "2015-12-31": "", "2015-09-30": "", "2015-06-30": "", "2015-03-31": "", "2014-12-31": "", "2014-09-30": "", "2014-06-30": "", "2014-03-31": "", "2013-12-31": "", "2013-09-30": "", "2013-06-30": "", "2013-03-31": "", "2012-12-31": "", "2012-09-30": "", "2012-06-30": "", "2012-03-31": "", "2011-12-31": "", "2011-09-30": "", "2011-06-30": "", "2011-03-31": "", "2010-12-31": "", "2010-09-30": "", "2010-06-30": "", "2010-03-31": "", "2009-12-31": "", "2009-09-30": "", "2009-06-30": "", "2009-03-31": "", "2008-12-31": "", "2008-09-30": "", "2008-06-30": "", "2008-03-31": "", "2007-12-31": "", "2007-09-30": "", "2007-06-30": "", "2007-03-31": "", "2006-12-31": "", "2006-09-30": "", "2006-06-30": "", "2006-03-31": "", "2005-12-31": "", "2005-09-30": "", "2005-06-30": "", "2005-03-31": ""}, "Net Income": {"2020-12-31": "114.69100", "2020-09-30": "114.11500", "2020-06-30": "28.83200", "2020-03-31": "72.81800", "2019-12-31": "84.83500", "2019-09-30": "84.13200", "2019-06-30": "88.13700", "2019-03-31": "86.74900", "2018-12-31": "73.72300", "2018-09-30": "92.68100", "2018-06-30": "89.14000", "2018-03-31": "85.51000", "2017-12-31": "36.39200", "2017-09-30": "75.46000", "2017-06-30": "79.82800", "2017-03-31": "60.73200", "2016-12-31": "-104.21300", "2016-09-30": "54.38800", "2016-06-30": "50.94700", "2016-03-31": "39.55200", "2015-12-31": "53.54400", "2015-09-30": "50.69100", "2015-06-30": "172.63700", "2015-03-31": "68.84100", "2014-12-31": "49.04100", "2014-09-30": "59.55100", "2014-06-30": "66.23600", "2014-03-31": "50.74500", "2013-12-31": "44.74800", "2013-09-30": "56.10100", "2013-06-30": "57.84300", "2013-03-31": "52.13000", "2012-12-31": "42.26200", "2012-09-30": "37.13100", "2012-06-30": "34.35200", "2012-03-31": "35.38100", "2011-12-31": "30.42400", "2011-09-30": "36.55200", "2011-06-30": "38.09900", "2011-03-31": "37.25300", "2010-12-31": "27.00800", "2010-09-30": "30.43100", "2010-06-30": "24.83600", "2010-03-31": "20.56500", "2009-12-31": "17.22900", "2009-09-30": "17.33600", "2009-06-30": "11.63400", "2009-03-31": "2.76800", "2008-12-31": "10.08200", "2008-09-30": "32.77200", "2008-06-30": "42.45900", "2008-03-31": "35.56600", "2007-12-31": "35.65800", "2007-09-30": "39.26300", "2007-06-30": "44.18000", "2007-03-31": "33.73500", "2006-12-31": "35.61700", "2006-09-30": "37.39200", "2006-06-30": "41.33500", "2006-03-31": "35.42200", "2005-12-31": "32.27900", "2005-09-30": "30.89800", "2005-06-30": "35.63800", "2005-03-31": "27.03900"}, "EBITDA": {"2020-12-31": "", "2020-09-30": "138.75300", "2020-06-30": "58.67700", "2020-03-31": "102.87400", "2019-12-31": "116.67900", "2019-09-30": "115.71300", "2019-06-30": "124.43500", "2019-03-31": "116.54000", "2018-12-31": "108.75800", "2018-09-30": "126.59400", "2018-06-30": "124.48200", "2018-03-31": "124.34700", "2017-12-31": "101.42800", "2017-09-30": "112.69300", "2017-06-30": "111.67800", "2017-03-31": "98.52900", "2016-12-31": "-88.16700", "2016-09-30": "93.81000", "2016-06-30": "90.83200", "2016-03-31": "72.95900", "2015-12-31": "87.39700", "2015-09-30": "88.24400", "2015-06-30": "95.05000", "2015-03-31": "76.04100", "2014-12-31": "77.35900", "2014-09-30": "88.20100", "2014-06-30": "94.91300", "2014-03-31": "83.96700", "2013-12-31": "72.89700", "2013-09-30": "78.83700", "2013-06-30": "84.58200", "2013-03-31": "80.76900", "2012-12-31": "68.22000", "2012-09-30": "66.39400", "2012-06-30": "62.78100", "2012-03-31": "66.04400", "2011-12-31": "53.56300", "2011-09-30": "65.56800", "2011-06-30": "67.37000", "2011-03-31": "65.49600", "2010-12-31": "46.28000", "2010-09-30": "51.60000", "2010-06-30": "47.95000", "2010-03-31": "41.28400", "2009-12-31": "32.64500", "2009-09-30": "35.43400", "2009-06-30": "26.92400", "2009-03-31": "14.60400", "2008-12-31": "27.60400", "2008-09-30": "60.10200", "2008-06-30": "75.40500", "2008-03-31": "59.74900", "2007-12-31": "62.03800", "2007-09-30": "65.31200", "2007-06-30": "74.74900", "2007-03-31": "59.04600", "2006-12-31": "59.53000", "2006-09-30": "61.94200", "2006-06-30": "70.14000", "2006-03-31": "60.43300", "2005-12-31": "54.49000", "2005-09-30": "52.75900", "2005-06-30": "60.44700", "2005-03-31": "46.87000"}, "EBIT": {"2020-12-31": "132.12800", "2020-09-30": "125.00500", "2020-06-30": "44.77300", "2020-03-31": "89.81200", "2019-12-31": "104.16900", "2019-09-30": "103.39900", "2019-06-30": "112.36100", "2019-03-31": "104.52700", "2018-12-31": "96.57400", "2018-09-30": "114.77900", "2018-06-30": "113.37800", "2018-03-31": "111.69600", "2017-12-31": "89.46500", "2017-09-30": "101.43500", "2017-06-30": "100.41000", "2017-03-31": "87.43500", "2016-12-31": "-99.61110", "2016-09-30": "81.46400", "2016-06-30": "78.34200", "2016-03-31": "60.94900", "2015-12-31": "76.07600", "2015-09-30": "76.92700", "2015-06-30": "83.89100", "2015-03-31": "65.23100", "2014-12-31": "69.46500", "2014-09-30": "78.90700", "2014-06-30": "85.84800", "2014-03-31": "74.70500", "2013-12-31": "63.32910", "2013-09-30": "69.72600", "2013-06-30": "75.21700", "2013-03-31": "71.49700", "2012-12-31": "57.90200", "2012-09-30": "56.33100", "2012-06-30": "52.47500", "2012-03-31": "57.96900", "2011-12-31": "47.38800", "2011-09-30": "56.80200", "2011-06-30": "58.25500", "2011-03-31": "57.06900", "2010-12-31": "37.80300", "2010-09-30": "43.42300", "2010-06-30": "39.20900", "2010-03-31": "32.70600", "2009-12-31": "23.70500", "2009-09-30": "26.18700", "2009-06-30": "18.44600", "2009-03-31": "6.12900", "2008-12-31": "15.41900", "2008-09-30": "52.52900", "2008-06-30": "67.06300", "2008-03-31": "52.35400", "2007-12-31": "54.14300", "2007-09-30": "58.53600", "2007-06-30": "67.71400", "2007-03-31": "52.08700", "2006-12-31": "52.51500", "2006-09-30": "55.00400", "2006-06-30": "63.82800", "2006-03-31": "54.65200", "2005-12-31": "48.59710", "2005-09-30": "46.96200", "2005-06-30": "54.34400", "2005-03-31": "41.16700"}, "Basic Shares Outstanding": {"2020-12-31": "168.10400", "2020-09-30": "167.10200", "2020-06-30": "166.66300", "2020-03-31": "167.97700", "2019-12-31": "166.51500", "2019-09-30": "166.84800", "2019-06-30": "166.68400", "2019-03-31": "165.61600", "2018-12-31": "167.36400", "2018-09-30": "167.24700", "2018-06-30": "167.26000", "2018-03-31": "169.07300", "2017-12-31": "167.92500", "2017-09-30": "168.06900", "2017-06-30": "167.40400", "2017-03-31": "167.30400", "2016-12-31": "166.85100", "2016-09-30": "167.05200", "2016-06-30": "166.90200", "2016-03-31": "166.18200", "2015-12-31": "172.82900", "2015-09-30": "171.97500", "2015-06-30": "174.70500", "2015-03-31": "176.94300", "2014-12-31": "180.44400", "2014-09-30": "179.78400", "2014-06-30": "181.35900", "2014-03-31": "182.46600", "2013-12-31": "183.60900", "2013-09-30": "183.99900", "2013-06-30": "184.11300", "2013-03-31": "182.88300", "2012-12-31": "181.35300", "2012-09-30": "181.71000", "2012-06-30": "181.45200", "2012-03-31": "180.15600", "2011-12-31": "180.85800", "2011-09-30": "181.29000", "2011-06-30": "182.16300", "2011-03-31": "180.81000", "2010-12-31": "180.62700", "2010-09-30": "180.32100", "2010-06-30": "181.79100", "2010-03-31": "180.61800", "2009-12-31": "179.59500", "2009-09-30": "179.82000", "2009-06-30": "179.70900", "2009-03-31": "178.91400", "2008-12-31": "180.79200", "2008-09-30": "179.30700", "2008-06-30": "181.62000", "2008-03-31": "183.76200", "2007-12-31": "195.12900", "2007-09-30": "194.39100", "2007-06-30": "198.13500", "2007-03-31": "200.00100", "2006-12-31": "203.42100", "2006-09-30": "202.72800", "2006-06-30": "204.36300", "2006-03-31": "205.28400", "2005-12-31": "206.29800", "2005-09-30": "205.83600", "2005-06-30": "206.87700", "2005-03-31": "207.22200"}, "Shares Outstanding": {"2020-12-31": "173.18700", "2020-09-30": "171.65300", "2020-06-30": "170.54900", "2020-03-31": "172.64200", "2019-12-31": "171.62400", "2019-09-30": "171.77700", "2019-06-30": "172.04700", "2019-03-31": "170.85900", "2018-12-31": "173.21300", "2018-09-30": "173.03700", "2018-06-30": "173.26500", "2018-03-31": "175.64900", "2017-12-31": "174.31800", "2017-09-30": "174.61300", "2017-06-30": "173.78200", "2017-03-31": "173.13700", "2016-12-31": "170.87600", "2016-09-30": "170.90700", "2016-06-30": "171.12000", "2016-03-31": "170.12700", "2015-12-31": "177.02000", "2015-09-30": "175.99200", "2015-06-30": "178.86600", "2015-03-31": "181.39500", "2014-12-31": "185.23500", "2014-09-30": "184.62600", "2014-06-30": "186.08400", "2014-03-31": "187.31400", "2013-12-31": "188.37000", "2013-09-30": "188.98800", "2013-06-30": "188.52300", "2013-03-31": "187.22400", "2012-12-31": "185.13300", "2012-09-30": "185.33400", "2012-06-30": "185.40900", "2012-03-31": "184.01400", "2011-12-31": "184.11000", "2011-09-30": "184.24500", "2011-06-30": "186.21000", "2011-03-31": "184.08000", "2010-12-31": "182.40900", "2010-09-30": "181.87200", "2010-06-30": "183.55200", "2010-03-31": "182.13900", "2009-12-31": "180.68700", "2009-09-30": "180.94200", "2009-06-30": "180.54900", "2009-03-31": "179.70900", "2008-12-31": "182.50500", "2008-09-30": "181.09500", "2008-06-30": "183.66600", "2008-03-31": "185.75100", "2007-12-31": "197.95200", "2007-09-30": "197.15400", "2007-06-30": "201.21000", "2007-03-31": "203.14500", "2006-12-31": "206.93100", "2006-09-30": "206.13300", "2006-06-30": "207.96000", "2006-03-31": "208.64700", "2005-12-31": "209.58600", "2005-09-30": "209.12100", "2005-06-30": "210.10800", "2005-03-31": "210.82200"}, "Basic EPS": {"2020-12-31": "0.68000", "2020-09-30": "0.68000", "2020-06-30": "0.17000", "2020-03-31": "0.43000", "2019-12-31": "0.51000", "2019-09-30": "0.50000", "2019-06-30": "0.53000", "2019-03-31": "0.52000", "2018-12-31": "0.45000", "2018-09-30": "0.55000", "2018-06-30": "0.53000", "2018-03-31": "0.51000", "2017-12-31": "0.21000", "2017-09-30": "0.45000", "2017-06-30": "0.48000", "2017-03-31": "0.36000", "2016-12-31": "-0.63000", "2016-09-30": "0.32670", "2016-06-30": "0.30670", "2016-03-31": "0.23670", "2015-12-31": "0.33000", "2015-09-30": "0.29330", "2015-06-30": "0.98670", "2015-03-31": "0.39000", "2014-12-31": "0.27670", "2014-09-30": "0.33000", "2014-06-30": "0.36670", "2014-03-31": "0.27670", "2013-12-31": "0.24330", "2013-09-30": "0.30330", "2013-06-30": "0.31330", "2013-03-31": "0.28670", "2012-12-31": "0.23330", "2012-09-30": "0.20330", "2012-06-30": "0.19000", "2012-03-31": "0.19670", "2011-12-31": "0.17000", "2011-09-30": "0.20000", "2011-06-30": "0.21000", "2011-03-31": "0.20670", "2010-12-31": "0.15000", "2010-09-30": "0.17000", "2010-06-30": "0.13670", "2010-03-31": "0.11330", "2009-12-31": "0.09670", "2009-09-30": "0.09670", "2009-06-30": "0.06330", "2009-03-31": "0.01670", "2008-12-31": "0.06000", "2008-09-30": "0.18330", "2008-06-30": "0.23330", "2008-03-31": "0.19330", "2007-12-31": "0.18670", "2007-09-30": "0.20330", "2007-06-30": "0.22330", "2007-03-31": "0.17000", "2006-12-31": "0.17670", "2006-09-30": "0.18330", "2006-06-30": "0.20330", "2006-03-31": "0.17330", "2005-12-31": "0.15670", "2005-09-30": "0.15000", "2005-06-30": "0.17330", "2005-03-31": "0.13000"}, "EPS - Earnings Per Share": {"2020-12-31": "0.66000", "2020-09-30": "0.66000", "2020-06-30": "0.17000", "2020-03-31": "0.42000", "2019-12-31": "0.49000", "2019-09-30": "0.49000", "2019-06-30": "0.51000", "2019-03-31": "0.51000", "2018-12-31": "0.43000", "2018-09-30": "0.54000", "2018-06-30": "0.51000", "2018-03-31": "0.49000", "2017-12-31": "0.21000", "2017-09-30": "0.43000", "2017-06-30": "0.46000", "2017-03-31": "0.35000", "2016-12-31": "-0.60670", "2016-09-30": "0.31670", "2016-06-30": "0.29670", "2016-03-31": "0.23330", "2015-12-31": "0.31670", "2015-09-30": "0.28670", "2015-06-30": "0.96670", "2015-03-31": "0.38000", "2014-12-31": "0.26670", "2014-09-30": "0.32330", "2014-06-30": "0.35670", "2014-03-31": "0.27000", "2013-12-31": "0.23670", "2013-09-30": "0.29670", "2013-06-30": "0.30670", "2013-03-31": "0.28000", "2012-12-31": "0.22670", "2012-09-30": "0.20000", "2012-06-30": "0.18670", "2012-03-31": "0.19330", "2011-12-31": "0.16670", "2011-09-30": "0.20000", "2011-06-30": "0.20330", "2011-03-31": "0.20330", "2010-12-31": "0.14670", "2010-09-30": "0.16670", "2010-06-30": "0.13670", "2010-03-31": "0.11330", "2009-12-31": "0.09330", "2009-09-30": "0.09670", "2009-06-30": "0.06330", "2009-03-31": "0.01670", "2008-12-31": "0.06330", "2008-09-30": "0.18000", "2008-06-30": "0.23000", "2008-03-31": "0.19000", "2007-12-31": "0.18670", "2007-09-30": "0.20000", "2007-06-30": "0.22000", "2007-03-31": "0.16670", "2006-12-31": "0.17330", "2006-09-30": "0.18000", "2006-06-30": "0.20000", "2006-03-31": "0.17000", "2005-12-31": "0.15670", "2005-09-30": "0.14670", "2005-06-30": "0.17000", "2005-03-31": "0.12670"}}, "balance sheet": {"Cash On Hand": {"2020-12-31": "378.90900", "2019-12-31": "220.97300", "2018-12-31": "132.11800", "2017-12-31": "103.66200", "2016-12-31": "52.36500", "2015-12-31": "52.29500", "2014-12-31": "445.42300", "2013-12-31": "442.05300", "2012-12-31": "457.93300", "2011-12-31": "303.15000", "2010-12-31": "9.59100", "2009-12-31": "5.41200", "2008-12-31": "12.11900", "2007-12-31": "4.92200", "2006-12-31": "5.87100", "2005-12-31": "18.66400"}, "Receivables": {"2020-12-31": "314.94600", "2019-12-31": "267.34500", "2018-12-31": "274.60800", "2017-12-31": "266.08000", "2016-12-31": "218.36500", "2015-12-31": "225.50900", "2014-12-31": "214.94400", "2013-12-31": "183.29300", "2012-12-31": "172.14300", "2011-12-31": "150.91200", "2010-12-31": "124.59300", "2009-12-31": "100.82400", "2008-12-31": "127.50500", "2007-12-31": "140.48900", "2006-12-31": "134.10500", "2005-12-31": "122.85400"}, "Inventory": {"2020-12-31": "285.70400", "2019-12-31": "273.23300", "2018-12-31": "283.98200", "2017-12-31": "239.34900", "2016-12-31": "201.60900", "2015-12-31": "202.13600", "2014-12-31": "159.79700", "2013-12-31": "133.78700", "2012-12-31": "121.54900", "2011-12-31": "105.34700", "2010-12-31": "91.62000", "2009-12-31": "58.65800", "2008-12-31": "91.60400", "2007-12-31": "74.73700", "2006-12-31": "76.31100", "2005-12-31": "56.54700"}, "Pre-Paid Expenses": {"2020-12-31": "44.24200", "2019-12-31": "", "2018-12-31": "", "2017-12-31": "", "2016-12-31": "", "2015-12-31": "", "2014-12-31": "", "2013-12-31": "", "2012-12-31": "", "2011-12-31": "", "2010-12-31": "", "2009-12-31": "", "2008-12-31": "", "2007-12-31": "", "2006-12-31": "", "2005-12-31": ""}, "Other Current Assets": {"2020-12-31": "", "2019-12-31": "29.91700", "2018-12-31": "32.50800", "2017-12-31": "34.24700", "2016-12-31": "31.02300", "2015-12-31": "29.07700", "2014-12-31": "19.37400", "2013-12-31": "14.63300", "2012-12-31": "7.62900", "2011-12-31": "5.88700", "2010-12-31": "7.95700", "2009-12-31": "3.71900", "2008-12-31": "6.36000", "2007-12-31": "7.03400", "2006-12-31": "2.01400", "2005-12-31": "1.79500"}, "Total Current Assets": {"2020-12-31": "1023.80100", "2019-12-31": "791.46800", "2018-12-31": "723.21600", "2017-12-31": "643.33800", "2016-12-31": "503.36200", "2015-12-31": "509.01700", "2014-12-31": "839.53800", "2013-12-31": "792.59300", "2012-12-31": "776.99600", "2011-12-31": "582.97000", "2010-12-31": "252.40800", "2009-12-31": "188.99300", "2008-12-31": "260.59500", "2007-12-31": "248.83200", "2006-12-31": "238.98300", "2005-12-31": "213.89800"}, "Property, Plant, And Equipment": {"2020-12-31": "350.75000", "2019-12-31": "325.54600", "2018-12-31": "229.29500", "2017-12-31": "204.29800", "2016-12-31": "189.59600", "2015-12-31": "178.43700", "2014-12-31": "161.23000", "2013-12-31": "151.71700", "2012-12-31": "151.54400", "2011-12-31": "138.24800", "2010-12-31": "134.18500", "2009-12-31": "139.05300", "2008-12-31": "149.75400", "2007-12-31": "140.59400", "2006-12-31": "124.52400", "2005-12-31": "106.49800"}, "Long-Term Investments": {"2020-12-31": "", "2019-12-31": "", "2018-12-31": "", "2017-12-31": "", "2016-12-31": "", "2015-12-31": "", "2014-12-31": "", "2013-12-31": "", "2012-12-31": "", "2011-12-31": "", "2010-12-31": "", "2009-12-31": "", "2008-12-31": "", "2007-12-31": "", "2006-12-31": "", "2005-12-31": ""}, "Goodwill And Intangible Assets": {"2020-12-31": "508.27200", "2019-12-31": "470.28600", "2018-12-31": "460.15600", "2017-12-31": "461.84500", "2016-12-31": "438.18500", "2015-12-31": "622.47500", "2014-12-31": "468.85200", "2013-12-31": "337.90700", "2012-12-31": "333.00100", "2011-12-31": "111.51800", "2010-12-31": "120.07800", "2009-12-31": "131.91000", "2008-12-31": "143.97100", "2007-12-31": "109.09300", "2006-12-31": "117.49900", "2005-12-31": "91.49100"}, "Other Long-Term Assets": {"2020-12-31": "41.67000", "2019-12-31": "35.69200", "2018-12-31": "28.01900", "2017-12-31": "30.22000", "2016-12-31": "25.31300", "2015-12-31": "24.44700", "2014-12-31": "26.20700", "2013-12-31": "24.64500", "2012-12-31": "21.64300", "2011-12-31": "11.82100", "2010-12-31": "9.10700", "2009-12-31": "8.10600", "2008-12-31": "6.61100", "2007-12-31": "6.38200", "2006-12-31": "3.69400", "2005-12-31": "4.12700"}, "Total Long-Term Assets": {"2020-12-31": "964.32700", "2019-12-31": "900.74210", "2018-12-31": "749.52500", "2017-12-31": "747.27900", "2016-12-31": "739.74700", "2015-12-31": "882.33500", "2014-12-31": "705.24000", "2013-12-31": "534.63490", "2012-12-31": "544.73800", "2011-12-31": "291.33900", "2010-12-31": "278.06600", "2009-12-31": "287.44100", "2008-12-31": "319.25500", "2007-12-31": "287.89200", "2006-12-31": "272.62000", "2005-12-31": "231.73200"}, "Total Assets": {"2020-12-31": "1988.12800", "2019-12-31": "1692.21000", "2018-12-31": "1472.74100", "2017-12-31": "1390.61700", "2016-12-31": "1243.10900", "2015-12-31": "1391.35200", "2014-12-31": "1544.77800", "2013-12-31": "1327.22800", "2012-12-31": "1321.73400", "2011-12-31": "874.30900", "2010-12-31": "530.47400", "2009-12-31": "476.43400", "2008-12-31": "579.85000", "2007-12-31": "536.72400", "2006-12-31": "511.60300", "2005-12-31": "445.63000"}, "Total Current Liabilities": {"2020-12-31": "321.38900", "2019-12-31": "285.32200", "2018-12-31": "299.80300", "2017-12-31": "245.83800", "2016-12-31": "177.98500", "2015-12-31": "194.61600", "2014-12-31": "172.73700", "2013-12-31": "168.85300", "2012-12-31": "151.67100", "2011-12-31": "131.28200", "2010-12-31": "119.75400", "2009-12-31": "103.81500", "2008-12-31": "121.16000", "2007-12-31": "125.87700", "2006-12-31": "128.92900", "2005-12-31": "111.58100"}, "Long Term Debt": {"2020-12-31": "150.00000", "2019-12-31": "164.29800", "2018-12-31": "266.39100", "2017-12-31": "226.03500", "2016-12-31": "305.68500", "2015-12-31": "392.69500", "2014-12-31": "615.00000", "2013-12-31": "408.37000", "2012-12-31": "556.48000", "2011-12-31": "300.00000", "2010-12-31": "70.25500", "2009-12-31": "86.26000", "2008-12-31": "180.00000", "2007-12-31": "107.06000", "2006-12-31": "", "2005-12-31": ""}, "Other Non-Current Liabilities": {"2020-12-31": "8.60000", "2019-12-31": "", "2018-12-31": "4.70000", "2017-12-31": "6.01700", "2016-12-31": "8.69700", "2015-12-31": "8.73000", "2014-12-31": "", "2013-12-31": "", "2012-12-31": "", "2011-12-31": "", "2010-12-31": "", "2009-12-31": "3.00000", "2008-12-31": "2.40000", "2007-12-31": "5.40000", "2006-12-31": "", "2005-12-31": ""}, "Total Long Term Liabilities": {"2020-12-31": "382.83500", "2019-12-31": "381.95700", "2018-12-31": "421.06500", "2017-12-31": "421.71600", "2016-12-31": "491.30400", "2015-12-31": "561.18490", "2014-12-31": "776.00900", "2013-12-31": "524.01000", "2012-12-31": "715.94900", "2011-12-31": "420.28700", "2010-12-31": "146.60600", "2009-12-31": "162.96500", "2008-12-31": "291.05600", "2007-12-31": "166.17300", "2006-12-31": "51.67000", "2005-12-31": "46.36500"}, "Total Liabilities": {"2020-12-31": "704.22400", "2019-12-31": "667.27900", "2018-12-31": "720.86800", "2017-12-31": "667.55400", "2016-12-31": "669.28900", "2015-12-31": "755.80100", "2014-12-31": "948.74600", "2013-12-31": "692.86300", "2012-12-31": "867.62000", "2011-12-31": "551.56900", "2010-12-31": "266.36000", "2009-12-31": "266.78000", "2008-12-31": "412.21600", "2007-12-31": "292.05000", "2006-12-31": "180.59900", "2005-12-31": "157.94600"}, "Common Stock Net": {"2020-12-31": "168.56800", "2019-12-31": "167.28700", "2018-12-31": "165.17100", "2017-12-31": "169.31900", "2016-12-31": "55.83400", "2015-12-31": "55.76600", "2014-12-31": "59.19900", "2013-12-31": "61.00300", "2012-12-31": "60.76700", "2011-12-31": "59.74700", "2010-12-31": "60.04800", "2009-12-31": "59.99900", "2008-12-31": "59.51600", "2007-12-31": "61.96400", "2006-12-31": "66.80500", "2005-12-31": "68.38700"}, "Retained Earnings (Accumulated Deficit)": {"2020-12-31": "568.29500", "2019-12-31": "448.99100", "2018-12-31": "220.73400", "2017-12-31": "181.59900", "2016-12-31": "206.82000", "2015-12-31": "285.50800", "2014-12-31": "252.86500", "2013-12-31": "272.65300", "2012-12-31": "189.29700", "2011-12-31": "97.46700", "2010-12-31": "44.43600", "2009-12-31": "11.12100", "2008-12-31": "8.44500", "2007-12-31": "32.98600", "2006-12-31": "138.70200", "2005-12-31": "112.50600"}, "Comprehensive Income": {"2020-12-31": "-124.16500", "2019-12-31": "-169.78700", "2018-12-31": "-144.85700", "2017-12-31": "-127.78900", "2016-12-31": "-142.22800", "2015-12-31": "-104.49700", "2014-12-31": "-100.73600", "2013-12-31": "-46.34900", "2012-12-31": "-83.74500", "2011-12-31": "-76.48100", "2010-12-31": "-52.44300", "2009-12-31": "-51.72700", "2008-12-31": "-74.48800", "2007-12-31": "-6.69600", "2006-12-31": "-5.12400", "2005-12-31": "-1.29800"}, "Other Share Holders Equity": {"2020-12-31": "", "2019-12-31": "", "2018-12-31": "", "2017-12-31": "", "2016-12-31": "", "2015-12-31": "", "2014-12-31": "", "2013-12-31": "", "2012-12-31": "", "2011-12-31": "", "2010-12-31": "", "2009-12-31": "", "2008-12-31": "", "2007-12-31": "", "2006-12-31": "", "2005-12-31": "-2.75300"}, "Share Holder Equity": {"2020-12-31": "1283.90400", "2019-12-31": "1024.93100", "2018-12-31": "751.87300", "2017-12-31": "723.06300", "2016-12-31": "573.82000", "2015-12-31": "635.55100", "2014-12-31": "596.03200", "2013-12-31": "634.36500", "2012-12-31": "454.11400", "2011-12-31": "322.74000", "2010-12-31": "264.11400", "2009-12-31": "209.65400", "2008-12-31": "167.63400", "2007-12-31": "244.67400", "2006-12-31": "331.00400", "2005-12-31": "287.68400"}, "Total Liabilities And Share Holders Equity": {"2020-12-31": "1988.12800", "2019-12-31": "1692.21000", "2018-12-31": "1472.74100", "2017-12-31": "1390.61700", "2016-12-31": "1243.10900", "2015-12-31": "1391.35200", "2014-12-31": "1544.77800", "2013-12-31": "1327.22800", "2012-12-31": "1321.73400", "2011-12-31": "874.30900", "2010-12-31": "530.47400", "2009-12-31": "476.43400", "2008-12-31": "579.85000", "2007-12-31": "536.72400", "2006-12-31": "511.60300", "2005-12-31": "445.63000"}}, "balance sheet, quarterly": {"Cash On Hand": {"2020-12-31": "378.90900", "2020-09-30": "424.67400", "2020-06-30": "432.70800", "2020-03-31": "456.65600", "2019-12-31": "220.97300", "2019-09-30": "177.30600", "2019-06-30": "180.88300", "2019-03-31": "119.71100", "2018-12-31": "132.11800", "2018-09-30": "137.58900", "2018-06-30": "109.85400", "2018-03-31": "113.83200", "2017-12-31": "103.66200", "2017-09-30": "140.00000", "2017-06-30": "75.44600", "2017-03-31": "76.56800", "2016-12-31": "52.36500", "2016-09-30": "53.32200", "2016-06-30": "43.86400", "2016-03-31": "36.49000", "2015-12-31": "52.29500", "2015-09-30": "51.91300", "2015-06-30": "44.25800", "2015-03-31": "449.44500", "2014-12-31": "445.42300", "2014-09-30": "450.50400", "2014-06-30": "451.33500", "2014-03-31": "446.37900", "2013-12-31": "442.05300", "2013-09-30": "439.56400", "2013-06-30": "453.54700", "2013-03-31": "462.94800", "2012-12-31": "457.93300", "2012-09-30": "454.12800", "2012-06-30": "449.90100", "2012-03-31": "326.77100", "2011-12-31": "303.15000", "2011-09-30": "274.83200", "2011-06-30": "119.26700", "2011-03-31": "102.50900", "2010-12-31": "9.59100", "2010-09-30": "9.66600", "2010-06-30": "4.87800", "2010-03-31": "11.63300", "2009-12-31": "5.41200", "2009-09-30": "5.06400", "2009-06-30": "13.90900", "2009-03-31": "14.79900", "2008-12-31": "12.11900", "2008-09-30": "5.25000", "2008-06-30": "4.88900", "2008-03-31": "6.77800", "2007-12-31": "4.92200", "2007-09-30": "9.77100", "2007-06-30": "4.68900", "2007-03-31": "4.76700", "2006-12-31": "5.87100", "2006-09-30": "9.19200", "2006-06-30": "18.36900", "2006-03-31": "27.18300", "2005-12-31": "18.66400", "2005-09-30": "14.27800", "2005-06-30": "7.11100", "2005-03-31": "12.32100"}, "Receivables": {"2020-12-31": "314.94600", "2020-09-30": "314.99600", "2020-06-30": "282.85600", "2020-03-31": "273.78900", "2019-12-31": "267.34500", "2019-09-30": "277.41700", "2019-06-30": "291.00800", "2019-03-31": "289.04700", "2018-12-31": "274.60800", "2018-09-30": "289.63300", "2018-06-30": "290.94600", "2018-03-31": "292.14400", "2017-12-31": "266.08000", "2017-09-30": "258.63200", "2017-06-30": "259.90000", "2017-03-31": "244.39500", "2016-12-31": "218.36500", "2016-09-30": "223.25700", "2016-06-30": "244.04700", "2016-03-31": "226.03000", "2015-12-31": "225.50900", "2015-09-30": "229.50400", "2015-06-30": "262.72200", "2015-03-31": "243.22800", "2014-12-31": "214.94400", "2014-09-30": "214.67000", "2014-06-30": "229.22400", "2014-03-31": "210.10200", "2013-12-31": "183.29300", "2013-09-30": "194.85900", "2013-06-30": "196.67900", "2013-03-31": "183.96900", "2012-12-31": "172.14300", "2012-09-30": "174.93900", "2012-06-30": "192.61400", "2012-03-31": "172.15800", "2011-12-31": "150.91200", "2011-09-30": "156.43000", "2011-06-30": "159.80700", "2011-03-31": "153.54100", "2010-12-31": "124.59300", "2010-09-30": "135.58300", "2010-06-30": "138.27900", "2010-03-31": "119.10900", "2009-12-31": "100.82400", "2009-09-30": "106.89000", "2009-06-30": "112.37000", "2009-03-31": "106.86000", "2008-12-31": "127.50500", "2008-09-30": "146.82000", "2008-06-30": "167.18200", "2008-03-31": "150.72600", "2007-12-31": "140.48900", "2007-09-30": "145.02100", "2007-06-30": "159.87400", "2007-03-31": "142.13700", "2006-12-31": "134.10500", "2006-09-30": "132.87100", "2006-06-30": "138.53300", "2006-03-31": "129.11800", "2005-12-31": "122.85400", "2005-09-30": "119.85600", "2005-06-30": "132.55000", "2005-03-31": "121.16000"}, "Inventory": {"2020-12-31": "285.70400", "2020-09-30": "283.71300", "2020-06-30": "291.44200", "2020-03-31": "289.56700", "2019-12-31": "273.23300", "2019-09-30": "288.58800", "2019-06-30": "297.54500", "2019-03-31": "297.45800", "2018-12-31": "283.98200", "2018-09-30": "277.72600", "2018-06-30": "271.72900", "2018-03-31": "267.29800", "2017-12-31": "239.34900", "2017-09-30": "222.87800", "2017-06-30": "221.44100", "2017-03-31": "214.94600", "2016-12-31": "201.60900", "2016-09-30": "201.55300", "2016-06-30": "205.34400", "2016-03-31": "212.33100", "2015-12-31": "202.13600", "2015-09-30": "197.21500", "2015-06-30": "194.56800", "2015-03-31": "182.48500", "2014-12-31": "159.79700", "2014-09-30": "149.02300", "2014-06-30": "147.06000", "2014-03-31": "147.37300", "2013-12-31": "133.78700", "2013-09-30": "132.74500", "2013-06-30": "133.30400", "2013-03-31": "130.27600", "2012-12-31": "121.54900", "2012-09-30": "120.58600", "2012-06-30": "124.42800", "2012-03-31": "110.07100", "2011-12-31": "105.34700", "2011-09-30": "111.72700", "2011-06-30": "113.49400", "2011-03-31": "102.78500", "2010-12-31": "91.62000", "2010-09-30": "85.34200", "2010-06-30": "76.19800", "2010-03-31": "66.41000", "2009-12-31": "58.65800", "2009-09-30": "60.58100", "2009-06-30": "68.53600", "2009-03-31": "85.57700", "2008-12-31": "91.60400", "2008-09-30": "95.31300", "2008-06-30": "91.70900", "2008-03-31": "88.49600", "2007-12-31": "74.73700", "2007-09-30": "77.59200", "2007-06-30": "81.83300", "2007-03-31": "87.36600", "2006-12-31": "76.31100", "2006-09-30": "75.06000", "2006-06-30": "66.99100", "2006-03-31": "64.56200", "2005-12-31": "56.54700", "2005-09-30": "58.70500", "2005-06-30": "59.01100", "2005-03-31": "63.16800"}, "Pre-Paid Expenses": {"2020-12-31": "44.24200", "2020-09-30": "", "2020-06-30": "", "2020-03-31": "", "2019-12-31": "", "2019-09-30": "", "2019-06-30": "", "2019-03-31": "", "2018-12-31": "", "2018-09-30": "", "2018-06-30": "", "2018-03-31": "", "2017-12-31": "", "2017-09-30": "", "2017-06-30": "", "2017-03-31": "", "2016-12-31": "", "2016-09-30": "", "2016-06-30": "", "2016-03-31": "", "2015-12-31": "", "2015-09-30": "", "2015-06-30": "", "2015-03-31": "", "2014-12-31": "", "2014-09-30": "", "2014-06-30": "", "2014-03-31": "", "2013-12-31": "", "2013-09-30": "", "2013-06-30": "", "2013-03-31": "", "2012-12-31": "", "2012-09-30": "", "2012-06-30": "", "2012-03-31": "", "2011-12-31": "", "2011-09-30": "", "2011-06-30": "", "2011-03-31": "", "2010-12-31": "", "2010-09-30": "", "2010-06-30": "", "2010-03-31": "", "2009-12-31": "", "2009-09-30": "", "2009-06-30": "", "2009-03-31": "", "2008-12-31": "", "2008-09-30": "", "2008-06-30": "", "2008-03-31": "", "2007-12-31": "", "2007-09-30": "", "2007-06-30": "", "2007-03-31": "", "2006-12-31": "", "2006-09-30": "", "2006-06-30": "", "2006-03-31": "", "2005-12-31": "", "2005-09-30": "", "2005-06-30": "", "2005-03-31": ""}, "Other Current Assets": {"2020-12-31": "", "2020-09-30": "37.80600", "2020-06-30": "31.28600", "2020-03-31": "28.76000", "2019-12-31": "29.91700", "2019-09-30": "29.31600", "2019-06-30": "29.45700", "2019-03-31": "27.29300", "2018-12-31": "32.50800", "2018-09-30": "25.81200", "2018-06-30": "36.75700", "2018-03-31": "42.96000", "2017-12-31": "34.24700", "2017-09-30": "20.88900", "2017-06-30": "22.91800", "2017-03-31": "20.73900", "2016-12-31": "31.02300", "2016-09-30": "20.11100", "2016-06-30": "24.97100", "2016-03-31": "20.99300", "2015-12-31": "29.07700", "2015-09-30": "19.79700", "2015-06-30": "12.27700", "2015-03-31": "9.17400", "2014-12-31": "19.37400", "2014-09-30": "8.97600", "2014-06-30": "10.74500", "2014-03-31": "10.37100", "2013-12-31": "14.63300", "2013-09-30": "8.31500", "2013-06-30": "7.56800", "2013-03-31": "7.02600", "2012-12-31": "7.62900", "2012-09-30": "6.12400", "2012-06-30": "6.69400", "2012-03-31": "4.13900", "2011-12-31": "5.88700", "2011-09-30": "3.30500", "2011-06-30": "3.61600", "2011-03-31": "2.41800", "2010-12-31": "7.95700", "2010-09-30": "2.63600", "2010-06-30": "3.53500", "2010-03-31": "3.87400", "2009-12-31": "3.71900", "2009-09-30": "4.53200", "2009-06-30": "5.04600", "2009-03-31": "5.84400", "2008-12-31": "6.36000", "2008-09-30": "5.62400", "2008-06-30": "4.21500", "2008-03-31": "2.74100", "2007-12-31": "7.03400", "2007-09-30": "3.26700", "2007-06-30": "2.03900", "2007-03-31": "2.14400", "2006-12-31": "2.01400", "2006-09-30": "1.53300", "2006-06-30": "1.64900", "2006-03-31": "1.84100", "2005-12-31": "1.79500", "2005-09-30": "1.11300", "2005-06-30": "1.67500", "2005-03-31": "2.07700"}, "Total Current Assets": {"2020-12-31": "1023.80100", "2020-09-30": "1061.18900", "2020-06-30": "1038.29200", "2020-03-31": "1048.77200", "2019-12-31": "791.46800", "2019-09-30": "772.62700", "2019-06-30": "798.89300", "2019-03-31": "733.50900", "2018-12-31": "723.21600", "2018-09-30": "730.76000", "2018-06-30": "709.28600", "2018-03-31": "716.23400", "2017-12-31": "643.33800", "2017-09-30": "642.39900", "2017-06-30": "579.70500", "2017-03-31": "556.64800", "2016-12-31": "503.36200", "2016-09-30": "498.24300", "2016-06-30": "518.22600", "2016-03-31": "495.84400", "2015-12-31": "509.01700", "2015-09-30": "519.88000", "2015-06-30": "535.14200", "2015-03-31": "905.30400", "2014-12-31": "839.53800", "2014-09-30": "844.51100", "2014-06-30": "859.46000", "2014-03-31": "835.36900", "2013-12-31": "792.59300", "2013-09-30": "794.77500", "2013-06-30": "810.57600", "2013-03-31": "803.49200", "2012-12-31": "776.99600", "2012-09-30": "776.00600", "2012-06-30": "793.92700", "2012-03-31": "632.05600", "2011-12-31": "582.97000", "2011-09-30": "565.19800", "2011-06-30": "417.13600", "2011-03-31": "380.52500", "2010-12-31": "252.40800", "2010-09-30": "253.66800", "2010-06-30": "243.29800", "2010-03-31": "222.14900", "2009-12-31": "188.99300", "2009-09-30": "197.04900", "2009-06-30": "220.80300", "2009-03-31": "234.78600", "2008-12-31": "260.59500", "2008-09-30": "278.61600", "2008-06-30": "293.49300", "2008-03-31": "274.25100", "2007-12-31": "248.83200", "2007-09-30": "256.35900", "2007-06-30": "270.31800", "2007-03-31": "259.18600", "2006-12-31": "238.98300", "2006-09-30": "237.34100", "2006-06-30": "242.45000", "2006-03-31": "238.43700", "2005-12-31": "213.89800", "2005-09-30": "209.19900", "2005-06-30": "216.19500", "2005-03-31": "214.71800"}, "Property, Plant, And Equipment": {"2020-12-31": "350.75000", "2020-09-30": "332.26800", "2020-06-30": "327.47600", "2020-03-31": "332.07800", "2019-12-31": "325.54600", "2019-09-30": "308.65600", "2019-06-30": "286.52100", "2019-03-31": "256.77600", "2018-12-31": "229.29500", "2018-09-30": "220.16400", "2018-06-30": "214.99700", "2018-03-31": "207.67600", "2017-12-31": "204.29800", "2017-09-30": "199.42800", "2017-06-30": "193.61000", "2017-03-31": "191.94800", "2016-12-31": "189.59600", "2016-09-30": "190.52300", "2016-06-30": "189.66900", "2016-03-31": "184.21100", "2015-12-31": "178.43700", "2015-09-30": "172.22500", "2015-06-30": "171.39900", "2015-03-31": "168.12100", "2014-12-31": "161.23000", "2014-09-30": "159.59500", "2014-06-30": "159.05300", "2014-03-31": "156.00600", "2013-12-31": "151.71700", "2013-09-30": "149.58600", "2013-06-30": "149.03000", "2013-03-31": "148.76700", "2012-12-31": "151.54400", "2012-09-30": "152.86600", "2012-06-30": "154.26900", "2012-03-31": "138.69700", "2011-12-31": "138.24800", "2011-09-30": "134.42500", "2011-06-30": "132.93800", "2011-03-31": "133.38900", "2010-12-31": "134.18500", "2010-09-30": "132.32400", "2010-06-30": "133.80700", "2010-03-31": "136.15000", "2009-12-31": "139.05300", "2009-09-30": "142.62500", "2009-06-30": "147.59400", "2009-03-31": "149.78700", "2008-12-31": "149.75400", "2008-09-30": "146.90300", "2008-06-30": "143.49200", "2008-03-31": "141.55500", "2007-12-31": "140.59400", "2007-09-30": "137.42500", "2007-06-30": "136.68200", "2007-03-31": "133.14000", "2006-12-31": "124.52400", "2006-09-30": "118.04900", "2006-06-30": "106.99100", "2006-03-31": "106.57100", "2005-12-31": "106.49800", "2005-09-30": "103.30900", "2005-06-30": "105.04100", "2005-03-31": "104.44200"}, "Long-Term Investments": {"2020-12-31": "", "2020-09-30": "", "2020-06-30": "", "2020-03-31": "", "2019-12-31": "", "2019-09-30": "", "2019-06-30": "", "2019-03-31": "", "2018-12-31": "", "2018-09-30": "", "2018-06-30": "", "2018-03-31": "", "2017-12-31": "", "2017-09-30": "", "2017-06-30": "", "2017-03-31": "", "2016-12-31": "", "2016-09-30": "", "2016-06-30": "", "2016-03-31": "", "2015-12-31": "", "2015-09-30": "", "2015-06-30": "", "2015-03-31": "", "2014-12-31": "", "2014-09-30": "", "2014-06-30": "", "2014-03-31": "", "2013-12-31": "", "2013-09-30": "", "2013-06-30": "", "2013-03-31": "", "2012-12-31": "", "2012-09-30": "", "2012-06-30": "", "2012-03-31": "", "2011-12-31": "", "2011-09-30": "", "2011-06-30": "", "2011-03-31": "", "2010-12-31": "", "2010-09-30": "", "2010-06-30": "", "2010-03-31": "", "2009-12-31": "", "2009-09-30": "", "2009-06-30": "", "2009-03-31": "", "2008-12-31": "", "2008-09-30": "", "2008-06-30": "", "2008-03-31": "", "2007-12-31": "", "2007-09-30": "", "2007-06-30": "", "2007-03-31": "", "2006-12-31": "", "2006-09-30": "", "2006-06-30": "", "2006-03-31": "", "2005-12-31": "", "2005-09-30": "", "2005-06-30": "", "2005-03-31": ""}, "Goodwill And Intangible Assets": {"2020-12-31": "508.27200", "2020-09-30": "503.00000", "2020-06-30": "501.00600", "2020-03-31": "464.91900", "2019-12-31": "470.28600", "2019-09-30": "462.94500", "2019-06-30": "459.83700", "2019-03-31": "461.74900", "2018-12-31": "460.15600", "2018-09-30": "468.77500", "2018-06-30": "468.54500", "2018-03-31": "484.91000", "2017-12-31": "461.84500", "2017-09-30": "453.96600", "2017-06-30": "456.98100", "2017-03-31": "452.17400", "2016-12-31": "438.18500", "2016-09-30": "645.54100", "2016-06-30": "656.59500", "2016-03-31": "668.27400", "2015-12-31": "622.47500", "2015-09-30": "631.18000", "2015-06-30": "647.76300", "2015-03-31": "636.11300", "2014-12-31": "468.85200", "2014-09-30": "374.94300", "2014-06-30": "389.43500", "2014-03-31": "393.85900", "2013-12-31": "337.90700", "2013-09-30": "325.25600", "2013-06-30": "319.73200", "2013-03-31": "320.66600", "2012-12-31": "333.00100", "2012-09-30": "326.58000", "2012-06-30": "323.95000", "2012-03-31": "108.99000", "2011-12-31": "111.51800", "2011-09-30": "114.04600", "2011-06-30": "116.65000", "2011-03-31": "117.20100", "2010-12-31": "120.07800", "2010-09-30": "123.01400", "2010-06-30": "125.96900", "2010-03-31": "128.92300", "2009-12-31": "131.91000", "2009-09-30": "134.75000", "2009-06-30": "138.14600", "2009-03-31": "141.13700", "2008-12-31": "143.97100", "2008-09-30": "140.72900", "2008-06-30": "140.27400", "2008-03-31": "142.90800", "2007-12-31": "109.09300", "2007-09-30": "111.33300", "2007-06-30": "113.36300", "2007-03-31": "115.36800", "2006-12-31": "117.49900", "2006-09-30": "118.40300", "2006-06-30": "90.03100", "2006-03-31": "90.54500", "2005-12-31": "91.49100", "2005-09-30": "86.22700", "2005-06-30": "87.26300", "2005-03-31": "89.45900"}, "Other Long-Term Assets": {"2020-12-31": "41.67000", "2020-09-30": "34.00800", "2020-06-30": "32.91000", "2020-03-31": "33.01200", "2019-12-31": "35.69200", "2019-09-30": "30.22900", "2019-06-30": "30.43500", "2019-03-31": "29.91900", "2018-12-31": "28.01900", "2018-09-30": "32.84400", "2018-06-30": "31.45000", "2018-03-31": "30.58700", "2017-12-31": "30.22000", "2017-09-30": "26.67400", "2017-06-30": "25.94400", "2017-03-31": "25.90500", "2016-12-31": "25.31300", "2016-09-30": "24.87600", "2016-06-30": "24.37000", "2016-03-31": "23.99500", "2015-12-31": "24.44700", "2015-09-30": "24.67900", "2015-06-30": "26.24700", "2015-03-31": "26.06200", "2014-12-31": "26.20700", "2014-09-30": "25.98200", "2014-06-30": "26.29700", "2014-03-31": "24.45200", "2013-12-31": "24.64500", "2013-09-30": "22.82700", "2013-06-30": "21.65700", "2013-03-31": "21.93000", "2012-12-31": "21.64300", "2012-09-30": "14.51500", "2012-06-30": "14.28200", "2012-03-31": "14.18900", "2011-12-31": "11.82100", "2011-09-30": "10.71000", "2011-06-30": "9.99500", "2011-03-31": "9.04000", "2010-12-31": "9.10700", "2010-09-30": "8.51600", "2010-06-30": "8.27300", "2010-03-31": "8.04700", "2009-12-31": "8.10600", "2009-09-30": "8.22300", "2009-06-30": "8.19600", "2009-03-31": "6.26200", "2008-12-31": "6.61100", "2008-09-30": "6.88400", "2008-06-30": "6.94000", "2008-03-31": "6.53800", "2007-12-31": "6.38200", "2007-09-30": "6.38200", "2007-06-30": "4.48500", "2007-03-31": "3.42000", "2006-12-31": "3.69400", "2006-09-30": "3.81000", "2006-06-30": "3.92000", "2006-03-31": "3.94400", "2005-12-31": "4.12700", "2005-09-30": "4.33000", "2005-06-30": "4.34900", "2005-03-31": "4.07000"}, "Total Long-Term Assets": {"2020-12-31": "964.32700", "2020-09-30": "932.80600", "2020-06-30": "924.16700", "2020-03-31": "898.56810", "2019-12-31": "900.74210", "2019-09-30": "864.79710", "2019-06-30": "841.65400", "2019-03-31": "815.53800", "2018-12-31": "749.52500", "2018-09-30": "754.74100", "2018-06-30": "763.67500", "2018-03-31": "775.29700", "2017-12-31": "747.27900", "2017-09-30": "761.82400", "2017-06-30": "762.07200", "2017-03-31": "757.20200", "2016-12-31": "739.74700", "2016-09-30": "922.95900", "2016-06-30": "932.66300", "2016-03-31": "935.15400", "2015-12-31": "882.33500", "2015-09-30": "867.51900", "2015-06-30": "883.76600", "2015-03-31": "862.50100", "2014-12-31": "705.24000", "2014-09-30": "583.30690", "2014-06-30": "597.41700", "2014-03-31": "595.20800", "2013-12-31": "534.63490", "2013-09-30": "537.12500", "2013-06-30": "529.92400", "2013-03-31": "529.76000", "2012-12-31": "544.73800", "2012-09-30": "523.96200", "2012-06-30": "525.79400", "2012-03-31": "293.63800", "2011-12-31": "291.33900", "2011-09-30": "274.41100", "2011-06-30": "275.13300", "2011-03-31": "274.89700", "2010-12-31": "278.06600", "2010-09-30": "273.47200", "2010-06-30": "279.82500", "2010-03-31": "283.13400", "2009-12-31": "287.44100", "2009-09-30": "300.02300", "2009-06-30": "313.71600", "2009-03-31": "316.52300", "2008-12-31": "319.25500", "2008-09-30": "328.78000", "2008-06-30": "323.97900", "2008-03-31": "323.49600", "2007-12-31": "287.89200", "2007-09-30": "284.40100", "2007-06-30": "283.03300", "2007-03-31": "279.63100", "2006-12-31": "272.62000", "2006-09-30": "271.21200", "2006-06-30": "231.20800", "2006-03-31": "231.08600", "2005-12-31": "231.73200", "2005-09-30": "222.96700", "2005-06-30": "225.25900", "2005-03-31": "225.97700"}, "Total Assets": {"2020-12-31": "1988.12800", "2020-09-30": "1993.99500", "2020-06-30": "1962.45900", "2020-03-31": "1947.34000", "2019-12-31": "1692.21000", "2019-09-30": "1637.42400", "2019-06-30": "1640.54700", "2019-03-31": "1549.04700", "2018-12-31": "1472.74100", "2018-09-30": "1485.50100", "2018-06-30": "1472.96100", "2018-03-31": "1491.53100", "2017-12-31": "1390.61700", "2017-09-30": "1404.22300", "2017-06-30": "1341.77700", "2017-03-31": "1313.85000", "2016-12-31": "1243.10900", "2016-09-30": "1421.20200", "2016-06-30": "1450.88900", "2016-03-31": "1430.99800", "2015-12-31": "1391.35200", "2015-09-30": "1387.39900", "2015-06-30": "1418.90800", "2015-03-31": "1767.80500", "2014-12-31": "1544.77800", "2014-09-30": "1427.81800", "2014-06-30": "1456.87700", "2014-03-31": "1430.57700", "2013-12-31": "1327.22800", "2013-09-30": "1331.90000", "2013-06-30": "1340.50000", "2013-03-31": "1333.25200", "2012-12-31": "1321.73400", "2012-09-30": "1299.96800", "2012-06-30": "1319.72100", "2012-03-31": "925.69400", "2011-12-31": "874.30900", "2011-09-30": "839.60900", "2011-06-30": "692.26900", "2011-03-31": "655.42200", "2010-12-31": "530.47400", "2010-09-30": "527.14000", "2010-06-30": "523.12300", "2010-03-31": "505.28300", "2009-12-31": "476.43400", "2009-09-30": "497.07200", "2009-06-30": "534.51900", "2009-03-31": "551.30900", "2008-12-31": "579.85000", "2008-09-30": "607.39600", "2008-06-30": "617.47200", "2008-03-31": "597.74700", "2007-12-31": "536.72400", "2007-09-30": "540.76000", "2007-06-30": "553.71100", "2007-03-31": "538.81700", "2006-12-31": "511.60300", "2006-09-30": "508.55300", "2006-06-30": "473.65800", "2006-03-31": "469.52300", "2005-12-31": "445.63000", "2005-09-30": "432.16600", "2005-06-30": "441.45400", "2005-03-31": "440.69500"}, "Total Current Liabilities": {"2020-12-31": "321.38900", "2020-09-30": "326.45300", "2020-06-30": "310.38000", "2020-03-31": "311.76300", "2019-12-31": "285.32200", "2019-09-30": "287.52700", "2019-06-30": "359.60200", "2019-03-31": "354.04400", "2018-12-31": "299.80300", "2018-09-30": "264.23400", "2018-06-30": "267.52500", "2018-03-31": "280.63000", "2017-12-31": "245.83800", "2017-09-30": "288.27100", "2017-06-30": "264.08900", "2017-03-31": "253.70700", "2016-12-31": "177.98500", "2016-09-30": "177.22200", "2016-06-30": "169.81600", "2016-03-31": "161.75700", "2015-12-31": "194.61600", "2015-09-30": "204.34700", "2015-06-30": "233.77200", "2015-03-31": "218.67700", "2014-12-31": "172.73700", "2014-09-30": "159.91300", "2014-06-30": "165.16600", "2014-03-31": "168.89300", "2013-12-31": "168.85300", "2013-09-30": "163.79200", "2013-06-30": "154.87100", "2013-03-31": "146.92200", "2012-12-31": "151.67100", "2012-09-30": "143.79800", "2012-06-30": "153.91900", "2012-03-31": "133.56000", "2011-12-31": "131.28200", "2011-09-30": "128.48300", "2011-06-30": "121.28600", "2011-03-31": "121.76300", "2010-12-31": "119.75400", "2010-09-30": "123.30900", "2010-06-30": "126.38100", "2010-03-31": "117.38800", "2009-12-31": "103.81500", "2009-09-30": "105.47400", "2009-06-30": "103.33500", "2009-03-31": "104.04500", "2008-12-31": "121.16000", "2008-09-30": "119.56500", "2008-06-30": "123.53100", "2008-03-31": "134.26500", "2007-12-31": "125.87700", "2007-09-30": "120.39800", "2007-06-30": "163.06500", "2007-03-31": "140.97200", "2006-12-31": "128.92900", "2006-09-30": "131.11000", "2006-06-30": "106.88600", "2006-03-31": "111.90700", "2005-12-31": "111.58100", "2005-09-30": "116.13600", "2005-06-30": "139.10400", "2005-03-31": "145.78400"}, "Long Term Debt": {"2020-12-31": "150.00000", "2020-09-30": "275.00000", "2020-06-30": "400.00000", "2020-03-31": "400.00000", "2019-12-31": "164.29800", "2019-09-30": "192.10100", "2019-06-30": "179.08100", "2019-03-31": "173.73800", "2018-12-31": "266.39100", "2018-09-30": "266.42400", "2018-06-30": "297.29500", "2018-03-31": "285.19500", "2017-12-31": "226.03500", "2017-09-30": "225.00000", "2017-06-30": "236.01500", "2017-03-31": "302.65500", "2016-12-31": "305.68500", "2016-09-30": "355.78000", "2016-06-30": "429.49500", "2016-03-31": "457.67000", "2015-12-31": "392.69500", "2015-09-30": "375.00000", "2015-06-30": "300.41000", "2015-03-31": "767.04000", "2014-12-31": "615.00000", "2014-09-30": "508.75000", "2014-06-30": "522.76000", "2014-03-31": "503.01000", "2013-12-31": "408.37000", "2013-09-30": "404.31500", "2013-06-30": "465.79000", "2013-03-31": "520.99000", "2012-12-31": "556.48000", "2012-09-30": "589.62000", "2012-06-30": "627.18000", "2012-03-31": "300.00000", "2011-12-31": "300.00000", "2011-09-30": "300.00000", "2011-06-30": "150.00000", "2011-03-31": "150.00000", "2010-12-31": "70.25500", "2010-09-30": "90.00000", "2010-06-30": "80.00000", "2010-03-31": "80.00000", "2009-12-31": "86.26000", "2009-09-30": "107.36400", "2009-06-30": "143.91500", "2009-03-31": "166.81100", "2008-12-31": "180.00000", "2008-09-30": "191.85500", "2008-06-30": "188.90000", "2008-03-31": "178.59500", "2007-12-31": "107.06000", "2007-09-30": "85.68000", "2007-06-30": "", "2007-03-31": "", "2006-12-31": "", "2006-09-30": "", "2006-06-30": "", "2006-03-31": "", "2005-12-31": "", "2005-09-30": "", "2005-06-30": "", "2005-03-31": ""}, "Other Non-Current Liabilities": {"2020-12-31": "8.60000", "2020-09-30": "8.60000", "2020-06-30": "8.60000", "2020-03-31": "", "2019-12-31": "", "2019-09-30": "", "2019-06-30": "", "2019-03-31": "", "2018-12-31": "4.70000", "2018-09-30": "4.50000", "2018-06-30": "4.40000", "2018-03-31": "5.48100", "2017-12-31": "6.01700", "2017-09-30": "8.30600", "2017-06-30": "8.59700", "2017-03-31": "8.69700", "2016-12-31": "8.69700", "2016-09-30": "8.63000", "2016-06-30": "8.73000", "2016-03-31": "8.73000", "2015-12-31": "8.73000", "2015-09-30": "11.48900", "2015-06-30": "11.47500", "2015-03-31": "6.37500", "2014-12-31": "", "2014-09-30": "", "2014-06-30": "", "2014-03-31": "", "2013-12-31": "", "2013-09-30": "", "2013-06-30": "", "2013-03-31": "", "2012-12-31": "", "2012-09-30": "", "2012-06-30": "", "2012-03-31": "", "2011-12-31": "", "2011-09-30": "", "2011-06-30": "", "2011-03-31": "", "2010-12-31": "", "2010-09-30": "", "2010-06-30": "3.00000", "2010-03-31": "3.00000", "2009-12-31": "3.00000", "2009-09-30": "2.80000", "2009-06-30": "2.70000", "2009-03-31": "2.55000", "2008-12-31": "2.40000", "2008-09-30": "1.80000", "2008-06-30": "1.65000", "2008-03-31": "1.65000", "2007-12-31": "5.40000", "2007-09-30": "5.20000", "2007-06-30": "6.10000", "2007-03-31": "5.80000", "2006-12-31": "", "2006-09-30": "", "2006-06-30": "", "2006-03-31": "", "2005-12-31": "", "2005-09-30": "", "2005-06-30": "", "2005-03-31": ""}, "Total Long Term Liabilities": {"2020-12-31": "382.83500", "2020-09-30": "501.60500", "2020-06-30": "625.11090", "2020-03-31": "616.91900", "2019-12-31": "381.95700", "2019-09-30": "366.10100", "2019-06-30": "354.98700", "2019-03-31": "350.56500", "2018-12-31": "421.06500", "2018-09-30": "424.70500", "2018-06-30": "493.63100", "2018-03-31": "483.72200", "2017-12-31": "421.71600", "2017-09-30": "395.96300", "2017-06-30": "426.12600", "2017-03-31": "493.13200", "2016-12-31": "491.30400", "2016-09-30": "532.21500", "2016-06-30": "604.94100", "2016-03-31": "632.33300", "2015-12-31": "561.18490", "2015-09-30": "546.56000", "2015-06-30": "472.78100", "2015-03-31": "932.19200", "2014-12-31": "776.00900", "2014-09-30": "621.86400", "2014-06-30": "638.39900", "2014-03-31": "619.03000", "2013-12-31": "524.01000", "2013-09-30": "566.81400", "2013-06-30": "625.51200", "2013-03-31": "679.41200", "2012-12-31": "715.94900", "2012-09-30": "728.68900", "2012-06-30": "774.41400", "2012-03-31": "421.11200", "2011-12-31": "420.28700", "2011-09-30": "377.56400", "2011-06-30": "228.24600", "2011-03-31": "227.43700", "2010-12-31": "146.60600", "2010-09-30": "155.97700", "2010-06-30": "157.65100", "2010-03-31": "157.39100", "2009-12-31": "162.96500", "2009-09-30": "207.24100", "2009-06-30": "257.74000", "2009-03-31": "278.85700", "2008-12-31": "291.05600", "2008-09-30": "253.34000", "2008-06-30": "250.63800", "2008-03-31": "240.29300", "2007-12-31": "166.17300", "2007-09-30": "140.51500", "2007-06-30": "55.77400", "2007-03-31": "56.12800", "2006-12-31": "51.67000", "2006-09-30": "52.19300", "2006-06-30": "47.72000", "2006-03-31": "46.96400", "2005-12-31": "46.36500", "2005-09-30": "43.93800", "2005-06-30": "43.61200", "2005-03-31": "44.09100"}, "Total Liabilities": {"2020-12-31": "704.22400", "2020-09-30": "828.05800", "2020-06-30": "935.49100", "2020-03-31": "928.68200", "2019-12-31": "667.27900", "2019-09-30": "653.62800", "2019-06-30": "714.58900", "2019-03-31": "704.60900", "2018-12-31": "720.86800", "2018-09-30": "688.93900", "2018-06-30": "761.15600", "2018-03-31": "764.35200", "2017-12-31": "667.55400", "2017-09-30": "684.23400", "2017-06-30": "690.21500", "2017-03-31": "746.83900", "2016-12-31": "669.28900", "2016-09-30": "709.43700", "2016-06-30": "774.75700", "2016-03-31": "794.09000", "2015-12-31": "755.80100", "2015-09-30": "750.90700", "2015-06-30": "706.55300", "2015-03-31": "1150.86900", "2014-12-31": "948.74600", "2014-09-30": "781.77700", "2014-06-30": "803.56500", "2014-03-31": "787.92300", "2013-12-31": "692.86300", "2013-09-30": "730.60600", "2013-06-30": "780.38300", "2013-03-31": "826.33400", "2012-12-31": "867.62000", "2012-09-30": "872.48700", "2012-06-30": "928.33300", "2012-03-31": "554.67200", "2011-12-31": "551.56900", "2011-09-30": "506.04700", "2011-06-30": "349.53200", "2011-03-31": "349.20000", "2010-12-31": "266.36000", "2010-09-30": "279.28600", "2010-06-30": "284.03200", "2010-03-31": "274.77900", "2009-12-31": "266.78000", "2009-09-30": "312.71500", "2009-06-30": "361.07500", "2009-03-31": "382.90200", "2008-12-31": "412.21600", "2008-09-30": "372.90500", "2008-06-30": "374.16900", "2008-03-31": "374.55800", "2007-12-31": "292.05000", "2007-09-30": "260.91300", "2007-06-30": "218.83900", "2007-03-31": "197.10000", "2006-12-31": "180.59900", "2006-09-30": "183.30300", "2006-06-30": "154.60600", "2006-03-31": "158.87100", "2005-12-31": "157.94600", "2005-09-30": "160.07400", "2005-06-30": "182.71600", "2005-03-31": "189.87500"}, "Common Stock Net": {"2020-12-31": "168.56800", "2020-09-30": "167.44400", "2020-06-30": "166.69300", "2020-03-31": "166.84000", "2019-12-31": "167.28700", "2019-09-30": "166.85800", "2019-06-30": "166.79200", "2019-03-31": "166.36400", "2018-12-31": "165.17100", "2018-09-30": "167.40900", "2018-06-30": "167.13000", "2018-03-31": "168.03300", "2017-12-31": "169.31900", "2017-09-30": "56.11500", "2017-06-30": "55.99100", "2017-03-31": "55.53800", "2016-12-31": "55.83400", "2016-09-30": "55.70600", "2016-06-30": "55.67300", "2016-03-31": "55.56600", "2015-12-31": "55.76600", "2015-09-30": "56.23800", "2015-06-30": "57.81700", "2015-03-31": "58.80600", "2014-12-31": "59.19900", "2014-09-30": "59.67200", "2014-06-30": "60.18100", "2014-03-31": "60.73800", "2013-12-31": "61.00300", "2013-09-30": "61.28000", "2013-06-30": "61.39000", "2013-03-31": "61.25300", "2012-12-31": "60.76700", "2012-09-30": "60.66900", "2012-06-30": "60.51400", "2012-03-31": "60.40800", "2011-12-31": "59.74700", "2011-09-30": "59.81100", "2011-06-30": "60.81600", "2011-03-31": "60.62500", "2010-12-31": "60.04800", "2010-09-30": "59.86800", "2010-06-30": "60.31400", "2010-03-31": "60.59200", "2009-12-31": "59.99900", "2009-09-30": "59.96500", "2009-06-30": "59.91000", "2009-03-31": "59.88400", "2008-12-31": "59.51600", "2008-09-30": "59.52200", "2008-06-30": "60.37300", "2008-03-31": "60.69200", "2007-12-31": "61.96400", "2007-09-30": "63.48500", "2007-06-30": "65.63300", "2007-03-31": "66.53600", "2006-12-31": "66.80500", "2006-09-30": "67.23600", "2006-06-30": "67.83700", "2006-03-31": "68.40800", "2005-12-31": "68.38700", "2005-09-30": "68.51000", "2005-06-30": "68.69800", "2005-03-31": "69.17800"}, "Retained Earnings (Accumulated Deficit)": {"2020-12-31": "568.29500", "2020-09-30": "485.20900", "2020-06-30": "400.15400", "2020-03-31": "411.45000", "2019-12-31": "448.99100", "2019-09-30": "397.31700", "2019-06-30": "342.30800", "2019-03-31": "281.03800", "2018-12-31": "220.73400", "2018-09-30": "255.89900", "2018-06-30": "185.40700", "2018-03-31": "176.52400", "2017-12-31": "181.59900", "2017-09-30": "280.35500", "2017-06-30": "224.82200", "2017-03-31": "164.97000", "2016-12-31": "206.82000", "2016-09-30": "333.27800", "2016-06-30": "297.49500", "2016-03-31": "264.90100", "2015-12-31": "285.50800", "2015-09-30": "284.61300", "2015-06-30": "343.66600", "2015-03-31": "262.08800", "2014-12-31": "252.86500", "2014-09-30": "270.45000", "2014-06-30": "271.06000", "2014-03-31": "263.53100", "2013-12-31": "272.65300", "2013-09-30": "282.25400", "2013-06-30": "261.94400", "2013-03-31": "226.20900", "2012-12-31": "189.29700", "2012-09-30": "162.88000", "2012-06-30": "139.72400", "2012-03-31": "119.10400", "2011-12-31": "97.46700", "2011-09-30": "84.64800", "2011-06-30": "94.30500", "2011-03-31": "69.06600", "2010-12-31": "44.43600", "2010-09-30": "30.03500", "2010-06-30": "23.89200", "2010-03-31": "19.61800", "2009-12-31": "11.12100", "2009-09-30": "5.90000", "2009-06-30": "-0.03000", "2009-03-31": "-0.10300", "2008-12-31": "8.44500", "2008-09-30": "10.11100", "2008-06-30": "17.92100", "2008-03-31": "4.79200", "2007-12-31": "32.98600", "2007-09-30": "65.81300", "2007-06-30": "119.98200", "2007-03-31": "139.64500", "2006-12-31": "138.70200", "2006-09-30": "131.76700", "2006-06-30": "126.38400", "2006-03-31": "121.75000", "2005-12-31": "112.50600", "2005-09-30": "96.69300", "2005-06-30": "84.19400", "2005-03-31": "74.27600"}, "Comprehensive Income": {"2020-12-31": "-124.16500", "2020-09-30": "-130.91500", "2020-06-30": "-163.68200", "2020-03-31": "-172.33000", "2019-12-31": "-169.78700", "2019-09-30": "-143.94500", "2019-06-30": "-139.31200", "2019-03-31": "-142.03100", "2018-12-31": "-144.85700", "2018-09-30": "-140.38900", "2018-06-30": "-146.07400", "2018-03-31": "-133.07100", "2017-12-31": "-127.78900", "2017-09-30": "-120.55300", "2017-06-30": "-122.58000", "2017-03-31": "-134.67600", "2016-12-31": "-142.22800", "2016-09-30": "-118.04200", "2016-06-30": "-112.48800", "2016-03-31": "-105.99500", "2015-12-31": "-104.49700", "2015-09-30": "-100.49900", "2015-06-30": "-88.62700", "2015-03-31": "-102.21100", "2014-12-31": "-100.73600", "2014-09-30": "-58.70900", "2014-06-30": "-46.79400", "2014-03-31": "-45.67500", "2013-12-31": "-46.34900", "2013-09-30": "-76.19900", "2013-06-30": "-86.53400", "2013-03-31": "-90.65400", "2012-12-31": "-83.74500", "2012-09-30": "-77.89000", "2012-06-30": "-82.86100", "2012-03-31": "-74.98500", "2011-12-31": "-76.48100", "2011-09-30": "-49.43400", "2011-06-30": "-50.40000", "2011-03-31": "-51.29200", "2010-12-31": "-52.44300", "2010-09-30": "-47.40200", "2010-06-30": "-48.83100", "2010-03-31": "-50.35900", "2009-12-31": "-51.72700", "2009-09-30": "-69.35400", "2009-06-30": "-71.07800", "2009-03-31": "-72.83400", "2008-12-31": "-74.48800", "2008-09-30": "-7.24900", "2008-06-30": "-6.87700", "2008-03-31": "-8.37500", "2007-12-31": "-6.69600", "2007-09-30": "-4.85700", "2007-06-30": "-4.98300", "2007-03-31": "-5.07300", "2006-12-31": "-5.12400", "2006-09-30": "", "2006-06-30": "", "2006-03-31": "", "2005-12-31": "-1.29800", "2005-09-30": "", "2005-06-30": "", "2005-03-31": ""}, "Other Share Holders Equity": {"2020-12-31": "", "2020-09-30": "", "2020-06-30": "", "2020-03-31": "", "2019-12-31": "", "2019-09-30": "", "2019-06-30": "", "2019-03-31": "", "2018-12-31": "", "2018-09-30": "", "2018-06-30": "", "2018-03-31": "", "2017-12-31": "", "2017-09-30": "", "2017-06-30": "", "2017-03-31": "", "2016-12-31": "", "2016-09-30": "", "2016-06-30": "", "2016-03-31": "", "2015-12-31": "", "2015-09-30": "", "2015-06-30": "", "2015-03-31": "", "2014-12-31": "", "2014-09-30": "", "2014-06-30": "", "2014-03-31": "", "2013-12-31": "", "2013-09-30": "", "2013-06-30": "", "2013-03-31": "", "2012-12-31": "", "2012-09-30": "", "2012-06-30": "", "2012-03-31": "", "2011-12-31": "", "2011-09-30": "", "2011-06-30": "", "2011-03-31": "", "2010-12-31": "", "2010-09-30": "", "2010-06-30": "", "2010-03-31": "", "2009-12-31": "", "2009-09-30": "", "2009-06-30": "", "2009-03-31": "", "2008-12-31": "", "2008-09-30": "", "2008-06-30": "", "2008-03-31": "", "2007-12-31": "", "2007-09-30": "", "2007-06-30": "0.05400", "2007-03-31": "-0.06700", "2006-12-31": "", "2006-09-30": "-2.33400", "2006-06-30": "-2.36700", "2006-03-31": "-3.55500", "2005-12-31": "-2.75300", "2005-09-30": "-2.83100", "2005-06-30": "-2.72800", "2005-03-31": "-1.11700"}, "Share Holder Equity": {"2020-12-31": "1283.90400", "2020-09-30": "1165.93700", "2020-06-30": "1026.96800", "2020-03-31": "1018.65800", "2019-12-31": "1024.93100", "2019-09-30": "983.79600", "2019-06-30": "925.95800", "2019-03-31": "844.43800", "2018-12-31": "751.87300", "2018-09-30": "796.56200", "2018-06-30": "711.80500", "2018-03-31": "727.17900", "2017-12-31": "723.06300", "2017-09-30": "719.98900", "2017-06-30": "651.56200", "2017-03-31": "567.01100", "2016-12-31": "573.82000", "2016-09-30": "711.76500", "2016-06-30": "676.13200", "2016-03-31": "636.90800", "2015-12-31": "635.55100", "2015-09-30": "636.49200", "2015-06-30": "712.35500", "2015-03-31": "616.93600", "2014-12-31": "596.03200", "2014-09-30": "646.04100", "2014-06-30": "653.31200", "2014-03-31": "642.65400", "2013-12-31": "634.36500", "2013-09-30": "601.29400", "2013-06-30": "560.11700", "2013-03-31": "506.91800", "2012-12-31": "454.11400", "2012-09-30": "427.48100", "2012-06-30": "391.38800", "2012-03-31": "371.02200", "2011-12-31": "322.74000", "2011-09-30": "333.56200", "2011-06-30": "342.73700", "2011-03-31": "306.22200", "2010-12-31": "264.11400", "2010-09-30": "247.85400", "2010-06-30": "239.09100", "2010-03-31": "230.50400", "2009-12-31": "209.65400", "2009-09-30": "184.35700", "2009-06-30": "173.44400", "2009-03-31": "168.40700", "2008-12-31": "167.63400", "2008-09-30": "234.49100", "2008-06-30": "243.30300", "2008-03-31": "223.18900", "2007-12-31": "244.67400", "2007-09-30": "279.84700", "2007-06-30": "334.87200", "2007-03-31": "341.71700", "2006-12-31": "331.00400", "2006-09-30": "325.25000", "2006-06-30": "319.05200", "2006-03-31": "310.65200", "2005-12-31": "287.68400", "2005-09-30": "272.09200", "2005-06-30": "258.73800", "2005-03-31": "250.82000"}, "Total Liabilities And Share Holders Equity": {"2020-12-31": "1988.12800", "2020-09-30": "1993.99500", "2020-06-30": "1962.45900", "2020-03-31": "1947.34000", "2019-12-31": "1692.21000", "2019-09-30": "1637.42400", "2019-06-30": "1640.54700", "2019-03-31": "1549.04700", "2018-12-31": "1472.74100", "2018-09-30": "1485.50100", "2018-06-30": "1472.96100", "2018-03-31": "1491.53100", "2017-12-31": "1390.61700", "2017-09-30": "1404.22300", "2017-06-30": "1341.77700", "2017-03-31": "1313.85000", "2016-12-31": "1243.10900", "2016-09-30": "1421.20200", "2016-06-30": "1450.88900", "2016-03-31": "1430.99800", "2015-12-31": "1391.35200", "2015-09-30": "1387.39900", "2015-06-30": "1418.90800", "2015-03-31": "1767.80500", "2014-12-31": "1544.77800", "2014-09-30": "1427.81800", "2014-06-30": "1456.87700", "2014-03-31": "1430.57700", "2013-12-31": "1327.22800", "2013-09-30": "1331.90000", "2013-06-30": "1340.50000", "2013-03-31": "1333.25200", "2012-12-31": "1321.73400", "2012-09-30": "1299.96800", "2012-06-30": "1319.72100", "2012-03-31": "925.69400", "2011-12-31": "874.30900", "2011-09-30": "839.60900", "2011-06-30": "692.26900", "2011-03-31": "655.42200", "2010-12-31": "530.47400", "2010-09-30": "527.14000", "2010-06-30": "523.12300", "2010-03-31": "505.28300", "2009-12-31": "476.43400", "2009-09-30": "497.07200", "2009-06-30": "534.51900", "2009-03-31": "551.30900", "2008-12-31": "579.85000", "2008-09-30": "607.39600", "2008-06-30": "617.47200", "2008-03-31": "597.74700", "2007-12-31": "536.72400", "2007-09-30": "540.76000", "2007-06-30": "553.71100", "2007-03-31": "538.81700", "2006-12-31": "511.60300", "2006-09-30": "508.55300", "2006-06-30": "473.65800", "2006-03-31": "469.52300", "2005-12-31": "445.63000", "2005-09-30": "432.16600", "2005-06-30": "441.45400", "2005-03-31": "440.69500"}}, "cash flow statement": {"Net Income/Loss": {"2020-12-31": "330.45600", "2019-12-31": "343.85300", "2018-12-31": "341.05400", "2017-12-31": "252.41200", "2016-12-31": "40.67400", "2015-12-31": "345.71300", "2014-12-31": "225.57300", "2013-12-31": "210.82200", "2012-12-31": "149.12600", "2011-12-31": "142.32800", "2010-12-31": "102.84000", "2009-12-31": "48.96700", "2008-12-31": "120.87900", "2007-12-31": "152.83600", "2006-12-31": "149.76600", "2005-12-31": "125.85400"}, "Total Depreciation And Amortization - Cash Flow": {"2020-12-31": "55.32900", "2019-12-31": "48.91100", "2018-12-31": "47.75400", "2017-12-31": "45.58300", "2016-12-31": "48.29000", "2015-12-31": "44.60700", "2014-12-31": "35.51500", "2013-12-31": "37.31600", "2012-12-31": "38.76200", "2011-12-31": "32.48300", "2010-12-31": "33.97300", "2009-12-31": "35.14000", "2008-12-31": "35.49500", "2007-12-31": "28.66500", "2006-12-31": "26.04600", "2005-12-31": "23.49600"}, "Other Non-Cash Items": {"2020-12-31": "71.12900", "2019-12-31": "20.25800", "2018-12-31": "40.97000", "2017-12-31": "58.09800", "2016-12-31": "177.59300", "2015-12-31": "-142.25500", "2014-12-31": "10.94400", "2013-12-31": "6.48300", "2012-12-31": "-2.59400", "2011-12-31": "6.98500", "2010-12-31": "3.78800", "2009-12-31": "8.92500", "2008-12-31": "6.01800", "2007-12-31": "2.48500", "2006-12-31": "-1.06200", "2005-12-31": "1.26000"}, "Total Non-Cash Items": {"2020-12-31": "126.45800", "2019-12-31": "69.16900", "2018-12-31": "88.72400", "2017-12-31": "103.68100", "2016-12-31": "225.88300", "2015-12-31": "-97.64800", "2014-12-31": "46.45900", "2013-12-31": "43.79900", "2012-12-31": "36.16800", "2011-12-31": "39.46800", "2010-12-31": "37.76100", "2009-12-31": "44.06500", "2008-12-31": "41.51300", "2007-12-31": "31.15000", "2006-12-31": "24.98400", "2005-12-31": "24.75600"}, "Change In Accounts Receivable": {"2020-12-31": "-43.12200", "2019-12-31": "8.93400", "2018-12-31": "-12.40200", "2017-12-31": "-37.66900", "2016-12-31": "4.50600", "2015-12-31": "-18.27600", "2014-12-31": "-26.55700", "2013-12-31": "-11.88000", "2012-12-31": "-2.75200", "2011-12-31": "-26.76700", "2010-12-31": "-23.28500", "2009-12-31": "28.42000", "2008-12-31": "14.96500", "2007-12-31": "-1.84400", "2006-12-31": "-3.58400", "2005-12-31": "-9.10100"}, "Change In Inventories": {"2020-12-31": "-13.08600", "2019-12-31": "12.43500", "2018-12-31": "-30.71900", "2017-12-31": "-32.01100", "2016-12-31": "-0.69300", "2015-12-31": "-34.10900", "2014-12-31": "-15.07900", "2013-12-31": "-10.18600", "2012-12-31": "5.94100", "2011-12-31": "-13.44000", "2010-12-31": "-32.99700", "2009-12-31": "32.66300", "2008-12-31": "-9.93700", "2007-12-31": "2.04500", "2006-12-31": "-15.58700", "2005-12-31": "4.52400"}, "Change In Accounts Payable": {"2020-12-31": "6.82000", "2019-12-31": "-0.53900", "2018-12-31": "-1.97600", "2017-12-31": "4.58800", "2016-12-31": "0.55300", "2015-12-31": "4.30500", "2014-12-31": "0.45000", "2013-12-31": "2.43600", "2012-12-31": "-0.95200", "2011-12-31": "5.97400", "2010-12-31": "1.67000", "2009-12-31": "-0.70100", "2008-12-31": "-6.80600", "2007-12-31": "-2.31400", "2006-12-31": "-0.07400", "2005-12-31": "0.70100"}, "Change In Assets/Liabilities": {"2020-12-31": "-7.09700", "2019-12-31": "10.46100", "2018-12-31": "-26.54900", "2017-12-31": "0.11100", "2016-12-31": "8.59400", "2015-12-31": "-8.83100", "2014-12-31": "2.73800", "2013-12-31": "0.48600", "2012-12-31": "3.11400", "2011-12-31": "9.80200", "2010-12-31": "-5.30100", "2009-12-31": "-1.15100", "2008-12-31": "-0.62500", "2007-12-31": "-2.91500", "2006-12-31": "0.50900", "2005-12-31": "3.06200"}, "Total Change In Assets/Liabilities": {"2020-12-31": "-62.87900", "2019-12-31": "5.71200", "2018-12-31": "-61.79300", "2017-12-31": "-18.22900", "2016-12-31": "9.44900", "2015-12-31": "-56.65100", "2014-12-31": "-30.77700", "2013-12-31": "-11.56600", "2012-12-31": "4.38800", "2011-12-31": "-19.75200", "2010-12-31": "-39.47800", "2009-12-31": "53.50000", "2008-12-31": "0.08600", "2007-12-31": "-6.88900", "2006-12-31": "-19.12100", "2005-12-31": "2.61400"}, "Cash Flow From Operating Activities": {"2020-12-31": "394.03500", "2019-12-31": "418.73400", "2018-12-31": "367.98500", "2017-12-31": "337.86400", "2016-12-31": "276.00600", "2015-12-31": "191.41400", "2014-12-31": "241.25500", "2013-12-31": "243.05500", "2012-12-31": "189.68200", "2011-12-31": "162.04400", "2010-12-31": "101.12300", "2009-12-31": "146.53200", "2008-12-31": "162.47800", "2007-12-31": "177.09700", "2006-12-31": "155.62900", "2005-12-31": "153.22400"}, "Net Change In Property, Plant, And Equipment": {"2020-12-31": "-71.33800", "2019-12-31": "-127.95300", "2018-12-31": "-53.85400", "2017-12-31": "-40.19400", "2016-12-31": "-42.11300", "2015-12-31": "568.41300", "2014-12-31": "-30.63600", "2013-12-31": "-21.71900", "2012-12-31": "-18.23400", "2011-12-31": "-23.85400", "2010-12-31": "-16.62000", "2009-12-31": "-11.29500", "2008-12-31": "-28.66100", "2007-12-31": "-36.65800", "2006-12-31": "-33.72600", "2005-12-31": "-20.46700"}, "Net Change In Intangible Assets": {"2020-12-31": "", "2019-12-31": "", "2018-12-31": "", "2017-12-31": "", "2016-12-31": "", "2015-12-31": "", "2014-12-31": "", "2013-12-31": "", "2012-12-31": "", "2011-12-31": "", "2010-12-31": "", "2009-12-31": "", "2008-12-31": "", "2007-12-31": "", "2006-12-31": "", "2005-12-31": ""}, "Net Acquisitions/Divestitures": {"2020-12-31": "-27.55700", "2019-12-31": "-26.57700", "2018-12-31": "-10.76900", "2017-12-31": "-27.90500", "2016-12-31": "-48.94600", "2015-12-31": "-189.01700", "2014-12-31": "-185.46200", "2013-12-31": "-11.56000", "2012-12-31": "-240.06800", "2011-12-31": "-2.13900", "2010-12-31": "", "2009-12-31": "", "2008-12-31": "-55.18600", "2007-12-31": "", "2006-12-31": "-30.67600", "2005-12-31": "-111.00500"}, "Net Change In Short-term Investments": {"2020-12-31": "", "2019-12-31": "", "2018-12-31": "", "2017-12-31": "", "2016-12-31": "", "2015-12-31": "", "2014-12-31": "0.53000", "2013-12-31": "4.51600", "2012-12-31": "-426.81300", "2011-12-31": "", "2010-12-31": "", "2009-12-31": "", "2008-12-31": "", "2007-12-31": "", "2006-12-31": "", "2005-12-31": ""}, "Net Change In Long-Term Investments": {"2020-12-31": "", "2019-12-31": "", "2018-12-31": "", "2017-12-31": "", "2016-12-31": "", "2015-12-31": "", "2014-12-31": "", "2013-12-31": "", "2012-12-31": "", "2011-12-31": "", "2010-12-31": "", "2009-12-31": "-1.49900", "2008-12-31": "-1.49900", "2007-12-31": "-1.49900", "2006-12-31": "", "2005-12-31": ""}, "Net Change In Investments - Total": {"2020-12-31": "", "2019-12-31": "", "2018-12-31": "", "2017-12-31": "", "2016-12-31": "", "2015-12-31": "", "2014-12-31": "0.53000", "2013-12-31": "4.51600", "2012-12-31": "-426.81300", "2011-12-31": "", "2010-12-31": "", "2009-12-31": "-1.49900", "2008-12-31": "-1.49900", "2007-12-31": "-1.49900", "2006-12-31": "", "2005-12-31": ""}, "Investing Activities - Other": {"2020-12-31": "-0.14300", "2019-12-31": "-0.93900", "2018-12-31": "-1.62400", "2017-12-31": "-0.34800", "2016-12-31": "-0.16400", "2015-12-31": "-9.45700", "2014-12-31": "-1.16300", "2013-12-31": "-2.47500", "2012-12-31": "-9.40500", "2011-12-31": "-2.00400", "2010-12-31": "-2.14900", "2009-12-31": "", "2008-12-31": "", "2007-12-31": "", "2006-12-31": "", "2005-12-31": ""}, "Cash Flow From Investing Activities": {"2020-12-31": "-99.03800", "2019-12-31": "-155.46900", "2018-12-31": "-66.24700", "2017-12-31": "-68.44700", "2016-12-31": "-91.22300", "2015-12-31": "369.93900", "2014-12-31": "-216.73100", "2013-12-31": "-31.23800", "2012-12-31": "-694.52000", "2011-12-31": "-27.99700", "2010-12-31": "-18.76900", "2009-12-31": "-12.79400", "2008-12-31": "-85.34600", "2007-12-31": "-38.15700", "2006-12-31": "-64.40200", "2005-12-31": "-131.47200"}, "Net Long-Term Debt": {"2020-12-31": "", "2019-12-31": "-101.76800", "2018-12-31": "37.53400", "2017-12-31": "-79.65000", "2016-12-31": "-87.01000", "2015-12-31": "-222.30500", "2014-12-31": "206.63000", "2013-12-31": "-148.21700", "2012-12-31": "256.48000", "2011-12-31": "229.74500", "2010-12-31": "-16.00500", "2009-12-31": "-93.74000", "2008-12-31": "72.94000", "2007-12-31": "158.35100", "2006-12-31": "", "2005-12-31": ""}, "Net Current Debt": {"2020-12-31": "-1.98600", "2019-12-31": "-3.34100", "2018-12-31": "4.93100", "2017-12-31": "-3.02600", "2016-12-31": "-5.99500", "2015-12-31": "11.21600", "2014-12-31": "-4.45900", "2013-12-31": "1.28000", "2012-12-31": "-0.61900", "2011-12-31": "0.49700", "2010-12-31": "-3.20500", "2009-12-31": "-6.38500", "2008-12-31": "-1.32900", "2007-12-31": "-51.60700", "2006-12-31": "9.59300", "2005-12-31": "2.49800"}, "Debt Issuance/Retirement Net - Total": {"2020-12-31": "-1.98600", "2019-12-31": "-105.10900", "2018-12-31": "42.46500", "2017-12-31": "-82.67600", "2016-12-31": "-93.00500", "2015-12-31": "-211.08900", "2014-12-31": "202.17100", "2013-12-31": "-146.93700", "2012-12-31": "255.86100", "2011-12-31": "230.24200", "2010-12-31": "-19.21000", "2009-12-31": "-100.12500", "2008-12-31": "71.61100", "2007-12-31": "106.74400", "2006-12-31": "9.59300", "2005-12-31": "2.49800"}, "Net Common Equity Issued/Repurchased": {"2020-12-31": "-18.70500", "2019-12-31": "38.76800", "2018-12-31": "-220.18000", "2017-12-31": "-29.47500", "2016-12-31": "-14.70100", "2015-12-31": "-254.33800", "2014-12-31": "-165.12700", "2013-12-31": "-26.16300", "2012-12-31": "28.81600", "2011-12-31": "-21.01900", "2010-12-31": "-11.42400", "2009-12-31": "6.38400", "2008-12-31": "-101.13500", "2007-12-31": "-206.35700", "2006-12-31": "-75.56200", "2005-12-31": "-31.81600"}, "Net Total Equity Issued/Repurchased": {"2020-12-31": "-18.70500", "2019-12-31": "38.76800", "2018-12-31": "-220.18000", "2017-12-31": "-29.47500", "2016-12-31": "-14.70100", "2015-12-31": "-254.33800", "2014-12-31": "-165.12700", "2013-12-31": "-26.16300", "2012-12-31": "28.81600", "2011-12-31": "-21.01900", "2010-12-31": "-11.42400", "2009-12-31": "6.38400", "2008-12-31": "-101.13500", "2007-12-31": "-206.35700", "2006-12-31": "-75.56200", "2005-12-31": "-31.81600"}, "Total Common And Preferred Stock Dividends Paid": {"2020-12-31": "-116.98300", "2019-12-31": "-106.44300", "2018-12-31": "-88.84500", "2017-12-31": "-80.47700", "2016-12-31": "-73.43400", "2015-12-31": "-69.42900", "2014-12-31": "-66.36200", "2013-12-31": "-61.13900", "2012-12-31": "-54.30200", "2011-12-31": "-50.64600", "2010-12-31": "-48.14600", "2009-12-31": "-45.44400", "2008-12-31": "-44.70200", "2007-12-31": "-43.18800", "2006-12-31": "-39.42900", "2005-12-31": "-35.80500"}, "Financial Activities - Other": {"2020-12-31": "-1.79700", "2019-12-31": "-1.26800", "2018-12-31": "-16.15100", "2017-12-31": "-24.44800", "2016-12-31": "-4.02500", "2015-12-31": "-1.33000", "2014-12-31": "5.74400", "2013-12-31": "8.34700", "2012-12-31": "2.29600", "2011-12-31": "1.06400", "2010-12-31": "1.98800", "2009-12-31": "0.37500", "2008-12-31": "2.87300", "2007-12-31": "4.50800", "2006-12-31": "2.85700", "2005-12-31": ""}, "Cash Flow From Financial Activities": {"2020-12-31": "-139.47100", "2019-12-31": "-174.05200", "2018-12-31": "-282.71100", "2017-12-31": "-217.07600", "2016-12-31": "-185.16500", "2015-12-31": "-536.18600", "2014-12-31": "-23.57400", "2013-12-31": "-225.89200", "2012-12-31": "232.67100", "2011-12-31": "159.64100", "2010-12-31": "-76.79200", "2009-12-31": "-138.81000", "2008-12-31": "-71.35300", "2007-12-31": "-138.29300", "2006-12-31": "-102.54100", "2005-12-31": "-65.12300"}, "Net Cash Flow": {"2020-12-31": "157.93600", "2019-12-31": "88.85500", "2018-12-31": "19.21400", "2017-12-31": "51.30900", "2016-12-31": "-0.21800", "2015-12-31": "28.63900", "2014-12-31": "3.90000", "2013-12-31": "-11.36400", "2012-12-31": "-272.03000", "2011-12-31": "293.55900", "2010-12-31": "4.17900", "2009-12-31": "-6.70700", "2008-12-31": "7.19700", "2007-12-31": "-0.94900", "2006-12-31": "-12.79300", "2005-12-31": "-41.89000"}, "Stock-Based Compensation": {"2020-12-31": "25.15300", "2019-12-31": "26.66900", "2018-12-31": "25.56500", "2017-12-31": "23.65200", "2016-12-31": "21.13400", "2015-12-31": "19.22400", "2014-12-31": "17.24900", "2013-12-31": "16.54500", "2012-12-31": "12.40900", "2011-12-31": "10.99400", "2010-12-31": "10.02400", "2009-12-31": "9.36900", "2008-12-31": "9.05100", "2007-12-31": "8.58300", "2006-12-31": "8.39200", "2005-12-31": ""}, "Common Stock Dividends Paid": {"2020-12-31": "-116.98300", "2019-12-31": "-106.44300", "2018-12-31": "-88.84500", "2017-12-31": "-80.47700", "2016-12-31": "-73.43400", "2015-12-31": "-69.42900", "2014-12-31": "-66.36200", "2013-12-31": "-61.13900", "2012-12-31": "-54.30200", "2011-12-31": "-50.64600", "2010-12-31": "-48.14600", "2009-12-31": "-45.44400", "2008-12-31": "-44.70200", "2007-12-31": "-43.18800", "2006-12-31": "-39.42900", "2005-12-31": "-35.80500"}}, "cash flow statement, quarterly": {"Net Income/Loss": {"2020-12-31": 114.691, "2020-09-30": 114.115, "2020-06-30": 28.832, "2020-03-31": "72.81800", "2019-12-31": 84.835, "2019-09-30": 84.132, "2019-06-30": 88.137, "2019-03-31": "86.74900", "2018-12-31": 73.723, "2018-09-30": 92.681, "2018-06-30": 89.14, "2018-03-31": "85.51000", "2017-12-31": 36.392, "2017-09-30": 75.46, "2017-06-30": 79.828, "2017-03-31": "60.73200", "2016-12-31": -104.213, "2016-09-30": 54.388, "2016-06-30": 50.947, "2016-03-31": "39.55200", "2015-12-31": 53.544, "2015-09-30": 50.691, "2015-06-30": 172.637, "2015-03-31": "68.84100", "2014-12-31": 49.041, "2014-09-30": 59.551, "2014-06-30": 66.236, "2014-03-31": "50.74500", "2013-12-31": 44.748, "2013-09-30": 56.101, "2013-06-30": 57.843, "2013-03-31": "52.13000", "2012-12-31": 42.262, "2012-09-30": 37.131, "2012-06-30": 34.352, "2012-03-31": "35.38100", "2011-12-31": 30.424, "2011-09-30": 36.552, "2011-06-30": 38.099, "2011-03-31": "37.25300", "2010-12-31": 27.008, "2010-09-30": 30.431, "2010-06-30": 24.836, "2010-03-31": "20.56500", "2009-12-31": 17.229, "2009-09-30": 17.336, "2009-06-30": 11.634, "2009-03-31": "2.76800", "2008-12-31": 10.082, "2008-09-30": 32.772, "2008-06-30": 42.459, "2008-03-31": "35.56600", "2007-12-31": 35.658, "2007-09-30": 39.263, "2007-06-30": 44.18, "2007-03-31": "33.73500", "2006-12-31": 35.617, "2006-09-30": 37.392, "2006-06-30": 41.335, "2006-03-31": "35.42200", "2005-12-31": 32.279, "2005-09-30": 30.898, "2005-06-30": 35.638, "2005-03-31": "27.03900"}, "Total Depreciation And Amortization - Cash Flow": {"2020-12-31": 14.615, "2020-09-30": 13.748, "2020-06-30": 13.904, "2020-03-31": "13.06200", "2019-12-31": 12.51, "2019-09-30": 12.314, "2019-06-30": 12.074, "2019-03-31": "12.01300", "2018-12-31": 12.184, "2018-09-30": 11.815, "2018-06-30": 11.104, "2018-03-31": "12.65100", "2017-12-31": 11.963, "2017-09-30": 11.258, "2017-06-30": 11.268, "2017-03-31": "11.09400", "2016-12-31": 11.444, "2016-09-30": 12.346, "2016-06-30": 12.49, "2016-03-31": "12.01000", "2015-12-31": 11.321, "2015-09-30": 11.317, "2015-06-30": 11.159, "2015-03-31": "10.81000", "2014-12-31": 7.894, "2014-09-30": 9.294, "2014-06-30": 9.065, "2014-03-31": "9.26200", "2013-12-31": 9.568, "2013-09-30": 9.111, "2013-06-30": 9.365, "2013-03-31": "9.27200", "2012-12-31": 10.318, "2012-09-30": 10.063, "2012-06-30": 10.306, "2012-03-31": "8.07500", "2011-12-31": 6.175, "2011-09-30": 8.766, "2011-06-30": 9.115, "2011-03-31": "8.42700", "2010-12-31": 8.477, "2010-09-30": 8.177, "2010-06-30": 8.741, "2010-03-31": "8.57800", "2009-12-31": 8.94, "2009-09-30": 9.247, "2009-06-30": 8.478, "2009-03-31": "8.47500", "2008-12-31": 12.185, "2008-09-30": 7.573, "2008-06-30": 8.342, "2008-03-31": "7.39500", "2007-12-31": 7.895, "2007-09-30": 6.776, "2007-06-30": 7.035, "2007-03-31": "6.95900", "2006-12-31": 7.015, "2006-09-30": 6.938, "2006-06-30": 6.312, "2006-03-31": "5.78100", "2005-12-31": 5.893, "2005-09-30": 5.797, "2005-06-30": 6.103, "2005-03-31": "5.70300"}, "Other Non-Cash Items": {"2020-12-31": 15.119, "2020-09-30": 4.237, "2020-06-30": 45.52, "2020-03-31": "6.25300", "2019-12-31": 3.139, "2019-09-30": 3.452, "2019-06-30": 8.661, "2019-03-31": "5.00600", "2018-12-31": 3.547, "2018-09-30": 21.236, "2018-06-30": 11.602, "2018-03-31": "4.58500", "2017-12-31": 38.886, "2017-09-30": 8.414, "2017-06-30": 6.185, "2017-03-31": "4.61300", "2016-12-31": 169.92, "2016-09-30": 2.334, "2016-06-30": 1.934, "2016-03-31": "3.40500", "2015-12-31": 6.183, "2015-09-30": -0.143, "2015-06-30": -148.984, "2015-03-31": "0.68900", "2014-12-31": 7.913, "2014-09-30": 1.223, "2014-06-30": 2.151, "2014-03-31": "-0.34300", "2013-12-31": 6.278, "2013-09-30": 0.816, "2013-06-30": 0.285, "2013-03-31": "-0.89600", "2012-12-31": -4.666, "2012-09-30": 5.21, "2012-06-30": -0.361, "2012-03-31": "-2.77700", "2011-12-31": 2.458, "2011-09-30": 4.163, "2011-06-30": 0.701, "2011-03-31": "-0.33700", "2010-12-31": 1.297, "2010-09-30": 3.511, "2010-06-30": 0.826, "2010-03-31": "-1.84600", "2009-12-31": -2.887, "2009-09-30": 7.599, "2009-06-30": 2.048, "2009-03-31": "2.16500", "2008-12-31": 5.719, "2008-09-30": 2.384, "2008-06-30": -0.03, "2008-03-31": "-2.05500", "2007-12-31": 3.401, "2007-09-30": 2.893, "2007-06-30": -1.701, "2007-03-31": "-2.10800", "2006-12-31": 0.905, "2006-09-30": -1.354, "2006-06-30": 0.929, "2006-03-31": "-1.54200", "2005-12-31": 1.355, "2005-09-30": 0.639, "2005-06-30": 0.032, "2005-03-31": "-0.76600"}, "Total Non-Cash Items": {"2020-12-31": 29.734, "2020-09-30": 17.985, "2020-06-30": 59.424, "2020-03-31": "19.31500", "2019-12-31": 15.649, "2019-09-30": 15.766, "2019-06-30": 20.735, "2019-03-31": "17.01900", "2018-12-31": 15.731, "2018-09-30": 33.051, "2018-06-30": 22.706, "2018-03-31": "17.23600", "2017-12-31": 50.849, "2017-09-30": 19.672, "2017-06-30": 17.453, "2017-03-31": "15.70700", "2016-12-31": 181.364, "2016-09-30": 14.68, "2016-06-30": 14.424, "2016-03-31": "15.41500", "2015-12-31": 17.504, "2015-09-30": 11.174, "2015-06-30": -137.825, "2015-03-31": "11.49900", "2014-12-31": 15.807, "2014-09-30": 10.517, "2014-06-30": 11.216, "2014-03-31": "8.91900", "2013-12-31": 15.846, "2013-09-30": 9.927, "2013-06-30": 9.65, "2013-03-31": "8.37600", "2012-12-31": 5.652, "2012-09-30": 15.273, "2012-06-30": 9.945, "2012-03-31": "5.29800", "2011-12-31": 8.633, "2011-09-30": 12.929, "2011-06-30": 9.816, "2011-03-31": "8.09000", "2010-12-31": 9.774, "2010-09-30": 11.688, "2010-06-30": 9.567, "2010-03-31": "6.73200", "2009-12-31": 6.053, "2009-09-30": 16.846, "2009-06-30": 10.526, "2009-03-31": "10.64000", "2008-12-31": 17.904, "2008-09-30": 9.957, "2008-06-30": 8.312, "2008-03-31": "5.34000", "2007-12-31": 11.296, "2007-09-30": 9.669, "2007-06-30": 5.334, "2007-03-31": "4.85100", "2006-12-31": 7.92, "2006-09-30": 5.584, "2006-06-30": 7.241, "2006-03-31": "4.23900", "2005-12-31": 7.248, "2005-09-30": 6.436, "2005-06-30": 6.135, "2005-03-31": "4.93700"}, "Change In Accounts Receivable": {"2020-12-31": 5.611, "2020-09-30": -29.028, "2020-06-30": -9.566, "2020-03-31": "-10.13900", "2019-12-31": 11.84, "2019-09-30": 13.145, "2019-06-30": -2.177, "2019-03-31": "-13.87400", "2018-12-31": 13.174, "2018-09-30": 0.524, "2018-06-30": -5.302, "2018-03-31": "-20.79800", "2017-12-31": -6.055, "2017-09-30": 3.841, "2017-06-30": -12.248, "2017-03-31": "-23.20700", "2016-12-31": -1.594, "2016-09-30": 20.926, "2016-06-30": -17.926, "2016-03-31": "3.10000", "2015-12-31": 2.919, "2015-09-30": 12.739, "2015-06-30": -7.302, "2015-03-31": "-26.63200", "2014-12-31": 5.075, "2014-09-30": 10.387, "2014-06-30": -18.768, "2014-03-31": "-23.25100", "2013-12-31": 11.805, "2013-09-30": 3.664, "2013-06-30": -13.105, "2013-03-31": "-14.24400", "2012-12-31": 2.765, "2012-09-30": 19.795, "2012-06-30": -4.557, "2012-03-31": "-20.75500", "2011-12-31": 5.085, "2011-09-30": 0.738, "2011-06-30": -5.218, "2011-03-31": "-27.37200", "2010-12-31": 11.56, "2010-09-30": 5.547, "2010-06-30": -20.791, "2010-03-31": "-19.60100", "2009-12-31": 5.986, "2009-09-30": 7.064, "2009-06-30": -3.218, "2009-03-31": "18.58800", "2008-12-31": 19.954, "2008-09-30": 17.228, "2008-06-30": -16.921, "2008-03-31": "-5.29600", "2007-12-31": 5.539, "2007-09-30": 17.35, "2007-06-30": -17.102, "2007-03-31": "-7.63100", "2006-12-31": 0.381, "2006-09-30": 9.815, "2006-06-30": -7.309, "2006-03-31": "-6.47100", "2005-12-31": -5.339, "2005-09-30": 12.985, "2005-06-30": -13.64, "2005-03-31": "-3.10700"}, "Change In Inventories": {"2020-12-31": 0.42, "2020-09-30": 9.156, "2020-06-30": -4.936, "2020-03-31": "-17.72600", "2019-12-31": 17.487, "2019-09-30": 8.105, "2019-06-30": 0.39, "2019-03-31": "-13.54700", "2018-12-31": -7.625, "2018-09-30": -5.394, "2018-06-30": -10.558, "2018-03-31": "-7.14200", "2017-12-31": -15.223, "2017-09-30": 0.315, "2017-06-30": -4.894, "2017-03-31": "-12.20900", "2016-12-31": -2.321, "2016-09-30": 3.372, "2016-06-30": 6.383, "2016-03-31": "-8.12700", "2015-12-31": -5.461, "2015-09-30": -4.108, "2015-06-30": -10.995, "2015-03-31": "-13.54500", "2014-12-31": -2.19, "2014-09-30": -3.083, "2014-06-30": 0.179, "2014-03-31": "-9.98500", "2013-12-31": 0.826, "2013-09-30": 1.381, "2013-06-30": -2.981, "2013-03-31": "-9.41200", "2012-12-31": -0.639, "2012-09-30": 4.786, "2012-06-30": 6.449, "2012-03-31": "-4.65500", "2011-12-31": 6.35, "2011-09-30": 1.656, "2011-06-30": -10.409, "2011-03-31": "-11.03700", "2010-12-31": -6.257, "2010-09-30": -8.998, "2010-06-30": -9.893, "2010-03-31": "-7.84900", "2009-12-31": 1.918, "2009-09-30": 8.054, "2009-06-30": 17.166, "2009-03-31": "5.52500", "2008-12-31": 6.529, "2008-09-30": -3.406, "2008-06-30": -3.224, "2008-03-31": "-9.83600", "2007-12-31": 2.952, "2007-09-30": 4.451, "2007-06-30": 5.627, "2007-03-31": "-10.98500", "2006-12-31": -1.1, "2006-09-30": -4.34, "2006-06-30": -2.213, "2006-03-31": "-7.93400", "2005-12-31": 2.741, "2005-09-30": 0.292, "2005-06-30": 3.82, "2005-03-31": "-2.32900"}, "Change In Accounts Payable": {"2020-12-31": 0.273, "2020-09-30": 6.205, "2020-06-30": -4.843, "2020-03-31": "5.18500", "2019-12-31": 0.237, "2019-09-30": -5.379, "2019-06-30": -3.44, "2019-03-31": "8.04300", "2018-12-31": -2.05, "2018-09-30": -2.224, "2018-06-30": 3.957, "2018-03-31": "-1.65900", "2017-12-31": 0.269, "2017-09-30": 1.144, "2017-06-30": 0.369, "2017-03-31": "2.80600", "2016-12-31": -0.504, "2016-09-30": 1.091, "2016-06-30": -0.153, "2016-03-31": "0.11900", "2015-12-31": 1.181, "2015-09-30": -4.755, "2015-06-30": 1.791, "2015-03-31": "6.08800", "2014-12-31": -1.608, "2014-09-30": -4.161, "2014-06-30": 0.055, "2014-03-31": "6.16400", "2013-12-31": -0.335, "2013-09-30": -1.77, "2013-06-30": 1.182, "2013-03-31": "3.35900", "2012-12-31": 0.251, "2012-09-30": -3.349, "2012-06-30": -3.1, "2012-03-31": "5.24600", "2011-12-31": -1.111, "2011-09-30": -0.557, "2011-06-30": -1.551, "2011-03-31": "9.19300", "2010-12-31": -5.222, "2010-09-30": -2.66, "2010-06-30": 3.464, "2010-03-31": "6.08800", "2009-12-31": 1.349, "2009-09-30": 1.168, "2009-06-30": 0.826, "2009-03-31": "-4.04400", "2008-12-31": -6.031, "2008-09-30": -4.355, "2008-06-30": -1.221, "2008-03-31": "4.80100", "2007-12-31": -0.837, "2007-09-30": -2.942, "2007-06-30": -0.246, "2007-03-31": "1.71100", "2006-12-31": -2.457, "2006-09-30": -0.028, "2006-06-30": -2.495, "2006-03-31": "4.90600", "2005-12-31": 2.086, "2005-09-30": -0.958, "2005-06-30": -2.251, "2005-03-31": "1.82400"}, "Change In Assets/Liabilities": {"2020-12-31": -18.644, "2020-09-30": 3.262, "2020-06-30": 4.764, "2020-03-31": "3.52100", "2019-12-31": -0.44, "2019-09-30": 5.811, "2019-06-30": 3.805, "2019-03-31": "1.28500", "2018-12-31": 4.627, "2018-09-30": -35.601, "2018-06-30": 2.264, "2018-03-31": "2.16100", "2017-12-31": 11.348, "2017-09-30": -13.946, "2017-06-30": 0.339, "2017-03-31": "2.37000", "2016-12-31": 1.53, "2016-09-30": 4.917, "2016-06-30": 2.904, "2016-03-31": "-0.75700", "2015-12-31": 3.032, "2015-09-30": 3.835, "2015-06-30": -28.631, "2015-03-31": "12.93300", "2014-12-31": 1.393, "2014-09-30": 3.072, "2014-06-30": -7.458, "2014-03-31": "5.73100", "2013-12-31": -7.145, "2013-09-30": 2.279, "2013-06-30": 2.652, "2013-03-31": "2.70000", "2012-12-31": 0.897, "2012-09-30": -6.151, "2012-06-30": 3.986, "2012-03-31": "4.38200", "2011-12-31": -0.879, "2011-09-30": 2.083, "2011-06-30": 1.259, "2011-03-31": "7.33900", "2010-12-31": -4.235, "2010-09-30": -7.082, "2010-06-30": 3.396, "2010-03-31": "2.62000", "2009-12-31": 3.277, "2009-09-30": -11.659, "2009-06-30": 2.871, "2009-03-31": "4.36000", "2008-12-31": 0.402, "2008-09-30": -0.324, "2008-06-30": 0.412, "2008-03-31": "-1.11500", "2007-12-31": 0.522, "2007-09-30": -2.61, "2007-06-30": 0.327, "2007-03-31": "-1.15400", "2006-12-31": -0.492, "2006-09-30": 0.642, "2006-06-30": 0.29, "2006-03-31": "0.06900", "2005-12-31": 1.29, "2005-09-30": 1.135, "2005-06-30": -0.091, "2005-03-31": "0.72800"}, "Total Change In Assets/Liabilities": {"2020-12-31": -13.109, "2020-09-30": -11.931, "2020-06-30": 0.061, "2020-03-31": "-37.90000", "2019-12-31": 18.769, "2019-09-30": 35.761, "2019-06-30": 4.404, "2019-03-31": "-53.22200", "2018-12-31": 24.27, "2018-09-30": -42.248, "2018-06-30": 0.179, "2018-03-31": "-43.99400", "2017-12-31": 4.475, "2017-09-30": 15.325, "2017-06-30": -11.814, "2017-03-31": "-26.21500", "2016-12-31": -8.865, "2016-09-30": 45.145, "2016-06-30": -0.742, "2016-03-31": "-26.08900", "2015-12-31": -14.866, "2015-09-30": -23.297, "2015-06-30": 14.631, "2015-03-31": "-33.11900", "2014-12-31": 6.003, "2014-09-30": 16.307, "2014-06-30": -21.665, "2014-03-31": "-31.42200", "2013-12-31": 1.426, "2013-09-30": 14.846, "2013-06-30": -6.531, "2013-03-31": "-21.30700", "2012-12-31": 9.767, "2012-09-30": 14.93, "2012-06-30": -3.084, "2012-03-31": "-17.22500", "2011-12-31": 14.217, "2011-09-30": 15.398, "2011-06-30": -18.204, "2011-03-31": "-31.16300", "2010-12-31": 1.902, "2010-09-30": -7.725, "2010-06-30": -22.399, "2010-03-31": "-11.25600", "2009-12-31": 13.089, "2009-09-30": 6.487, "2009-06-30": 19.631, "2009-03-31": "14.29300", "2008-12-31": 23.791, "2008-09-30": 12.949, "2008-06-30": -27.604, "2008-03-31": "-9.05000", "2007-12-31": 7.862, "2007-09-30": 20.185, "2007-06-30": -19.489, "2007-03-31": "-15.44700", "2006-12-31": -4.897, "2006-09-30": 9.486, "2006-06-30": -16.338, "2006-03-31": "-7.37200", "2005-12-31": 3.495, "2005-09-30": 23.111, "2005-06-30": -17.818, "2005-03-31": "-6.17400"}, "Cash Flow From Operating Activities": {"2020-12-31": 131.316, "2020-09-30": 120.169, "2020-06-30": 88.317, "2020-03-31": "54.23300", "2019-12-31": 119.253, "2019-09-30": 135.659, "2019-06-30": 113.276, "2019-03-31": "50.54600", "2018-12-31": 113.724, "2018-09-30": 83.484, "2018-06-30": 112.025, "2018-03-31": "58.75200", "2017-12-31": 91.716, "2017-09-30": 110.457, "2017-06-30": 85.467, "2017-03-31": "50.22400", "2016-12-31": 68.286, "2016-09-30": 114.213, "2016-06-30": 64.629, "2016-03-31": "28.87800", "2015-12-31": 56.182, "2015-09-30": 38.568, "2015-06-30": 49.443, "2015-03-31": "47.22100", "2014-12-31": 70.851, "2014-09-30": 86.375, "2014-06-30": 55.787, "2014-03-31": "28.24200", "2013-12-31": 62.02, "2013-09-30": 80.874, "2013-06-30": 60.962, "2013-03-31": "39.19900", "2012-12-31": 57.681, "2012-09-30": 67.334, "2012-06-30": 41.213, "2012-03-31": "23.45400", "2011-12-31": 53.274, "2011-09-30": 64.879, "2011-06-30": 29.711, "2011-03-31": "14.18000", "2010-12-31": 38.684, "2010-09-30": 34.394, "2010-06-30": 12.004, "2010-03-31": "16.04100", "2009-12-31": 36.371, "2009-09-30": 40.669, "2009-06-30": 41.791, "2009-03-31": "27.70100", "2008-12-31": 51.777, "2008-09-30": 55.678, "2008-06-30": 23.167, "2008-03-31": "31.85600", "2007-12-31": 54.816, "2007-09-30": 69.117, "2007-06-30": 30.025, "2007-03-31": "23.13900", "2006-12-31": 38.64, "2006-09-30": 52.462, "2006-06-30": 32.238, "2006-03-31": "32.28900", "2005-12-31": 43.022, "2005-09-30": 60.445, "2005-06-30": 23.955, "2005-03-31": "25.80200"}, "Net Change In Property, Plant, And Equipment": {"2020-12-31": -25.582, "2020-09-30": -13.143, "2020-06-30": -13.669, "2020-03-31": "-18.94400", "2019-12-31": -25.457, "2019-09-30": -32.31, "2019-06-30": -39.753, "2019-03-31": "-30.43300", "2018-12-31": -14.285, "2018-09-30": -12.126, "2018-06-30": -18.482, "2018-03-31": "-8.96100", "2017-12-31": -11.295, "2017-09-30": -12.278, "2017-06-30": -8.421, "2017-03-31": "-8.20000", "2016-12-31": -7.766, "2016-09-30": -8.386, "2016-06-30": -12.84, "2016-03-31": "-13.12100", "2015-12-31": -12.889, "2015-09-30": 11.38, "2015-06-30": 579.718, "2015-03-31": "-9.79600", "2014-12-31": -5.352, "2014-09-30": -8.222, "2014-06-30": -10.183, "2014-03-31": "-6.87900", "2013-12-31": -8.101, "2013-09-30": -5.795, "2013-06-30": -6.103, "2013-03-31": "-1.72000", "2012-12-31": -4.454, "2012-09-30": -3.603, "2012-06-30": -3.664, "2012-03-31": "-6.51300", "2011-12-31": -6.197, "2011-09-30": -7.361, "2011-06-30": -5.922, "2011-03-31": "-4.37400", "2010-12-31": -7.042, "2010-09-30": -3.576, "2010-06-30": -3.087, "2010-03-31": "-2.91500", "2009-12-31": -2.034, "2009-09-30": -0.427, "2009-06-30": -3.623, "2009-03-31": "-5.21100", "2008-12-31": -8.386, "2008-09-30": -8.122, "2008-06-30": -6.84, "2008-03-31": "-5.31300", "2007-12-31": -8.615, "2007-09-30": -6.599, "2007-06-30": -8.326, "2007-03-31": "-13.11800", "2006-12-31": -11.51, "2006-09-30": -12.762, "2006-06-30": -5.102, "2006-03-31": "-4.35200", "2005-12-31": -7.791, "2005-09-30": -3.143, "2005-06-30": -5.83, "2005-03-31": "-3.70300"}, "Net Change In Intangible Assets": {"2020-12-31": 0, "2020-09-30": 0, "2020-06-30": 0, "2020-03-31": "", "2019-12-31": 0, "2019-09-30": 0, "2019-06-30": 0, "2019-03-31": "", "2018-12-31": 0, "2018-09-30": 0, "2018-06-30": 0, "2018-03-31": "", "2017-12-31": 0, "2017-09-30": 0, "2017-06-30": 0, "2017-03-31": "", "2016-12-31": 0, "2016-09-30": 0, "2016-06-30": 0, "2016-03-31": "", "2015-12-31": 0, "2015-09-30": 0, "2015-06-30": 0, "2015-03-31": "", "2014-12-31": 0, "2014-09-30": 0, "2014-06-30": 0, "2014-03-31": "", "2013-12-31": 0, "2013-09-30": 0, "2013-06-30": 0, "2013-03-31": "", "2012-12-31": 0, "2012-09-30": 0, "2012-06-30": 0, "2012-03-31": "", "2011-12-31": 0, "2011-09-30": 0, "2011-06-30": 0, "2011-03-31": "", "2010-12-31": 0, "2010-09-30": 0, "2010-06-30": 0, "2010-03-31": "", "2009-12-31": 0, "2009-09-30": 0, "2009-06-30": 0, "2009-03-31": "", "2008-12-31": 0, "2008-09-30": 0, "2008-06-30": 0, "2008-03-31": "", "2007-12-31": 0, "2007-09-30": 0, "2007-06-30": 0, "2007-03-31": "", "2006-12-31": 0, "2006-09-30": 0, "2006-06-30": 0, "2006-03-31": "", "2005-12-31": 0, "2005-09-30": 0, "2005-06-30": 0, "2005-03-31": ""}, "Net Acquisitions/Divestitures": {"2020-12-31": 0, "2020-09-30": -0.384, "2020-06-30": -27.173, "2020-03-31": "", "2019-12-31": -7.361, "2019-09-30": -13.04, "2019-06-30": -0.823, "2019-03-31": "-5.35300", "2018-12-31": 0, "2018-09-30": -0.25, "2018-06-30": 0.361, "2018-03-31": "-10.88000", "2017-12-31": -15, "2017-09-30": -3, "2017-06-30": 0.063, "2017-03-31": "-9.96800", "2016-12-31": -0.303, "2016-09-30": 0.467, "2016-06-30": -0.229, "2016-03-31": "-48.88100", "2015-12-31": -1.164, "2015-09-30": 0, "2015-06-30": -4.949, "2015-03-31": "-182.90400", "2014-12-31": -120.243, "2014-09-30": 0, "2014-06-30": -0.069, "2014-03-31": "-65.15000", "2013-12-31": -11.56, "2013-09-30": 0, "2013-06-30": 0, "2013-03-31": "", "2012-12-31": 0, "2012-09-30": -12.745, "2012-06-30": -227.323, "2012-03-31": "", "2011-12-31": 0, "2011-09-30": 0, "2011-06-30": -2.139, "2011-03-31": "", "2010-12-31": 0, "2010-09-30": 0, "2010-06-30": 0, "2010-03-31": "", "2009-12-31": 0, "2009-09-30": 0, "2009-06-30": 0, "2009-03-31": "", "2008-12-31": -15.406, "2008-09-30": -4.514, "2008-06-30": 0, "2008-03-31": "-35.26600", "2007-12-31": 0, "2007-09-30": 0, "2007-06-30": 0, "2007-03-31": "", "2006-12-31": 0.391, "2006-09-30": -31.067, "2006-06-30": 0, "2006-03-31": "", "2005-12-31": -8.208, "2005-09-30": 0, "2005-06-30": -0.263, "2005-03-31": "-102.53400"}, "Net Change In Short-term Investments": {"2020-12-31": 0, "2020-09-30": 0, "2020-06-30": 0, "2020-03-31": "", "2019-12-31": 0, "2019-09-30": 0, "2019-06-30": 0, "2019-03-31": "", "2018-12-31": 0, "2018-09-30": 0, "2018-06-30": 0, "2018-03-31": "", "2017-12-31": 0, "2017-09-30": 0, "2017-06-30": 0, "2017-03-31": "", "2016-12-31": 0, "2016-09-30": 0, "2016-06-30": 0, "2016-03-31": "", "2015-12-31": 0, "2015-09-30": 0, "2015-06-30": 0, "2015-03-31": "", "2014-12-31": 0, "2014-09-30": 0, "2014-06-30": 0.53, "2014-03-31": "", "2013-12-31": 0, "2013-09-30": 3.681, "2013-06-30": 0, "2013-03-31": "0.83500", "2012-12-31": 0, "2012-09-30": 0, "2012-06-30": -426.813, "2012-03-31": "", "2011-12-31": 0, "2011-09-30": 0, "2011-06-30": 0, "2011-03-31": "", "2010-12-31": 0, "2010-09-30": 0, "2010-06-30": 0, "2010-03-31": "", "2009-12-31": 0, "2009-09-30": 0, "2009-06-30": 0, "2009-03-31": "", "2008-12-31": 0, "2008-09-30": 0, "2008-06-30": 0, "2008-03-31": "", "2007-12-31": 0, "2007-09-30": 0, "2007-06-30": 0, "2007-03-31": "", "2006-12-31": 0, "2006-09-30": 0, "2006-06-30": 0, "2006-03-31": "", "2005-12-31": 0, "2005-09-30": 0, "2005-06-30": 0, "2005-03-31": ""}, "Net Change In Long-Term Investments": {"2020-12-31": 0, "2020-09-30": 0, "2020-06-30": 0, "2020-03-31": "", "2019-12-31": 0, "2019-09-30": 0, "2019-06-30": 0, "2019-03-31": "", "2018-12-31": 0, "2018-09-30": 0, "2018-06-30": 0, "2018-03-31": "", "2017-12-31": 0, "2017-09-30": 0, "2017-06-30": 0, "2017-03-31": "", "2016-12-31": 0, "2016-09-30": 0, "2016-06-30": 0, "2016-03-31": "", "2015-12-31": 0, "2015-09-30": 0, "2015-06-30": 0, "2015-03-31": "", "2014-12-31": 0, "2014-09-30": 0, "2014-06-30": 0, "2014-03-31": "", "2013-12-31": 0, "2013-09-30": 0, "2013-06-30": 0, "2013-03-31": "", "2012-12-31": 0, "2012-09-30": 0, "2012-06-30": 0, "2012-03-31": "", "2011-12-31": 1.499, "2011-09-30": -1.499, "2011-06-30": 0, "2011-03-31": "", "2010-12-31": 1.499, "2010-09-30": 0, "2010-06-30": -1.499, "2010-03-31": "", "2009-12-31": 0, "2009-09-30": 0, "2009-06-30": -1.499, "2009-03-31": "", "2008-12-31": 0, "2008-09-30": 0, "2008-06-30": -1.499, "2008-03-31": "", "2007-12-31": 0, "2007-09-30": 0, "2007-06-30": -1.499, "2007-03-31": "", "2006-12-31": 0, "2006-09-30": 0, "2006-06-30": 0, "2006-03-31": "", "2005-12-31": 0, "2005-09-30": 0, "2005-06-30": 0, "2005-03-31": ""}, "Net Change In Investments - Total": {"2020-12-31": 0, "2020-09-30": 0, "2020-06-30": 0, "2020-03-31": "", "2019-12-31": 0, "2019-09-30": 0, "2019-06-30": 0, "2019-03-31": "", "2018-12-31": 0, "2018-09-30": 0, "2018-06-30": 0, "2018-03-31": "", "2017-12-31": 0, "2017-09-30": 0, "2017-06-30": 0, "2017-03-31": "", "2016-12-31": 0, "2016-09-30": 0, "2016-06-30": 0, "2016-03-31": "", "2015-12-31": 0, "2015-09-30": 0, "2015-06-30": 0, "2015-03-31": "", "2014-12-31": 0, "2014-09-30": 0, "2014-06-30": 0.53, "2014-03-31": "", "2013-12-31": 0, "2013-09-30": 3.681, "2013-06-30": 0, "2013-03-31": "0.83500", "2012-12-31": 0, "2012-09-30": 0, "2012-06-30": -426.813, "2012-03-31": "", "2011-12-31": 1.499, "2011-09-30": -1.499, "2011-06-30": 0, "2011-03-31": "", "2010-12-31": 1.499, "2010-09-30": 0, "2010-06-30": -1.499, "2010-03-31": "", "2009-12-31": 0, "2009-09-30": 0, "2009-06-30": -1.499, "2009-03-31": "", "2008-12-31": 0, "2008-09-30": 0, "2008-06-30": -1.499, "2008-03-31": "", "2007-12-31": 0, "2007-09-30": 0, "2007-06-30": -1.499, "2007-03-31": "", "2006-12-31": 0, "2006-09-30": 0, "2006-06-30": 0, "2006-03-31": "", "2005-12-31": 0, "2005-09-30": 0, "2005-06-30": 0, "2005-03-31": ""}, "Investing Activities - Other": {"2020-12-31": -0.073, "2020-09-30": 0.175, "2020-06-30": 0.011, "2020-03-31": "-0.25600", "2019-12-31": 0.022, "2019-09-30": -0.133, "2019-06-30": -0.461, "2019-03-31": "-0.36700", "2018-12-31": -0.238, "2018-09-30": -1.321, "2018-06-30": -0.07, "2018-03-31": "0.00500", "2017-12-31": -0.224, "2017-09-30": -0.226, "2017-06-30": -0.474, "2017-03-31": "0.57600", "2016-12-31": -0.184, "2016-09-30": -0.768, "2016-06-30": -0.408, "2016-03-31": "1.19600", "2015-12-31": -0.834, "2015-09-30": -8.373, "2015-06-30": -0.288, "2015-03-31": "0.03800", "2014-12-31": -0.172, "2014-09-30": -0.392, "2014-06-30": -0.602, "2014-03-31": "0.00300", "2013-12-31": -1.705, "2013-09-30": -0.658, "2013-06-30": 0.021, "2013-03-31": "-0.13300", "2012-12-31": -7.289, "2012-09-30": -0.333, "2012-06-30": -0.426, "2012-03-31": "-1.35700", "2011-12-31": -2.004, "2011-09-30": 0, "2011-06-30": 0, "2011-03-31": "", "2010-12-31": -2.149, "2010-09-30": 0, "2010-06-30": 0, "2010-03-31": "", "2009-12-31": 0, "2009-09-30": 0, "2009-06-30": 0, "2009-03-31": "", "2008-12-31": 0, "2008-09-30": 0, "2008-06-30": 0, "2008-03-31": "", "2007-12-31": 0, "2007-09-30": 0, "2007-06-30": 0, "2007-03-31": "", "2006-12-31": 0, "2006-09-30": 0, "2006-06-30": 0, "2006-03-31": "", "2005-12-31": 0, "2005-09-30": 0, "2005-06-30": 0, "2005-03-31": ""}, "Cash Flow From Investing Activities": {"2020-12-31": -25.655, "2020-09-30": -13.352, "2020-06-30": -40.831, "2020-03-31": "-19.20000", "2019-12-31": -32.796, "2019-09-30": -45.483, "2019-06-30": -41.037, "2019-03-31": "-36.15300", "2018-12-31": -14.523, "2018-09-30": -13.697, "2018-06-30": -18.191, "2018-03-31": "-19.83600", "2017-12-31": -26.519, "2017-09-30": -15.504, "2017-06-30": -8.832, "2017-03-31": "-17.59200", "2016-12-31": -8.253, "2016-09-30": -8.687, "2016-06-30": -13.477, "2016-03-31": "-60.80600", "2015-12-31": -14.887, "2015-09-30": 3.007, "2015-06-30": 574.481, "2015-03-31": "-192.66200", "2014-12-31": -125.767, "2014-09-30": -8.614, "2014-06-30": -10.324, "2014-03-31": "-72.02600", "2013-12-31": -21.366, "2013-09-30": -2.772, "2013-06-30": -6.082, "2013-03-31": "-1.01800", "2012-12-31": -11.743, "2012-09-30": -16.681, "2012-06-30": -658.226, "2012-03-31": "-7.87000", "2011-12-31": -6.702, "2011-09-30": -8.86, "2011-06-30": -8.061, "2011-03-31": "-4.37400", "2010-12-31": -7.692, "2010-09-30": -3.576, "2010-06-30": -4.586, "2010-03-31": "-2.91500", "2009-12-31": -2.034, "2009-09-30": -0.427, "2009-06-30": -5.122, "2009-03-31": "-5.21100", "2008-12-31": -23.792, "2008-09-30": -12.636, "2008-06-30": -8.339, "2008-03-31": "-40.57900", "2007-12-31": -8.615, "2007-09-30": -6.599, "2007-06-30": -9.825, "2007-03-31": "-13.11800", "2006-12-31": -11.119, "2006-09-30": -43.829, "2006-06-30": -5.102, "2006-03-31": "-4.35200", "2005-12-31": -15.999, "2005-09-30": -3.143, "2005-06-30": -6.093, "2005-03-31": "-106.23700"}, "Net Long-Term Debt": {"2020-12-31": -125, "2020-09-30": -125, "2020-06-30": 0, "2020-03-31": "250.00000", "2019-12-31": -28.952, "2019-09-30": -60.307, "2019-06-30": 5.974, "2019-03-31": "-18.48300", "2018-12-31": -0.332, "2018-09-30": -30.871, "2018-06-30": 12.1, "2018-03-31": "56.63700", "2017-12-31": -73.965, "2017-09-30": -11.015, "2017-06-30": -66.64, "2017-03-31": "71.97000", "2016-12-31": -50.095, "2016-09-30": -73.715, "2016-06-30": -28.175, "2016-03-31": "64.97500", "2015-12-31": 17.695, "2015-09-30": 74.59, "2015-06-30": -466.63, "2015-03-31": "152.04000", "2014-12-31": 106.25, "2014-09-30": -14.01, "2014-06-30": 19.75, "2014-03-31": "94.64000", "2013-12-31": 3.948, "2013-09-30": -61.475, "2013-06-30": -55.2, "2013-03-31": "-35.49000", "2012-12-31": -33.14, "2012-09-30": -37.56, "2012-06-30": 327.18, "2012-03-31": "", "2011-12-31": 0, "2011-09-30": 150, "2011-06-30": 0, "2011-03-31": "79.74500", "2010-12-31": -19.745, "2010-09-30": 10, "2010-06-30": 0, "2010-03-31": "-6.26000", "2009-12-31": -21.104, "2009-09-30": -36.551, "2009-06-30": -22.895, "2009-03-31": "-13.19000", "2008-12-31": -11.855, "2008-09-30": 2.955, "2008-06-30": 10.305, "2008-03-31": "71.53500", "2007-12-31": 72.671, "2007-09-30": 85.68, "2007-06-30": 0, "2007-03-31": "", "2006-12-31": 0, "2006-09-30": 0, "2006-06-30": 0, "2006-03-31": "", "2005-12-31": 0, "2005-09-30": 0, "2005-06-30": 0, "2005-03-31": ""}, "Net Current Debt": {"2020-12-31": -23.492, "2020-09-30": 22.274, "2020-06-30": -25.344, "2020-03-31": "24.57600", "2019-12-31": 2.899, "2019-09-30": -2.473, "2019-06-30": -0.171, "2019-03-31": "-3.59600", "2018-12-31": 7.489, "2018-09-30": -2.67, "2018-06-30": -4.938, "2018-03-31": "5.05000", "2017-12-31": 0.335, "2017-09-30": -4.929, "2017-06-30": 1.307, "2017-03-31": "0.26100", "2016-12-31": 1.354, "2016-09-30": -4.733, "2016-06-30": -1.155, "2016-03-31": "-1.46100", "2015-12-31": 6.951, "2015-09-30": -1.071, "2015-06-30": -42.269, "2015-03-31": "47.60500", "2014-12-31": -0.848, "2014-09-30": -6.27, "2014-06-30": 1.518, "2014-03-31": "1.14100", "2013-12-31": 0.015, "2013-09-30": 1.437, "2013-06-30": 1.108, "2013-03-31": "-1.28000", "2012-12-31": 0.497, "2012-09-30": 1.131, "2012-06-30": -3.982, "2012-03-31": "1.73500", "2011-12-31": 0.684, "2011-09-30": -5.409, "2011-06-30": 2.581, "2011-03-31": "2.64100", "2010-12-31": -2.871, "2010-09-30": -3.338, "2010-06-30": 0.113, "2010-03-31": "2.89100", "2009-12-31": -1.685, "2009-09-30": -1.079, "2009-06-30": -2.626, "2009-03-31": "-0.99500", "2008-12-31": 1.45, "2008-09-30": -2.119, "2008-06-30": 0.158, "2008-03-31": "-0.81800", "2007-12-31": -49.903, "2007-09-30": -48.449, "2007-06-30": 31.806, "2007-03-31": "14.93900", "2006-12-31": -3.921, "2006-09-30": 15.194, "2006-06-30": 2.297, "2006-03-31": "-3.97700", "2005-12-31": -7.859, "2005-09-30": -31.662, "2005-06-30": 2.265, "2005-03-31": "39.75400"}, "Debt Issuance/Retirement Net - Total": {"2020-12-31": -148.492, "2020-09-30": -102.726, "2020-06-30": -25.344, "2020-03-31": "274.57600", "2019-12-31": -26.053, "2019-09-30": -62.78, "2019-06-30": 5.803, "2019-03-31": "-22.07900", "2018-12-31": 7.157, "2018-09-30": -33.541, "2018-06-30": 7.162, "2018-03-31": "61.68700", "2017-12-31": -73.63, "2017-09-30": -15.944, "2017-06-30": -65.333, "2017-03-31": "72.23100", "2016-12-31": -48.741, "2016-09-30": -78.448, "2016-06-30": -29.33, "2016-03-31": "63.51400", "2015-12-31": 24.646, "2015-09-30": 73.519, "2015-06-30": -508.899, "2015-03-31": "199.64500", "2014-12-31": 105.402, "2014-09-30": -20.28, "2014-06-30": 21.268, "2014-03-31": "95.78100", "2013-12-31": 3.963, "2013-09-30": -60.038, "2013-06-30": -54.092, "2013-03-31": "-36.77000", "2012-12-31": -32.643, "2012-09-30": -36.429, "2012-06-30": 323.198, "2012-03-31": "1.73500", "2011-12-31": 0.684, "2011-09-30": 144.591, "2011-06-30": 2.581, "2011-03-31": "82.38600", "2010-12-31": -22.616, "2010-09-30": 6.662, "2010-06-30": 0.113, "2010-03-31": "-3.36900", "2009-12-31": -22.789, "2009-09-30": -37.63, "2009-06-30": -25.521, "2009-03-31": "-14.18500", "2008-12-31": -10.405, "2008-09-30": 0.836, "2008-06-30": 10.463, "2008-03-31": "70.71700", "2007-12-31": 22.768, "2007-09-30": 37.231, "2007-06-30": 31.806, "2007-03-31": "14.93900", "2006-12-31": -3.921, "2006-09-30": 15.194, "2006-06-30": 2.297, "2006-03-31": "-3.97700", "2005-12-31": -7.859, "2005-09-30": -31.662, "2005-06-30": 2.265, "2005-03-31": "39.75400"}, "Net Common Equity Issued/Repurchased": {"2020-12-31": 25.489, "2020-09-30": 15.732, "2020-06-30": -16.632, "2020-03-31": "-43.29400", "2019-12-31": 7.645, "2019-09-30": -0.393, "2019-06-30": 9.107, "2019-03-31": "22.40900", "2018-12-31": -88.05, "2018-09-30": 3.419, "2018-06-30": -68.146, "2018-03-31": "-67.40300", "2017-12-31": 7.263, "2017-09-30": 6.729, "2017-06-30": 16.566, "2017-03-31": "-60.03300", "2016-12-31": 4.62, "2016-09-30": 1.086, "2016-06-30": 7.532, "2016-03-31": "-27.93900", "2015-12-31": -46.376, "2015-09-30": -91.838, "2015-06-30": -81.935, "2015-03-31": "-34.18900", "2014-12-31": -45.257, "2014-09-30": -43.842, "2014-06-30": -43.761, "2014-03-31": "-32.26700", "2013-12-31": -31.323, "2013-09-30": -14.481, "2013-06-30": 1.923, "2013-03-31": "17.71800", "2012-12-31": 2.441, "2012-09-30": 3.261, "2012-06-30": 3.272, "2012-03-31": "19.84200", "2011-12-31": -6.332, "2011-09-30": -33.392, "2011-06-30": 6.268, "2011-03-31": "12.43700", "2010-12-31": 3.127, "2010-09-30": -19.904, "2010-06-30": -2.579, "2010-03-31": "7.93200", "2009-12-31": 0.422, "2009-09-30": 0.814, "2009-06-30": 0.199, "2009-03-31": "4.94900", "2008-12-31": -0.322, "2008-09-30": -33.859, "2008-06-30": -17.237, "2008-03-31": "-49.71700", "2007-12-31": -63.992, "2007-09-30": -83.089, "2007-06-30": -43.646, "2007-03-31": "-15.63000", "2006-12-31": -17.348, "2006-09-30": -23.476, "2006-06-30": -27.534, "2006-03-31": "-7.20400", "2005-12-31": -6.151, "2005-09-30": -9.227, "2005-06-30": -17.367, "2005-03-31": "0.92900"}, "Net Total Equity Issued/Repurchased": {"2020-12-31": 25.489, "2020-09-30": 15.732, "2020-06-30": -16.632, "2020-03-31": "-43.29400", "2019-12-31": 7.645, "2019-09-30": -0.393, "2019-06-30": 9.107, "2019-03-31": "22.40900", "2018-12-31": -88.05, "2018-09-30": 3.419, "2018-06-30": -68.146, "2018-03-31": "-67.40300", "2017-12-31": 7.263, "2017-09-30": 6.729, "2017-06-30": 16.566, "2017-03-31": "-60.03300", "2016-12-31": 4.62, "2016-09-30": 1.086, "2016-06-30": 7.532, "2016-03-31": "-27.93900", "2015-12-31": -46.376, "2015-09-30": -91.838, "2015-06-30": -81.935, "2015-03-31": "-34.18900", "2014-12-31": -45.257, "2014-09-30": -43.842, "2014-06-30": -43.761, "2014-03-31": "-32.26700", "2013-12-31": -31.323, "2013-09-30": -14.481, "2013-06-30": 1.923, "2013-03-31": "17.71800", "2012-12-31": 2.441, "2012-09-30": 3.261, "2012-06-30": 3.272, "2012-03-31": "19.84200", "2011-12-31": -6.332, "2011-09-30": -33.392, "2011-06-30": 6.268, "2011-03-31": "12.43700", "2010-12-31": 3.127, "2010-09-30": -19.904, "2010-06-30": -2.579, "2010-03-31": "7.93200", "2009-12-31": 0.422, "2009-09-30": 0.814, "2009-06-30": 0.199, "2009-03-31": "4.94900", "2008-12-31": -0.322, "2008-09-30": -33.859, "2008-06-30": -17.237, "2008-03-31": "-49.71700", "2007-12-31": -63.992, "2007-09-30": -83.089, "2007-06-30": -43.646, "2007-03-31": "-15.63000", "2006-12-31": -17.348, "2006-09-30": -23.476, "2006-06-30": -27.534, "2006-03-31": "-7.20400", "2005-12-31": -6.151, "2005-09-30": -9.227, "2005-06-30": -17.367, "2005-03-31": "0.92900"}, "Total Common And Preferred Stock Dividends Paid": {"2020-12-31": -29.318, "2020-09-30": -29.175, "2020-06-30": -29.157, "2020-03-31": "-29.33300", "2019-12-31": -26.681, "2019-09-30": -26.687, "2019-06-30": -26.637, "2019-03-31": "-26.43800", "2018-12-31": -22.051, "2018-09-30": -22.144, "2018-06-30": -22.205, "2018-03-31": "-22.44500", "2017-12-31": -20.204, "2017-09-30": -20.158, "2017-06-30": -19.997, "2017-03-31": "-20.11800", "2016-12-31": -18.376, "2016-09-30": -18.373, "2016-06-30": -18.353, "2016-03-31": "-18.33200", "2015-12-31": -16.771, "2015-09-30": -17.319, "2015-06-30": -17.609, "2015-03-31": "-17.73000", "2014-12-31": -16.355, "2014-09-30": -16.522, "2014-06-30": -16.672, "2014-03-31": "-16.81300", "2013-12-31": -15.305, "2013-09-30": -15.33, "2013-06-30": -15.312, "2013-03-31": "-15.19200", "2012-12-31": -13.648, "2012-09-30": -13.611, "2012-06-30": -13.592, "2012-03-31": "-13.45100", "2011-12-31": -12.53, "2011-09-30": -12.774, "2011-06-30": -12.73, "2011-03-31": "-12.61200", "2010-12-31": -11.975, "2010-09-30": -12.049, "2010-06-30": -12.12, "2010-03-31": "-12.00200", "2009-12-31": -11.375, "2009-09-30": -11.383, "2009-06-30": -11.378, "2009-03-31": "-11.30800", "2008-12-31": -11.009, "2008-09-30": -11.111, "2008-06-30": -11.206, "2008-03-31": "-11.37600", "2007-12-31": -10.388, "2007-09-30": -10.816, "2007-06-30": -10.974, "2007-03-31": "-11.01000", "2006-12-31": -9.75, "2006-09-30": -9.838, "2006-06-30": -9.919, "2006-03-31": "-9.92200", "2005-12-31": -8.911, "2005-09-30": -8.93, "2005-06-30": -8.995, "2005-03-31": "-8.96900"}, "Financial Activities - Other": {"2020-12-31": 0, "2020-09-30": -0.001, "2020-06-30": 0, "2020-03-31": "-1.79600", "2019-12-31": 0, "2019-09-30": 0, "2019-06-30": 0, "2019-03-31": "-1.26800", "2018-12-31": 0, "2018-09-30": 0, "2018-06-30": -16.151, "2018-03-31": "", "2017-12-31": -13.713, "2017-09-30": 0, "2017-06-30": -10.735, "2017-03-31": "", "2016-12-31": -0.86, "2016-09-30": 0, "2016-06-30": -3.165, "2016-03-31": "", "2015-12-31": -2.53, "2015-09-30": 0.5, "2015-06-30": 0.4, "2015-03-31": "0.30000", "2014-12-31": 2.934, "2014-09-30": 1.4, "2014-06-30": -0.09, "2014-03-31": "1.50000", "2013-12-31": 3.247, "2013-09-30": 1.8, "2013-06-30": 1.6, "2013-03-31": "1.70000", "2012-12-31": 0.917, "2012-09-30": 1.3, "2012-06-30": 0.4, "2012-03-31": "-0.32100", "2011-12-31": 0.395, "2011-09-30": 0.1, "2011-06-30": -0.631, "2011-03-31": "1.20000", "2010-12-31": 0.988, "2010-09-30": 0.1, "2010-06-30": 0.2, "2010-03-31": "0.70000", "2009-12-31": 0.075, "2009-09-30": 0, "2009-06-30": 0.1, "2009-03-31": "0.20000", "2008-12-31": -0.05, "2008-09-30": 0, "2008-06-30": 1.2, "2008-03-31": "1.72300", "2007-12-31": 0.354, "2007-09-30": 0.306, "2007-06-30": 3, "2007-03-31": "0.84800", "2006-12-31": 0.357, "2006-09-30": 0.1, "2006-06-30": 0.4, "2006-03-31": "2.00000", "2005-12-31": 0, "2005-09-30": 0, "2005-06-30": 0, "2005-03-31": ""}, "Cash Flow From Financial Activities": {"2020-12-31": -152.321, "2020-09-30": -116.17, "2020-06-30": -71.133, "2020-03-31": "200.15300", "2019-12-31": -45.089, "2019-09-30": -89.86, "2019-06-30": -11.727, "2019-03-31": "-27.37600", "2018-12-31": -102.944, "2018-09-30": -52.266, "2018-06-30": -99.34, "2018-03-31": "-28.16100", "2017-12-31": -100.284, "2017-09-30": -29.373, "2017-06-30": -79.499, "2017-03-31": "-7.92000", "2016-12-31": -63.357, "2016-09-30": -95.735, "2016-06-30": -43.316, "2016-03-31": "17.24300", "2015-12-31": -41.031, "2015-09-30": -35.138, "2015-06-30": -608.043, "2015-03-31": "148.02600", "2014-12-31": 46.724, "2014-09-30": -79.244, "2014-06-30": -39.255, "2014-03-31": "48.20100", "2013-12-31": -39.418, "2013-09-30": -88.049, "2013-06-30": -65.881, "2013-03-31": "-32.54400", "2012-12-31": -42.933, "2012-09-30": -45.479, "2012-06-30": 313.278, "2012-03-31": "7.80500", "2011-12-31": -17.783, "2011-09-30": 98.525, "2011-06-30": -4.512, "2011-03-31": "83.41100", "2010-12-31": -30.476, "2010-09-30": -25.191, "2010-06-30": -14.386, "2010-03-31": "-6.73900", "2009-12-31": -33.667, "2009-09-30": -48.199, "2009-06-30": -36.6, "2009-03-31": "-20.34400", "2008-12-31": -21.786, "2008-09-30": -44.134, "2008-06-30": -16.78, "2008-03-31": "11.34700", "2007-12-31": -51.258, "2007-09-30": -56.368, "2007-06-30": -19.814, "2007-03-31": "-10.85300", "2006-12-31": -30.662, "2006-09-30": -18.02, "2006-06-30": -34.756, "2006-03-31": "-19.10300", "2005-12-31": -22.921, "2005-09-30": -49.819, "2005-06-30": -24.097, "2005-03-31": "31.71400"}, "Net Cash Flow": {"2020-12-31": -45.765, "2020-09-30": -8.034, "2020-06-30": -23.948, "2020-03-31": "235.68300", "2019-12-31": 43.667, "2019-09-30": -3.577, "2019-06-30": 61.172, "2019-03-31": "-12.40700", "2018-12-31": -5.471, "2018-09-30": 18.988, "2018-06-30": -4.452, "2018-03-31": "10.14900", "2017-12-31": -34.977, "2017-09-30": 64.105, "2017-06-30": -2.022, "2017-03-31": "24.20300", "2016-12-31": -1.245, "2016-09-30": 9.458, "2016-06-30": 7.374, "2016-03-31": "-15.80500", "2015-12-31": 0.382, "2015-09-30": 7.655, "2015-06-30": 16.58, "2015-03-31": "4.02200", "2014-12-31": -5.081, "2014-09-30": -0.831, "2014-06-30": 5.486, "2014-03-31": "4.32600", "2013-12-31": 2.489, "2013-09-30": -10.302, "2013-06-30": -9.401, "2013-03-31": "5.85000", "2012-12-31": 3.805, "2012-09-30": 4.227, "2012-06-30": -303.683, "2012-03-31": "23.62100", "2011-12-31": 28.318, "2011-09-30": 155.565, "2011-06-30": 16.758, "2011-03-31": "92.91800", "2010-12-31": -0.075, "2010-09-30": 4.788, "2010-06-30": -6.755, "2010-03-31": "6.22100", "2009-12-31": 0.348, "2009-09-30": -8.845, "2009-06-30": -0.89, "2009-03-31": "2.68000", "2008-12-31": 6.869, "2008-09-30": 0.361, "2008-06-30": -1.889, "2008-03-31": "1.85600", "2007-12-31": -4.849, "2007-09-30": 5.082, "2007-06-30": -0.078, "2007-03-31": "-1.10400", "2006-12-31": -3.321, "2006-09-30": -9.177, "2006-06-30": -8.814, "2006-03-31": "8.51900", "2005-12-31": 4.386, "2005-09-30": 7.167, "2005-06-30": -5.21, "2005-03-31": "-48.23300"}, "Stock-Based Compensation": {"2020-12-31": 3.719, "2020-09-30": 5.989, "2020-06-30": 9.127, "2020-03-31": "6.31800", "2019-12-31": 3.483, "2019-09-30": 5.638, "2019-06-30": 10.327, "2019-03-31": "7.22100", "2018-12-31": 3.549, "2018-09-30": 6.184, "2018-06-30": 9.21, "2018-03-31": "6.62200", "2017-12-31": 4.498, "2017-09-30": 5.703, "2017-06-30": 7.974, "2017-03-31": "5.47700", "2016-12-31": 4.991, "2016-09-30": 3.407, "2016-06-30": 6.643, "2016-03-31": "6.09300", "2015-12-31": 3.736, "2015-09-30": 4.498, "2015-06-30": 5.957, "2015-03-31": "5.03300", "2014-12-31": 3.439, "2014-09-30": 3.992, "2014-06-30": 5.417, "2014-03-31": "4.40100", "2013-12-31": 5.367, "2013-09-30": 3.416, "2013-06-30": 4.361, "2013-03-31": "3.40100", "2012-12-31": 2.374, "2012-09-30": 3.099, "2012-06-30": 4.016, "2012-03-31": "2.92000", "2011-12-31": 2.173, "2011-09-30": 2.534, "2011-06-30": 3.629, "2011-03-31": "2.65800", "2010-12-31": 2.685, "2010-09-30": 2.212, "2010-06-30": 3.019, "2010-03-31": "2.10800", "2009-12-31": 1.928, "2009-09-30": 2.232, "2009-06-30": 2.792, "2009-03-31": "2.41700", "2008-12-31": 1.979, "2008-09-30": 1.991, "2008-06-30": 2.528, "2008-03-31": "2.55300", "2007-12-31": 2.286, "2007-09-30": 1.946, "2007-06-30": 2.133, "2007-03-31": "2.21800", "2006-12-31": 1.884, "2006-09-30": 1.871, "2006-06-30": 2.473, "2006-03-31": "2.16400", "2005-12-31": 0, "2005-09-30": 0, "2005-06-30": 0, "2005-03-31": ""}, "Common Stock Dividends Paid": {"2020-12-31": -29.318, "2020-09-30": -29.175, "2020-06-30": -29.157, "2020-03-31": "-29.33300", "2019-12-31": -26.681, "2019-09-30": -26.687, "2019-06-30": -26.637, "2019-03-31": "-26.43800", "2018-12-31": -22.051, "2018-09-30": -22.144, "2018-06-30": -22.205, "2018-03-31": "-22.44500", "2017-12-31": -20.204, "2017-09-30": -20.158, "2017-06-30": -19.997, "2017-03-31": "-20.11800", "2016-12-31": -18.376, "2016-09-30": -18.373, "2016-06-30": -18.353, "2016-03-31": "-18.33200", "2015-12-31": -16.771, "2015-09-30": -17.319, "2015-06-30": -17.609, "2015-03-31": "-17.73000", "2014-12-31": -16.355, "2014-09-30": -16.522, "2014-06-30": -16.672, "2014-03-31": "-16.81300", "2013-12-31": -15.305, "2013-09-30": -15.33, "2013-06-30": -15.312, "2013-03-31": "-15.19200", "2012-12-31": -13.648, "2012-09-30": -13.611, "2012-06-30": -13.592, "2012-03-31": "-13.45100", "2011-12-31": -12.53, "2011-09-30": -12.774, "2011-06-30": -12.73, "2011-03-31": "-12.61200", "2010-12-31": -11.975, "2010-09-30": -12.049, "2010-06-30": -12.12, "2010-03-31": "-12.00200", "2009-12-31": -11.375, "2009-09-30": -11.383, "2009-06-30": -11.378, "2009-03-31": "-11.30800", "2008-12-31": -11.009, "2008-09-30": -11.111, "2008-06-30": -11.206, "2008-03-31": "-11.37600", "2007-12-31": -10.388, "2007-09-30": -10.816, "2007-06-30": -10.974, "2007-03-31": "-11.01000", "2006-12-31": -9.75, "2006-09-30": -9.838, "2006-06-30": -9.919, "2006-03-31": "-9.92200", "2005-12-31": -8.911, "2005-09-30": -8.93, "2005-06-30": -8.995, "2005-03-31": "-8.96900"}}, "financial ratios": {"Current Ratio": {"2019-12-31": "2.77390", "2018-12-31": "2.41230", "2017-12-31": "2.61690", "2016-12-31": "2.82810", "2015-12-31": "2.61550", "2014-12-31": "4.86020", "2013-12-31": "4.69400", "2012-12-31": "5.12290", "2011-12-31": "4.44060", "2010-12-31": "2.10770", "2009-12-31": "1.82050", "2008-12-31": "2.15080", "2007-12-31": "1.97680", "2006-12-31": "1.85360", "2005-12-31": "1.91700"}, "Long-term Debt / Capital": {"2019-12-31": "0.13820", "2018-12-31": "0.26160", "2017-12-31": "0.23820", "2016-12-31": "0.34760", "2015-12-31": "0.38190", "2014-12-31": "0.50780", "2013-12-31": "0.39160", "2012-12-31": "0.55060", "2011-12-31": "0.48170", "2010-12-31": "0.21010", "2009-12-31": "0.29150", "2008-12-31": "0.51780", "2007-12-31": "0.30440", "2006-12-31": "", "2005-12-31": ""}, "Debt/Equity Ratio": {"2019-12-31": "0.16780", "2018-12-31": "0.36900", "2017-12-31": "0.32170", "2016-12-31": "0.54830", "2015-12-31": "0.64290", "2014-12-31": "1.04020", "2013-12-31": "0.65890", "2012-12-31": "1.24330", "2011-12-31": "0.95640", "2010-12-31": "0.29700", "2009-12-31": "0.46880", "2008-12-31": "1.18300", "2007-12-31": "0.51520", "2006-12-31": "0.05550", "2005-12-31": "0.02890"}, "Gross Margin": {"2019-12-31": "52.23160", "2018-12-31": "53.38070", "2017-12-31": "53.92140", "2016-12-31": "53.47720", "2015-12-31": "53.22250", "2014-12-31": "54.59990", "2013-12-31": "55.02190", "2012-12-31": "54.37570", "2011-12-31": "55.87120", "2010-12-31": "54.22170", "2009-12-31": "50.55420", "2008-12-31": "52.88060", "2007-12-31": "53.18020", "2006-12-31": "53.15050", "2005-12-31": "51.84490"}, "Operating Margin": {"2019-12-31": "25.78640", "2018-12-31": "26.39750", "2017-12-31": "25.68210", "2016-12-31": "9.11340", "2015-12-31": "23.48450", "2014-12-31": "25.29830", "2013-12-31": "25.34090", "2012-12-31": "22.19130", "2011-12-31": "24.51900", "2010-12-31": "20.58170", "2009-12-31": "12.85660", "2008-12-31": "22.92570", "2007-12-31": "27.63210", "2006-12-31": "27.68010", "2005-12-31": "26.11310"}, "EBIT Margin": {"2019-12-31": "25.78640", "2018-12-31": "26.39750", "2017-12-31": "25.68210", "2016-12-31": "9.11340", "2015-12-31": "23.48450", "2014-12-31": "25.29830", "2013-12-31": "25.34090", "2012-12-31": "22.19130", "2011-12-31": "24.51900", "2010-12-31": "20.58170", "2009-12-31": "12.85660", "2008-12-31": "22.92570", "2007-12-31": "27.63210", "2006-12-31": "27.68010", "2005-12-31": "26.11310"}, "EBITDA Margin": {"2019-12-31": "28.75780", "2018-12-31": "29.28590", "2017-12-31": "28.77300", "2016-12-31": "12.74620", "2015-12-31": "26.95190", "2014-12-31": "28.20670", "2013-12-31": "28.72090", "2012-12-31": "26.01980", "2011-12-31": "28.14720", "2010-12-31": "25.14750", "2009-12-31": "18.92350", "2008-12-31": "27.26880", "2007-12-31": "31.03920", "2006-12-31": "30.87020", "2005-12-31": "29.32420"}, "Pre-Tax Profit Margin": {"2019-12-31": "24.65770", "2018-12-31": "24.84530", "2017-12-31": "23.53590", "2016-12-31": "7.27120", "2015-12-31": "36.90000", "2014-12-31": "25.80180", "2013-12-31": "26.16080", "2012-12-31": "21.46520", "2011-12-31": "23.42590", "2010-12-31": "19.96330", "2009-12-31": "11.85530", "2008-12-31": "21.85070", "2007-12-31": "27.19900", "2006-12-31": "27.48010", "2005-12-31": "25.87860"}, "Net Profit Margin": {"2019-12-31": "20.88970", "2018-12-31": "20.62880", "2017-12-31": "17.11570", "2016-12-31": "3.05980", "2015-12-31": "26.87270", "2014-12-31": "18.47250", "2013-12-31": "19.09580", "2012-12-31": "14.72910", "2011-12-31": "15.89750", "2010-12-31": "13.82140", "2009-12-31": "8.45410", "2008-12-31": "14.79060", "2007-12-31": "18.16580", "2006-12-31": "18.34320", "2005-12-31": "17.20020"}, "Asset Turnover": {"2019-12-31": "0.97270", "2018-12-31": "1.12260", "2017-12-31": "1.06050", "2016-12-31": "1.06930", "2015-12-31": "0.92460", "2014-12-31": "0.79050", "2013-12-31": "0.83180", "2012-12-31": "0.76600", "2011-12-31": "1.02400", "2010-12-31": "1.40260", "2009-12-31": "1.21570", "2008-12-31": "1.40950", "2007-12-31": "1.56750", "2006-12-31": "1.59590", "2005-12-31": "1.64200"}, "Inventory Turnover Ratio": {"2019-12-31": "2.87770", "2018-12-31": "2.71410", "2017-12-31": "2.83910", "2016-12-31": "3.06740", "2015-12-31": "2.97710", "2014-12-31": "3.46940", "2013-12-31": "3.71160", "2012-12-31": "3.80030", "2011-12-31": "3.75030", "2010-12-31": "3.71770", "2009-12-31": "4.88250", "2008-12-31": "4.20390", "2007-12-31": "5.27070", "2006-12-31": "5.01250", "2005-12-31": "6.23110"}, "Receiveable Turnover": {"2019-12-31": "6.15700", "2018-12-31": "6.02060", "2017-12-31": "5.54250", "2016-12-31": "6.08750", "2015-12-31": "5.70480", "2014-12-31": "5.68120", "2013-12-31": "6.02330", "2012-12-31": "5.88150", "2011-12-31": "5.93250", "2010-12-31": "5.97200", "2009-12-31": "5.74480", "2008-12-31": "6.40970", "2007-12-31": "5.98860", "2006-12-31": "6.08830", "2005-12-31": "5.95590"}, "Days Sales In Receivables": {"2019-12-31": "59.28210", "2018-12-31": "60.62570", "2017-12-31": "65.85500", "2016-12-31": "59.95910", "2015-12-31": "63.98120", "2014-12-31": "64.24750", "2013-12-31": "60.59830", "2012-12-31": "62.05920", "2011-12-31": "61.52570", "2010-12-31": "61.11890", "2009-12-31": "63.53590", "2008-12-31": "56.94490", "2007-12-31": "60.94870", "2006-12-31": "59.95130", "2005-12-31": "61.28410"}, "ROE - Return On Equity": {"2019-12-31": "33.54890", "2018-12-31": "45.36060", "2017-12-31": "34.90870", "2016-12-31": "7.08830", "2015-12-31": "54.39580", "2014-12-31": "37.84580", "2013-12-31": "33.23360", "2012-12-31": "32.83890", "2011-12-31": "44.09990", "2010-12-31": "38.93770", "2009-12-31": "23.35610", "2008-12-31": "72.10890", "2007-12-31": "62.46520", "2006-12-31": "45.24600", "2005-12-31": "43.74730"}, "Return On Tangible Equity": {"2019-12-31": "61.99520", "2018-12-31": "116.91260", "2017-12-31": "96.62890", "2016-12-31": "29.98780", "2015-12-31": "2643.86400", "2014-12-31": "177.36520", "2013-12-31": "71.11360", "2012-12-31": "123.12960", "2011-12-31": "67.38310", "2010-12-31": "71.39880", "2009-12-31": "62.98490", "2008-12-31": "510.83590", "2007-12-31": "112.72670", "2006-12-31": "70.14640", "2005-12-31": "64.14810"}, "ROA - Return On Assets": {"2019-12-31": "20.31980", "2018-12-31": "23.15780", "2017-12-31": "18.15110", "2016-12-31": "3.27200", "2015-12-31": "24.84730", "2014-12-31": "14.60230", "2013-12-31": "15.88440", "2012-12-31": "11.28260", "2011-12-31": "16.27890", "2010-12-31": "19.38640", "2009-12-31": "10.27780", "2008-12-31": "20.84660", "2007-12-31": "28.47570", "2006-12-31": "29.27390", "2005-12-31": "28.24180"}, "ROI - Return On Investment": {"2019-12-31": "28.91390", "2018-12-31": "33.49370", "2017-12-31": "26.59490", "2016-12-31": "4.62460", "2015-12-31": "33.62160", "2014-12-31": "18.62650", "2013-12-31": "20.21820", "2012-12-31": "14.75630", "2011-12-31": "22.85510", "2010-12-31": "30.75640", "2009-12-31": "16.54770", "2008-12-31": "34.77190", "2007-12-31": "43.45220", "2006-12-31": "45.24600", "2005-12-31": "43.74730"}, "Book Value Per Share": {"2019-12-31": "6.12680", "2018-12-31": "4.55210", "2017-12-31": "4.27040", "2016-12-31": "3.42570", "2015-12-31": "3.79890", "2014-12-31": "3.35610", "2013-12-31": "3.46630", "2012-12-31": "2.49100", "2011-12-31": "1.80060", "2010-12-31": "1.46610", "2009-12-31": "1.16480", "2008-12-31": "0.93890", "2007-12-31": "1.31620", "2006-12-31": "1.65160", "2005-12-31": "1.40220"}, "Operating Cash Flow Per Share": {"2019-12-31": 0.3153, "2018-12-31": 0.1863, "2017-12-31": 0.323, "2016-12-31": 0.5339, "2015-12-31": -0.2211, "2014-12-31": 0.0121, "2013-12-31": 0.2657, "2012-12-31": 0.1445, "2011-12-31": 0.3257, "2010-12-31": -0.2566, "2009-12-31": -0.0793, "2008-12-31": -0.0043, "2007-12-31": 0.1425, "2006-12-31": 0.021, "2005-12-31": 0.7311}, "Free Cash Flow Per Share": {"2019-12-31": -0.1193, "2018-12-31": 0.106, "2017-12-31": 0.3388, "2016-12-31": -2.9235, "2015-12-31": 3.1553, "2014-12-31": -0.038, "2013-12-31": 0.2489, "2012-12-31": 0.1755, "2011-12-31": 0.2873, "2010-12-31": -0.2852, "2009-12-31": 0.0153, "2008-12-31": 0.0237, "2007-12-31": 0.1204, "2006-12-31": -0.0443, "2005-12-31": 0.6334}}, "financial ratios, quarterly": {"Current Ratio": {"2020-09-30": "3.25070", "2020-06-30": "3.34520", "2020-03-31": "3.36400", "2019-12-31": "2.77390", "2019-09-30": "2.68710", "2019-06-30": "2.22160", "2019-03-31": "2.07180", "2018-12-31": "2.41230", "2018-09-30": "2.76560", "2018-06-30": "2.65130", "2018-03-31": "2.55220", "2017-12-31": "2.61690", "2017-09-30": "2.22850", "2017-06-30": "2.19510", "2017-03-31": "2.19410", "2016-12-31": "2.82810", "2016-09-30": "2.81140", "2016-06-30": "3.05170", "2016-03-31": "3.06540", "2015-12-31": "2.61550", "2015-09-30": "2.54410", "2015-06-30": "2.28920", "2015-03-31": "4.13990", "2014-12-31": "4.86020", "2014-09-30": "5.28110", "2014-06-30": "5.20360", "2014-03-31": "4.94610", "2013-12-31": "4.69400", "2013-09-30": "4.85230", "2013-06-30": "5.23390", "2013-03-31": "5.46880", "2012-12-31": "5.12290", "2012-09-30": "5.39650", "2012-06-30": "5.15810", "2012-03-31": "4.73240", "2011-12-31": "4.44060", "2011-09-30": "4.39900", "2011-06-30": "3.43930", "2011-03-31": "3.12510", "2010-12-31": "2.10770", "2010-09-30": "2.05720", "2010-06-30": "1.92510", "2010-03-31": "1.89240", "2009-12-31": "1.82050", "2009-09-30": "1.86820", "2009-06-30": "2.13680", "2009-03-31": "2.25660", "2008-12-31": "2.15080", "2008-09-30": "2.33020", "2008-06-30": "2.37590", "2008-03-31": "2.04260", "2007-12-31": "1.97680", "2007-09-30": "2.12930", "2007-06-30": "1.65770", "2007-03-31": "1.83860", "2006-12-31": "1.85360", "2006-09-30": "1.81020", "2006-06-30": "2.26830", "2006-03-31": "2.13070", "2005-12-31": "1.91700", "2005-09-30": "1.80130", "2005-06-30": "1.55420", "2005-03-31": "1.47290"}, "Long-term Debt / Capital": {"2020-09-30": "0.19080", "2020-06-30": "0.28030", "2020-03-31": "0.28200", "2019-12-31": "0.13820", "2019-09-30": "0.16340", "2019-06-30": "0.16210", "2019-03-31": "0.17060", "2018-12-31": "0.26160", "2018-09-30": "0.25060", "2018-06-30": "0.29460", "2018-03-31": "0.28170", "2017-12-31": "0.23820", "2017-09-30": "0.23810", "2017-06-30": "0.26590", "2017-03-31": "0.34800", "2016-12-31": "0.34760", "2016-09-30": "0.33330", "2016-06-30": "0.38850", "2016-03-31": "0.41810", "2015-12-31": "0.38190", "2015-09-30": "0.37070", "2015-06-30": "0.29660", "2015-03-31": "0.55420", "2014-12-31": "0.50780", "2014-09-30": "0.44060", "2014-06-30": "0.44450", "2014-03-31": "0.43910", "2013-12-31": "0.39160", "2013-09-30": "0.40210", "2013-06-30": "0.45400", "2013-03-31": "0.50680", "2012-12-31": "0.55060", "2012-09-30": "0.57970", "2012-06-30": "0.61570", "2012-03-31": "0.44710", "2011-12-31": "0.48170", "2011-09-30": "0.47350", "2011-06-30": "0.30440", "2011-03-31": "0.32880", "2010-12-31": "0.21010", "2010-09-30": "0.26640", "2010-06-30": "0.25070", "2010-03-31": "0.25760", "2009-12-31": "0.29150", "2009-09-30": "0.36800", "2009-06-30": "0.45350", "2009-03-31": "0.49760", "2008-12-31": "0.51780", "2008-09-30": "0.45000", "2008-06-30": "0.43710", "2008-03-31": "0.44450", "2007-12-31": "0.30440", "2007-09-30": "0.23440", "2007-06-30": "", "2007-03-31": "", "2006-12-31": "", "2006-09-30": "", "2006-06-30": "", "2006-03-31": "", "2005-12-31": "", "2005-09-30": "", "2005-06-30": "", "2005-03-31": ""}, "Debt/Equity Ratio": {"2020-09-30": "0.27360", "2020-06-30": "0.40960", "2020-03-31": "0.43760", "2019-12-31": "0.16780", "2019-09-30": "0.20000", "2019-06-30": "0.28230", "2019-03-31": "0.30350", "2018-12-31": "0.36900", "2018-09-30": "0.33940", "2018-06-30": "0.42690", "2018-03-31": "0.40860", "2017-12-31": "0.32170", "2017-09-30": "0.42530", "2017-06-30": "0.49430", "2017-03-31": "0.68260", "2016-12-31": "0.54830", "2016-09-30": "0.51160", "2016-06-30": "0.65490", "2016-03-31": "0.74140", "2015-12-31": "0.64290", "2015-09-30": "0.60370", "2015-06-30": "0.43620", "2015-03-31": "1.32760", "2014-12-31": "1.04020", "2014-09-30": "0.79700", "2014-06-30": "0.81950", "2014-03-31": "0.79990", "2013-12-31": "0.65890", "2013-09-30": "0.68810", "2013-06-30": "0.84550", "2013-03-31": "1.04080", "2012-12-31": "1.24330", "2012-09-30": "1.39710", "2012-06-30": "1.61860", "2012-03-31": "0.83690", "2011-12-31": "0.95640", "2011-09-30": "0.92360", "2011-06-30": "0.47830", "2011-03-31": "0.52640", "2010-12-31": "0.29700", "2010-09-30": "0.40780", "2010-06-30": "0.39150", "2010-03-31": "0.40800", "2009-12-31": "0.46880", "2009-09-30": "0.65760", "2009-06-30": "0.91430", "2009-03-31": "1.08870", "2008-12-31": "1.18300", "2008-09-30": "0.88860", "2008-06-30": "0.85620", "2008-03-31": "0.88790", "2007-12-31": "0.51520", "2007-09-30": "0.36810", "2007-06-30": "0.19460", "2007-03-31": "0.09760", "2006-12-31": "0.05550", "2006-09-30": "0.06850", "2006-06-30": "0.02090", "2006-03-31": "0.01400", "2005-12-31": "0.02890", "2005-09-30": "0.05940", "2005-06-30": "0.18460", "2005-03-31": "0.18210"}, "Gross Margin": {"2020-09-30": "52.11580", "2020-06-30": "49.75010", "2020-03-31": "53.17150", "2019-12-31": "50.78460", "2019-09-30": "51.77290", "2019-06-30": "52.98600", "2019-03-31": "53.36080", "2018-12-31": "51.36230", "2018-09-30": "53.24350", "2018-06-30": "54.14960", "2018-03-31": "54.73660", "2017-12-31": "53.55800", "2017-09-30": "53.73190", "2017-06-30": "53.89170", "2017-03-31": "54.56560", "2016-12-31": "53.66770", "2016-09-30": "53.97380", "2016-06-30": "53.18220", "2016-03-31": "53.06320", "2015-12-31": "52.75640", "2015-09-30": "53.35530", "2015-06-30": "53.83870", "2015-03-31": "52.90500", "2014-12-31": "53.84230", "2014-09-30": "54.79390", "2014-06-30": "54.82890", "2014-03-31": "54.94240", "2013-12-31": "54.13260", "2013-09-30": "54.45990", "2013-06-30": "55.49930", "2013-03-31": "55.99190", "2012-12-31": "54.74970", "2012-09-30": "54.56070", "2012-06-30": "52.02770", "2012-03-31": "56.45730", "2011-12-31": "54.27470", "2011-09-30": "55.57540", "2011-06-30": "56.44090", "2011-03-31": "57.14700", "2010-12-31": "54.57470", "2010-09-30": "55.04130", "2010-06-30": "53.05900", "2010-03-31": "54.20980", "2009-12-31": "52.85900", "2009-09-30": "53.04600", "2009-06-30": "49.42590", "2009-03-31": "46.65510", "2008-12-31": "48.83410", "2008-09-30": "53.15810", "2008-06-30": "53.82390", "2008-03-31": "54.79770", "2007-12-31": "53.45580", "2007-09-30": "53.38260", "2007-06-30": "52.82650", "2007-03-31": "53.09600", "2006-12-31": "52.68530", "2006-09-30": "52.72580", "2006-06-30": "53.48990", "2006-03-31": "53.70370", "2005-12-31": "51.97660", "2005-09-30": "53.53520", "2005-06-30": "51.60500", "2005-03-31": "50.23050"}, "Operating Margin": {"2020-09-30": "28.45450", "2020-06-30": "12.20330", "2020-03-31": "24.04170", "2019-12-31": "25.26580", "2019-09-30": "25.81390", "2019-06-30": "26.23250", "2019-03-31": "25.81740", "2018-12-31": "23.76110", "2018-09-30": "27.59540", "2018-06-30": "26.70420", "2018-03-31": "27.48780", "2017-12-31": "23.86630", "2017-09-30": "26.70660", "2017-06-30": "26.45970", "2017-03-31": "25.67160", "2016-12-31": "-28.53670", "2016-09-30": "24.89790", "2016-06-30": "22.50390", "2016-03-31": "19.98900", "2015-12-31": "23.36790", "2015-09-30": "24.11610", "2015-06-30": "25.00560", "2015-03-31": "21.28580", "2014-12-31": "22.70060", "2014-09-30": "26.07510", "2014-06-30": "26.61550", "2014-03-31": "25.76370", "2013-12-31": "23.28930", "2013-09-30": "25.16870", "2013-06-30": "26.29780", "2013-03-31": "26.57430", "2012-12-31": "22.82500", "2012-09-30": "21.96380", "2012-06-30": "19.56680", "2012-03-31": "24.76020", "2011-12-31": "21.98020", "2011-09-30": "24.98470", "2011-06-30": "24.82500", "2011-03-31": "26.21700", "2010-12-31": "19.16080", "2010-09-30": "22.85870", "2010-06-30": "20.41200", "2010-03-31": "19.85540", "2009-12-31": "16.20170", "2009-09-30": "17.77700", "2009-06-30": "12.48780", "2009-03-31": "4.44520", "2008-12-31": "9.25020", "2008-09-30": "25.34800", "2008-06-30": "28.03290", "2008-03-31": "25.64860", "2007-12-31": "26.38680", "2007-09-30": "28.24140", "2007-06-30": "29.26480", "2007-03-31": "26.37380", "2006-12-31": "25.81590", "2006-09-30": "27.20290", "2006-06-30": "29.19430", "2006-03-31": "28.43260", "2005-12-31": "26.18330", "2005-09-30": "26.54210", "2005-06-30": "27.41590", "2005-03-31": "24.08220"}, "EBIT Margin": {"2020-09-30": "28.45450", "2020-06-30": "12.20330", "2020-03-31": "24.04170", "2019-12-31": "25.26580", "2019-09-30": "25.81390", "2019-06-30": "26.23250", "2019-03-31": "25.81740", "2018-12-31": "23.76110", "2018-09-30": "27.59540", "2018-06-30": "26.70420", "2018-03-31": "27.48780", "2017-12-31": "23.86630", "2017-09-30": "26.70660", "2017-06-30": "26.45970", "2017-03-31": "25.67160", "2016-12-31": "-28.53670", "2016-09-30": "24.89790", "2016-06-30": "22.50390", "2016-03-31": "19.98900", "2015-12-31": "23.36790", "2015-09-30": "24.11610", "2015-06-30": "25.00560", "2015-03-31": "21.28580", "2014-12-31": "22.70060", "2014-09-30": "26.07510", "2014-06-30": "26.61550", "2014-03-31": "25.76370", "2013-12-31": "23.28930", "2013-09-30": "25.16870", "2013-06-30": "26.29780", "2013-03-31": "26.57430", "2012-12-31": "22.82500", "2012-09-30": "21.96380", "2012-06-30": "19.56680", "2012-03-31": "24.76020", "2011-12-31": "21.98020", "2011-09-30": "24.98470", "2011-06-30": "24.82500", "2011-03-31": "26.21700", "2010-12-31": "19.16080", "2010-09-30": "22.85870", "2010-06-30": "20.41200", "2010-03-31": "19.85540", "2009-12-31": "16.20170", "2009-09-30": "17.77700", "2009-06-30": "12.48780", "2009-03-31": "4.44520", "2008-12-31": "9.25020", "2008-09-30": "25.34800", "2008-06-30": "28.03290", "2008-03-31": "25.64860", "2007-12-31": "26.38680", "2007-09-30": "28.24140", "2007-06-30": "29.26480", "2007-03-31": "26.37380", "2006-12-31": "25.81590", "2006-09-30": "27.20290", "2006-06-30": "29.19430", "2006-03-31": "28.43260", "2005-12-31": "26.18340", "2005-09-30": "26.54210", "2005-06-30": "27.41590", "2005-03-31": "24.08220"}, "EBITDA Margin": {"2020-09-30": "", "2020-06-30": "", "2020-03-31": "", "2019-12-31": "", "2019-09-30": "", "2019-06-30": "", "2019-03-31": "", "2018-12-31": "", "2018-09-30": "", "2018-06-30": "", "2018-03-31": "", "2017-12-31": "", "2017-09-30": "", "2017-06-30": "", "2017-03-31": "", "2016-12-31": "", "2016-09-30": "", "2016-06-30": "", "2016-03-31": "", "2015-12-31": "", "2015-09-30": "", "2015-06-30": "", "2015-03-31": "", "2014-12-31": "", "2014-09-30": "", "2014-06-30": "", "2014-03-31": "", "2013-12-31": "", "2013-09-30": "", "2013-06-30": "", "2013-03-31": "", "2012-12-31": "", "2012-09-30": "", "2012-06-30": "", "2012-03-31": "", "2011-12-31": "", "2011-09-30": "", "2011-06-30": "", "2011-03-31": "", "2010-12-31": "", "2010-09-30": "", "2010-06-30": "", "2010-03-31": "", "2009-12-31": "", "2009-09-30": "", "2009-06-30": "", "2009-03-31": "", "2008-12-31": "", "2008-09-30": "", "2008-06-30": "", "2008-03-31": "", "2007-12-31": "", "2007-09-30": "", "2007-06-30": "", "2007-03-31": "", "2006-12-31": "", "2006-09-30": "", "2006-06-30": "", "2006-03-31": "", "2005-12-31": "", "2005-09-30": "", "2005-06-30": "", "2005-03-31": ""}, "Pre-Tax Profit Margin": {"2020-09-30": "27.54650", "2020-06-30": "11.45430", "2020-03-31": "21.97810", "2019-12-31": "24.38420", "2019-09-30": "24.16870", "2019-06-30": "25.17020", "2019-03-31": "24.87790", "2018-12-31": "22.15470", "2018-09-30": "25.97920", "2018-06-30": "24.78650", "2018-03-31": "26.43740", "2017-12-31": "19.61350", "2017-09-30": "25.37890", "2017-06-30": "25.19320", "2017-03-31": "23.95110", "2016-12-31": "-31.79080", "2016-09-30": "23.41620", "2016-06-30": "21.08630", "2016-03-31": "18.89140", "2015-12-31": "22.43360", "2015-09-30": "23.16750", "2015-06-30": "71.25030", "2015-03-31": "28.95750", "2014-12-31": "21.90850", "2014-09-30": "27.27930", "2014-06-30": "28.50300", "2014-03-31": "25.36370", "2013-12-31": "23.00210", "2013-09-30": "26.60350", "2013-06-30": "28.47460", "2013-03-31": "26.43790", "2012-12-31": "23.12460", "2012-09-30": "21.18400", "2012-06-30": "18.77520", "2012-03-31": "23.05680", "2011-12-31": "20.28070", "2011-09-30": "23.46720", "2011-06-30": "23.94880", "2011-03-31": "25.93410", "2010-12-31": "18.50450", "2010-09-30": "22.17850", "2010-06-30": "20.00960", "2010-03-31": "19.10200", "2009-12-31": "15.39790", "2009-09-30": "16.85990", "2009-06-30": "11.59960", "2009-03-31": "3.02290", "2008-12-31": "7.60820", "2008-09-30": "24.11420", "2008-06-30": "27.19520", "2008-03-31": "24.91970", "2007-12-31": "25.56560", "2007-09-30": "27.72370", "2007-06-30": "28.94760", "2007-03-31": "26.29690", "2006-12-31": "25.42360", "2006-09-30": "26.94970", "2006-06-30": "29.10600", "2006-03-31": "28.36500", "2005-12-31": "26.17360", "2005-09-30": "26.27990", "2005-06-30": "27.05970", "2005-03-31": "23.77330"}, "Net Profit Margin": {"2020-09-30": "25.97560", "2020-06-30": "7.85840", "2020-03-31": "19.49260", "2019-12-31": "20.57640", "2019-09-30": "21.00390", "2019-06-30": "20.57700", "2019-03-31": "21.42640", "2018-12-31": "18.13880", "2018-09-30": "22.28250", "2018-06-30": "20.99540", "2018-03-31": "21.04350", "2017-12-31": "9.70820", "2017-09-30": "19.86770", "2017-06-30": "21.03600", "2017-03-31": "17.83140", "2016-12-31": "-29.85510", "2016-09-30": "16.62270", "2016-06-30": "14.63460", "2016-03-31": "12.97160", "2015-12-31": "16.44690", "2015-09-30": "15.89130", "2015-06-30": "51.45830", "2015-03-31": "22.46380", "2014-12-31": "16.02620", "2014-09-30": "19.67890", "2014-06-30": "20.53520", "2014-03-31": "17.50060", "2013-12-31": "16.45610", "2013-09-30": "20.25050", "2013-06-30": "20.22340", "2013-03-31": "19.37590", "2012-12-31": "16.65970", "2012-09-30": "14.47760", "2012-06-30": "12.80910", "2012-03-31": "15.11220", "2011-12-31": "14.11170", "2011-09-30": "16.07760", "2011-06-30": "16.23560", "2011-03-31": "17.11370", "2010-12-31": "13.68930", "2010-09-30": "16.01940", "2010-06-30": "12.92950", "2010-03-31": "12.48480", "2009-12-31": "11.77550", "2009-09-30": "11.76850", "2009-06-30": "7.87610", "2009-03-31": "2.00750", "2008-12-31": "6.04840", "2008-09-30": "15.81420", "2008-06-30": "17.74820", "2008-03-31": "17.42410", "2007-12-31": "17.37800", "2007-09-30": "18.94290", "2007-06-30": "19.09380", "2007-03-31": "17.08150", "2006-12-31": "17.50900", "2006-09-30": "18.49270", "2006-06-30": "18.90620", "2006-03-31": "18.42820", "2005-12-31": "17.39140", "2005-09-30": "17.46300", "2005-06-30": "17.97890", "2005-03-31": "15.81750"}, "Asset Turnover": {"2020-09-30": "0.22030", "2020-06-30": "0.18700", "2020-03-31": "0.19180", "2019-12-31": "0.24360", "2019-09-30": "0.24460", "2019-06-30": "0.26110", "2019-03-31": "0.26140", "2018-12-31": "0.27600", "2018-09-30": "0.28000", "2018-06-30": "0.28820", "2018-03-31": "0.27240", "2017-12-31": "0.26960", "2017-09-30": "0.27050", "2017-06-30": "0.28280", "2017-03-31": "0.25920", "2016-12-31": "0.28080", "2016-09-30": "0.23020", "2016-06-30": "0.23990", "2016-03-31": "0.21310", "2015-12-31": "0.23400", "2015-09-30": "0.22990", "2015-06-30": "0.23640", "2015-03-31": "0.17340", "2014-12-31": "0.19810", "2014-09-30": "0.21190", "2014-06-30": "0.22140", "2014-03-31": "0.20270", "2013-12-31": "0.20490", "2013-09-30": "0.20800", "2013-06-30": "0.21340", "2013-03-31": "0.20180", "2012-12-31": "0.19190", "2012-09-30": "0.19730", "2012-06-30": "0.20320", "2012-03-31": "0.25290", "2011-12-31": "0.24660", "2011-09-30": "0.27080", "2011-06-30": "0.33900", "2011-03-31": "0.33210", "2010-12-31": "0.37190", "2010-09-30": "0.36040", "2010-06-30": "0.36720", "2010-03-31": "0.32600", "2009-12-31": "0.30710", "2009-09-30": "0.29640", "2009-06-30": "0.27630", "2009-03-31": "0.25010", "2008-12-31": "0.28750", "2008-09-30": "0.34120", "2008-06-30": "0.38740", "2008-03-31": "0.34150", "2007-12-31": "0.38230", "2007-09-30": "0.38330", "2007-06-30": "0.41790", "2007-03-31": "0.36650", "2006-12-31": "0.39760", "2006-09-30": "0.39760", "2006-06-30": "0.46160", "2006-03-31": "0.40940", "2005-12-31": "0.41650", "2005-09-30": "0.40940", "2005-06-30": "0.44900", "2005-03-31": "0.38790"}, "Inventory Turnover Ratio": {"2020-09-30": "0.74150", "2020-06-30": "0.63260", "2020-03-31": "0.60410", "2019-12-31": "0.74260", "2019-09-30": "0.66940", "2019-06-30": "0.67680", "2019-03-31": "0.63480", "2018-12-31": "0.69610", "2018-09-30": "0.70020", "2018-06-30": "0.71640", "2018-03-31": "0.68810", "2017-12-31": "0.72740", "2017-09-30": "0.78850", "2017-06-30": "0.79020", "2017-03-31": "0.71990", "2016-12-31": "0.80220", "2016-09-30": "0.74720", "2016-06-30": "0.79370", "2016-03-31": "0.67400", "2015-12-31": "0.76090", "2015-09-30": "0.75450", "2015-06-30": "0.79590", "2015-03-31": "0.79090", "2014-12-31": "0.88390", "2014-09-30": "0.91800", "2014-06-30": "0.99070", "2014-03-31": "0.88650", "2013-12-31": "0.93230", "2013-09-30": "0.95040", "2013-06-30": "0.95480", "2013-03-31": "0.90890", "2012-12-31": "0.94440", "2012-09-30": "0.96640", "2012-06-30": "1.03400", "2012-03-31": "0.92620", "2011-12-31": "0.93580", "2011-09-30": "0.90400", "2011-06-30": "0.90060", "2011-03-31": "0.90750", "2010-12-31": "0.97820", "2010-09-30": "1.00070", "2010-06-30": "1.18330", "2010-03-31": "1.13580", "2009-12-31": "1.17590", "2009-09-30": "1.14170", "2009-06-30": "1.09000", "2009-03-31": "0.85950", "2008-12-31": "0.93110", "2008-09-30": "1.01840", "2008-06-30": "1.20450", "2008-03-31": "1.04260", "2007-12-31": "1.27790", "2007-09-30": "1.24530", "2007-06-30": "1.33380", "2007-03-31": "1.06030", "2006-12-31": "1.26130", "2006-09-30": "1.27350", "2006-06-30": "1.51790", "2006-03-31": "1.37840", "2005-12-31": "1.57630", "2005-09-30": "1.40040", "2005-06-30": "1.62560", "2005-03-31": "1.34690"}, "Receiveable Turnover": {"2020-09-30": "1.39470", "2020-06-30": "1.29710", "2020-03-31": "1.36440", "2019-12-31": "1.54220", "2019-09-30": "1.44390", "2019-06-30": "1.47190", "2019-03-31": "1.40070", "2018-12-31": "1.48010", "2018-09-30": "1.43610", "2018-06-30": "1.45930", "2018-03-31": "1.39090", "2017-12-31": "1.40880", "2017-09-30": "1.46850", "2017-06-30": "1.46010", "2017-03-31": "1.39360", "2016-12-31": "1.59850", "2016-09-30": "1.46550", "2016-06-30": "1.42650", "2016-03-31": "1.34900", "2015-12-31": "1.44370", "2015-09-30": "1.38990", "2015-06-30": "1.27700", "2015-03-31": "1.25990", "2014-12-31": "1.42370", "2014-09-30": "1.40970", "2014-06-30": "1.40710", "2014-03-31": "1.38010", "2013-12-31": "1.48350", "2013-09-30": "1.42170", "2013-06-30": "1.45420", "2013-03-31": "1.46250", "2012-12-31": "1.47360", "2012-09-30": "1.46610", "2012-06-30": "1.39230", "2012-03-31": "1.35990", "2011-12-31": "1.42860", "2011-09-30": "1.45330", "2011-06-30": "1.46840", "2011-03-31": "1.41770", "2010-12-31": "1.58350", "2010-09-30": "1.40110", "2010-06-30": "1.38910", "2010-03-31": "1.38290", "2009-12-31": "1.45120", "2009-09-30": "1.37810", "2009-06-30": "1.31450", "2009-03-31": "1.29030", "2008-12-31": "1.30730", "2008-09-30": "1.41150", "2008-06-30": "1.43100", "2008-03-31": "1.35420", "2007-12-31": "1.46050", "2007-09-30": "1.42920", "2007-06-30": "1.44730", "2007-03-31": "1.38950", "2006-12-31": "1.51690", "2006-09-30": "1.52180", "2006-06-30": "1.57820", "2006-03-31": "1.48870", "2005-12-31": "1.51080", "2005-09-30": "1.47620", "2005-06-30": "1.49540", "2005-03-31": "1.41090"}, "Days Sales In Receivables": {"2020-09-30": "64.53130", "2020-06-30": "69.38560", "2020-03-31": "65.96140", "2019-12-31": "58.35930", "2019-09-30": "62.33230", "2019-06-30": "61.14640", "2019-03-31": "64.25330", "2018-12-31": "60.80810", "2018-09-30": "62.67060", "2018-06-30": "61.67450", "2018-03-31": "64.70550", "2017-12-31": "63.88320", "2017-09-30": "61.28530", "2017-06-30": "61.63910", "2017-03-31": "64.58070", "2016-12-31": "56.30170", "2016-09-30": "61.41080", "2016-06-30": "63.09280", "2016-03-31": "66.71660", "2015-12-31": "62.34180", "2015-09-30": "64.75320", "2015-06-30": "70.47920", "2015-03-31": "71.43190", "2014-12-31": "63.21780", "2014-09-30": "63.84470", "2014-06-30": "63.95980", "2014-03-31": "65.21260", "2013-12-31": "60.66560", "2013-09-30": "63.30360", "2013-06-30": "61.88770", "2013-03-31": "61.54040", "2012-12-31": "61.07300", "2012-09-30": "61.38880", "2012-06-30": "64.63940", "2012-03-31": "66.18010", "2011-12-31": "62.99840", "2011-09-30": "61.92600", "2011-06-30": "61.29060", "2011-03-31": "63.48200", "2010-12-31": "56.83610", "2010-09-30": "64.23600", "2010-06-30": "64.78860", "2010-03-31": "65.07860", "2009-12-31": "62.01930", "2009-09-30": "65.30600", "2009-06-30": "68.46630", "2009-03-31": "69.75200", "2008-12-31": "68.84350", "2008-09-30": "63.76360", "2008-06-30": "62.89500", "2008-03-31": "66.45770", "2007-12-31": "61.62100", "2007-09-30": "62.97050", "2007-06-30": "62.18520", "2007-03-31": "64.77290", "2006-12-31": "59.33240", "2006-09-30": "59.14170", "2006-06-30": "57.02720", "2006-03-31": "60.45600", "2005-12-31": "59.57260", "2005-09-30": "60.96650", "2005-06-30": "60.18280", "2005-03-31": "63.78930"}, "ROE - Return On Equity": {"2020-09-30": "9.78740", "2020-06-30": "2.80750", "2020-03-31": "7.14840", "2019-12-31": "8.27710", "2019-09-30": "8.55180", "2019-06-30": "9.51850", "2019-03-31": "10.27300", "2018-12-31": "9.80520", "2018-09-30": "11.63510", "2018-06-30": "12.52310", "2018-03-31": "11.75910", "2017-12-31": "5.03300", "2017-09-30": "10.48070", "2017-06-30": "12.25180", "2017-03-31": "10.71090", "2016-12-31": "-18.16130", "2016-09-30": "7.64130", "2016-06-30": "7.53510", "2016-03-31": "6.21000", "2015-12-31": "8.42480", "2015-09-30": "7.96410", "2015-06-30": "24.23470", "2015-03-31": "11.15850", "2014-12-31": "8.22790", "2014-09-30": "9.21780", "2014-06-30": "10.13850", "2014-03-31": "7.89620", "2013-12-31": "7.05400", "2013-09-30": "9.33000", "2013-06-30": "10.32700", "2013-03-31": "10.28370", "2012-12-31": "9.30650", "2012-09-30": "8.68600", "2012-06-30": "8.77700", "2012-03-31": "9.53610", "2011-12-31": "9.42680", "2011-09-30": "10.95810", "2011-06-30": "11.11610", "2011-03-31": "12.16540", "2010-12-31": "10.22590", "2010-09-30": "12.27780", "2010-06-30": "10.38770", "2010-03-31": "8.92180", "2009-12-31": "8.21780", "2009-09-30": "9.40350", "2009-06-30": "6.70760", "2009-03-31": "1.64360", "2008-12-31": "6.01430", "2008-09-30": "13.97580", "2008-06-30": "17.45110", "2008-03-31": "15.93540", "2007-12-31": "14.57370", "2007-09-30": "14.03020", "2007-06-30": "13.19310", "2007-03-31": "9.87220", "2006-12-31": "10.76030", "2006-09-30": "11.49640", "2006-06-30": "12.95560", "2006-03-31": "11.40250", "2005-12-31": "11.22030", "2005-09-30": "11.35570", "2005-06-30": "13.77380", "2005-03-31": "10.78020"}, "Return On Tangible Equity": {"2020-09-30": "17.21360", "2020-06-30": "5.48180", "2020-03-31": "13.15020", "2019-12-31": "15.29540", "2019-09-30": "16.15280", "2019-06-30": "18.90860", "2019-03-31": "22.66830", "2018-12-31": "25.27210", "2018-09-30": "28.27480", "2018-06-30": "36.64390", "2018-03-31": "35.29550", "2017-12-31": "13.93170", "2017-09-30": "28.36600", "2017-06-30": "41.02560", "2017-03-31": "52.88540", "2016-12-31": "-76.83340", "2016-09-30": "82.12730", "2016-06-30": "260.77120", "2016-03-31": "-126.09850", "2015-12-31": "409.48160", "2015-09-30": "954.26040", "2015-06-30": "267.27310", "2015-03-31": "-358.97800", "2014-12-31": "38.56030", "2014-09-30": "21.96660", "2014-06-30": "25.10110", "2014-03-31": "20.39630", "2013-12-31": "15.09420", "2013-09-30": "20.32370", "2013-06-30": "24.06270", "2013-03-31": "27.98900", "2012-12-31": "34.89470", "2012-09-30": "36.79940", "2012-06-30": "50.93870", "2012-03-31": "13.50260", "2011-12-31": "14.40380", "2011-09-30": "16.65120", "2011-06-30": "16.85150", "2011-03-31": "19.70840", "2010-12-31": "18.75090", "2010-09-30": "24.37600", "2010-06-30": "21.95510", "2010-03-31": "20.24490", "2009-12-31": "22.16120", "2009-09-30": "34.94670", "2009-06-30": "32.95940", "2009-03-31": "10.15030", "2008-12-31": "42.60660", "2008-09-30": "34.95230", "2008-06-30": "41.21070", "2008-03-31": "44.30190", "2007-12-31": "26.30010", "2007-09-30": "23.29960", "2007-06-30": "19.94500", "2007-03-31": "14.90400", "2006-12-31": "16.68200", "2006-09-30": "18.07710", "2006-06-30": "18.04860", "2006-03-31": "16.09310", "2005-12-31": "16.45270", "2005-09-30": "16.62390", "2005-06-30": "20.78320", "2005-03-31": "16.75680"}, "ROA - Return On Assets": {"2020-09-30": "5.72290", "2020-06-30": "1.46920", "2020-03-31": "3.73940", "2019-12-31": "5.01330", "2019-09-30": "5.13810", "2019-06-30": "5.37240", "2019-03-31": "5.60020", "2018-12-31": "5.00580", "2018-09-30": "6.23900", "2018-06-30": "6.05180", "2018-03-31": "5.73300", "2017-12-31": "2.61700", "2017-09-30": "5.37380", "2017-06-30": "5.94940", "2017-03-31": "4.62240", "2016-12-31": "-8.38330", "2016-09-30": "3.82690", "2016-06-30": "3.51140", "2016-03-31": "2.76390", "2015-12-31": "3.84830", "2015-09-30": "3.65370", "2015-06-30": "12.16690", "2015-03-31": "3.89420", "2014-12-31": "3.17460", "2014-09-30": "4.17080", "2014-06-30": "4.54640", "2014-03-31": "3.54720", "2013-12-31": "3.37150", "2013-09-30": "4.21210", "2013-06-30": "4.31500", "2013-03-31": "3.91000", "2012-12-31": "3.19750", "2012-09-30": "2.85630", "2012-06-30": "2.60300", "2012-03-31": "3.82210", "2011-12-31": "3.47980", "2011-09-30": "4.35350", "2011-06-30": "5.50350", "2011-03-31": "5.68380", "2010-12-31": "5.09130", "2010-09-30": "5.77290", "2010-06-30": "4.74760", "2010-03-31": "4.07000", "2009-12-31": "3.61620", "2009-09-30": "3.48760", "2009-06-30": "2.17650", "2009-03-31": "0.50210", "2008-12-31": "1.73870", "2008-09-30": "5.39550", "2008-06-30": "6.87630", "2008-03-31": "5.95000", "2007-12-31": "6.64360", "2007-09-30": "7.26070", "2007-06-30": "7.97890", "2007-03-31": "6.26090", "2006-12-31": "6.96180", "2006-09-30": "7.35260", "2006-06-30": "8.72680", "2006-03-31": "7.54430", "2005-12-31": "7.24350", "2005-09-30": "7.14960", "2005-06-30": "8.07290", "2005-03-31": "6.13550"}, "ROI - Return On Investment": {"2020-09-30": "7.91950", "2020-06-30": "2.02050", "2020-03-31": "5.13290", "2019-12-31": "7.13360", "2019-09-30": "7.15470", "2019-06-30": "7.97590", "2019-03-31": "8.52000", "2018-12-31": "7.24010", "2018-09-30": "8.71890", "2018-06-30": "8.83360", "2018-03-31": "8.44650", "2017-12-31": "3.83440", "2017-09-30": "7.98530", "2017-06-30": "8.99390", "2017-03-31": "6.98340", "2016-12-31": "-11.84910", "2016-09-30": "5.09470", "2016-06-30": "4.60800", "2016-03-31": "3.61340", "2015-12-31": "5.20730", "2015-09-30": "5.01150", "2015-06-30": "17.04610", "2015-03-31": "4.97410", "2014-12-31": "4.04950", "2014-09-30": "5.15690", "2014-06-30": "5.63200", "2014-03-31": "4.42930", "2013-12-31": "4.29140", "2013-09-30": "5.57880", "2013-06-30": "5.63820", "2013-03-31": "5.07150", "2012-12-31": "4.18190", "2012-09-30": "3.65070", "2012-06-30": "3.37260", "2012-03-31": "5.27270", "2011-12-31": "4.88550", "2011-09-30": "5.76930", "2011-06-30": "7.73210", "2011-03-31": "8.16550", "2010-12-31": "8.07730", "2010-09-30": "9.00710", "2010-06-30": "7.78340", "2010-03-31": "6.62310", "2009-12-31": "5.82230", "2009-09-30": "5.94270", "2009-06-30": "3.66590", "2009-03-31": "0.82570", "2008-12-31": "2.90020", "2008-09-30": "7.68670", "2008-06-30": "9.82390", "2008-03-31": "8.85200", "2007-12-31": "10.13780", "2007-09-30": "10.74150", "2007-06-30": "13.19310", "2007-03-31": "9.87220", "2006-12-31": "10.76030", "2006-09-30": "11.49640", "2006-06-30": "12.95560", "2006-03-31": "11.40250", "2005-12-31": "11.22030", "2005-09-30": "11.35570", "2005-06-30": "13.77380", "2005-03-31": "10.78020"}, "Book Value Per Share": {"2020-09-30": "6.95910", "2020-06-30": "6.16020", "2020-03-31": "6.11450", "2019-12-31": "6.12680", "2019-09-30": "5.89880", "2019-06-30": "5.55110", "2019-03-31": "5.07120", "2018-12-31": "4.55210", "2018-09-30": "4.78600", "2018-06-30": "4.25850", "2018-03-31": "4.33860", "2017-12-31": "4.27040", "2017-09-30": "4.27570", "2017-06-30": "3.87860", "2017-03-31": "3.40230", "2016-12-31": "3.42570", "2016-09-30": "4.26070", "2016-06-30": "4.04780", "2016-03-31": "3.81740", "2015-12-31": "3.79890", "2015-09-30": "3.79450", "2015-06-30": "4.11320", "2015-03-31": "3.50460", "2014-12-31": "3.35610", "2014-09-30": "3.62120", "2014-06-30": "3.62450", "2014-03-31": "3.53400", "2013-12-31": "3.46630", "2013-09-30": "3.27330", "2013-06-30": "3.04260", "2013-03-31": "2.75820", "2012-12-31": "2.49100", "2012-09-30": "2.34860", "2012-06-30": "2.15580", "2012-03-31": "2.04600", "2011-12-31": "1.80060", "2011-09-30": "1.86290", "2011-06-30": "1.87750", "2011-03-31": "1.68300", "2010-12-31": "1.46610", "2010-09-30": "1.37980", "2010-06-30": "1.32280", "2010-03-31": "1.26780", "2009-12-31": "1.16480", "2009-09-30": "1.02470", "2009-06-30": "0.96480", "2009-03-31": "0.93730", "2008-12-31": "0.93890", "2008-09-30": "1.31340", "2008-06-30": "1.35040", "2008-03-31": "1.22830", "2007-12-31": "1.31620", "2007-09-30": "1.48320", "2007-06-30": "1.70980", "2007-03-31": "1.71240", "2006-12-31": "1.65160", "2006-09-30": "1.61230", "2006-06-30": "1.56750", "2006-03-31": "1.51340", "2005-12-31": "1.40220", "2005-09-30": "1.32320", "2005-06-30": "1.25530", "2005-03-31": "1.20840"}, "Operating Cash Flow Per Share": {"2020-09-30": 0.6947, "2020-06-30": 0.5217, "2020-03-31": "0.31410", "2019-12-31": 0.6964, "2019-09-30": 0.7912, "2019-06-30": 0.6564, "2019-03-31": "0.29580", "2018-12-31": 0.6551, "2018-09-30": 0.4838, "2018-06-30": 0.6511, "2018-03-31": "0.33450", "2017-12-31": 0.5285, "2017-09-30": 0.6289, "2017-06-30": 0.4907, "2017-03-31": "0.29010", "2016-12-31": 0.3998, "2016-09-30": 0.669, "2016-06-30": 0.3767, "2016-03-31": "0.16970", "2015-12-31": 0.3129, "2015-09-30": 0.228, "2015-06-30": 0.2801, "2015-03-31": "0.26030", "2014-12-31": 0.3794, "2014-09-30": 0.4714, "2014-06-30": 0.3008, "2014-03-31": "0.15080", "2013-12-31": 0.3324, "2013-09-30": 0.4266, "2013-06-30": 0.3219, "2013-03-31": "0.20940", "2012-12-31": 0.3124, "2012-09-30": 0.3634, "2012-06-30": 0.2213, "2012-03-31": "0.12750", "2011-12-31": 0.2897, "2011-09-30": 0.3547, "2011-06-30": 0.1587, "2011-03-31": "0.07700", "2010-12-31": 0.2111, "2010-09-30": 0.1905, "2010-06-30": 0.0647, "2010-03-31": "0.08810", "2009-12-31": 0.2022, "2009-09-30": 0.2239, "2009-06-30": 0.2308, "2009-03-31": "0.15410", "2008-12-31": 0.279, "2008-09-30": 0.3117, "2008-06-30": 0.1281, "2008-03-31": "0.17150", "2007-12-31": 0.2744, "2007-09-30": 0.356, "2007-06-30": 0.1503, "2007-03-31": "0.11390", "2006-12-31": 0.1846, "2006-09-30": 0.2572, "2006-06-30": 0.1555, "2006-03-31": "0.15480", "2005-12-31": 0.2041, "2005-09-30": 0.2902, "2005-06-30": 0.1144, "2005-03-31": "0.12240"}, "Free Cash Flow Per Share": {"2020-09-30": 0.6194, "2020-06-30": 0.4402, "2020-03-31": "0.20440", "2019-12-31": 0.5476, "2019-09-30": 0.6025, "2019-06-30": 0.4265, "2019-03-31": "0.11770", "2018-12-31": 0.5729, "2018-09-30": 0.4134, "2018-06-30": 0.5438, "2018-03-31": "0.28350", "2017-12-31": 0.4634, "2017-09-30": 0.559, "2017-06-30": 0.4425, "2017-03-31": "0.24270", "2016-12-31": 0.3544, "2016-09-30": 0.6197, "2016-06-30": 0.3021, "2016-03-31": "0.09260", "2015-12-31": 0.2209, "2015-09-30": 0.3447, "2015-06-30": 3.5204, "2015-03-31": "0.20630", "2014-12-31": 0.351, "2014-09-30": 0.4261, "2014-06-30": 0.2459, "2014-03-31": "0.11400", "2013-12-31": 0.2891, "2013-09-30": 0.3961, "2013-06-30": 0.2896, "2013-03-31": "0.20020", "2012-12-31": 0.2882, "2012-09-30": 0.344, "2012-06-30": 0.2018, "2012-03-31": "0.09210", "2011-12-31": 0.2561, "2011-09-30": 0.3141, "2011-06-30": 0.1271, "2011-03-31": "0.05330", "2010-12-31": 0.1727, "2010-09-30": 0.1705, "2010-06-30": 0.048, "2010-03-31": "0.07210", "2009-12-31": 0.1909, "2009-09-30": 0.2216, "2009-06-30": 0.2109, "2009-03-31": "0.12510", "2008-12-31": 0.2339, "2008-09-30": 0.2659, "2008-06-30": 0.0905, "2008-03-31": "0.14290", "2007-12-31": 0.2315, "2007-09-30": 0.3204, "2007-06-30": 0.1083, "2007-03-31": "0.04930", "2006-12-31": 0.1293, "2006-09-30": 0.195, "2006-06-30": 0.1309, "2006-03-31": "0.13390", "2005-12-31": 0.167, "2005-09-30": 0.275, "2005-06-30": 0.0866, "2005-03-31": "0.10480"}}, "revenue": {"Graco Annual Revenue (Millions of US $)": {"2020": "$1,650", "2019": "$1,646", "2018": "$1,653", "2017": "$1,475", "2016": "$1,329", "2015": "$1,286", "2014": "$1,221", "2013": "$1,104", "2012": "$1,012", "2011": "$895", "2010": "$744", "2009": "$579", "2008": "$817", "2007": "$841", "2006": "$816", "2005": "$732"}, "Graco Quarterly Revenue (Millions of US $)": {"2020-12-31": "$470", "2020-09-30": "$439", "2020-06-30": "$367", "2020-03-31": "$374", "2019-12-31": "$412", "2019-09-30": "$401", "2019-06-30": "$428", "2019-03-31": "$405", "2018-12-31": "$406", "2018-09-30": "$416", "2018-06-30": "$425", "2018-03-31": "$406", "2017-12-31": "$375", "2017-09-30": "$380", "2017-06-30": "$379", "2017-03-31": "$341", "2016-12-31": "$349", "2016-09-30": "$327", "2016-06-30": "$348", "2016-03-31": "$305", "2015-12-31": "$326", "2015-09-30": "$319", "2015-06-30": "$335", "2015-03-31": "$306", "2014-12-31": "$306", "2014-09-30": "$303", "2014-06-30": "$323", "2014-03-31": "$290", "2013-12-31": "$272", "2013-09-30": "$277", "2013-06-30": "$286", "2013-03-31": "$269", "2012-12-31": "$254", "2012-09-30": "$256", "2012-06-30": "$268", "2012-03-31": "$234", "2011-12-31": "$216", "2011-09-30": "$227", "2011-06-30": "$235", "2011-03-31": "$218", "2010-12-31": "$197", "2010-09-30": "$190", "2010-06-30": "$192", "2010-03-31": "$165", "2009-12-31": "$146", "2009-09-30": "$147", "2009-06-30": "$148", "2009-03-31": "$138", "2008-12-31": "$167", "2008-09-30": "$207", "2008-06-30": "$239", "2008-03-31": "$204", "2007-12-31": "$205", "2007-09-30": "$207", "2007-06-30": "$231", "2007-03-31": "$197", "2006-12-31": "$203", "2006-09-30": "$202", "2006-06-30": "$219", "2006-03-31": "$192", "2005-12-31": "$186", "2005-09-30": "$177", "2005-06-30": "$198", "2005-03-31": "$171"}}, "gross-profit": {"Graco Annual Gross Profit (Millions of US $)": {"2020": "$855", "2019": "$860", "2018": "$883", "2017": "$795", "2016": "$711", "2015": "$685", "2014": "$667", "2013": "$607", "2012": "$551", "2011": "$500", "2010": "$403", "2009": "$293", "2008": "$432", "2007": "$447", "2006": "$434", "2005": "$379"}, "Graco Quarterly Gross Profit (Millions of US $)": {"2020-12-31": "$245", "2020-09-30": "$229", "2020-06-30": "$183", "2020-03-31": "$199", "2019-12-31": "$209", "2019-09-30": "$207", "2019-06-30": "$227", "2019-03-31": "$216", "2018-12-31": "$209", "2018-09-30": "$221", "2018-06-30": "$230", "2018-03-31": "$222", "2017-12-31": "$201", "2017-09-30": "$204", "2017-06-30": "$205", "2017-03-31": "$186", "2016-12-31": "$187", "2016-09-30": "$177", "2016-06-30": "$185", "2016-03-31": "$162", "2015-12-31": "$172", "2015-09-30": "$170", "2015-06-30": "$181", "2015-03-31": "$162", "2014-12-31": "$165", "2014-09-30": "$166", "2014-06-30": "$177", "2014-03-31": "$159", "2013-12-31": "$147", "2013-09-30": "$151", "2013-06-30": "$159", "2013-03-31": "$151", "2012-12-31": "$139", "2012-09-30": "$140", "2012-06-30": "$140", "2012-03-31": "$132", "2011-12-31": "$117", "2011-09-30": "$126", "2011-06-30": "$132", "2011-03-31": "$124", "2010-12-31": "$108", "2010-09-30": "$105", "2010-06-30": "$102", "2010-03-31": "$89", "2009-12-31": "$77", "2009-09-30": "$78", "2009-06-30": "$73", "2009-03-31": "$64", "2008-12-31": "$81", "2008-09-30": "$110", "2008-06-30": "$129", "2008-03-31": "$112", "2007-12-31": "$110", "2007-09-30": "$111", "2007-06-30": "$122", "2007-03-31": "$105", "2006-12-31": "$107", "2006-09-30": "$107", "2006-06-30": "$117", "2006-03-31": "$103", "2005-12-31": "$96", "2005-09-30": "$95", "2005-06-30": "$102", "2005-03-31": "$86"}}, "operating-income": {"Graco Annual Operating Income (Millions of US $)": {"2020": "$392", "2019": "$424", "2018": "$436", "2017": "$379", "2016": "$121", "2015": "$302", "2014": "$309", "2013": "$280", "2012": "$225", "2011": "$220", "2010": "$153", "2009": "$74", "2008": "$187", "2007": "$232", "2006": "$226", "2005": "$191"}, "Graco Quarterly Operating Income (Millions of US $)": {"2020-12-31": "$132", "2020-09-30": "$125", "2020-06-30": "$45", "2020-03-31": "$90", "2019-12-31": "$104", "2019-09-30": "$103", "2019-06-30": "$112", "2019-03-31": "$105", "2018-12-31": "$97", "2018-09-30": "$115", "2018-06-30": "$113", "2018-03-31": "$112", "2017-12-31": "$89", "2017-09-30": "$101", "2017-06-30": "$100", "2017-03-31": "$87", "2016-12-31": "$-100", "2016-09-30": "$81", "2016-06-30": "$78", "2016-03-31": "$61", "2015-12-31": "$76", "2015-09-30": "$77", "2015-06-30": "$84", "2015-03-31": "$65", "2014-12-31": "$69", "2014-09-30": "$79", "2014-06-30": "$86", "2014-03-31": "$75", "2013-12-31": "$63", "2013-09-30": "$70", "2013-06-30": "$75", "2013-03-31": "$71", "2012-12-31": "$58", "2012-09-30": "$56", "2012-06-30": "$52", "2012-03-31": "$58", "2011-12-31": "$47", "2011-09-30": "$57", "2011-06-30": "$58", "2011-03-31": "$57", "2010-12-31": "$38", "2010-09-30": "$43", "2010-06-30": "$39", "2010-03-31": "$33", "2009-12-31": "$24", "2009-09-30": "$26", "2009-06-30": "$18", "2009-03-31": "$6", "2008-12-31": "$15", "2008-09-30": "$53", "2008-06-30": "$67", "2008-03-31": "$52", "2007-12-31": "$54", "2007-09-30": "$59", "2007-06-30": "$68", "2007-03-31": "$52", "2006-12-31": "$53", "2006-09-30": "$55", "2006-06-30": "$64", "2006-03-31": "$55", "2005-12-31": "$49", "2005-09-30": "$47", "2005-06-30": "$54", "2005-03-31": "$41"}}, "ebitda": {"Graco Annual EBITDA (Millions of US $)": {"2019": "$473", "2018": "$484", "2017": "$424", "2016": "$169", "2015": "$347", "2014": "$344", "2013": "$317", "2012": "$263", "2011": "$252", "2010": "$187", "2009": "$110", "2008": "$223", "2007": "$261", "2006": "$252", "2005": "$215"}, "Graco Quarterly EBITDA (Millions of US $)": {"2020-09-30": "$139", "2020-06-30": "$59", "2020-03-31": "$103", "2019-12-31": "$117", "2019-09-30": "$116", "2019-06-30": "$124", "2019-03-31": "$117", "2018-12-31": "$109", "2018-09-30": "$127", "2018-06-30": "$124", "2018-03-31": "$124", "2017-12-31": "$101", "2017-09-30": "$113", "2017-06-30": "$112", "2017-03-31": "$99", "2016-12-31": "$-88", "2016-09-30": "$94", "2016-06-30": "$91", "2016-03-31": "$73", "2015-12-31": "$87", "2015-09-30": "$88", "2015-06-30": "$95", "2015-03-31": "$76", "2014-12-31": "$77", "2014-09-30": "$88", "2014-06-30": "$95", "2014-03-31": "$84", "2013-12-31": "$73", "2013-09-30": "$79", "2013-06-30": "$85", "2013-03-31": "$81", "2012-12-31": "$68", "2012-09-30": "$66", "2012-06-30": "$63", "2012-03-31": "$66", "2011-12-31": "$54", "2011-09-30": "$66", "2011-06-30": "$67", "2011-03-31": "$65", "2010-12-31": "$46", "2010-09-30": "$52", "2010-06-30": "$48", "2010-03-31": "$41", "2009-12-31": "$33", "2009-09-30": "$35", "2009-06-30": "$27", "2009-03-31": "$15", "2008-12-31": "$28", "2008-09-30": "$60", "2008-06-30": "$75", "2008-03-31": "$60", "2007-12-31": "$62", "2007-09-30": "$65", "2007-06-30": "$75", "2007-03-31": "$59", "2006-12-31": "$60", "2006-09-30": "$62", "2006-06-30": "$70", "2006-03-31": "$60", "2005-12-31": "$54", "2005-09-30": "$53", "2005-06-30": "$60", "2005-03-31": "$47"}}, "net-income": {"Graco Annual Net Income (Millions of US $)": {"2020": "$330", "2019": "$344", "2018": "$341", "2017": "$252", "2016": "$41", "2015": "$346", "2014": "$226", "2013": "$211", "2012": "$149", "2011": "$142", "2010": "$103", "2009": "$49", "2008": "$121", "2007": "$153", "2006": "$150", "2005": "$126"}, "Graco Quarterly Net Income (Millions of US $)": {"2020-12-31": "$115", "2020-09-30": "$114", "2020-06-30": "$29", "2020-03-31": "$73", "2019-12-31": "$85", "2019-09-30": "$84", "2019-06-30": "$88", "2019-03-31": "$87", "2018-12-31": "$74", "2018-09-30": "$93", "2018-06-30": "$89", "2018-03-31": "$86", "2017-12-31": "$36", "2017-09-30": "$75", "2017-06-30": "$80", "2017-03-31": "$61", "2016-12-31": "$-104", "2016-09-30": "$54", "2016-06-30": "$51", "2016-03-31": "$40", "2015-12-31": "$54", "2015-09-30": "$51", "2015-06-30": "$173", "2015-03-31": "$69", "2014-12-31": "$49", "2014-09-30": "$60", "2014-06-30": "$66", "2014-03-31": "$51", "2013-12-31": "$45", "2013-09-30": "$56", "2013-06-30": "$58", "2013-03-31": "$52", "2012-12-31": "$42", "2012-09-30": "$37", "2012-06-30": "$34", "2012-03-31": "$35", "2011-12-31": "$30", "2011-09-30": "$37", "2011-06-30": "$38", "2011-03-31": "$37", "2010-12-31": "$27", "2010-09-30": "$30", "2010-06-30": "$25", "2010-03-31": "$21", "2009-12-31": "$17", "2009-09-30": "$17", "2009-06-30": "$12", "2009-03-31": "$3", "2008-12-31": "$10", "2008-09-30": "$33", "2008-06-30": "$42", "2008-03-31": "$36", "2007-12-31": "$36", "2007-09-30": "$39", "2007-06-30": "$44", "2007-03-31": "$34", "2006-12-31": "$36", "2006-09-30": "$37", "2006-06-30": "$41", "2006-03-31": "$35", "2005-12-31": "$32", "2005-09-30": "$31", "2005-06-30": "$36", "2005-03-31": "$27"}}, "eps-earnings-per-share-diluted": {"Graco Annual EPS": {"2020": "$1.92", "2019": "$2.00", "2018": "$1.97", "2017": "$1.45", "2016": "$0.24", "2015": "$1.95", "2014": "$1.22", "2013": "$1.12", "2012": "$0.81", "2011": "$0.77", "2010": "$0.56", "2009": "$0.27", "2008": "$0.66", "2007": "$0.77", "2006": "$0.72", "2005": "$0.60"}, "Graco Quarterly EPS": {"2020-12-31": "$0.66", "2020-09-30": "$0.66", "2020-06-30": "$0.17", "2020-03-31": "$0.42", "2019-12-31": "$0.49", "2019-09-30": "$0.49", "2019-06-30": "$0.51", "2019-03-31": "$0.51", "2018-12-31": "$0.43", "2018-09-30": "$0.54", "2018-06-30": "$0.51", "2018-03-31": "$0.49", "2017-12-31": "$0.21", "2017-09-30": "$0.43", "2017-06-30": "$0.46", "2017-03-31": "$0.35", "2016-12-31": "$-0.61", "2016-09-30": "$0.32", "2016-06-30": "$0.30", "2016-03-31": "$0.23", "2015-12-31": "$0.32", "2015-09-30": "$0.29", "2015-06-30": "$0.97", "2015-03-31": "$0.38", "2014-12-31": "$0.27", "2014-09-30": "$0.32", "2014-06-30": "$0.36", "2014-03-31": "$0.27", "2013-12-31": "$0.24", "2013-09-30": "$0.30", "2013-06-30": "$0.31", "2013-03-31": "$0.28", "2012-12-31": "$0.23", "2012-09-30": "$0.20", "2012-06-30": "$0.19", "2012-03-31": "$0.19", "2011-12-31": "$0.17", "2011-09-30": "$0.20", "2011-06-30": "$0.20", "2011-03-31": "$0.20", "2010-12-31": "$0.15", "2010-09-30": "$0.17", "2010-06-30": "$0.14", "2010-03-31": "$0.11", "2009-12-31": "$0.09", "2009-09-30": "$0.10", "2009-06-30": "$0.06", "2009-03-31": "$0.02", "2008-12-31": "$0.06", "2008-09-30": "$0.18", "2008-06-30": "$0.23", "2008-03-31": "$0.19", "2007-12-31": "$0.19", "2007-09-30": "$0.20", "2007-06-30": "$0.22", "2007-03-31": "$0.17", "2006-12-31": "$0.17", "2006-09-30": "$0.18", "2006-06-30": "$0.20", "2006-03-31": "$0.17", "2005-12-31": "$0.16", "2005-09-30": "$0.15", "2005-06-30": "$0.17", "2005-03-31": "$0.13"}}, "shares-outstanding": {"Graco Annual Shares Outstanding (Millions of Shares)": {"2020": "172", "2019": "172", "2018": "173", "2017": "174", "2016": "171", "2015": "177", "2014": "185", "2013": "188", "2012": "185", "2011": "184", "2010": "182", "2009": "181", "2008": "183", "2007": "198", "2006": "207", "2005": "210"}, "Graco Quarterly Shares Outstanding (Millions of Shares)": {"2020-12-31": "173", "2020-09-30": "172", "2020-06-30": "171", "2020-03-31": "173", "2019-12-31": "172", "2019-09-30": "172", "2019-06-30": "172", "2019-03-31": "171", "2018-12-31": "173", "2018-09-30": "173", "2018-06-30": "173", "2018-03-31": "176", "2017-12-31": "174", "2017-09-30": "175", "2017-06-30": "174", "2017-03-31": "173", "2016-12-31": "171", "2016-09-30": "171", "2016-06-30": "171", "2016-03-31": "170", "2015-12-31": "177", "2015-09-30": "176", "2015-06-30": "179", "2015-03-31": "181", "2014-12-31": "185", "2014-09-30": "185", "2014-06-30": "186", "2014-03-31": "187", "2013-12-31": "188", "2013-09-30": "189", "2013-06-30": "189", "2013-03-31": "187", "2012-12-31": "185", "2012-09-30": "185", "2012-06-30": "185", "2012-03-31": "184", "2011-12-31": "184", "2011-09-30": "184", "2011-06-30": "186", "2011-03-31": "184", "2010-12-31": "182", "2010-09-30": "182", "2010-06-30": "184", "2010-03-31": "182", "2009-12-31": "181", "2009-09-30": "181", "2009-06-30": "181", "2009-03-31": "180", "2008-12-31": "183", "2008-09-30": "181", "2008-06-30": "184", "2008-03-31": "186", "2007-12-31": "198", "2007-09-30": "197", "2007-06-30": "201", "2007-03-31": "203", "2006-12-31": "207", "2006-09-30": "206", "2006-06-30": "208", "2006-03-31": "209", "2005-12-31": "210", "2005-09-30": "209", "2005-06-30": "210", "2005-03-31": "211"}}, "total-assets": {"Graco Annual Total Assets (Millions of US $)": {"2019": "$1,692", "2018": "$1,473", "2017": "$1,391", "2016": "$1,243", "2015": "$1,391", "2014": "$1,545", "2013": "$1,327", "2012": "$1,322", "2011": "$874", "2010": "$530", "2009": "$476", "2008": "$580", "2007": "$537", "2006": "$512", "2005": "$446"}, "Graco Quarterly Total Assets (Millions of US $)": {"2020-09-30": "$1,994", "2020-06-30": "$1,962", "2020-03-31": "$1,947", "2019-12-31": "$1,692", "2019-09-30": "$1,637", "2019-06-30": "$1,641", "2019-03-31": "$1,549", "2018-12-31": "$1,473", "2018-09-30": "$1,486", "2018-06-30": "$1,473", "2018-03-31": "$1,492", "2017-12-31": "$1,391", "2017-09-30": "$1,404", "2017-06-30": "$1,342", "2017-03-31": "$1,314", "2016-12-31": "$1,243", "2016-09-30": "$1,421", "2016-06-30": "$1,451", "2016-03-31": "$1,431", "2015-12-31": "$1,391", "2015-09-30": "$1,387", "2015-06-30": "$1,419", "2015-03-31": "$1,768", "2014-12-31": "$1,545", "2014-09-30": "$1,428", "2014-06-30": "$1,457", "2014-03-31": "$1,431", "2013-12-31": "$1,327", "2013-09-30": "$1,332", "2013-06-30": "$1,341", "2013-03-31": "$1,333", "2012-12-31": "$1,322", "2012-09-30": "$1,300", "2012-06-30": "$1,320", "2012-03-31": "$926", "2011-12-31": "$874", "2011-09-30": "$840", "2011-06-30": "$692", "2011-03-31": "$655", "2010-12-31": "$530", "2010-09-30": "$527", "2010-06-30": "$523", "2010-03-31": "$505", "2009-12-31": "$476", "2009-09-30": "$497", "2009-06-30": "$535", "2009-03-31": "$551", "2008-12-31": "$580", "2008-09-30": "$607", "2008-06-30": "$617", "2008-03-31": "$598", "2007-12-31": "$537", "2007-09-30": "$541", "2007-06-30": "$554", "2007-03-31": "$539", "2006-12-31": "$512", "2006-09-30": "$509", "2006-06-30": "$474", "2006-03-31": "$470", "2005-12-31": "$446", "2005-09-30": "$432", "2005-06-30": "$441", "2005-03-31": "$441"}}, "cash-on-hand": {"Graco Annual Cash on Hand (Millions of US $)": {"2019": "$221", "2018": "$132", "2017": "$104", "2016": "$52", "2015": "$52", "2014": "$445", "2013": "$442", "2012": "$458", "2011": "$303", "2010": "$10", "2009": "$5", "2008": "$12", "2007": "$5", "2006": "$6", "2005": "$19"}, "Graco Quarterly Cash on Hand (Millions of US $)": {"2020-09-30": "$425", "2020-06-30": "$433", "2020-03-31": "$457", "2019-12-31": "$221", "2019-09-30": "$177", "2019-06-30": "$181", "2019-03-31": "$120", "2018-12-31": "$132", "2018-09-30": "$138", "2018-06-30": "$110", "2018-03-31": "$114", "2017-12-31": "$104", "2017-09-30": "$140", "2017-06-30": "$75", "2017-03-31": "$77", "2016-12-31": "$52", "2016-09-30": "$53", "2016-06-30": "$44", "2016-03-31": "$36", "2015-12-31": "$52", "2015-09-30": "$52", "2015-06-30": "$44", "2015-03-31": "$449", "2014-12-31": "$445", "2014-09-30": "$451", "2014-06-30": "$451", "2014-03-31": "$446", "2013-12-31": "$442", "2013-09-30": "$440", "2013-06-30": "$454", "2013-03-31": "$463", "2012-12-31": "$458", "2012-09-30": "$454", "2012-06-30": "$450", "2012-03-31": "$327", "2011-12-31": "$303", "2011-09-30": "$275", "2011-06-30": "$119", "2011-03-31": "$103", "2010-12-31": "$10", "2010-09-30": "$10", "2010-06-30": "$5", "2010-03-31": "$12", "2009-12-31": "$5", "2009-09-30": "$5", "2009-06-30": "$14", "2009-03-31": "$15", "2008-12-31": "$12", "2008-09-30": "$5", "2008-06-30": "$5", "2008-03-31": "$7", "2007-12-31": "$5", "2007-09-30": "$10", "2007-06-30": "$5", "2007-03-31": "$5", "2006-12-31": "$6", "2006-09-30": "$9", "2006-06-30": "$18", "2006-03-31": "$27", "2005-12-31": "$19", "2005-09-30": "$14", "2005-06-30": "$7", "2005-03-31": "$12"}}, "long-term-debt": {"Graco Annual Long Term Debt (Millions of US $)": {"2019": "$164", "2018": "$266", "2017": "$226", "2016": "$306", "2015": "$393", "2014": "$615", "2013": "$408", "2012": "$556", "2011": "$300", "2010": "$70", "2009": "$86", "2008": "$180", "2007": "$107", "2006": "$", "2005": "$"}, "Graco Quarterly Long Term Debt (Millions of US $)": {"2020-09-30": "$275", "2020-06-30": "$400", "2020-03-31": "$400", "2019-12-31": "$164", "2019-09-30": "$192", "2019-06-30": "$179", "2019-03-31": "$174", "2018-12-31": "$266", "2018-09-30": "$266", "2018-06-30": "$297", "2018-03-31": "$285", "2017-12-31": "$226", "2017-09-30": "$225", "2017-06-30": "$236", "2017-03-31": "$303", "2016-12-31": "$306", "2016-09-30": "$356", "2016-06-30": "$429", "2016-03-31": "$458", "2015-12-31": "$393", "2015-09-30": "$375", "2015-06-30": "$300", "2015-03-31": "$767", "2014-12-31": "$615", "2014-09-30": "$509", "2014-06-30": "$523", "2014-03-31": "$503", "2013-12-31": "$408", "2013-09-30": "$404", "2013-06-30": "$466", "2013-03-31": "$521", "2012-12-31": "$556", "2012-09-30": "$590", "2012-06-30": "$627", "2012-03-31": "$300", "2011-12-31": "$300", "2011-09-30": "$300", "2011-06-30": "$150", "2011-03-31": "$150", "2010-12-31": "$70", "2010-09-30": "$90", "2010-06-30": "$80", "2010-03-31": "$80", "2009-12-31": "$86", "2009-09-30": "$107", "2009-06-30": "$144", "2009-03-31": "$167", "2008-12-31": "$180", "2008-09-30": "$192", "2008-06-30": "$189", "2008-03-31": "$179", "2007-12-31": "$107", "2007-09-30": "$86", "2007-06-30": "", "2007-03-31": "", "2006-12-31": "", "2006-09-30": "", "2006-06-30": "", "2006-03-31": "", "2005-12-31": "", "2005-09-30": "", "2005-06-30": "", "2005-03-31": ""}}, "total-liabilities": {"Graco Annual Total Liabilities (Millions of US $)": {"2019": "$667", "2018": "$721", "2017": "$668", "2016": "$669", "2015": "$756", "2014": "$949", "2013": "$693", "2012": "$868", "2011": "$552", "2010": "$266", "2009": "$267", "2008": "$412", "2007": "$292", "2006": "$181", "2005": "$158"}, "Graco Quarterly Total Liabilities (Millions of US $)": {"2020-09-30": "$828", "2020-06-30": "$935", "2020-03-31": "$929", "2019-12-31": "$667", "2019-09-30": "$654", "2019-06-30": "$715", "2019-03-31": "$705", "2018-12-31": "$721", "2018-09-30": "$689", "2018-06-30": "$761", "2018-03-31": "$764", "2017-12-31": "$668", "2017-09-30": "$684", "2017-06-30": "$690", "2017-03-31": "$747", "2016-12-31": "$669", "2016-09-30": "$709", "2016-06-30": "$775", "2016-03-31": "$794", "2015-12-31": "$756", "2015-09-30": "$751", "2015-06-30": "$707", "2015-03-31": "$1,151", "2014-12-31": "$949", "2014-09-30": "$782", "2014-06-30": "$804", "2014-03-31": "$788", "2013-12-31": "$693", "2013-09-30": "$731", "2013-06-30": "$780", "2013-03-31": "$826", "2012-12-31": "$868", "2012-09-30": "$872", "2012-06-30": "$928", "2012-03-31": "$555", "2011-12-31": "$552", "2011-09-30": "$506", "2011-06-30": "$350", "2011-03-31": "$349", "2010-12-31": "$266", "2010-09-30": "$279", "2010-06-30": "$284", "2010-03-31": "$275", "2009-12-31": "$267", "2009-09-30": "$313", "2009-06-30": "$361", "2009-03-31": "$383", "2008-12-31": "$412", "2008-09-30": "$373", "2008-06-30": "$374", "2008-03-31": "$375", "2007-12-31": "$292", "2007-09-30": "$261", "2007-06-30": "$219", "2007-03-31": "$197", "2006-12-31": "$181", "2006-09-30": "$183", "2006-06-30": "$155", "2006-03-31": "$159", "2005-12-31": "$158", "2005-09-30": "$160", "2005-06-30": "$183", "2005-03-31": "$190"}}, "total-share-holder-equity": {"Graco Annual Share Holder Equity (Millions of US $)": {"2019": "$1,025", "2018": "$752", "2017": "$723", "2016": "$574", "2015": "$636", "2014": "$596", "2013": "$634", "2012": "$454", "2011": "$323", "2010": "$264", "2009": "$210", "2008": "$168", "2007": "$245", "2006": "$331", "2005": "$288"}, "Graco Quarterly Share Holder Equity (Millions of US $)": {"2020-09-30": "$1,166", "2020-06-30": "$1,027", "2020-03-31": "$1,019", "2019-12-31": "$1,025", "2019-09-30": "$984", "2019-06-30": "$926", "2019-03-31": "$844", "2018-12-31": "$752", "2018-09-30": "$797", "2018-06-30": "$712", "2018-03-31": "$727", "2017-12-31": "$723", "2017-09-30": "$720", "2017-06-30": "$652", "2017-03-31": "$567", "2016-12-31": "$574", "2016-09-30": "$712", "2016-06-30": "$676", "2016-03-31": "$637", "2015-12-31": "$636", "2015-09-30": "$636", "2015-06-30": "$712", "2015-03-31": "$617", "2014-12-31": "$596", "2014-09-30": "$646", "2014-06-30": "$653", "2014-03-31": "$643", "2013-12-31": "$634", "2013-09-30": "$601", "2013-06-30": "$560", "2013-03-31": "$507", "2012-12-31": "$454", "2012-09-30": "$427", "2012-06-30": "$391", "2012-03-31": "$371", "2011-12-31": "$323", "2011-09-30": "$334", "2011-06-30": "$343", "2011-03-31": "$306", "2010-12-31": "$264", "2010-09-30": "$248", "2010-06-30": "$239", "2010-03-31": "$231", "2009-12-31": "$210", "2009-09-30": "$184", "2009-06-30": "$173", "2009-03-31": "$168", "2008-12-31": "$168", "2008-09-30": "$234", "2008-06-30": "$243", "2008-03-31": "$223", "2007-12-31": "$245", "2007-09-30": "$280", "2007-06-30": "$335", "2007-03-31": "$342", "2006-12-31": "$331", "2006-09-30": "$325", "2006-06-30": "$319", "2006-03-31": "$311", "2005-12-31": "$288", "2005-09-30": "$272", "2005-06-30": "$259", "2005-03-31": "$251"}}, "profit-margins": {"current": "20.03%"}, "gross margin": {"2020-12-31": "51.88%", "2020-09-30": "51.51%", "2020-06-30": "51.35%", "2020-03-31": "52.14%", "2019-12-31": "52.19%", "2019-09-30": "52.38%", "2019-06-30": "52.75%", "2019-03-31": "53.03%", "2018-12-31": "53.36%", "2018-09-30": "53.88%", "2018-06-30": "54.04%", "2018-03-31": "54.03%", "2017-12-31": "53.97%", "2017-09-30": "53.97%", "2017-06-30": "54.08%", "2017-03-31": "53.85%", "2016-12-31": "53.50%", "2016-09-30": "53.29%", "2016-06-30": "53.08%", "2016-03-31": "53.31%", "2015-12-31": "53.27%", "2015-09-30": "53.55%", "2015-06-30": "53.92%", "2015-03-31": "54.12%", "2014-12-31": "54.58%", "2014-09-30": "54.63%", "2014-06-30": "54.56%", "2014-03-31": "54.76%", "2013-12-31": "55.07%", "2013-09-30": "55.25%", "2013-06-30": "55.31%", "2013-03-31": "54.44%", "2012-12-31": "54.45%", "2012-09-30": "54.31%", "2012-06-30": "54.50%", "2012-03-31": "55.59%", "2011-12-31": "55.69%", "2011-09-30": "55.87%", "2011-06-30": "55.83%", "2011-03-31": "55.08%", "2010-12-31": "54.30%", "2010-09-30": "53.82%", "2010-06-30": "53.23%", "2010-03-31": "52.31%", "2009-12-31": "50.43%", "2009-09-30": "49.33%", "2009-06-30": "49.70%", "2009-03-31": "51.13%", "2008-12-31": "52.88%", "2008-09-30": "53.92%", "2008-06-30": "54.04%", "2008-03-31": "53.72%", "2007-12-31": "53.33%", "2007-09-30": "53.10%", "2007-06-30": "52.94%", "2007-03-31": "53.11%", "2006-12-31": "53.19%", "2006-09-30": "52.94%", "2006-06-30": "53.10%", "2006-03-31": "52.59%", "2005-12-31": "51.78%"}, "operating margin": {"2020-12-31": "23.76%", "2020-09-30": "22.86%", "2020-06-30": "22.01%", "2020-03-31": "25.33%", "2019-12-31": "25.76%", "2019-09-30": "25.43%", "2019-06-30": "25.92%", "2019-03-31": "26.03%", "2018-12-31": "26.44%", "2018-09-30": "26.45%", "2018-06-30": "26.17%", "2018-03-31": "26.10%", "2017-12-31": "25.56%", "2017-09-30": "12.97%", "2017-06-30": "12.03%", "2017-03-31": "10.70%", "2016-12-31": "9.03%", "2016-09-30": "22.66%", "2016-06-30": "22.50%", "2016-03-31": "23.19%", "2015-12-31": "23.48%", "2015-09-30": "23.30%", "2015-06-30": "23.76%", "2015-03-31": "24.15%", "2014-12-31": "25.29%", "2014-09-30": "25.51%", "2014-06-30": "25.30%", "2014-03-31": "25.16%", "2013-12-31": "25.27%", "2013-09-30": "25.23%", "2013-06-30": "24.41%", "2013-03-31": "22.64%", "2012-12-31": "22.13%", "2012-09-30": "21.87%", "2012-06-30": "22.65%", "2012-03-31": "24.12%", "2011-12-31": "24.44%", "2011-09-30": "23.95%", "2011-06-30": "23.33%", "2011-03-31": "22.21%", "2010-12-31": "20.56%", "2010-09-30": "20.06%", "2010-06-30": "18.77%", "2010-03-31": "16.67%", "2009-12-31": "12.78%", "2009-09-30": "10.83%", "2009-06-30": "13.94%", "2009-03-31": "18.77%", "2008-12-31": "22.89%", "2008-09-30": "26.43%", "2008-06-30": "27.13%", "2008-03-31": "27.51%", "2007-12-31": "27.74%", "2007-09-30": "27.68%", "2007-06-30": "27.37%", "2007-03-31": "27.28%", "2006-12-31": "27.82%", "2006-09-30": "27.91%", "2006-06-30": "27.78%", "2006-03-31": "27.22%", "2005-12-31": "26.09%"}, "ebitda margin": {"2020-09-30": "26.26%", "2020-06-30": "25.42%", "2020-03-31": "28.48%", "2019-12-31": "28.80%", "2019-09-30": "28.41%", "2019-06-30": "28.82%", "2019-03-31": "28.87%", "2018-12-31": "29.28%", "2018-09-30": "29.35%", "2018-06-30": "29.13%", "2018-03-31": "29.22%", "2017-12-31": "28.81%", "2017-09-30": "16.29%", "2017-06-30": "15.54%", "2017-03-31": "14.36%", "2016-12-31": "12.79%", "2016-09-30": "26.42%", "2016-06-30": "26.12%", "2016-03-31": "26.69%", "2015-12-31": "26.91%", "2015-09-30": "26.54%", "2015-06-30": "26.88%", "2015-03-31": "27.14%", "2014-12-31": "28.15%", "2014-09-30": "28.62%", "2014-06-30": "28.49%", "2014-03-31": "28.53%", "2013-12-31": "28.80%", "2013-09-30": "28.82%", "2013-06-30": "28.17%", "2013-03-31": "26.55%", "2012-12-31": "25.99%", "2012-09-30": "25.56%", "2012-06-30": "26.35%", "2012-03-31": "27.74%", "2011-12-31": "28.13%", "2011-09-30": "27.82%", "2011-06-30": "27.38%", "2011-03-31": "26.47%", "2010-12-31": "25.13%", "2010-09-30": "25.11%", "2010-06-30": "24.15%", "2010-03-31": "22.44%", "2009-12-31": "19.00%", "2009-09-30": "17.50%", "2009-06-30": "19.70%", "2009-03-31": "23.70%", "2008-12-31": "27.29%", "2008-09-30": "30.06%", "2008-06-30": "30.64%", "2008-03-31": "30.93%", "2007-12-31": "31.07%", "2007-09-30": "30.91%", "2007-06-30": "30.73%", "2007-03-31": "30.57%", "2006-12-31": "30.88%", "2006-09-30": "30.79%", "2006-06-30": "30.62%", "2006-03-31": "30.15%", "2005-12-31": "29.23%"}, "pre tax profit margin": {"2020-12-31": "22.73%", "2020-09-30": "21.73%", "2020-06-30": "20.72%", "2020-03-31": "24.02%", "2019-12-31": "24.73%", "2019-09-30": "24.15%", "2019-06-30": "24.59%", "2019-03-31": "24.46%", "2018-12-31": "24.80%", "2018-09-30": "24.29%", "2018-06-30": "24.09%", "2018-03-31": "24.22%", "2017-12-31": "23.59%", "2017-09-30": "11.25%", "2017-06-30": "10.32%", "2017-03-31": "8.86%", "2016-12-31": "7.30%", "2016-09-30": "21.52%", "2016-06-30": "21.42%", "2016-03-31": "34.55%", "2015-12-31": "36.94%", "2015-09-30": "37.05%", "2015-06-30": "38.24%", "2015-03-31": "26.74%", "2014-12-31": "25.86%", "2014-09-30": "26.26%", "2014-06-30": "26.08%", "2014-03-31": "25.96%", "2013-12-31": "26.18%", "2013-09-30": "26.24%", "2013-06-30": "24.88%", "2013-03-31": "22.35%", "2012-12-31": "21.44%", "2012-09-30": "20.74%", "2012-06-30": "21.27%", "2012-03-31": "22.70%", "2011-12-31": "23.33%", "2011-09-30": "23.03%", "2011-06-30": "22.74%", "2011-03-31": "21.71%", "2010-12-31": "19.89%", "2010-09-30": "19.34%", "2010-06-30": "18.00%", "2010-03-31": "15.84%", "2009-12-31": "11.92%", "2009-09-30": "9.83%", "2009-06-30": "12.73%", "2009-03-31": "17.58%", "2008-12-31": "21.91%", "2008-09-30": "25.50%", "2008-06-30": "26.32%", "2008-03-31": "26.80%", "2007-12-31": "27.14%", "2007-09-30": "27.21%", "2007-06-30": "27.01%", "2007-03-31": "27.04%", "2006-12-31": "27.57%", "2006-09-30": "27.78%", "2006-06-30": "27.65%", "2006-03-31": "27.09%", "2005-12-31": "25.96%"}, "net profit margin": {"2020-12-31": "20.06%", "2020-09-30": "18.91%", "2020-06-30": "17.44%", "2020-03-31": "20.43%", "2019-12-31": "20.90%", "2019-09-30": "20.30%", "2019-06-30": "20.66%", "2019-03-31": "20.76%", "2018-12-31": "20.69%", "2018-09-30": "18.74%", "2018-06-30": "18.03%", "2018-03-31": "17.99%", "2017-12-31": "17.08%", "2017-09-30": "7.73%", "2017-06-30": "6.52%", "2017-03-31": "4.54%", "2016-12-31": "3.09%", "2016-09-30": "15.24%", "2016-06-30": "15.10%", "2016-03-31": "24.75%", "2015-12-31": "26.98%", "2015-09-30": "27.01%", "2015-06-30": "28.08%", "2015-03-31": "19.71%", "2014-12-31": "18.49%", "2014-09-30": "18.69%", "2014-06-30": "18.76%", "2014-03-31": "18.67%", "2013-12-31": "19.11%", "2013-09-30": "19.15%", "2013-06-30": "17.75%", "2013-03-31": "15.76%", "2012-12-31": "14.62%", "2012-09-30": "13.96%", "2012-06-30": "14.39%", "2012-03-31": "15.35%", "2011-12-31": "15.85%", "2011-09-30": "15.85%", "2011-06-30": "15.71%", "2011-03-31": "14.93%", "2010-12-31": "13.84%", "2010-09-30": "13.42%", "2010-06-30": "12.31%", "2010-03-31": "11.06%", "2009-12-31": "8.46%", "2009-09-30": "7.00%", "2009-06-30": "8.79%", "2009-03-31": "11.72%", "2008-12-31": "14.81%", "2008-09-30": "17.19%", "2008-06-30": "17.89%", "2008-03-31": "18.30%", "2007-12-31": "18.21%", "2007-09-30": "18.26%", "2007-06-30": "18.13%", "2007-03-31": "18.03%", "2006-12-31": "18.26%", "2006-09-30": "18.15%", "2006-06-30": "17.96%", "2006-03-31": "17.80%", "2005-12-31": "17.21%"}, "pe ratio": {"current": "36.82", "2021-02-05": "57.43", "2020-12-31": "57.73", "2020-09-30": "35.08", "2020-06-30": "30.31", "2020-03-31": "25.20", "2019-12-31": "25.60", "2019-09-30": "23.28", "2019-06-30": "24.66", "2019-03-31": "24.26", "2018-12-31": "20.64", "2018-09-30": "25.64", "2018-06-30": "26.57", "2018-03-31": "27.62", "2017-12-31": "29.95", "2017-09-30": "62.49", "2017-06-30": "67.44", "2017-03-31": "84.62", "2016-12-31": "111.04", "2016-09-30": "20.09", "2016-06-30": "21.92", "2016-03-31": "14.57", "2015-12-31": "11.51", "2015-09-30": "10.92", "2015-06-30": "11.30", "2015-03-31": "16.69", "2014-12-31": "20.14", "2014-09-30": "18.72", "2014-06-30": "20.41", "2014-03-31": "20.35", "2013-12-31": "21.00", "2013-09-30": "20.02", "2013-06-30": "18.65", "2013-03-31": "19.34", "2012-12-31": "18.92", "2012-09-30": "19.87", "2012-06-30": "18.11", "2012-03-31": "20.32", "2011-12-31": "15.37", "2011-09-30": "13.10", "2011-06-30": "20.26", "2011-03-31": "19.95", "2010-12-31": "19.96", "2010-09-30": "17.63", "2010-06-30": "18.03", "2010-03-31": "24.42", "2009-12-31": "29.41", "2009-09-30": "32.97", "2009-06-30": "19.04", "2009-03-31": "9.58", "2008-12-31": "9.72", "2008-09-30": "12.10", "2008-06-30": "12.56", "2008-03-31": "12.05", "2007-12-31": "12.68", "2007-09-30": "13.49", "2007-06-30": "14.21", "2007-03-31": "14.14", "2006-12-31": "14.18"}, "price sales": {"2021-02-05": "7.49", "2020-12-31": "7.52", "2020-09-30": "6.58", "2020-06-30": "5.26", "2020-03-31": "5.13", "2019-12-31": "5.34", "2019-09-30": "4.74", "2019-06-30": "5.11", "2019-03-31": "5.05", "2018-12-31": "4.27", "2018-09-30": "4.81", "2018-06-30": "4.80", "2018-03-31": "4.99", "2017-12-31": "5.14", "2017-09-30": "4.73", "2017-06-30": "4.30", "2017-03-31": "3.76", "2016-12-31": "3.38", "2016-09-30": "3.07", "2016-06-30": "3.31", "2016-03-31": "3.58", "2015-12-31": "3.10", "2015-09-30": "2.95", "2015-06-30": "3.19", "2015-03-31": "3.30", "2014-12-31": "3.73", "2014-09-30": "3.49", "2014-06-30": "3.83", "2014-03-31": "3.78", "2013-12-31": "4.01", "2013-09-30": "3.84", "2013-06-30": "3.31", "2013-03-31": "3.06", "2012-12-31": "2.79", "2012-09-30": "2.81", "2012-06-30": "2.64", "2012-03-31": "3.14", "2011-12-31": "2.45", "2011-09-30": "2.07", "2011-06-30": "3.19", "2011-03-31": "2.99", "2010-12-31": "2.76", "2010-09-30": "2.36", "2010-06-30": "2.22", "2010-03-31": "2.67", "2009-12-31": "2.47", "2009-09-30": "2.32", "2009-06-30": "1.66", "2009-03-31": "1.12", "2008-12-31": "1.43", "2008-09-30": "2.08", "2008-06-30": "2.26", "2008-03-31": "2.21", "2007-12-31": "2.33", "2007-09-30": "2.47", "2007-06-30": "2.57", "2007-03-31": "2.55", "2006-12-31": "2.61"}, "price book": {"current": "9.37", "2021-02-05": "10.32", "2020-09-30": "8.77", "2020-06-30": "7.72", "2020-03-31": "7.87", "2019-12-31": "8.36", "2019-09-30": "7.66", "2019-06-30": "8.84", "2019-03-31": "9.52", "2018-12-31": "8.93", "2018-09-30": "9.37", "2018-06-30": "10.25", "2018-03-31": "10.14", "2017-12-31": "10.19", "2017-09-30": "9.26", "2017-06-30": "8.98", "2017-03-31": "8.79", "2016-12-31": "7.67", "2016-09-30": "5.47", "2016-06-30": "6.12", "2016-03-31": "6.87", "2015-12-31": "5.90", "2015-09-30": "5.47", "2015-06-30": "5.32", "2015-03-31": "6.32", "2014-12-31": "7.30", "2014-09-30": "6.14", "2014-06-30": "6.53", "2014-03-31": "6.39", "2013-12-31": "6.79", "2013-09-30": "6.79", "2013-06-30": "6.21", "2013-03-31": "6.26", "2012-12-31": "6.13", "2012-09-30": "6.32", "2012-06-30": "6.27", "2012-03-31": "7.58", "2011-12-31": "6.60", "2011-09-30": "5.30", "2011-06-30": "7.77", "2011-03-31": "7.74", "2010-12-31": "7.67", "2010-09-30": "6.52", "2010-06-30": "6.00", "2010-03-31": "7.06", "2009-12-31": "6.82", "2009-09-30": "7.51", "2009-06-30": "6.25", "2009-03-31": "4.94", "2008-12-31": "6.80", "2008-09-30": "7.25", "2008-06-30": "7.50", "2008-03-31": "7.82", "2007-12-31": "7.45", "2007-09-30": "6.91", "2007-06-30": "6.15", "2007-03-31": "5.94", "2006-12-31": "6.21", "2006-09-30": "6.25", "2006-06-30": "7.54", "2006-03-31": "7.69"}, "price fcf": {"2021-02-05": "", "2020-09-30": "$1.81", "2020-06-30": "$1.79", "2020-03-31": "$1.78", "2019-12-31": "$1.69", "2019-09-30": "$1.72", "2019-06-30": "$1.53", "2019-03-31": "$1.65", "2018-12-31": "$1.81", "2018-09-30": "$1.70", "2018-06-30": "$1.85", "2018-03-31": "$1.75", "2017-12-31": "$1.71", "2017-09-30": "$1.60", "2017-06-30": "$1.66", "2017-03-31": "$1.52", "2016-12-31": "$1.37", "2016-09-30": "$1.24", "2016-06-30": "$0.96", "2016-03-31": "$4.18", "2015-12-31": "$4.29", "2015-09-30": "$4.42", "2015-06-30": "$4.50", "2015-03-31": "$1.23", "2014-12-31": "$1.14", "2014-09-30": "$1.08", "2014-06-30": "$1.05", "2014-03-31": "$1.09", "2013-12-31": "$1.18", "2013-09-30": "$1.17", "2013-06-30": "$1.12", "2013-03-31": "$1.03", "2012-12-31": "$0.93", "2012-09-30": "$0.89", "2012-06-30": "$0.86", "2012-03-31": "$0.79", "2011-12-31": "$0.75", "2011-09-30": "$0.67", "2011-06-30": "$0.52", "2011-03-31": "$0.44", "2010-12-31": "$0.46", "2010-09-30": "$0.48", "2010-06-30": "$0.53", "2010-03-31": "$0.70", "2009-12-31": "$0.75", "2009-09-30": "$0.79", "2009-06-30": "$0.84", "2009-03-31": "$0.72", "2008-12-31": "$0.73", "2008-09-30": "$0.73", "2008-06-30": "$0.79", "2008-03-31": "$0.80", "2007-12-31": "$0.71", "2007-09-30": "$0.61", "2007-06-30": "$0.48", "2007-03-31": "$0.50", "2006-12-31": "$0.59"}, "net worth": {"value": "$12.03B"}, "current ratio": {"2020-12-31": "3.19", "2020-09-30": "3.25", "2020-06-30": "3.35", "2020-03-31": "3.36", "2019-12-31": "2.77", "2019-09-30": "2.69", "2019-06-30": "2.22", "2019-03-31": "2.07", "2018-12-31": "2.41", "2018-09-30": "2.77", "2018-06-30": "2.65", "2018-03-31": "2.55", "2017-12-31": "2.62", "2017-09-30": "2.23", "2017-06-30": "2.20", "2017-03-31": "2.19", "2016-12-31": "2.83", "2016-09-30": "2.81", "2016-06-30": "3.05", "2016-03-31": "3.07", "2015-12-31": "2.62", "2015-09-30": "2.54", "2015-06-30": "2.29", "2015-03-31": "4.14", "2014-12-31": "4.86", "2014-09-30": "5.28", "2014-06-30": "5.20", "2014-03-31": "4.95", "2013-12-31": "4.69", "2013-09-30": "4.85", "2013-06-30": "5.23", "2013-03-31": "5.47", "2012-12-31": "5.12", "2012-09-30": "5.40", "2012-06-30": "5.16", "2012-03-31": "4.73", "2011-12-31": "4.44", "2011-09-30": "4.40", "2011-06-30": "3.44", "2011-03-31": "3.13", "2010-12-31": "2.11", "2010-09-30": "2.06", "2010-06-30": "1.93", "2010-03-31": "1.89", "2009-12-31": "1.82", "2009-09-30": "1.87", "2009-06-30": "2.14", "2009-03-31": "2.26", "2008-12-31": "2.15", "2008-09-30": "2.33", "2008-06-30": "2.38", "2008-03-31": "2.04", "2007-12-31": "1.98", "2007-09-30": "2.13", "2007-06-30": "1.66", "2007-03-31": "1.84", "2006-12-31": "1.85", "2006-09-30": "1.81", "2006-06-30": "2.27", "2006-03-31": "2.13", "2005-12-31": "1.92", "2005-09-30": "1.80", "2005-06-30": "1.55", "2005-03-31": "1.47"}, "quick ratio": {"2020-12-31": "2.30", "2020-09-30": "2.38", "2020-06-30": "2.41", "2020-03-31": "2.44", "2019-12-31": "1.82", "2019-09-30": "1.68", "2019-06-30": "1.39", "2019-03-31": "1.23", "2018-12-31": "1.47", "2018-09-30": "1.72", "2018-06-30": "1.64", "2018-03-31": "1.60", "2017-12-31": "1.64", "2017-09-30": "1.46", "2017-06-30": "1.36", "2017-03-31": "1.35", "2016-12-31": "1.70", "2016-09-30": "1.67", "2016-06-30": "1.84", "2016-03-31": "1.75", "2015-12-31": "1.58", "2015-09-30": "1.58", "2015-06-30": "1.46", "2015-03-31": "3.31", "2014-12-31": "3.94", "2014-09-30": "4.35", "2014-06-30": "4.31", "2014-03-31": "4.07", "2013-12-31": "3.90", "2013-09-30": "4.04", "2013-06-30": "4.37", "2013-03-31": "4.58", "2012-12-31": "4.32", "2012-09-30": "4.56", "2012-06-30": "4.35", "2012-03-31": "3.91", "2011-12-31": "3.64", "2011-09-30": "3.53", "2011-06-30": "2.50", "2011-03-31": "2.28", "2010-12-31": "1.34", "2010-09-30": "1.37", "2010-06-30": "1.32", "2010-03-31": "1.33", "2009-12-31": "1.26", "2009-09-30": "1.29", "2009-06-30": "1.47", "2009-03-31": "1.43", "2008-12-31": "1.40", "2008-09-30": "1.53", "2008-06-30": "1.63", "2008-03-31": "1.38", "2007-12-31": "1.38", "2007-09-30": "1.49", "2007-06-30": "1.16", "2007-03-31": "1.22", "2006-12-31": "1.26", "2006-09-30": "1.24", "2006-06-30": "1.64", "2006-03-31": "1.55", "2005-12-31": "1.41", "2005-09-30": "1.30", "2005-06-30": "1.13", "2005-03-31": "1.04"}, "debt equity ratio": {"current": "0.12", "2020-12-31": "0.55", "2020-09-30": "0.71", "2020-06-30": "0.91", "2020-03-31": "0.91", "2019-12-31": "0.65", "2019-09-30": "0.66", "2019-06-30": "0.77", "2019-03-31": "0.83", "2018-12-31": "0.96", "2018-09-30": "0.87", "2018-06-30": "1.07", "2018-03-31": "1.05", "2017-12-31": "0.92", "2017-09-30": "0.95", "2017-06-30": "1.06", "2017-03-31": "1.32", "2016-12-31": "1.17", "2016-09-30": "1.00", "2016-06-30": "1.15", "2016-03-31": "1.25", "2015-12-31": "1.19", "2015-09-30": "1.18", "2015-06-30": "0.99", "2015-03-31": "1.87", "2014-12-31": "1.59", "2014-09-30": "1.21", "2014-06-30": "1.23", "2014-03-31": "1.23", "2013-12-31": "1.09", "2013-09-30": "1.22", "2013-06-30": "1.39", "2013-03-31": "1.63", "2012-12-31": "1.91", "2012-09-30": "2.04", "2012-06-30": "2.37", "2012-03-31": "1.50", "2011-12-31": "1.71", "2011-09-30": "1.52", "2011-06-30": "1.02", "2011-03-31": "1.14", "2010-12-31": "1.01", "2010-09-30": "1.13", "2010-06-30": "1.19", "2010-03-31": "1.19", "2009-12-31": "1.27", "2009-09-30": "1.70", "2009-06-30": "2.08", "2009-03-31": "2.27", "2008-12-31": "2.46", "2008-09-30": "1.59", "2008-06-30": "1.54", "2008-03-31": "1.68", "2007-12-31": "1.19", "2007-09-30": "0.93", "2007-06-30": "0.65", "2007-03-31": "0.58", "2006-12-31": "0.55", "2006-09-30": "0.56", "2006-06-30": "0.49", "2006-03-31": "0.51", "2005-12-31": "0.55", "2005-09-30": "0.59", "2005-06-30": "0.71", "2005-03-31": "0.76"}, "return on equity": {"2020-12-31": "29.45%", "2020-09-30": "28.42%", "2020-06-30": "26.73%", "2020-03-31": "33.38%", "2019-12-31": "36.41%", "2019-09-30": "37.99%", "2019-06-30": "41.22%", "2019-03-31": "44.19%", "2018-12-31": "45.78%", "2018-09-30": "41.09%", "2018-06-30": "39.69%", "2018-03-31": "39.26%", "2017-12-31": "37.87%", "2017-09-30": "17.83%", "2017-06-30": "14.53%", "2017-03-31": "9.81%", "2016-12-31": "6.31%", "2016-09-30": "29.91%", "2016-06-30": "30.33%", "2016-03-31": "48.53%", "2015-12-31": "53.36%", "2015-09-30": "53.42%", "2015-06-30": "54.61%", "2015-03-31": "38.85%", "2014-12-31": "35.62%", "2014-09-30": "34.47%", "2014-06-30": "34.45%", "2014-03-31": "34.45%", "2013-12-31": "36.66%", "2013-09-30": "39.21%", "2013-06-30": "38.81%", "2013-03-31": "37.10%", "2012-12-31": "36.03%", "2012-09-30": "35.98%", "2012-06-30": "38.34%", "2012-03-31": "40.85%", "2011-12-31": "43.49%", "2011-09-30": "44.59%", "2011-06-30": "45.48%", "2011-03-31": "45.03%", "2010-12-31": "41.96%", "2010-09-30": "40.09%", "2010-06-30": "37.04%", "2010-03-31": "33.58%", "2009-12-31": "26.67%", "2009-09-30": "24.24%", "2009-06-30": "31.22%", "2009-03-31": "43.30%", "2008-12-31": "55.76%", "2008-09-30": "62.22%", "2008-06-30": "61.76%", "2008-03-31": "57.25%", "2007-12-31": "50.92%", "2007-09-30": "47.52%", "2007-06-30": "45.31%", "2007-03-31": "44.95%", "2006-12-31": "46.35%", "2006-09-30": "46.66%", "2006-06-30": "46.72%", "2006-03-31": "47.43%", "2005-12-31": "47.10%"}, "return on assets": {"2020-12-31": "16.78%", "2020-09-30": "15.85%", "2020-06-30": "14.98%", "2020-03-31": "19.08%", "2019-12-31": "21.11%", "2019-09-30": "21.14%", "2019-06-30": "22.25%", "2019-03-31": "22.94%", "2018-12-31": "23.09%", "2018-09-30": "20.81%", "2018-06-30": "19.86%", "2018-03-31": "19.68%", "2017-12-31": "18.49%", "2017-09-30": "8.45%", "2017-06-30": "6.84%", "2017-03-31": "4.57%", "2016-12-31": "2.96%", "2016-09-30": "13.98%", "2016-06-30": "13.85%", "2016-03-31": "22.60%", "2015-12-31": "23.27%", "2015-09-30": "22.36%", "2015-06-30": "22.79%", "2015-03-31": "15.75%", "2014-12-31": "15.42%", "2014-09-30": "15.74%", "2014-06-30": "15.72%", "2014-03-31": "15.47%", "2013-12-31": "15.83%", "2013-09-30": "15.62%", "2013-06-30": "14.27%", "2013-03-31": "12.51%", "2012-12-31": "12.16%", "2012-09-30": "12.31%", "2012-06-30": "13.74%", "2012-03-31": "16.81%", "2011-12-31": "18.56%", "2011-09-30": "20.46%", "2011-06-30": "21.96%", "2011-03-31": "21.30%", "2010-12-31": "19.76%", "2010-09-30": "18.32%", "2010-06-30": "15.99%", "2010-03-31": "13.31%", "2009-12-31": "9.52%", "2009-09-30": "7.77%", "2009-06-30": "10.21%", "2009-03-31": "14.95%", "2008-12-31": "20.15%", "2008-09-30": "24.93%", "2008-06-30": "26.69%", "2008-03-31": "27.80%", "2007-12-31": "28.19%", "2007-09-30": "28.52%", "2007-06-30": "28.57%", "2007-03-31": "29.11%", "2006-12-31": "30.33%", "2006-09-30": "30.54%", "2006-06-30": "30.52%", "2006-03-31": "29.96%", "2005-12-31": "28.64%"}, "return on investments": {"2020-12-31": "27.41%", "2020-09-30": "26.59%", "2020-06-30": "26.25%", "2020-03-31": "33.46%", "2019-12-31": "37.79%", "2019-09-30": "38.64%", "2019-06-30": "40.82%", "2019-03-31": "41.87%", "2018-12-31": "42.61%", "2018-09-30": "42.55%", "2018-06-30": "42.40%", "2018-03-31": "42.38%", "2017-12-31": "41.29%", "2017-09-30": "20.99%", "2017-06-30": "18.13%", "2017-03-31": "14.88%", "2016-12-31": "11.57%", "2016-09-30": "27.55%", "2016-06-30": "27.55%", "2016-03-31": "28.74%", "2015-12-31": "27.23%", "2015-09-30": "25.55%", "2015-06-30": "24.94%", "2015-03-31": "24.28%", "2014-12-31": "26.37%", "2014-09-30": "26.81%", "2014-06-30": "26.90%", "2014-03-31": "26.82%", "2013-12-31": "27.20%", "2013-09-30": "26.92%", "2013-06-30": "25.48%", "2013-03-31": "23.26%", "2012-12-31": "24.10%", "2012-09-30": "25.59%", "2012-06-30": "29.05%", "2012-03-31": "36.35%", "2011-12-31": "39.71%", "2011-09-30": "43.82%", "2011-06-30": "48.37%", "2011-03-31": "48.93%", "2010-12-31": "47.00%", "2010-09-30": "43.99%", "2010-06-30": "40.07%", "2010-03-31": "33.22%", "2009-12-31": "23.87%", "2009-09-30": "20.12%", "2009-06-30": "25.81%", "2009-03-31": "36.60%", "2008-12-31": "46.52%", "2008-09-30": "56.08%", "2008-06-30": "59.79%", "2008-03-31": "83.21%", "2007-12-31": "129.81%", "2007-09-30": "253.55%", "2007-06-30": "inf%", "2007-03-31": "inf%", "2006-12-31": "inf%", "2006-09-30": "inf%", "2006-06-30": "inf%", "2006-03-31": "inf%", "2005-12-31": "inf%"}, "return on tangible equity": {"2020-09-30": "52.39%", "2020-06-30": "50.28%", "2020-03-31": "62.98%", "2019-12-31": "71.48%", "2019-09-30": "80.14%", "2019-06-30": "93.12%", "2019-03-31": "110.11%", "2018-12-31": "123.80%", "2018-09-30": "113.22%", "2018-06-30": "113.04%", "2018-03-31": "114.94%", "2017-12-31": "120.43%", "2017-09-30": "62.92%", "2017-06-30": "71.09%", "2017-03-31": "73.59%", "2016-12-31": "85.86%", "2016-09-30": "1170.59%", "2016-06-30": "11200.00%", "2016-03-31": "2446.15%", "2015-12-31": "2168.75%", "2015-09-30": "768.54%", "2015-06-30": "316.22%", "2015-03-31": "151.79%", "2014-12-31": "99.23%", "2014-09-30": "82.22%", "2014-06-30": "80.37%", "2014-03-31": "79.17%", "2013-12-31": "84.57%", "2013-09-30": "101.09%", "2013-06-30": "116.67%", "2013-03-31": "138.95%", "2012-12-31": "107.44%", "2012-09-30": "84.87%", "2012-06-30": "71.58%", "2012-03-31": "60.94%", "2011-12-31": "67.14%", "2011-09-30": "71.37%", "2011-06-30": "77.19%", "2011-03-31": "83.36%", "2010-12-31": "85.12%", "2010-09-30": "89.00%", "2010-06-30": "93.29%", "2010-03-31": "101.13%", "2009-12-31": "103.16%", "2009-09-30": "123.53%", "2009-06-30": "128.89%", "2009-03-31": "141.94%", "2008-12-31": "160.80%", "2008-09-30": "142.37%", "2008-06-30": "125.41%", "2008-03-31": "102.14%", "2007-12-31": "81.27%", "2007-09-30": "73.65%", "2007-06-30": "69.51%", "2007-03-31": "67.58%", "2006-12-31": "68.51%", "2006-09-30": "68.08%", "2006-06-30": "66.91%", "2006-03-31": "69.34%", "2005-12-31": "70.59%"}, "dividend yield history": {"last payout": "$0.75", "last yield": "1.04%"}}