{"ticker": "EAF", "price": {"title": "GrafTech Historical Annual Stock Price Data", "value": 11.0, "historical": {"2020": {"Average Stock Price": "8.0297", "Year Open": "11.3900", "Year High": "12.7700", "Year Low": "5.8600", "Year Close": "10.6600", "Annual % Change": "-8.26%"}, "2019": {"Average Stock Price": "12.3548", "Year Open": "11.6200", "Year High": "15.0000", "Year Low": "9.9100", "Year Close": "11.6200", "Annual % Change": "1.57%"}, "2018": {"Average Stock Price": "17.4039", "Year Open": "14.4500", "Year High": "22.3700", "Year Low": "10.3400", "Year Close": "11.4400", "Annual % Change": "0.00%"}}}, "market cap": {"value": "$2.94B"}, "income statement": {"Revenue": {"2019-12-31": "1790.79300", "2018-12-31": "1895.91000", "2017-12-31": "550.77100", "2016-12-31": "437.96300", "2015-12-31": "533.04000", "2014-12-31": "825.14500", "2013-12-31": "1166.67400", "2012-12-31": "1248.26400", "2011-12-31": "1320.18400", "2010-12-31": "1006.99300", "2009-12-31": "659.04400", "2008-12-31": "1190.23800", "2007-12-31": "1004.81800", "2006-12-31": "855.43300", "2005-12-31": "773.02800"}, "Cost Of Goods Sold": {"2019-12-31": "750.39000", "2018-12-31": "705.69800", "2017-12-31": "463.05400", "2016-12-31": "468.20200", "2015-12-31": "485.84600", "2014-12-31": "757.15600", "2013-12-31": "1027.60800", "2012-12-31": "932.46000", "2011-12-31": "995.63800", "2010-12-31": "717.74200", "2009-12-31": "469.39700", "2008-12-31": "756.80200", "2007-12-31": "678.87600", "2006-12-31": "615.62600", "2005-12-31": "559.26800"}, "Gross Profit": {"2019-12-31": "1040.40300", "2018-12-31": "1190.21200", "2017-12-31": "87.71700", "2016-12-31": "-30.23900", "2015-12-31": "47.19400", "2014-12-31": "67.98900", "2013-12-31": "139.06590", "2012-12-31": "315.80400", "2011-12-31": "324.54600", "2010-12-31": "289.25100", "2009-12-31": "189.64700", "2008-12-31": "433.43600", "2007-12-31": "325.94200", "2006-12-31": "239.80700", "2005-12-31": "213.76000"}, "Research And Development Expenses": {"2019-12-31": "2.68400", "2018-12-31": "2.12900", "2017-12-31": "3.45600", "2016-12-31": "2.53400", "2015-12-31": "4.46000", "2014-12-31": "9.73800", "2013-12-31": "10.43700", "2012-12-31": "13.79600", "2011-12-31": "13.97600", "2010-12-31": "12.20200", "2009-12-31": "9.39000", "2008-12-31": "8.98600", "2007-12-31": "8.55000", "2006-12-31": "10.55800", "2005-12-31": "7.40500"}, "SG&A Expenses": {"2019-12-31": "63.67400", "2018-12-31": "62.03200", "2017-12-31": "52.50600", "2016-12-31": "58.51500", "2015-12-31": "88.16500", "2014-12-31": "94.62900", "2013-12-31": "111.04300", "2012-12-31": "145.54000", "2011-12-31": "144.56100", "2010-12-31": "119.00900", "2009-12-31": "79.92900", "2008-12-31": "95.75700", "2007-12-31": "92.13300", "2006-12-31": "101.87400", "2005-12-31": "84.84000"}, "Other Operating Income Or Expenses": {"2019-12-31": "", "2018-12-31": "", "2017-12-31": "", "2016-12-31": "-2.84300", "2015-12-31": "-35.38100", "2014-12-31": "-83.59600", "2013-12-31": "-20.15600", "2012-12-31": "", "2011-12-31": "", "2010-12-31": "", "2009-12-31": "", "2008-12-31": "", "2007-12-31": "", "2006-12-31": "-10.46400", "2005-12-31": "-2.90400"}, "Operating Expenses": {"2019-12-31": "816.74800", "2018-12-31": "769.85900", "2017-12-31": "519.01600", "2016-12-31": "532.09400", "2015-12-31": "613.85200", "2014-12-31": "945.11900", "2013-12-31": "1169.24400", "2012-12-31": "1091.79600", "2011-12-31": "1154.17500", "2010-12-31": "848.95300", "2009-12-31": "558.71600", "2008-12-31": "861.54500", "2007-12-31": "779.55900", "2006-12-31": "748.47800", "2005-12-31": "663.96110"}, "Operating Income": {"2019-12-31": "974.04490", "2018-12-31": "1126.05100", "2017-12-31": "31.75500", "2016-12-31": "-94.13100", "2015-12-31": "-80.81200", "2014-12-31": "-119.97390", "2013-12-31": "-2.57010", "2012-12-31": "156.46800", "2011-12-31": "166.00890", "2010-12-31": "158.04000", "2009-12-31": "100.32800", "2008-12-31": "328.69300", "2007-12-31": "225.25900", "2006-12-31": "106.95500", "2005-12-31": "109.06700"}, "Total Non-Operating Income/Expense": {"2019-12-31": "-131.21800", "2018-12-31": "-223.24300", "2017-12-31": "-28.32400", "2016-12-31": "-22.29000", "2015-12-31": "-36.44900", "2014-12-31": "-38.33600", "2013-12-31": "-37.53200", "2012-12-31": "-21.98100", "2011-12-31": "-22.71800", "2010-12-31": "15.52500", "2009-12-31": "-61.91800", "2008-12-31": "-66.04700", "2007-12-31": "-28.25900", "2006-12-31": "-37.73800", "2005-12-31": "-61.62100"}, "Pre-Tax Income": {"2019-12-31": "842.82700", "2018-12-31": "902.80800", "2017-12-31": "3.43100", "2016-12-31": "-116.42100", "2015-12-31": "-117.26100", "2014-12-31": "-158.31000", "2013-12-31": "-40.10200", "2012-12-31": "134.48700", "2011-12-31": "143.29100", "2010-12-31": "173.56500", "2009-12-31": "38.41000", "2008-12-31": "262.64600", "2007-12-31": "197.00000", "2006-12-31": "69.21700", "2005-12-31": "47.44600"}, "Income Taxes": {"2019-12-31": "98.22500", "2018-12-31": "48.92000", "2017-12-31": "-10.78100", "2016-12-31": "-7.55200", "2015-12-31": "13.33400", "2014-12-31": "-5.79000", "2013-12-31": "-12.84300", "2012-12-31": "16.84600", "2011-12-31": "-9.89300", "2010-12-31": "-1.09500", "2009-12-31": "22.70200", "2008-12-31": "62.13100", "2007-12-31": "48.32700", "2006-12-31": "27.08500", "2005-12-31": "167.95000"}, "Income After Taxes": {"2019-12-31": "744.60210", "2018-12-31": "853.88800", "2017-12-31": "14.21200", "2016-12-31": "-108.86900", "2015-12-31": "-130.59500", "2014-12-31": "-152.52000", "2013-12-31": "-27.25900", "2012-12-31": "117.64100", "2011-12-31": "153.18400", "2010-12-31": "174.66000", "2009-12-31": "15.70800", "2008-12-31": "200.51500", "2007-12-31": "148.67300", "2006-12-31": "42.13200", "2005-12-31": "-120.50400"}, "Other Income": {"2019-12-31": "", "2018-12-31": "", "2017-12-31": "", "2016-12-31": "", "2015-12-31": "", "2014-12-31": "", "2013-12-31": "", "2012-12-31": "", "2011-12-31": "", "2010-12-31": "", "2009-12-31": "", "2008-12-31": "", "2007-12-31": "", "2006-12-31": "", "2005-12-31": ""}, "Income From Continuous Operations": {"2019-12-31": "744.60200", "2018-12-31": "853.88800", "2017-12-31": "14.21200", "2016-12-31": "-108.86900", "2015-12-31": "-130.59500", "2014-12-31": "-152.52000", "2013-12-31": "-27.25900", "2012-12-31": "117.64100", "2011-12-31": "153.18400", "2010-12-31": "174.66000", "2009-12-31": "15.70800", "2008-12-31": "200.51500", "2007-12-31": "148.67300", "2006-12-31": "42.40000", "2005-12-31": "-120.54100"}, "Income From Discontinued Operations": {"2019-12-31": "", "2018-12-31": "0.33100", "2017-12-31": "-6.22900", "2016-12-31": "-126.97400", "2015-12-31": "-23.60500", "2014-12-31": "-132.85600", "2013-12-31": "", "2012-12-31": "", "2011-12-31": "", "2010-12-31": "", "2009-12-31": "", "2008-12-31": "", "2007-12-31": "-2.43200", "2006-12-31": "48.93400", "2005-12-31": "-4.63900"}, "Net Income": {"2019-12-31": "744.60200", "2018-12-31": "854.21900", "2017-12-31": "7.98300", "2016-12-31": "-235.84300", "2015-12-31": "-154.20000", "2014-12-31": "-285.37600", "2013-12-31": "-27.25900", "2012-12-31": "117.64100", "2011-12-31": "153.18400", "2010-12-31": "174.66000", "2009-12-31": "15.70800", "2008-12-31": "200.51500", "2007-12-31": "146.24100", "2006-12-31": "91.33400", "2005-12-31": "-125.18000"}, "EBITDA": {"2019-12-31": "1035.86400", "2018-12-31": "1192.46400", "2017-12-31": "98.19800", "2016-12-31": "-11.24000", "2015-12-31": "-6.73300", "2014-12-31": "-0.26590", "2013-12-31": "120.82690", "2012-12-31": "238.12800", "2011-12-31": "247.96190", "2010-12-31": "200.70400", "2009-12-31": "133.06500", "2008-12-31": "364.12000", "2007-12-31": "264.26400", "2006-12-31": "146.07900", "2005-12-31": "145.99300"}, "EBIT": {"2019-12-31": "974.04490", "2018-12-31": "1126.05100", "2017-12-31": "31.75500", "2016-12-31": "-94.13100", "2015-12-31": "-80.81200", "2014-12-31": "-119.97390", "2013-12-31": "-2.57010", "2012-12-31": "156.46800", "2011-12-31": "166.00890", "2010-12-31": "158.04000", "2009-12-31": "100.32800", "2008-12-31": "328.69300", "2007-12-31": "225.25900", "2006-12-31": "106.95500", "2005-12-31": "109.06700"}, "Basic Shares Outstanding": {"2019-12-31": "289.05700", "2018-12-31": "297.74800", "2017-12-31": "302.22600", "2016-12-31": "302.22600", "2015-12-31": "302.22600", "2014-12-31": "136.15500", "2013-12-31": "135.06700", "2012-12-31": "138.55200", "2011-12-31": "145.15600", "2010-12-31": "122.62100", "2009-12-31": "119.70700", "2008-12-31": "111.44700", "2007-12-31": "100.46800", "2006-12-31": "97.96500", "2005-12-31": "97.68900"}, "Shares Outstanding": {"2019-12-31": "289.07500", "2018-12-31": "297.75400", "2017-12-31": "302.22600", "2016-12-31": "302.22600", "2015-12-31": "302.22600", "2014-12-31": "136.15500", "2013-12-31": "135.06700", "2012-12-31": "139.70000", "2011-12-31": "146.40200", "2010-12-31": "123.45300", "2009-12-31": "120.73300", "2008-12-31": "119.03900", "2007-12-31": "116.34300", "2006-12-31": "112.15200", "2005-12-31": "97.68900"}, "Basic EPS": {"2019-12-31": "2.58000", "2018-12-31": "2.87000", "2017-12-31": "0.03000", "2016-12-31": "-0.78000", "2015-12-31": "-0.51000", "2014-12-31": "-2.10000", "2013-12-31": "-0.20000", "2012-12-31": "0.85000", "2011-12-31": "1.06000", "2010-12-31": "1.42000", "2009-12-31": "0.13000", "2008-12-31": "1.80000", "2007-12-31": "1.46000", "2006-12-31": "0.93000", "2005-12-31": "-1.28000"}, "EPS - Earnings Per Share": {"2019-12-31": "2.58000", "2018-12-31": "2.87000", "2017-12-31": "0.03000", "2016-12-31": "-0.78000", "2015-12-31": "-0.51000", "2014-12-31": "-2.10000", "2013-12-31": "-0.20000", "2012-12-31": "0.84000", "2011-12-31": "1.05000", "2010-12-31": "1.41000", "2009-12-31": "0.13000", "2008-12-31": "1.74000", "2007-12-31": "1.37000", "2006-12-31": "0.86000", "2005-12-31": "-1.28000"}}, "income statement, quarterly": {"Revenue": {"2020-09-30": "286.98700", "2020-06-30": "280.71800", "2020-03-31": "318.64600", "2019-12-31": "414.61200", "2019-09-30": "420.79700", "2019-06-30": "480.39000", "2019-03-31": "474.99400", "2018-12-31": "532.78900", "2018-09-30": "454.89000", "2018-06-30": "456.33200", "2018-03-31": "451.89900", "2017-12-31": "192.47300", "2017-09-30": "137.24500", "2017-06-30": "116.31400", "2017-03-31": "104.73900", "2016-12-31": "115.43200", "2016-09-30": "111.59000", "2016-06-30": "115.36500", "2016-03-31": "95.57600", "2015-12-31": "73.64200", "2015-09-30": "126.37800", "2015-06-30": "125.80900", "2015-03-31": "207.21100", "2014-12-31": "-0.28800", "2014-09-30": "260.45800", "2014-06-30": "284.18400", "2014-03-31": "280.79100", "2013-12-31": "308.50200", "2013-09-30": "303.08400", "2013-06-30": "301.36100", "2013-03-31": "253.72700", "2012-12-31": "370.99900", "2012-09-30": "320.71600", "2012-06-30": "315.61100", "2012-03-31": "240.93800", "2011-12-31": "347.98400", "2011-09-30": "345.83200", "2011-06-30": "320.23100", "2011-03-31": "306.13700", "2010-12-31": "281.23900", "2010-09-30": "255.23600", "2010-06-30": "254.85400", "2010-03-31": "215.66400", "2009-12-31": "202.36500", "2009-09-30": "164.87900", "2009-06-30": "157.77400", "2009-03-31": "134.02600", "2008-12-31": "264.95000", "2008-09-30": "315.74800", "2008-06-30": "319.53800", "2008-03-31": "290.00200", "2007-12-31": "269.43000", "2007-09-30": "251.26800", "2007-06-30": "255.88900", "2007-03-31": "228.23100", "2006-12-31": "235.48200", "2006-09-30": "222.44500", "2006-06-30": "223.31400", "2006-03-31": "174.19200", "2005-12-31": "133.59100", "2005-09-30": "208.19500", "2005-06-30": "220.14800", "2005-03-31": "211.09400"}, "Cost Of Goods Sold": {"2020-09-30": "131.86200", "2020-06-30": "130.60000", "2020-03-31": "138.91700", "2019-12-31": "179.32200", "2019-09-30": "178.49700", "2019-06-30": "197.04700", "2019-03-31": "195.52400", "2018-12-31": "214.35900", "2018-09-30": "180.28000", "2018-06-30": "165.91000", "2018-03-31": "145.14900", "2017-12-31": "132.68400", "2017-09-30": "120.48300", "2017-06-30": "106.43400", "2017-03-31": "103.45300", "2016-12-31": "117.38100", "2016-09-30": "118.50000", "2016-06-30": "123.77000", "2016-03-31": "108.55100", "2015-12-31": "72.51200", "2015-09-30": "115.29500", "2015-06-30": "111.59100", "2015-03-31": "186.44800", "2014-12-31": "-6.98590", "2014-09-30": "242.81400", "2014-06-30": "266.23100", "2014-03-31": "255.09700", "2013-12-31": "303.55100", "2013-09-30": "266.44000", "2013-06-30": "252.44000", "2013-03-31": "205.17700", "2012-12-31": "286.48900", "2012-09-30": "240.73000", "2012-06-30": "231.23400", "2012-03-31": "174.00700", "2011-12-31": "264.27600", "2011-09-30": "253.08800", "2011-06-30": "245.07200", "2011-03-31": "233.20200", "2010-12-31": "213.42300", "2010-09-30": "179.01300", "2010-06-30": "178.93600", "2010-03-31": "146.37000", "2009-12-31": "137.06500", "2009-09-30": "118.34600", "2009-06-30": "112.08600", "2009-03-31": "101.90000", "2008-12-31": "167.91800", "2008-09-30": "201.79500", "2008-06-30": "205.18800", "2008-03-31": "181.90100", "2007-12-31": "190.01700", "2007-09-30": "172.72700", "2007-06-30": "163.18900", "2007-03-31": "152.94300", "2006-12-31": "169.67900", "2006-09-30": "157.80200", "2006-06-30": "163.40200", "2006-03-31": "124.74300", "2005-12-31": "83.94900", "2005-09-30": "149.99300", "2005-06-30": "162.88600", "2005-03-31": "162.44000"}, "Gross Profit": {"2020-09-30": "155.12500", "2020-06-30": "150.11800", "2020-03-31": "179.72900", "2019-12-31": "235.29000", "2019-09-30": "242.30000", "2019-06-30": "283.34300", "2019-03-31": "279.47000", "2018-12-31": "318.43010", "2018-09-30": "274.61000", "2018-06-30": "290.42200", "2018-03-31": "306.75000", "2017-12-31": "59.78900", "2017-09-30": "16.76200", "2017-06-30": "9.88000", "2017-03-31": "1.28600", "2016-12-31": "-1.94900", "2016-09-30": "-6.91000", "2016-06-30": "-8.40500", "2016-03-31": "-12.97500", "2015-12-31": "1.13000", "2015-09-30": "11.08300", "2015-06-30": "14.21800", "2015-03-31": "20.76300", "2014-12-31": "6.69800", "2014-09-30": "17.64400", "2014-06-30": "17.95300", "2014-03-31": "25.69400", "2013-12-31": "4.95100", "2013-09-30": "36.64400", "2013-06-30": "48.92100", "2013-03-31": "48.55000", "2012-12-31": "84.51000", "2012-09-30": "79.98600", "2012-06-30": "84.37700", "2012-03-31": "66.93100", "2011-12-31": "83.70800", "2011-09-30": "92.74400", "2011-06-30": "75.15900", "2011-03-31": "72.93500", "2010-12-31": "67.81600", "2010-09-30": "76.22300", "2010-06-30": "75.91800", "2010-03-31": "69.29400", "2009-12-31": "65.30000", "2009-09-30": "46.53300", "2009-06-30": "45.68800", "2009-03-31": "32.12600", "2008-12-31": "97.03200", "2008-09-30": "113.95300", "2008-06-30": "114.35000", "2008-03-31": "108.10100", "2007-12-31": "79.41300", "2007-09-30": "78.54100", "2007-06-30": "92.70000", "2007-03-31": "75.28800", "2006-12-31": "65.80300", "2006-09-30": "64.64300", "2006-06-30": "59.91200", "2006-03-31": "49.44900", "2005-12-31": "49.64200", "2005-09-30": "58.20200", "2005-06-30": "57.26200", "2005-03-31": "48.65400"}, "Research And Development Expenses": {"2020-09-30": "0.65000", "2020-06-30": "0.71000", "2020-03-31": "0.71200", "2019-12-31": "0.72300", "2019-09-30": "0.61100", "2019-06-30": "0.71300", "2019-03-31": "0.63700", "2018-12-31": "0.60100", "2018-09-30": "0.51800", "2018-06-30": "0.58100", "2018-03-31": "0.42900", "2017-12-31": "0.37400", "2017-09-30": "1.32900", "2017-06-30": "0.93300", "2017-03-31": "0.82000", "2016-12-31": "0.57100", "2016-09-30": "0.52600", "2016-06-30": "0.78600", "2016-03-31": "0.65100", "2015-12-31": "-0.05100", "2015-09-30": "0.93000", "2015-06-30": "1.15000", "2015-03-31": "2.43100", "2014-12-31": "1.19400", "2014-09-30": "2.87100", "2014-06-30": "2.90300", "2014-03-31": "2.77000", "2013-12-31": "1.56300", "2013-09-30": "2.99400", "2013-06-30": "2.78700", "2013-03-31": "3.09300", "2012-12-31": "3.87700", "2012-09-30": "2.77800", "2012-06-30": "2.94200", "2012-03-31": "4.19900", "2011-12-31": "5.12000", "2011-09-30": "2.85200", "2011-06-30": "2.93400", "2011-03-31": "3.07000", "2010-12-31": "3.24100", "2010-09-30": "3.43500", "2010-06-30": "3.09100", "2010-03-31": "2.43500", "2009-12-31": "1.34200", "2009-09-30": "2.87100", "2009-06-30": "3.10900", "2009-03-31": "2.06800", "2008-12-31": "2.40700", "2008-09-30": "2.47900", "2008-06-30": "1.83500", "2008-03-31": "2.26500", "2007-12-31": "2.14700", "2007-09-30": "2.12400", "2007-06-30": "2.04500", "2007-03-31": "2.23400", "2006-12-31": "2.39300", "2006-09-30": "2.76700", "2006-06-30": "2.86700", "2006-03-31": "2.53100", "2005-12-31": "0.32600", "2005-09-30": "2.30600", "2005-06-30": "2.41600", "2005-03-31": "2.35700"}, "SG&A Expenses": {"2020-09-30": "19.06200", "2020-06-30": "16.00100", "2020-03-31": "14.93200", "2019-12-31": "17.34600", "2019-09-30": "15.70800", "2019-06-30": "15.39400", "2019-03-31": "15.22600", "2018-12-31": "15.68300", "2018-09-30": "14.23400", "2018-06-30": "16.23900", "2018-03-31": "15.87600", "2017-12-31": "15.38800", "2017-09-30": "13.29300", "2017-06-30": "12.16900", "2017-03-31": "11.65600", "2016-12-31": "19.08300", "2016-09-30": "12.21500", "2016-06-30": "13.42300", "2016-03-31": "13.79400", "2015-12-31": "10.77200", "2015-09-30": "31.39400", "2015-06-30": "19.70900", "2015-03-31": "26.29000", "2014-12-31": "5.60500", "2014-09-30": "26.98000", "2014-06-30": "32.13700", "2014-03-31": "29.90700", "2013-12-31": "23.54300", "2013-09-30": "27.62600", "2013-06-30": "30.16100", "2013-03-31": "29.71300", "2012-12-31": "38.31200", "2012-09-30": "33.64500", "2012-06-30": "34.85800", "2012-03-31": "38.72500", "2011-12-31": "47.28500", "2011-09-30": "32.40100", "2011-06-30": "32.65600", "2011-03-31": "32.21900", "2010-12-31": "34.43100", "2010-09-30": "30.31500", "2010-06-30": "32.03000", "2010-03-31": "22.23300", "2009-12-31": "16.61000", "2009-09-30": "18.58900", "2009-06-30": "23.09500", "2009-03-31": "21.63500", "2008-12-31": "24.72400", "2008-09-30": "24.75400", "2008-06-30": "23.68800", "2008-03-31": "22.59100", "2007-12-31": "23.19800", "2007-09-30": "21.07900", "2007-06-30": "25.46200", "2007-03-31": "22.39400", "2006-12-31": "27.51600", "2006-09-30": "26.10800", "2006-06-30": "23.44200", "2006-03-31": "24.80800", "2005-12-31": "10.80100", "2005-09-30": "23.32900", "2005-06-30": "24.52700", "2005-03-31": "26.18300"}, "Other Operating Income Or Expenses": {"2020-09-30": "", "2020-06-30": "", "2020-03-31": "", "2019-12-31": "", "2019-09-30": "", "2019-06-30": "", "2019-03-31": "", "2018-12-31": "", "2018-09-30": "", "2018-06-30": "", "2018-03-31": "", "2017-12-31": "", "2017-09-30": "", "2017-06-30": "", "2017-03-31": "", "2016-12-31": "", "2016-09-30": "", "2016-06-30": "", "2016-03-31": "", "2015-12-31": "2.35100", "2015-09-30": "0.11700", "2015-06-30": "0.02600", "2015-03-31": "-37.87500", "2014-12-31": "49.73500", "2014-09-30": "-10.84400", "2014-06-30": "-122.40100", "2014-03-31": "-0.08600", "2013-12-31": "-5.56300", "2013-09-30": "-14.59300", "2013-06-30": "", "2013-03-31": "", "2012-12-31": "", "2012-09-30": "", "2012-06-30": "", "2012-03-31": "", "2011-12-31": "", "2011-09-30": "", "2011-06-30": "", "2011-03-31": "", "2010-12-31": "", "2010-09-30": "", "2010-06-30": "", "2010-03-31": "", "2009-12-31": "", "2009-09-30": "", "2009-06-30": "", "2009-03-31": "", "2008-12-31": "", "2008-09-30": "", "2008-06-30": "", "2008-03-31": "", "2007-12-31": "", "2007-09-30": "", "2007-06-30": "", "2007-03-31": "", "2006-12-31": "-1.67600", "2006-09-30": "", "2006-06-30": "-0.63700", "2006-03-31": "-8.15100", "2005-12-31": "", "2005-09-30": "", "2005-06-30": "", "2005-03-31": ""}, "Operating Expenses": {"2020-09-30": "151.57400", "2020-06-30": "147.31100", "2020-03-31": "154.56100", "2019-12-31": "197.39110", "2019-09-30": "194.81600", "2019-06-30": "213.15400", "2019-03-31": "211.38700", "2018-12-31": "230.64300", "2018-09-30": "195.03200", "2018-06-30": "182.73000", "2018-03-31": "161.45400", "2017-12-31": "148.44600", "2017-09-30": "135.10500", "2017-06-30": "119.53600", "2017-03-31": "115.92900", "2016-12-31": "139.87800", "2016-09-30": "131.24100", "2016-06-30": "137.97900", "2016-03-31": "122.99600", "2015-12-31": "80.88200", "2015-09-30": "147.50200", "2015-06-30": "132.42400", "2015-03-31": "253.04400", "2014-12-31": "-49.92200", "2014-09-30": "283.50900", "2014-06-30": "423.67200", "2014-03-31": "287.86000", "2013-12-31": "334.22010", "2013-09-30": "311.65300", "2013-06-30": "285.38800", "2013-03-31": "237.98300", "2012-12-31": "328.67810", "2012-09-30": "277.15300", "2012-06-30": "269.03400", "2012-03-31": "216.93100", "2011-12-31": "316.68100", "2011-09-30": "288.34100", "2011-06-30": "280.66200", "2011-03-31": "268.49100", "2010-12-31": "251.09500", "2010-09-30": "212.76300", "2010-06-30": "214.05700", "2010-03-31": "171.03800", "2009-12-31": "155.01700", "2009-09-30": "139.80600", "2009-06-30": "138.29000", "2009-03-31": "125.60300", "2008-12-31": "194.70000", "2008-09-30": "229.03500", "2008-06-30": "230.90100", "2008-03-31": "206.90900", "2007-12-31": "214.55600", "2007-09-30": "195.99000", "2007-06-30": "190.55800", "2007-03-31": "178.45500", "2006-12-31": "203.52600", "2006-09-30": "188.54800", "2006-06-30": "193.22500", "2006-03-31": "163.17900", "2005-12-31": "107.07310", "2005-09-30": "175.62800", "2005-06-30": "189.91700", "2005-03-31": "191.34300"}, "Operating Income": {"2020-09-30": "135.41300", "2020-06-30": "133.40700", "2020-03-31": "164.08500", "2019-12-31": "217.22090", "2019-09-30": "225.98100", "2019-06-30": "267.23600", "2019-03-31": "263.60700", "2018-12-31": "302.14600", "2018-09-30": "259.85800", "2018-06-30": "273.60200", "2018-03-31": "290.44500", "2017-12-31": "44.02700", "2017-09-30": "2.14000", "2017-06-30": "-3.22200", "2017-03-31": "-11.19000", "2016-12-31": "-24.44600", "2016-09-30": "-19.65100", "2016-06-30": "-22.61400", "2016-03-31": "-27.42000", "2015-12-31": "-7.24000", "2015-09-30": "-21.12400", "2015-06-30": "-6.61500", "2015-03-31": "-45.83300", "2014-12-31": "49.63410", "2014-09-30": "-23.05100", "2014-06-30": "-139.48800", "2014-03-31": "-7.06900", "2013-12-31": "-25.71810", "2013-09-30": "-8.56900", "2013-06-30": "15.97300", "2013-03-31": "15.74400", "2012-12-31": "42.32100", "2012-09-30": "43.56300", "2012-06-30": "46.57700", "2012-03-31": "24.00700", "2011-12-31": "31.30300", "2011-09-30": "57.49100", "2011-06-30": "39.56900", "2011-03-31": "37.64600", "2010-12-31": "30.14400", "2010-09-30": "42.47300", "2010-06-30": "40.79700", "2010-03-31": "44.62600", "2009-12-31": "47.34800", "2009-09-30": "25.07300", "2009-06-30": "19.48400", "2009-03-31": "8.42300", "2008-12-31": "70.25000", "2008-09-30": "86.71300", "2008-06-30": "88.63700", "2008-03-31": "83.09300", "2007-12-31": "54.87400", "2007-09-30": "55.27800", "2007-06-30": "65.33100", "2007-03-31": "49.77600", "2006-12-31": "31.95600", "2006-09-30": "33.89700", "2006-06-30": "30.08900", "2006-03-31": "11.01300", "2005-12-31": "26.51790", "2005-09-30": "32.56700", "2005-06-30": "30.23100", "2005-03-31": "19.75100"}, "Total Non-Operating Income/Expense": {"2020-09-30": "-23.07500", "2020-06-30": "-20.84300", "2020-03-31": "-17.87100", "2019-12-31": "-35.01400", "2019-09-30": "-29.35000", "2019-06-30": "-33.10100", "2019-03-31": "-33.75300", "2018-12-31": "-59.59000", "2018-09-30": "-34.79500", "2018-06-30": "-89.10300", "2018-03-31": "-39.75500", "2017-12-31": "-1.08100", "2017-09-30": "-7.33000", "2017-06-30": "-9.18600", "2017-03-31": "-10.72700", "2016-12-31": "-4.12800", "2016-09-30": "-6.23900", "2016-06-30": "-5.23800", "2016-03-31": "-6.68500", "2015-12-31": "-4.87900", "2015-09-30": "-13.06800", "2015-06-30": "-9.26100", "2015-03-31": "-9.24100", "2014-12-31": "-9.46800", "2014-09-30": "-10.07400", "2014-06-30": "-9.05900", "2014-03-31": "-9.73500", "2013-12-31": "-9.88800", "2013-09-30": "-8.27700", "2013-06-30": "-9.87300", "2013-03-31": "-9.49400", "2012-12-31": "-7.80200", "2012-09-30": "-7.45900", "2012-06-30": "-5.46200", "2012-03-31": "-1.25800", "2011-12-31": "-4.16700", "2011-09-30": "-9.99400", "2011-06-30": "-4.27300", "2011-03-31": "-4.28400", "2010-12-31": "13.29000", "2010-09-30": "-9.39600", "2010-06-30": "9.49100", "2010-03-31": "2.14000", "2009-12-31": "4.55500", "2009-09-30": "-12.58000", "2009-06-30": "-59.10900", "2009-03-31": "5.21600", "2008-12-31": "-42.93500", "2008-09-30": "13.69600", "2008-06-30": "-8.49500", "2008-03-31": "-28.31300", "2007-12-31": "-14.20000", "2007-09-30": "-8.30700", "2007-06-30": "15.01700", "2007-03-31": "-20.76900", "2006-12-31": "1.44700", "2006-09-30": "-15.04900", "2006-06-30": "-12.85400", "2006-03-31": "-11.28200", "2005-12-31": "-9.78900", "2005-09-30": "-15.22000", "2005-06-30": "-18.99000", "2005-03-31": "-17.62200"}, "Pre-Tax Income": {"2020-09-30": "112.33800", "2020-06-30": "112.56400", "2020-03-31": "146.21400", "2019-12-31": "182.20700", "2019-09-30": "196.63100", "2019-06-30": "234.13500", "2019-03-31": "229.85400", "2018-12-31": "242.55600", "2018-09-30": "225.06300", "2018-06-30": "184.49900", "2018-03-31": "250.69000", "2017-12-31": "42.94600", "2017-09-30": "-5.19000", "2017-06-30": "-12.40800", "2017-03-31": "-21.91700", "2016-12-31": "-28.57400", "2016-09-30": "-25.89000", "2016-06-30": "-27.85200", "2016-03-31": "-34.10500", "2015-12-31": "-11.88500", "2015-09-30": "-34.42600", "2015-06-30": "-15.87600", "2015-03-31": "-55.07400", "2014-12-31": "40.16600", "2014-09-30": "-33.12500", "2014-06-30": "-148.54700", "2014-03-31": "-16.80400", "2013-12-31": "-35.60600", "2013-09-30": "-16.84600", "2013-06-30": "6.10000", "2013-03-31": "6.25000", "2012-12-31": "34.51900", "2012-09-30": "36.10400", "2012-06-30": "41.11500", "2012-03-31": "22.74900", "2011-12-31": "27.13600", "2011-09-30": "47.49700", "2011-06-30": "35.29600", "2011-03-31": "33.36200", "2010-12-31": "43.43400", "2010-09-30": "33.07700", "2010-06-30": "50.28800", "2010-03-31": "46.76600", "2009-12-31": "51.90300", "2009-09-30": "12.49300", "2009-06-30": "-39.62500", "2009-03-31": "13.63900", "2008-12-31": "27.31500", "2008-09-30": "100.40900", "2008-06-30": "80.14200", "2008-03-31": "54.78000", "2007-12-31": "40.67400", "2007-09-30": "46.97100", "2007-06-30": "80.34800", "2007-03-31": "29.00700", "2006-12-31": "33.40300", "2006-09-30": "18.84800", "2006-06-30": "17.23500", "2006-03-31": "-0.26900", "2005-12-31": "16.72900", "2005-09-30": "17.34700", "2005-06-30": "11.24100", "2005-03-31": "2.12900"}, "Income Taxes": {"2020-09-30": "18.10400", "2020-06-30": "19.78800", "2020-03-31": "23.94600", "2019-12-31": "7.28500", "2019-09-30": "20.75500", "2019-06-30": "37.76700", "2019-03-31": "32.41800", "2018-12-31": "12.67000", "2018-09-30": "24.87100", "2018-06-30": "-17.26400", "2018-03-31": "28.64300", "2017-12-31": "-14.03000", "2017-09-30": "1.96300", "2017-06-30": "0.92500", "2017-03-31": "0.36100", "2016-12-31": "0.12300", "2016-09-30": "-1.78900", "2016-06-30": "-5.59100", "2016-03-31": "-0.29500", "2015-12-31": "5.22000", "2015-09-30": "6.34100", "2015-06-30": "1.23900", "2015-03-31": "0.53400", "2014-12-31": "-9.20700", "2014-09-30": "1.81800", "2014-06-30": "6.88600", "2014-03-31": "-5.28700", "2013-12-31": "-7.38500", "2013-09-30": "-9.21600", "2013-06-30": "1.71800", "2013-03-31": "2.04000", "2012-12-31": "5.88000", "2012-09-30": "6.47800", "2012-06-30": "-0.73200", "2012-03-31": "5.22000", "2011-12-31": "-29.91900", "2011-09-30": "7.20000", "2011-06-30": "6.72700", "2011-03-31": "6.09900", "2010-12-31": "-29.48900", "2010-09-30": "7.04000", "2010-06-30": "9.54100", "2010-03-31": "11.81300", "2009-12-31": "14.43700", "2009-09-30": "5.62900", "2009-06-30": "-2.53400", "2009-03-31": "5.17000", "2008-12-31": "-7.25900", "2008-09-30": "17.00900", "2008-06-30": "34.28500", "2008-03-31": "18.09600", "2007-12-31": "8.89100", "2007-09-30": "13.53000", "2007-06-30": "15.37600", "2007-03-31": "10.53000", "2006-12-31": "7.45900", "2006-09-30": "8.89000", "2006-06-30": "7.15700", "2006-03-31": "3.57900", "2005-12-31": "159.53000", "2005-09-30": "1.79800", "2005-06-30": "5.81700", "2005-03-31": "0.80500"}, "Income After Taxes": {"2020-09-30": "94.23400", "2020-06-30": "92.77600", "2020-03-31": "122.26800", "2019-12-31": "174.92210", "2019-09-30": "175.87600", "2019-06-30": "196.36800", "2019-03-31": "197.43600", "2018-12-31": "229.88600", "2018-09-30": "200.19200", "2018-06-30": "201.76300", "2018-03-31": "222.04700", "2017-12-31": "56.97600", "2017-09-30": "-7.15300", "2017-06-30": "-13.33300", "2017-03-31": "-22.27800", "2016-12-31": "-28.69700", "2016-09-30": "-24.10100", "2016-06-30": "-22.26100", "2016-03-31": "-33.81000", "2015-12-31": "-17.10500", "2015-09-30": "-40.76700", "2015-06-30": "-17.11500", "2015-03-31": "-55.60800", "2014-12-31": "49.37300", "2014-09-30": "-34.94300", "2014-06-30": "-155.43300", "2014-03-31": "-11.51700", "2013-12-31": "-28.22100", "2013-09-30": "-7.63000", "2013-06-30": "4.38200", "2013-03-31": "4.21000", "2012-12-31": "28.63900", "2012-09-30": "29.62600", "2012-06-30": "41.84700", "2012-03-31": "17.52900", "2011-12-31": "57.05500", "2011-09-30": "40.29700", "2011-06-30": "28.56900", "2011-03-31": "27.26300", "2010-12-31": "72.92300", "2010-09-30": "26.03700", "2010-06-30": "40.74700", "2010-03-31": "34.95300", "2009-12-31": "37.46600", "2009-09-30": "6.86400", "2009-06-30": "-37.09100", "2009-03-31": "8.46900", "2008-12-31": "34.57400", "2008-09-30": "83.40000", "2008-06-30": "45.85700", "2008-03-31": "36.68400", "2007-12-31": "31.78300", "2007-09-30": "33.44100", "2007-06-30": "64.97200", "2007-03-31": "18.47700", "2006-12-31": "25.94400", "2006-09-30": "9.95800", "2006-06-30": "10.07800", "2006-03-31": "-3.84800", "2005-12-31": "-142.80100", "2005-09-30": "15.54900", "2005-06-30": "5.42400", "2005-03-31": "1.32400"}, "Other Income": {"2020-09-30": "", "2020-06-30": "", "2020-03-31": "", "2019-12-31": "", "2019-09-30": "", "2019-06-30": "", "2019-03-31": "", "2018-12-31": "", "2018-09-30": "", "2018-06-30": "", "2018-03-31": "", "2017-12-31": "", "2017-09-30": "", "2017-06-30": "", "2017-03-31": "", "2016-12-31": "", "2016-09-30": "", "2016-06-30": "", "2016-03-31": "", "2015-12-31": "", "2015-09-30": "", "2015-06-30": "", "2015-03-31": "", "2014-12-31": "", "2014-09-30": "", "2014-06-30": "", "2014-03-31": "", "2013-12-31": "", "2013-09-30": "", "2013-06-30": "", "2013-03-31": "", "2012-12-31": "", "2012-09-30": "", "2012-06-30": "", "2012-03-31": "", "2011-12-31": "", "2011-09-30": "", "2011-06-30": "", "2011-03-31": "", "2010-12-31": "", "2010-09-30": "", "2010-06-30": "", "2010-03-31": "", "2009-12-31": "", "2009-09-30": "", "2009-06-30": "", "2009-03-31": "", "2008-12-31": "", "2008-09-30": "", "2008-06-30": "", "2008-03-31": "", "2007-12-31": "", "2007-09-30": "", "2007-06-30": "", "2007-03-31": "", "2006-12-31": "", "2006-09-30": "", "2006-06-30": "", "2006-03-31": "", "2005-12-31": "", "2005-09-30": "", "2005-06-30": "", "2005-03-31": ""}, "Income From Continuous Operations": {"2020-09-30": "94.23400", "2020-06-30": "92.77600", "2020-03-31": "122.26800", "2019-12-31": "174.92200", "2019-09-30": "175.87600", "2019-06-30": "196.36800", "2019-03-31": "197.43600", "2018-12-31": "229.88600", "2018-09-30": "200.19200", "2018-06-30": "201.76300", "2018-03-31": "222.04700", "2017-12-31": "56.97600", "2017-09-30": "-7.15300", "2017-06-30": "-13.33300", "2017-03-31": "-22.27800", "2016-12-31": "-28.69700", "2016-09-30": "-24.10100", "2016-06-30": "-22.26100", "2016-03-31": "-33.81000", "2015-12-31": "-17.10500", "2015-09-30": "-40.76700", "2015-06-30": "-17.11500", "2015-03-31": "-55.60800", "2014-12-31": "49.37300", "2014-09-30": "-34.94300", "2014-06-30": "-155.43300", "2014-03-31": "-11.51700", "2013-12-31": "-28.22100", "2013-09-30": "-7.63000", "2013-06-30": "4.38200", "2013-03-31": "4.21000", "2012-12-31": "28.63900", "2012-09-30": "29.62600", "2012-06-30": "41.84700", "2012-03-31": "17.52900", "2011-12-31": "57.05500", "2011-09-30": "40.29700", "2011-06-30": "28.56900", "2011-03-31": "27.26300", "2010-12-31": "72.92300", "2010-09-30": "26.03700", "2010-06-30": "40.74700", "2010-03-31": "34.95300", "2009-12-31": "37.46600", "2009-09-30": "6.86400", "2009-06-30": "-37.09100", "2009-03-31": "8.46900", "2008-12-31": "34.57400", "2008-09-30": "83.40000", "2008-06-30": "45.85700", "2008-03-31": "36.68400", "2007-12-31": "31.82600", "2007-09-30": "33.43300", "2007-06-30": "64.97000", "2007-03-31": "18.44400", "2006-12-31": "26.22800", "2006-09-30": "9.98400", "2006-06-30": "10.03900", "2006-03-31": "-3.85100", "2005-12-31": "-143.34100", "2005-09-30": "15.60700", "2005-06-30": "5.68800", "2005-03-31": "1.50500"}, "Income From Discontinued Operations": {"2020-09-30": "", "2020-06-30": "", "2020-03-31": "", "2019-12-31": "", "2019-09-30": "", "2019-06-30": "", "2019-03-31": "", "2018-12-31": "-0.25400", "2018-09-30": "-0.72600", "2018-06-30": "-0.31500", "2018-03-31": "1.62600", "2017-12-31": "-1.34700", "2017-09-30": "3.23400", "2017-06-30": "-4.05000", "2017-03-31": "-4.06600", "2016-12-31": "-19.40500", "2016-09-30": "1.13400", "2016-06-30": "-106.13800", "2016-03-31": "-2.56500", "2015-12-31": "-9.14300", "2015-09-30": "-8.76000", "2015-06-30": "-5.70200", "2015-03-31": "", "2014-12-31": "", "2014-09-30": "", "2014-06-30": "", "2014-03-31": "", "2013-12-31": "", "2013-09-30": "", "2013-06-30": "", "2013-03-31": "", "2012-12-31": "", "2012-09-30": "", "2012-06-30": "", "2012-03-31": "", "2011-12-31": "", "2011-09-30": "", "2011-06-30": "", "2011-03-31": "", "2010-12-31": "", "2010-09-30": "", "2010-06-30": "", "2010-03-31": "", "2009-12-31": "", "2009-09-30": "", "2009-06-30": "", "2009-03-31": "", "2008-12-31": "", "2008-09-30": "", "2008-06-30": "", "2008-03-31": "", "2007-12-31": "0.68500", "2007-09-30": "", "2007-06-30": "", "2007-03-31": "-3.11700", "2006-12-31": "51.05200", "2006-09-30": "-0.19500", "2006-06-30": "-1.12800", "2006-03-31": "-0.79500", "2005-12-31": "", "2005-09-30": "", "2005-06-30": "", "2005-03-31": ""}, "Net Income": {"2020-09-30": "94.23400", "2020-06-30": "92.77600", "2020-03-31": "122.26800", "2019-12-31": "174.92200", "2019-09-30": "175.87600", "2019-06-30": "196.36800", "2019-03-31": "197.43600", "2018-12-31": "229.63200", "2018-09-30": "199.46600", "2018-06-30": "201.44800", "2018-03-31": "223.67300", "2017-12-31": "55.62900", "2017-09-30": "-3.91900", "2017-06-30": "-17.38300", "2017-03-31": "-26.34400", "2016-12-31": "-48.10200", "2016-09-30": "-22.96700", "2016-06-30": "-128.39900", "2016-03-31": "-36.37500", "2015-12-31": "-26.24800", "2015-09-30": "-49.52700", "2015-06-30": "-22.81700", "2015-03-31": "-55.60800", "2014-12-31": "-83.48300", "2014-09-30": "-34.94300", "2014-06-30": "-155.43300", "2014-03-31": "-11.51700", "2013-12-31": "-28.22100", "2013-09-30": "-7.63000", "2013-06-30": "4.38200", "2013-03-31": "4.21000", "2012-12-31": "28.63900", "2012-09-30": "29.62600", "2012-06-30": "41.84700", "2012-03-31": "17.52900", "2011-12-31": "57.05500", "2011-09-30": "40.29700", "2011-06-30": "28.56900", "2011-03-31": "27.26300", "2010-12-31": "72.92300", "2010-09-30": "26.03700", "2010-06-30": "40.74700", "2010-03-31": "34.95300", "2009-12-31": "37.46600", "2009-09-30": "6.86400", "2009-06-30": "-37.09100", "2009-03-31": "8.46900", "2008-12-31": "34.57400", "2008-09-30": "83.40000", "2008-06-30": "45.85700", "2008-03-31": "36.68400", "2007-12-31": "32.51100", "2007-09-30": "33.43300", "2007-06-30": "64.97000", "2007-03-31": "15.32700", "2006-12-31": "77.28000", "2006-09-30": "9.78900", "2006-06-30": "8.91100", "2006-03-31": "-4.64600", "2005-12-31": "-147.98000", "2005-09-30": "15.60700", "2005-06-30": "5.68800", "2005-03-31": "1.50500"}, "EBITDA": {"2020-09-30": "151.65400", "2020-06-30": "147.95600", "2020-03-31": "178.36900", "2019-12-31": "232.65290", "2019-09-30": "241.33800", "2019-06-30": "282.68100", "2019-03-31": "279.19200", "2018-12-31": "320.81300", "2018-09-30": "275.90800", "2018-06-30": "288.97000", "2018-03-31": "306.77300", "2017-12-31": "59.48800", "2017-09-30": "19.82800", "2017-06-30": "12.76300", "2017-03-31": "6.11900", "2016-12-31": "-4.33000", "2016-09-30": "-0.10400", "2016-06-30": "1.15600", "2016-03-31": "-7.96200", "2015-12-31": "10.77400", "2015-09-30": "-4.44300", "2015-06-30": "12.19900", "2015-03-31": "-25.26300", "2014-12-31": "76.21910", "2014-09-30": "3.56500", "2014-06-30": "-112.64200", "2014-03-31": "32.59200", "2013-12-31": "25.90900", "2013-09-30": "18.33300", "2013-06-30": "40.46500", "2013-03-31": "36.12000", "2012-12-31": "65.74900", "2012-09-30": "65.43200", "2012-06-30": "66.85300", "2012-03-31": "40.09400", "2011-12-31": "52.57400", "2011-09-30": "77.85200", "2011-06-30": "60.11100", "2011-03-31": "57.42500", "2010-12-31": "43.63300", "2010-09-30": "52.95100", "2010-06-30": "49.41000", "2010-03-31": "54.71000", "2009-12-31": "56.18000", "2009-09-30": "32.77600", "2009-06-30": "27.65800", "2009-03-31": "16.45100", "2008-12-31": "78.92900", "2008-09-30": "96.04500", "2008-06-30": "97.49500", "2008-03-31": "91.65100", "2007-12-31": "68.39500", "2007-09-30": "64.56000", "2007-06-30": "73.65900", "2007-03-31": "57.65000", "2006-12-31": "41.13000", "2006-09-30": "43.35500", "2006-06-30": "41.33500", "2006-03-31": "20.25900", "2005-12-31": "35.83490", "2005-09-30": "42.06300", "2005-06-30": "39.72100", "2005-03-31": "28.37400"}, "EBIT": {"2020-09-30": "135.41300", "2020-06-30": "133.40700", "2020-03-31": "164.08500", "2019-12-31": "217.22090", "2019-09-30": "225.98100", "2019-06-30": "267.23600", "2019-03-31": "263.60700", "2018-12-31": "302.14600", "2018-09-30": "259.85800", "2018-06-30": "273.60200", "2018-03-31": "290.44500", "2017-12-31": "44.02700", "2017-09-30": "2.14000", "2017-06-30": "-3.22200", "2017-03-31": "-11.19000", "2016-12-31": "-24.44600", "2016-09-30": "-19.65100", "2016-06-30": "-22.61400", "2016-03-31": "-27.42000", "2015-12-31": "-7.24000", "2015-09-30": "-21.12400", "2015-06-30": "-6.61500", "2015-03-31": "-45.83300", "2014-12-31": "49.63410", "2014-09-30": "-23.05100", "2014-06-30": "-139.48800", "2014-03-31": "-7.06900", "2013-12-31": "-25.71810", "2013-09-30": "-8.56900", "2013-06-30": "15.97300", "2013-03-31": "15.74400", "2012-12-31": "42.32100", "2012-09-30": "43.56300", "2012-06-30": "46.57700", "2012-03-31": "24.00700", "2011-12-31": "31.30300", "2011-09-30": "57.49100", "2011-06-30": "39.56900", "2011-03-31": "37.64600", "2010-12-31": "30.14400", "2010-09-30": "42.47300", "2010-06-30": "40.79700", "2010-03-31": "44.62600", "2009-12-31": "47.34800", "2009-09-30": "25.07300", "2009-06-30": "19.48400", "2009-03-31": "8.42300", "2008-12-31": "70.25000", "2008-09-30": "86.71300", "2008-06-30": "88.63700", "2008-03-31": "83.09300", "2007-12-31": "54.87400", "2007-09-30": "55.27800", "2007-06-30": "65.33100", "2007-03-31": "49.77600", "2006-12-31": "31.95600", "2006-09-30": "33.89700", "2006-06-30": "30.08900", "2006-03-31": "11.01300", "2005-12-31": "26.51800", "2005-09-30": "32.56700", "2005-06-30": "30.23100", "2005-03-31": "19.75100"}, "Basic Shares Outstanding": {"2020-09-30": "267.26600", "2020-06-30": "267.25000", "2020-03-31": "269.21700", "2019-12-31": "289.05700", "2019-09-30": "290.11200", "2019-06-30": "290.56500", "2019-03-31": "290.55900", "2018-12-31": "297.74800", "2018-09-30": "296.13700", "2018-06-30": "302.22600", "2018-03-31": "302.22600", "2017-12-31": "302.22600", "2017-09-30": "302.22600", "2017-06-30": "302.22600", "2017-03-31": "302.22600", "2016-12-31": "", "2016-09-30": "", "2016-06-30": "", "2016-03-31": "", "2015-12-31": "", "2015-09-30": "", "2015-06-30": "", "2015-03-31": "", "2014-12-31": "136.15500", "2014-09-30": "136.37500", "2014-06-30": "135.96300", "2014-03-31": "135.73000", "2013-12-31": "135.06700", "2013-09-30": "135.13400", "2013-06-30": "134.85400", "2013-03-31": "134.64600", "2012-12-31": "138.55200", "2012-09-30": "134.34700", "2012-06-30": "141.39900", "2012-03-31": "143.79500", "2011-12-31": "145.15600", "2011-09-30": "145.41300", "2011-06-30": "145.16600", "2011-03-31": "145.09800", "2010-12-31": "122.62100", "2010-09-30": "120.55900", "2010-06-30": "120.34000", "2010-03-31": "120.23100", "2009-12-31": "119.70700", "2009-09-30": "119.92800", "2009-06-30": "119.89300", "2009-03-31": "118.95600", "2008-12-31": "111.44700", "2008-09-30": "118.76400", "2008-06-30": "106.05000", "2008-03-31": "102.27400", "2007-12-31": "100.46800", "2007-09-30": "101.34400", "2007-06-30": "99.75900", "2007-03-31": "98.62400", "2006-12-31": "97.96500", "2006-09-30": "112.29400", "2006-06-30": "97.98100", "2006-03-31": "97.91200", "2005-12-31": "97.68900", "2005-09-30": "97.73400", "2005-06-30": "97.64400", "2005-03-31": "97.56600"}, "Shares Outstanding": {"2020-09-30": "267.28000", "2020-06-30": "267.26000", "2020-03-31": "269.23700", "2019-12-31": "289.07500", "2019-09-30": "290.12700", "2019-06-30": "290.57400", "2019-03-31": "290.56600", "2018-12-31": "297.75400", "2018-09-30": "296.14500", "2018-06-30": "302.23100", "2018-03-31": "302.22600", "2017-12-31": "302.22600", "2017-09-30": "302.22600", "2017-06-30": "302.22600", "2017-03-31": "302.22600", "2016-12-31": "", "2016-09-30": "", "2016-06-30": "", "2016-03-31": "", "2015-12-31": "", "2015-09-30": "", "2015-06-30": "", "2015-03-31": "", "2014-12-31": "136.15500", "2014-09-30": "136.37500", "2014-06-30": "135.96300", "2014-03-31": "135.73000", "2013-12-31": "135.06700", "2013-09-30": "135.13400", "2013-06-30": "135.05600", "2013-03-31": "134.83300", "2012-12-31": "139.70000", "2012-09-30": "135.00100", "2012-06-30": "142.05400", "2012-03-31": "144.49900", "2011-12-31": "146.40200", "2011-09-30": "146.18100", "2011-06-30": "145.96400", "2011-03-31": "145.82200", "2010-12-31": "123.45300", "2010-09-30": "121.35500", "2010-06-30": "121.08800", "2010-03-31": "120.95700", "2009-12-31": "120.73300", "2009-09-30": "120.71600", "2009-06-30": "119.89300", "2009-03-31": "119.24500", "2008-12-31": "119.03900", "2008-09-30": "119.96500", "2008-06-30": "119.52100", "2008-03-31": "117.59900", "2007-12-31": "116.34300", "2007-09-30": "117.39200", "2007-06-30": "116.54900", "2007-03-31": "113.60600", "2006-12-31": "112.15200", "2006-09-30": "112.29400", "2006-06-30": "112.17700", "2006-03-31": "97.91200", "2005-12-31": "97.68900", "2005-09-30": "111.52400", "2005-06-30": "97.84900", "2005-03-31": "98.03800"}, "Basic EPS": {"2020-09-30": "0.35000", "2020-06-30": "0.35000", "2020-03-31": "0.45000", "2019-12-31": "0.61000", "2019-09-30": "0.61000", "2019-06-30": "0.68000", "2019-03-31": "0.68000", "2018-12-31": "0.79000", "2018-09-30": "0.67000", "2018-06-30": "0.67000", "2018-03-31": "0.74000", "2017-12-31": "0.19000", "2017-09-30": "-0.01000", "2017-06-30": "-0.06000", "2017-03-31": "-0.09000", "2016-12-31": "", "2016-09-30": "", "2016-06-30": "", "2016-03-31": "", "2015-12-31": "", "2015-09-30": "", "2015-06-30": "", "2015-03-31": "", "2014-12-31": "-0.62000", "2014-09-30": "-0.26000", "2014-06-30": "-1.14000", "2014-03-31": "-0.08000", "2013-12-31": "-0.20000", "2013-09-30": "-0.06000", "2013-06-30": "0.03000", "2013-03-31": "0.03000", "2012-12-31": "0.21000", "2012-09-30": "0.22000", "2012-06-30": "0.30000", "2012-03-31": "0.12000", "2011-12-31": "0.39000", "2011-09-30": "0.28000", "2011-06-30": "0.20000", "2011-03-31": "0.19000", "2010-12-31": "0.57000", "2010-09-30": "0.22000", "2010-06-30": "0.34000", "2010-03-31": "0.29000", "2009-12-31": "0.31000", "2009-09-30": "0.06000", "2009-06-30": "-0.31000", "2009-03-31": "0.07000", "2008-12-31": "0.31000", "2008-09-30": "0.70000", "2008-06-30": "0.43000", "2008-03-31": "0.36000", "2007-12-31": "0.32000", "2007-09-30": "0.33000", "2007-06-30": "0.65000", "2007-03-31": "0.16000", "2006-12-31": "0.79000", "2006-09-30": "0.10000", "2006-06-30": "0.09000", "2006-03-31": "-0.05000", "2005-12-31": "-1.52000", "2005-09-30": "0.16000", "2005-06-30": "0.06000", "2005-03-31": "0.02000"}, "EPS - Earnings Per Share": {"2020-09-30": "0.35000", "2020-06-30": "0.35000", "2020-03-31": "0.45000", "2019-12-31": "0.61000", "2019-09-30": "0.61000", "2019-06-30": "0.68000", "2019-03-31": "0.68000", "2018-12-31": "0.79000", "2018-09-30": "0.67000", "2018-06-30": "0.67000", "2018-03-31": "0.74000", "2017-12-31": "0.19000", "2017-09-30": "-0.01000", "2017-06-30": "-0.06000", "2017-03-31": "-0.09000", "2016-12-31": "0.00000", "2016-09-30": "0.00000", "2016-06-30": "0.00000", "2016-03-31": "0.00000", "2015-12-31": "0.00000", "2015-09-30": "0.00000", "2015-06-30": "0.00000", "2015-03-31": "0.00000", "2014-12-31": "-0.62000", "2014-09-30": "-0.26000", "2014-06-30": "-1.14000", "2014-03-31": "-0.08000", "2013-12-31": "-0.20000", "2013-09-30": "-0.06000", "2013-06-30": "0.03000", "2013-03-31": "0.03000", "2012-12-31": "0.21000", "2012-09-30": "0.22000", "2012-06-30": "0.29000", "2012-03-31": "0.12000", "2011-12-31": "0.38000", "2011-09-30": "0.28000", "2011-06-30": "0.20000", "2011-03-31": "0.19000", "2010-12-31": "0.57000", "2010-09-30": "0.21000", "2010-06-30": "0.34000", "2010-03-31": "0.29000", "2009-12-31": "0.31000", "2009-09-30": "0.06000", "2009-06-30": "-0.31000", "2009-03-31": "0.07000", "2008-12-31": "0.29000", "2008-09-30": "0.70000", "2008-06-30": "0.41000", "2008-03-31": "0.34000", "2007-12-31": "0.35000", "2007-09-30": "0.30000", "2007-06-30": "0.57000", "2007-03-31": "0.15000", "2006-12-31": "0.73000", "2006-09-30": "0.09000", "2006-06-30": "0.09000", "2006-03-31": "-0.05000", "2005-12-31": "-1.51000", "2005-09-30": "0.15000", "2005-06-30": "0.06000", "2005-03-31": "0.02000"}}, "balance sheet": {"Cash On Hand": {"2019-12-31": "80.93500", "2018-12-31": "49.88000", "2017-12-31": "13.36500", "2016-12-31": "11.61000", "2015-12-31": "6.92700", "2014-12-31": "17.55000", "2013-12-31": "11.88800", "2012-12-31": "17.31700", "2011-12-31": "12.42900", "2010-12-31": "13.09600", "2009-12-31": "50.18100", "2008-12-31": "11.66400", "2007-12-31": "54.74100", "2006-12-31": "149.51700", "2005-12-31": "5.96800"}, "Receivables": {"2019-12-31": "247.05100", "2018-12-31": "248.28600", "2017-12-31": "116.84100", "2016-12-31": "80.56800", "2015-12-31": "82.39000", "2014-12-31": "162.91900", "2013-12-31": "199.56600", "2012-12-31": "236.42900", "2011-12-31": "253.15100", "2010-12-31": "179.75500", "2009-12-31": "117.49500", "2008-12-31": "146.98600", "2007-12-31": "158.48600", "2006-12-31": "166.52800", "2005-12-31": "184.58000"}, "Inventory": {"2019-12-31": "313.64800", "2018-12-31": "293.71700", "2017-12-31": "174.15100", "2016-12-31": "156.11100", "2015-12-31": "218.13000", "2014-12-31": "382.90300", "2013-12-31": "490.41400", "2012-12-31": "513.06500", "2011-12-31": "444.06200", "2010-12-31": "340.41800", "2009-12-31": "245.51100", "2008-12-31": "290.39700", "2007-12-31": "285.43300", "2006-12-31": "239.12900", "2005-12-31": "255.03800"}, "Pre-Paid Expenses": {"2019-12-31": "40.94600", "2018-12-31": "46.16800", "2017-12-31": "44.87200", "2016-12-31": "21.66500", "2015-12-31": "21.15000", "2014-12-31": "81.62300", "2013-12-31": "73.79000", "2012-12-31": "56.19000", "2011-12-31": "22.30800", "2010-12-31": "12.61500", "2009-12-31": "9.71100", "2008-12-31": "14.37600", "2007-12-31": "10.13300", "2006-12-31": "14.07100", "2005-12-31": "14.10100"}, "Other Current Assets": {"2019-12-31": "", "2018-12-31": "", "2017-12-31": "", "2016-12-31": "", "2015-12-31": "", "2014-12-31": "", "2013-12-31": "", "2012-12-31": "", "2011-12-31": "", "2010-12-31": "", "2009-12-31": "6.00000", "2008-12-31": "", "2007-12-31": "", "2006-12-31": "", "2005-12-31": ""}, "Total Current Assets": {"2019-12-31": "682.58000", "2018-12-31": "638.05100", "2017-12-31": "354.54200", "2016-12-31": "330.93300", "2015-12-31": "426.87800", "2014-12-31": "644.99500", "2013-12-31": "775.65800", "2012-12-31": "823.00100", "2011-12-31": "731.95000", "2010-12-31": "545.88400", "2009-12-31": "428.89800", "2008-12-31": "463.42300", "2007-12-31": "508.79300", "2006-12-31": "569.24500", "2005-12-31": "459.68700"}, "Property, Plant, And Equipment": {"2019-12-31": "513.02000", "2018-12-31": "513.70500", "2017-12-31": "512.84100", "2016-12-31": "508.85500", "2015-12-31": "551.16300", "2014-12-31": "654.04000", "2013-12-31": "820.98500", "2012-12-31": "833.90700", "2011-12-31": "776.88400", "2010-12-31": "692.47400", "2009-12-31": "371.99100", "2008-12-31": "337.37000", "2007-12-31": "316.45400", "2006-12-31": "289.75300", "2005-12-31": "362.19700"}, "Long-Term Investments": {"2019-12-31": "", "2018-12-31": "", "2017-12-31": "", "2016-12-31": "", "2015-12-31": "", "2014-12-31": "", "2013-12-31": "", "2012-12-31": "", "2011-12-31": "", "2010-12-31": "", "2009-12-31": "63.31500", "2008-12-31": "118.92500", "2007-12-31": "", "2006-12-31": "", "2005-12-31": ""}, "Goodwill And Intangible Assets": {"2019-12-31": "171.11700", "2018-12-31": "171.11700", "2017-12-31": "171.11700", "2016-12-31": "171.11700", "2015-12-31": "172.05900", "2014-12-31": "420.12900", "2013-12-31": "496.81000", "2012-12-31": "498.26100", "2011-12-31": "498.68100", "2010-12-31": "499.23800", "2009-12-31": "9.03700", "2008-12-31": "7.16600", "2007-12-31": "9.68300", "2006-12-31": "9.82200", "2005-12-31": "20.31900"}, "Other Long-Term Assets": {"2019-12-31": "104.23000", "2018-12-31": "110.91100", "2017-12-31": "129.83500", "2016-12-31": "141.56800", "2015-12-31": "152.61400", "2014-12-31": "97.82200", "2013-12-31": "114.06100", "2012-12-31": "136.58900", "2011-12-31": "152.92000", "2010-12-31": "168.84100", "2009-12-31": "7.93000", "2008-12-31": "14.33800", "2007-12-31": "24.62700", "2006-12-31": "31.05500", "2005-12-31": "32.51400"}, "Total Long-Term Assets": {"2019-12-31": "843.58400", "2018-12-31": "867.44010", "2017-12-31": "844.56100", "2016-12-31": "841.34300", "2015-12-31": "995.13700", "2014-12-31": "1188.81000", "2013-12-31": "1442.19000", "2012-12-31": "1474.91400", "2011-12-31": "1436.41600", "2010-12-31": "1367.29900", "2009-12-31": "463.71000", "2008-12-31": "479.70600", "2007-12-31": "357.90810", "2006-12-31": "336.95600", "2005-12-31": "427.13300"}, "Total Assets": {"2019-12-31": "1526.16400", "2018-12-31": "1505.49100", "2017-12-31": "1199.10300", "2016-12-31": "1172.27600", "2015-12-31": "1422.01500", "2014-12-31": "1833.80500", "2013-12-31": "2217.84800", "2012-12-31": "2297.91500", "2011-12-31": "2168.36600", "2010-12-31": "1913.18300", "2009-12-31": "892.60800", "2008-12-31": "943.12900", "2007-12-31": "866.70100", "2006-12-31": "906.20100", "2005-12-31": "886.82000"}, "Total Current Liabilities": {"2019-12-31": "220.20600", "2018-12-31": "327.12700", "2017-12-31": "151.95900", "2016-12-31": "112.40700", "2015-12-31": "96.11600", "2014-12-31": "351.90100", "2013-12-31": "215.87500", "2012-12-31": "245.38400", "2011-12-31": "277.25300", "2010-12-31": "220.64300", "2009-12-31": "180.32900", "2008-12-31": "240.62300", "2007-12-31": "203.68400", "2006-12-31": "220.59100", "2005-12-31": "214.41300"}, "Long Term Debt": {"2019-12-31": "1874.69600", "2018-12-31": "2136.78900", "2017-12-31": "322.90000", "2016-12-31": "356.58000", "2015-12-31": "362.45500", "2014-12-31": "341.61500", "2013-12-31": "541.59300", "2012-12-31": "535.70900", "2011-12-31": "387.62400", "2010-12-31": "275.79900", "2009-12-31": "1.46700", "2008-12-31": "50.55700", "2007-12-31": "426.13600", "2006-12-31": "665.40000", "2005-12-31": "703.74300"}, "Other Non-Current Liabilities": {"2019-12-31": "72.56200", "2018-12-31": "72.51900", "2017-12-31": "68.90700", "2016-12-31": "82.14800", "2015-12-31": "94.31800", "2014-12-31": "107.56600", "2013-12-31": "97.94700", "2012-12-31": "125.00500", "2011-12-31": "131.30000", "2010-12-31": "114.72800", "2009-12-31": "108.26700", "2008-12-31": "118.27200", "2007-12-31": "94.01000", "2006-12-31": "103.40800", "2005-12-31": "107.70400"}, "Total Long Term Liabilities": {"2019-12-31": "1997.03100", "2018-12-31": "2255.13300", "2017-12-31": "433.92900", "2016-12-31": "482.48400", "2015-12-31": "515.37000", "2014-12-31": "477.37800", "2013-12-31": "681.22410", "2012-12-31": "702.68000", "2011-12-31": "551.16900", "2010-12-31": "462.81400", "2009-12-31": "135.22000", "2008-12-31": "197.91600", "2007-12-31": "550.31700", "2006-12-31": "799.53000", "2005-12-31": "881.98390"}, "Total Liabilities": {"2019-12-31": "2217.23700", "2018-12-31": "2582.26000", "2017-12-31": "585.88800", "2016-12-31": "594.89100", "2015-12-31": "611.48600", "2014-12-31": "829.27900", "2013-12-31": "897.09900", "2012-12-31": "948.06400", "2011-12-31": "828.42200", "2010-12-31": "683.45700", "2009-12-31": "315.54900", "2008-12-31": "438.53900", "2007-12-31": "754.00100", "2006-12-31": "1020.12100", "2005-12-31": "1096.39700"}, "Common Stock Net": {"2019-12-31": "2.70500", "2018-12-31": "2.90500", "2017-12-31": "3.02200", "2016-12-31": "3.02200", "2015-12-31": "", "2014-12-31": "1.52800", "2013-12-31": "1.51900", "2012-12-31": "1.50900", "2011-12-31": "1.49900", "2010-12-31": "1.49100", "2009-12-31": "1.24000", "2008-12-31": "1.22600", "2007-12-31": "1.05200", "2006-12-31": "1.02600", "2005-12-31": "1.02300"}, "Retained Earnings (Accumulated Deficit)": {"2019-12-31": "-1451.83600", "2018-12-31": "-1893.49600", "2017-12-31": "-261.41100", "2016-12-31": "-269.39400", "2015-12-31": "-33.55100", "2014-12-31": "-245.75100", "2013-12-31": "39.62500", "2012-12-31": "66.88400", "2011-12-31": "-50.75700", "2010-12-31": "-203.94100", "2009-12-31": "-305.20200", "2008-12-31": "-317.75200", "2007-12-31": "-506.66600", "2006-12-31": "-660.15300", "2005-12-31": "-751.48700"}, "Comprehensive Income": {"2019-12-31": "-7.36100", "2018-12-31": "-5.80000", "2017-12-31": "20.28900", "2016-12-31": "-7.55800", "2015-12-31": "-10.25700", "2014-12-31": "-336.52400", "2013-12-31": "-292.62400", "2012-12-31": "-280.67800", "2011-12-31": "-261.93700", "2010-12-31": "-235.75800", "2009-12-31": "-305.64400", "2008-12-31": "-355.96000", "2007-12-31": "-278.31600", "2006-12-31": "-312.76300", "2005-12-31": "-311.42900"}, "Other Share Holders Equity": {"2019-12-31": "", "2018-12-31": "", "2017-12-31": "", "2016-12-31": "", "2015-12-31": "", "2014-12-31": "", "2013-12-31": "", "2012-12-31": "", "2011-12-31": "", "2010-12-31": "", "2009-12-31": "", "2008-12-31": "", "2007-12-31": "", "2006-12-31": "", "2005-12-31": ""}, "Share Holder Equity": {"2019-12-31": "-691.07300", "2018-12-31": "-1076.76900", "2017-12-31": "613.21500", "2016-12-31": "577.38500", "2015-12-31": "810.52900", "2014-12-31": "1004.52600", "2013-12-31": "1320.74900", "2012-12-31": "1349.85100", "2011-12-31": "1339.94400", "2010-12-31": "1229.72600", "2009-12-31": "577.05900", "2008-12-31": "504.59000", "2007-12-31": "112.70000", "2006-12-31": "-113.92000", "2005-12-31": "-209.57700"}, "Total Liabilities And Share Holders Equity": {"2019-12-31": "1526.16400", "2018-12-31": "1505.49100", "2017-12-31": "1199.10300", "2016-12-31": "1172.27600", "2015-12-31": "1422.01500", "2014-12-31": "1833.80500", "2013-12-31": "2217.84800", "2012-12-31": "2297.91500", "2011-12-31": "2168.36600", "2010-12-31": "1913.18300", "2009-12-31": "892.60800", "2008-12-31": "943.12900", "2007-12-31": "866.70100", "2006-12-31": "906.20100", "2005-12-31": "886.82000"}}, "balance sheet, quarterly": {"Cash On Hand": {"2020-09-30": "158.84100", "2020-06-30": "187.65600", "2020-03-31": "152.10900", "2019-12-31": "80.93500", "2019-09-30": "381.16400", "2019-06-30": "205.25500", "2019-03-31": "42.28900", "2018-12-31": "49.88000", "2018-09-30": "102.50700", "2018-06-30": "166.14000", "2018-03-31": "138.37300", "2017-12-31": "13.36500", "2017-09-30": "16.37600", "2017-06-30": "11.93000", "2017-03-31": "18.48100", "2016-12-31": "11.61000", "2016-09-30": "12.14700", "2016-06-30": "13.40900", "2016-03-31": "9.83200", "2015-12-31": "6.92700", "2015-09-30": "13.46100", "2015-06-30": "14.50500", "2015-03-31": "10.96100", "2014-12-31": "17.55000", "2014-09-30": "10.87800", "2014-06-30": "20.72800", "2014-03-31": "17.32400", "2013-12-31": "11.88800", "2013-09-30": "11.47000", "2013-06-30": "10.98600", "2013-03-31": "11.30400", "2012-12-31": "17.31700", "2012-09-30": "16.19300", "2012-06-30": "7.13700", "2012-03-31": "12.81700", "2011-12-31": "12.42900", "2011-09-30": "11.34000", "2011-06-30": "9.29600", "2011-03-31": "11.24800", "2010-12-31": "13.09600", "2010-09-30": "66.50300", "2010-06-30": "63.37600", "2010-03-31": "88.53200", "2009-12-31": "50.18100", "2009-09-30": "8.66500", "2009-06-30": "17.62900", "2009-03-31": "6.11300", "2008-12-31": "11.66400", "2008-09-30": "12.58800", "2008-06-30": "15.27600", "2008-03-31": "6.97400", "2007-12-31": "54.74100", "2007-09-30": "8.88200", "2007-06-30": "33.47400", "2007-03-31": "26.73300", "2006-12-31": "149.51700", "2006-09-30": "18.71000", "2006-06-30": "6.43300", "2006-03-31": "21.30100", "2005-12-31": "5.96800", "2005-09-30": "6.00000", "2005-06-30": "10.00000", "2005-03-31": "16.00000"}, "Receivables": {"2020-09-30": "164.19500", "2020-06-30": "181.30800", "2020-03-31": "198.94300", "2019-12-31": "247.05100", "2019-09-30": "", "2019-06-30": "313.63600", "2019-03-31": "278.41000", "2018-12-31": "248.28600", "2018-09-30": "", "2018-06-30": "220.63100", "2018-03-31": "252.21600", "2017-12-31": "116.84100", "2017-09-30": "80.13200", "2017-06-30": "81.99700", "2017-03-31": "74.65900", "2016-12-31": "80.56800", "2016-09-30": "74.61300", "2016-06-30": "", "2016-03-31": "91.40700", "2015-12-31": "82.39000", "2015-09-30": "111.02400", "2015-06-30": "121.68600", "2015-03-31": "155.10800", "2014-12-31": "162.91900", "2014-09-30": "163.97100", "2014-06-30": "177.54100", "2014-03-31": "205.68500", "2013-12-31": "199.56600", "2013-09-30": "", "2013-06-30": "206.66100", "2013-03-31": "188.76100", "2012-12-31": "236.42900", "2012-09-30": "230.09600", "2012-06-30": "217.48700", "2012-03-31": "189.91500", "2011-12-31": "253.15100", "2011-09-30": "239.37600", "2011-06-30": "237.71500", "2011-03-31": "203.54600", "2010-12-31": "179.75500", "2010-09-30": "158.68700", "2010-06-30": "153.83700", "2010-03-31": "123.06600", "2009-12-31": "117.49500", "2009-09-30": "104.45000", "2009-06-30": "92.20800", "2009-03-31": "91.45200", "2008-12-31": "146.98600", "2008-09-30": "188.03100", "2008-06-30": "188.59000", "2008-03-31": "158.45000", "2007-12-31": "158.48600", "2007-09-30": "168.75600", "2007-06-30": "153.23300", "2007-03-31": "157.42000", "2006-12-31": "166.52800", "2006-09-30": "144.35700", "2006-06-30": "160.28600", "2006-03-31": "161.65400", "2005-12-31": "184.58000", "2005-09-30": "172.00000", "2005-06-30": "170.00000", "2005-03-31": "176.00000"}, "Inventory": {"2020-09-30": "299.23600", "2020-06-30": "312.29800", "2020-03-31": "322.62300", "2019-12-31": "313.64800", "2019-09-30": "314.95500", "2019-06-30": "314.87300", "2019-03-31": "299.79400", "2018-12-31": "293.71700", "2018-09-30": "261.98400", "2018-06-30": "251.32800", "2018-03-31": "202.51800", "2017-12-31": "174.15100", "2017-09-30": "164.56800", "2017-06-30": "164.42400", "2017-03-31": "159.39300", "2016-12-31": "156.11100", "2016-09-30": "166.68300", "2016-06-30": "187.24000", "2016-03-31": "282.27000", "2015-12-31": "218.13000", "2015-09-30": "322.26800", "2015-06-30": "375.63300", "2015-03-31": "364.15200", "2014-12-31": "382.90300", "2014-09-30": "418.47700", "2014-06-30": "450.42100", "2014-03-31": "491.27500", "2013-12-31": "490.41400", "2013-09-30": "519.01100", "2013-06-30": "540.77300", "2013-03-31": "538.22200", "2012-12-31": "513.06500", "2012-09-30": "545.77900", "2012-06-30": "554.57100", "2012-03-31": "555.04500", "2011-12-31": "444.06200", "2011-09-30": "408.32700", "2011-06-30": "402.04200", "2011-03-31": "374.78800", "2010-12-31": "340.41800", "2010-09-30": "283.33700", "2010-06-30": "267.46300", "2010-03-31": "258.77900", "2009-12-31": "245.51100", "2009-09-30": "251.80200", "2009-06-30": "275.77300", "2009-03-31": "279.48100", "2008-12-31": "290.39700", "2008-09-30": "281.50600", "2008-06-30": "302.06000", "2008-03-31": "289.42000", "2007-12-31": "285.43300", "2007-09-30": "268.83500", "2007-06-30": "251.75800", "2007-03-31": "241.33600", "2006-12-31": "239.12900", "2006-09-30": "275.66400", "2006-06-30": "283.16100", "2006-03-31": "291.78100", "2005-12-31": "255.03800", "2005-09-30": "255.00000", "2005-06-30": "245.00000", "2005-03-31": "240.00000"}, "Pre-Paid Expenses": {"2020-09-30": "35.29900", "2020-06-30": "31.71100", "2020-03-31": "32.51700", "2019-12-31": "40.94600", "2019-09-30": "40.48100", "2019-06-30": "47.57500", "2019-03-31": "50.59400", "2018-12-31": "46.16800", "2018-09-30": "60.36800", "2018-06-30": "54.30400", "2018-03-31": "35.56300", "2017-12-31": "44.87200", "2017-09-30": "19.97800", "2017-06-30": "24.34500", "2017-03-31": "22.43600", "2016-12-31": "21.66500", "2016-09-30": "22.79200", "2016-06-30": "23.63400", "2016-03-31": "24.97800", "2015-12-31": "21.15000", "2015-09-30": "66.56200", "2015-06-30": "77.95200", "2015-03-31": "70.47500", "2014-12-31": "81.62300", "2014-09-30": "87.98800", "2014-06-30": "93.69300", "2014-03-31": "81.28100", "2013-12-31": "73.79000", "2013-09-30": "69.43600", "2013-06-30": "73.27100", "2013-03-31": "58.08700", "2012-12-31": "56.19000", "2012-09-30": "28.16800", "2012-06-30": "31.51500", "2012-03-31": "28.94500", "2011-12-31": "22.30800", "2011-09-30": "23.49400", "2011-06-30": "27.33600", "2011-03-31": "23.82500", "2010-12-31": "12.61500", "2010-09-30": "13.37100", "2010-06-30": "11.30500", "2010-03-31": "9.53600", "2009-12-31": "9.71100", "2009-09-30": "19.04400", "2009-06-30": "6.19900", "2009-03-31": "5.54500", "2008-12-31": "14.37600", "2008-09-30": "10.92100", "2008-06-30": "10.82900", "2008-03-31": "8.92900", "2007-12-31": "10.13300", "2007-09-30": "7.59800", "2007-06-30": "6.89200", "2007-03-31": "12.70300", "2006-12-31": "14.07100", "2006-09-30": "16.06500", "2006-06-30": "17.99800", "2006-03-31": "15.72900", "2005-12-31": "14.10100", "2005-09-30": "22.00000", "2005-06-30": "25.00000", "2005-03-31": "25.00000"}, "Other Current Assets": {"2020-09-30": "", "2020-06-30": "", "2020-03-31": "", "2019-12-31": "", "2019-09-30": "", "2019-06-30": "", "2019-03-31": "", "2018-12-31": "", "2018-09-30": "", "2018-06-30": "", "2018-03-31": "", "2017-12-31": "", "2017-09-30": "", "2017-06-30": "", "2017-03-31": "", "2016-12-31": "", "2016-09-30": "", "2016-06-30": "", "2016-03-31": "", "2015-12-31": "", "2015-09-30": "", "2015-06-30": "", "2015-03-31": "", "2014-12-31": "", "2014-09-30": "", "2014-06-30": "", "2014-03-31": "", "2013-12-31": "", "2013-09-30": "", "2013-06-30": "", "2013-03-31": "", "2012-12-31": "", "2012-09-30": "", "2012-06-30": "", "2012-03-31": "", "2011-12-31": "", "2011-09-30": "", "2011-06-30": "", "2011-03-31": "", "2010-12-31": "", "2010-09-30": "", "2010-06-30": "", "2010-03-31": "", "2009-12-31": "6.00000", "2009-09-30": "6.00000", "2009-06-30": "", "2009-03-31": "", "2008-12-31": "", "2008-09-30": "", "2008-06-30": "", "2008-03-31": "", "2007-12-31": "", "2007-09-30": "", "2007-06-30": "2.67700", "2007-03-31": "", "2006-12-31": "", "2006-09-30": "", "2006-06-30": "", "2006-03-31": "", "2005-12-31": "", "2005-09-30": "", "2005-06-30": "", "2005-03-31": ""}, "Total Current Assets": {"2020-09-30": "657.57100", "2020-06-30": "712.97300", "2020-03-31": "706.19200", "2019-12-31": "682.58000", "2019-09-30": "1000.75700", "2019-06-30": "881.33900", "2019-03-31": "671.08700", "2018-12-31": "638.05100", "2018-09-30": "630.64100", "2018-06-30": "694.25000", "2018-03-31": "631.07600", "2017-12-31": "354.54200", "2017-09-30": "296.42900", "2017-06-30": "325.31200", "2017-03-31": "328.78100", "2016-12-31": "330.93300", "2016-09-30": "371.12100", "2016-06-30": "397.61500", "2016-03-31": "408.48700", "2015-12-31": "426.87800", "2015-09-30": "513.31500", "2015-06-30": "589.77600", "2015-03-31": "600.69600", "2014-12-31": "644.99500", "2014-09-30": "681.31400", "2014-06-30": "742.38300", "2014-03-31": "795.56500", "2013-12-31": "775.65800", "2013-09-30": "805.34400", "2013-06-30": "831.69100", "2013-03-31": "796.37400", "2012-12-31": "823.00100", "2012-09-30": "820.23600", "2012-06-30": "810.71000", "2012-03-31": "786.72200", "2011-12-31": "731.95000", "2011-09-30": "682.53700", "2011-06-30": "676.38900", "2011-03-31": "613.40700", "2010-12-31": "545.88400", "2010-09-30": "521.89800", "2010-06-30": "495.98100", "2010-03-31": "479.91300", "2009-12-31": "428.89800", "2009-09-30": "389.96100", "2009-06-30": "391.80900", "2009-03-31": "382.59100", "2008-12-31": "463.42300", "2008-09-30": "493.04600", "2008-06-30": "516.75500", "2008-03-31": "463.77300", "2007-12-31": "508.79300", "2007-09-30": "454.07100", "2007-06-30": "448.03400", "2007-03-31": "438.19200", "2006-12-31": "569.24500", "2006-09-30": "454.79600", "2006-06-30": "467.87800", "2006-03-31": "490.46500", "2005-12-31": "459.68700", "2005-09-30": "455.00000", "2005-06-30": "450.00000", "2005-03-31": "457.00000"}, "Property, Plant, And Equipment": {"2020-09-30": "501.51800", "2020-06-30": "502.60600", "2020-03-31": "502.87400", "2019-12-31": "513.02000", "2019-09-30": "500.82300", "2019-06-30": "508.52900", "2019-03-31": "507.06500", "2018-12-31": "513.70500", "2018-09-30": "519.64100", "2018-06-30": "514.74100", "2018-03-31": "518.14200", "2017-12-31": "512.84100", "2017-09-30": "509.46400", "2017-06-30": "506.74800", "2017-03-31": "504.80500", "2016-12-31": "508.85500", "2016-09-30": "532.91700", "2016-06-30": "537.29800", "2016-03-31": "636.96200", "2015-12-31": "551.16300", "2015-09-30": "650.34800", "2015-06-30": "634.67100", "2015-03-31": "633.33900", "2014-12-31": "654.04000", "2014-09-30": "665.55500", "2014-06-30": "682.78400", "2014-03-31": "798.37900", "2013-12-31": "820.98500", "2013-09-30": "846.20100", "2013-06-30": "836.67600", "2013-03-31": "831.70300", "2012-12-31": "833.90700", "2012-09-30": "813.55300", "2012-06-30": "797.19300", "2012-03-31": "799.20900", "2011-12-31": "776.88400", "2011-09-30": "735.52900", "2011-06-30": "740.33800", "2011-03-31": "712.86000", "2010-12-31": "692.47400", "2010-09-30": "392.89900", "2010-06-30": "359.99800", "2010-03-31": "363.98100", "2009-12-31": "371.99100", "2009-09-30": "365.34300", "2009-06-30": "355.05400", "2009-03-31": "333.68800", "2008-12-31": "337.37000", "2008-09-30": "328.69000", "2008-06-30": "339.40500", "2008-03-31": "322.81900", "2007-12-31": "316.45400", "2007-09-30": "309.25100", "2007-06-30": "297.53800", "2007-03-31": "290.79300", "2006-12-31": "289.75300", "2006-09-30": "353.57300", "2006-06-30": "357.39300", "2006-03-31": "354.76900", "2005-12-31": "362.19700", "2005-09-30": "367.00000", "2005-06-30": "363.00000", "2005-03-31": "365.00000"}, "Long-Term Investments": {"2020-09-30": "", "2020-06-30": "", "2020-03-31": "", "2019-12-31": "", "2019-09-30": "", "2019-06-30": "", "2019-03-31": "", "2018-12-31": "", "2018-09-30": "", "2018-06-30": "", "2018-03-31": "", "2017-12-31": "", "2017-09-30": "", "2017-06-30": "", "2017-03-31": "", "2016-12-31": "", "2016-09-30": "", "2016-06-30": "", "2016-03-31": "", "2015-12-31": "", "2015-09-30": "", "2015-06-30": "", "2015-03-31": "", "2014-12-31": "", "2014-09-30": "", "2014-06-30": "", "2014-03-31": "", "2013-12-31": "", "2013-09-30": "", "2013-06-30": "", "2013-03-31": "", "2012-12-31": "", "2012-09-30": "", "2012-06-30": "", "2012-03-31": "", "2011-12-31": "", "2011-09-30": "", "2011-06-30": "", "2011-03-31": "", "2010-12-31": "", "2010-09-30": "65.64100", "2010-06-30": "64.22500", "2010-03-31": "62.54100", "2009-12-31": "63.31500", "2009-09-30": "64.46000", "2009-06-30": "65.41300", "2009-03-31": "120.01500", "2008-12-31": "118.92500", "2008-09-30": "135.62400", "2008-06-30": "136.12300", "2008-03-31": "", "2007-12-31": "", "2007-09-30": "", "2007-06-30": "", "2007-03-31": "", "2006-12-31": "", "2006-09-30": "", "2006-06-30": "", "2006-03-31": "", "2005-12-31": "", "2005-09-30": "", "2005-06-30": "", "2005-03-31": ""}, "Goodwill And Intangible Assets": {"2020-09-30": "171.11700", "2020-06-30": "171.11700", "2020-03-31": "171.11700", "2019-12-31": "171.11700", "2019-09-30": "171.11700", "2019-06-30": "171.11700", "2019-03-31": "171.11700", "2018-12-31": "171.11700", "2018-09-30": "171.11700", "2018-06-30": "171.11700", "2018-03-31": "171.11700", "2017-12-31": "171.11700", "2017-09-30": "171.11700", "2017-06-30": "171.11700", "2017-03-31": "171.11700", "2016-12-31": "171.11700", "2016-09-30": "171.11700", "2016-06-30": "171.11700", "2016-03-31": "173.11700", "2015-12-31": "172.05900", "2015-09-30": "170.02100", "2015-06-30": "384.43200", "2015-03-31": "384.43600", "2014-12-31": "420.12900", "2014-09-30": "495.94400", "2014-06-30": "496.33500", "2014-03-31": "496.80100", "2013-12-31": "496.81000", "2013-09-30": "497.07300", "2013-06-30": "497.16200", "2013-03-31": "497.68100", "2012-12-31": "498.26100", "2012-09-30": "498.47100", "2012-06-30": "498.54000", "2012-03-31": "499.09700", "2011-12-31": "498.68100", "2011-09-30": "498.65600", "2011-06-30": "500.68800", "2011-03-31": "499.47500", "2010-12-31": "499.23800", "2010-09-30": "9.52400", "2010-06-30": "8.68700", "2010-03-31": "9.04700", "2009-12-31": "9.03700", "2009-09-30": "8.78400", "2009-06-30": "8.57300", "2009-03-31": "6.97700", "2008-12-31": "7.16600", "2008-09-30": "8.04700", "2008-06-30": "8.60400", "2008-03-31": "8.24500", "2007-12-31": "9.68300", "2007-09-30": "9.57400", "2007-06-30": "9.81700", "2007-03-31": "9.53300", "2006-12-31": "9.82200", "2006-09-30": "19.28700", "2006-06-30": "20.09900", "2006-03-31": "20.90800", "2005-12-31": "20.31900", "2005-09-30": "21.00000", "2005-06-30": "20.00000", "2005-03-31": "21.00000"}, "Other Long-Term Assets": {"2020-09-30": "96.61600", "2020-06-30": "97.71000", "2020-03-31": "97.13300", "2019-12-31": "104.23000", "2019-09-30": "104.73500", "2019-06-30": "116.12100", "2019-03-31": "121.67000", "2018-12-31": "110.91100", "2018-09-30": "135.16300", "2018-06-30": "126.45200", "2018-03-31": "127.16500", "2017-12-31": "129.83500", "2017-09-30": "123.77800", "2017-06-30": "126.75600", "2017-03-31": "138.60900", "2016-12-31": "141.56800", "2016-09-30": "143.13100", "2016-06-30": "147.76700", "2016-03-31": "164.82300", "2015-12-31": "152.61400", "2015-09-30": "162.47400", "2015-06-30": "86.97900", "2015-03-31": "92.37300", "2014-12-31": "97.82200", "2014-09-30": "105.01800", "2014-06-30": "110.27700", "2014-03-31": "108.62900", "2013-12-31": "114.06100", "2013-09-30": "119.54000", "2013-06-30": "124.57700", "2013-03-31": "130.51300", "2012-12-31": "136.58900", "2012-09-30": "137.20900", "2012-06-30": "142.93700", "2012-03-31": "147.03000", "2011-12-31": "152.92000", "2011-09-30": "152.26700", "2011-06-30": "158.71500", "2011-03-31": "164.51100", "2010-12-31": "168.84100", "2010-09-30": "13.15900", "2010-06-30": "12.07800", "2010-03-31": "8.03500", "2009-12-31": "7.93000", "2009-09-30": "14.53900", "2009-06-30": "14.95600", "2009-03-31": "13.62700", "2008-12-31": "14.33800", "2008-09-30": "15.85000", "2008-06-30": "18.49900", "2008-03-31": "22.77000", "2007-12-31": "24.62700", "2007-09-30": "26.85000", "2007-06-30": "26.16600", "2007-03-31": "27.56500", "2006-12-31": "31.05500", "2006-09-30": "33.25800", "2006-06-30": "42.55200", "2006-03-31": "41.17100", "2005-12-31": "32.51400", "2005-09-30": "34.00000", "2005-06-30": "34.00000", "2005-03-31": "37.00000"}, "Total Long-Term Assets": {"2020-09-30": "810.01790", "2020-06-30": "820.46310", "2020-03-31": "828.02400", "2019-12-31": "843.58400", "2019-09-30": "824.91200", "2019-06-30": "845.01500", "2019-03-31": "858.61200", "2018-12-31": "867.44010", "2018-09-30": "872.06600", "2018-06-30": "872.66500", "2018-03-31": "836.10200", "2017-12-31": "844.56100", "2017-09-30": "823.57900", "2017-06-30": "823.96100", "2017-03-31": "834.84600", "2016-12-31": "841.34300", "2016-09-30": "867.48900", "2016-06-30": "874.65800", "2016-03-31": "992.05300", "2015-12-31": "995.13700", "2015-09-30": "996.68900", "2015-06-30": "1123.19800", "2015-03-31": "1124.96700", "2014-12-31": "1188.81000", "2014-09-30": "1280.13100", "2014-06-30": "1301.45500", "2014-03-31": "1413.92600", "2013-12-31": "1442.19000", "2013-09-30": "1470.27700", "2013-06-30": "1464.52700", "2013-03-31": "1465.77300", "2012-12-31": "1474.91400", "2012-09-30": "1455.86200", "2012-06-30": "1445.95400", "2012-03-31": "1452.97900", "2011-12-31": "1436.41600", "2011-09-30": "1392.25800", "2011-06-30": "1405.21800", "2011-03-31": "1382.78200", "2010-12-31": "1367.29900", "2010-09-30": "492.34800", "2010-06-30": "466.77800", "2010-03-31": "467.41700", "2009-12-31": "463.71000", "2009-09-30": "459.64200", "2009-06-30": "452.36200", "2009-03-31": "491.92700", "2008-12-31": "479.70600", "2008-09-30": "493.99500", "2008-06-30": "508.88500", "2008-03-31": "360.13500", "2007-12-31": "357.90810", "2007-09-30": "353.56100", "2007-06-30": "339.91300", "2007-03-31": "333.42000", "2006-12-31": "336.95600", "2006-09-30": "420.72100", "2006-06-30": "432.21300", "2006-03-31": "428.60100", "2005-12-31": "427.13300", "2005-09-30": "571.00000", "2005-06-30": "556.00000", "2005-03-31": "572.00000"}, "Total Assets": {"2020-09-30": "1467.58900", "2020-06-30": "1533.43600", "2020-03-31": "1534.21600", "2019-12-31": "1526.16400", "2019-09-30": "1825.66900", "2019-06-30": "1726.35400", "2019-03-31": "1529.69900", "2018-12-31": "1505.49100", "2018-09-30": "1502.70700", "2018-06-30": "1566.91500", "2018-03-31": "1467.17800", "2017-12-31": "1199.10300", "2017-09-30": "1120.00800", "2017-06-30": "1149.27300", "2017-03-31": "1163.62700", "2016-12-31": "1172.27600", "2016-09-30": "1238.61000", "2016-06-30": "1272.27300", "2016-03-31": "1400.54000", "2015-12-31": "1422.01500", "2015-09-30": "1510.00400", "2015-06-30": "1712.97400", "2015-03-31": "1725.66300", "2014-12-31": "1833.80500", "2014-09-30": "1961.44500", "2014-06-30": "2043.83800", "2014-03-31": "2209.49100", "2013-12-31": "2217.84800", "2013-09-30": "2275.62100", "2013-06-30": "2296.21800", "2013-03-31": "2262.14700", "2012-12-31": "2297.91500", "2012-09-30": "2276.09800", "2012-06-30": "2256.66400", "2012-03-31": "2239.70100", "2011-12-31": "2168.36600", "2011-09-30": "2074.79500", "2011-06-30": "2081.60700", "2011-03-31": "1996.18900", "2010-12-31": "1913.18300", "2010-09-30": "1014.24600", "2010-06-30": "962.75900", "2010-03-31": "947.33000", "2009-12-31": "892.60800", "2009-09-30": "849.60300", "2009-06-30": "844.17100", "2009-03-31": "874.51800", "2008-12-31": "943.12900", "2008-09-30": "987.04100", "2008-06-30": "1025.64000", "2008-03-31": "823.90800", "2007-12-31": "866.70100", "2007-09-30": "807.63200", "2007-06-30": "787.94700", "2007-03-31": "771.61200", "2006-12-31": "906.20100", "2006-09-30": "875.51700", "2006-06-30": "900.09100", "2006-03-31": "919.06600", "2005-12-31": "886.82000", "2005-09-30": "1026.00000", "2005-06-30": "1006.00000", "2005-03-31": "1029.00000"}, "Total Current Liabilities": {"2020-09-30": "212.13200", "2020-06-30": "230.18700", "2020-03-31": "222.54300", "2019-12-31": "220.20600", "2019-09-30": "276.19200", "2019-06-30": "260.09300", "2019-03-31": "215.09000", "2018-12-31": "327.12700", "2018-09-30": "282.68200", "2018-06-30": "271.38700", "2018-03-31": "189.38000", "2017-12-31": "151.95900", "2017-09-30": "125.77300", "2017-06-30": "106.24600", "2017-03-31": "112.01600", "2016-12-31": "112.40700", "2016-09-30": "100.65600", "2016-06-30": "112.05600", "2016-03-31": "100.40000", "2015-12-31": "96.11600", "2015-09-30": "131.67200", "2015-06-30": "330.41400", "2015-03-31": "339.10100", "2014-12-31": "351.90100", "2014-09-30": "182.89700", "2014-06-30": "187.62800", "2014-03-31": "201.69500", "2013-12-31": "215.87500", "2013-09-30": "215.29900", "2013-06-30": "211.09800", "2013-03-31": "196.66400", "2012-12-31": "245.38400", "2012-09-30": "211.39500", "2012-06-30": "228.03900", "2012-03-31": "260.01400", "2011-12-31": "277.25300", "2011-09-30": "230.41600", "2011-06-30": "220.96900", "2011-03-31": "232.46100", "2010-12-31": "220.64300", "2010-09-30": "194.85900", "2010-06-30": "223.48500", "2010-03-31": "215.88100", "2009-12-31": "180.32900", "2009-09-30": "149.45900", "2009-06-30": "129.98200", "2009-03-31": "170.86400", "2008-12-31": "240.62300", "2008-09-30": "226.15000", "2008-06-30": "232.09400", "2008-03-31": "216.27300", "2007-12-31": "203.68400", "2007-09-30": "195.30400", "2007-06-30": "188.38700", "2007-03-31": "197.56100", "2006-12-31": "220.59100", "2006-09-30": "201.84500", "2006-06-30": "217.43300", "2006-03-31": "204.64500", "2005-12-31": "214.41300", "2005-09-30": "172.00000", "2005-06-30": "186.00000", "2005-03-31": "192.00000"}, "Long Term Debt": {"2020-09-30": "1606.91000", "2020-06-30": "1747.00000", "2020-03-31": "1856.74500", "2019-12-31": "1874.69600", "2019-09-30": "2028.12600", "2019-06-30": "2053.97000", "2019-03-31": "2080.34100", "2018-12-31": "2136.78900", "2018-09-30": "2138.80400", "2018-06-30": "2165.42900", "2018-03-31": "1421.26500", "2017-12-31": "322.90000", "2017-09-30": "320.43000", "2017-06-30": "367.95600", "2017-03-31": "369.24600", "2016-12-31": "356.58000", "2016-09-30": "364.13200", "2016-06-30": "363.97500", "2016-03-31": "360.03800", "2015-12-31": "362.45500", "2015-09-30": "368.58900", "2015-06-30": "349.33500", "2015-03-31": "336.32100", "2014-12-31": "341.61500", "2014-09-30": "539.50900", "2014-06-30": "551.53300", "2014-03-31": "554.51200", "2013-12-31": "541.59300", "2013-09-30": "559.64300", "2013-06-30": "581.72300", "2013-03-31": "551.88600", "2012-12-31": "535.70900", "2012-09-30": "593.45300", "2012-06-30": "570.75800", "2012-03-31": "443.18700", "2011-12-31": "387.62400", "2011-09-30": "336.12200", "2011-06-30": "348.73000", "2011-03-31": "296.25400", "2010-12-31": "275.79900", "2010-09-30": "1.38300", "2010-06-30": "1.23000", "2010-03-31": "1.32700", "2009-12-31": "1.46700", "2009-09-30": "1.49400", "2009-06-30": "53.71200", "2009-03-31": "65.37500", "2008-12-31": "50.55700", "2008-09-30": "130.57700", "2008-06-30": "161.35200", "2008-03-31": "303.61600", "2007-12-31": "426.13600", "2007-09-30": "426.90500", "2007-06-30": "477.64200", "2007-03-31": "528.45700", "2006-12-31": "665.40000", "2006-09-30": "695.52300", "2006-06-30": "708.72700", "2006-03-31": "749.19100", "2005-12-31": "703.74300", "2005-09-30": "718.00000", "2005-06-30": "700.00000", "2005-03-31": "686.00000"}, "Other Non-Current Liabilities": {"2020-09-30": "76.40300", "2020-06-30": "82.82100", "2020-03-31": "90.52200", "2019-12-31": "72.56200", "2019-09-30": "77.75900", "2019-06-30": "70.74800", "2019-03-31": "69.47100", "2018-12-31": "72.51900", "2018-09-30": "68.45500", "2018-06-30": "71.00600", "2018-03-31": "80.17600", "2017-12-31": "68.90700", "2017-09-30": "78.97600", "2017-06-30": "81.14000", "2017-03-31": "81.16800", "2016-12-31": "82.14800", "2016-09-30": "89.18100", "2016-06-30": "91.17700", "2016-03-31": "94.85100", "2015-12-31": "94.31800", "2015-09-30": "89.64300", "2015-06-30": "99.51200", "2015-03-31": "100.98300", "2014-12-31": "107.56600", "2014-09-30": "89.98400", "2014-06-30": "95.89200", "2014-03-31": "96.74000", "2013-12-31": "97.94700", "2013-09-30": "117.84700", "2013-06-30": "117.43200", "2013-03-31": "121.58700", "2012-12-31": "125.00500", "2012-09-30": "120.07000", "2012-06-30": "124.55000", "2012-03-31": "127.11300", "2011-12-31": "131.30000", "2011-09-30": "111.91500", "2011-06-30": "115.24700", "2011-03-31": "115.68800", "2010-12-31": "114.72800", "2010-09-30": "104.49200", "2010-06-30": "101.19100", "2010-03-31": "106.53500", "2009-12-31": "108.26700", "2009-09-30": "121.72300", "2009-06-30": "121.25100", "2009-03-31": "114.75200", "2008-12-31": "118.27200", "2008-09-30": "94.64800", "2008-06-30": "96.77000", "2008-03-31": "95.04700", "2007-12-31": "94.01000", "2007-09-30": "99.40600", "2007-06-30": "99.26900", "2007-03-31": "103.73300", "2006-12-31": "103.40800", "2006-09-30": "89.25900", "2006-06-30": "93.15000", "2006-03-31": "95.39900", "2005-12-31": "107.70400", "2005-09-30": "107.00000", "2005-06-30": "113.00000", "2005-03-31": "142.00000"}, "Total Long Term Liabilities": {"2020-09-30": "1727.56400", "2020-06-30": "1877.96300", "2020-03-31": "1992.05200", "2019-12-31": "1997.03100", "2019-09-30": "2156.36900", "2019-06-30": "2176.09900", "2019-03-31": "2196.22700", "2018-12-31": "2255.13300", "2018-09-30": "2258.50900", "2018-06-30": "2286.54700", "2018-03-31": "1553.98300", "2017-12-31": "433.92900", "2017-09-30": "443.35500", "2017-06-30": "495.77400", "2017-03-31": "495.73000", "2016-12-31": "482.48400", "2016-09-30": "501.04700", "2016-06-30": "502.76100", "2016-03-31": "513.34900", "2015-12-31": "515.37000", "2015-09-30": "537.50100", "2015-06-30": "473.08400", "2015-03-31": "463.81100", "2014-12-31": "477.37800", "2014-09-30": "670.16900", "2014-06-30": "691.82800", "2014-03-31": "693.98400", "2013-12-31": "681.22410", "2013-09-30": "711.58000", "2013-06-30": "738.05900", "2013-03-31": "711.77400", "2012-12-31": "702.68000", "2012-09-30": "747.05200", "2012-06-30": "729.17200", "2012-03-31": "607.04300", "2011-12-31": "551.16900", "2011-09-30": "525.88700", "2011-06-30": "544.32300", "2011-03-31": "488.50000", "2010-12-31": "462.81400", "2010-09-30": "134.97200", "2010-06-30": "126.89400", "2010-03-31": "134.46700", "2009-12-31": "135.22000", "2009-09-30": "153.22900", "2009-06-30": "203.69000", "2009-03-31": "206.69100", "2008-12-31": "197.91600", "2008-09-30": "252.75000", "2008-06-30": "287.55100", "2008-03-31": "429.37800", "2007-12-31": "550.31700", "2007-09-30": "555.03890", "2007-06-30": "607.55500", "2007-03-31": "664.03000", "2006-12-31": "799.53000", "2006-09-30": "859.34200", "2006-06-30": "877.18500", "2006-03-31": "917.33000", "2005-12-31": "881.98390", "2005-09-30": "894.00000", "2005-06-30": "884.00000", "2005-03-31": "902.00000"}, "Total Liabilities": {"2020-09-30": "1939.69600", "2020-06-30": "2108.15000", "2020-03-31": "2214.59500", "2019-12-31": "2217.23700", "2019-09-30": "2432.56100", "2019-06-30": "2436.19200", "2019-03-31": "2411.31700", "2018-12-31": "2582.26000", "2018-09-30": "2541.19100", "2018-06-30": "2557.93400", "2018-03-31": "1743.36300", "2017-12-31": "585.88800", "2017-09-30": "569.12800", "2017-06-30": "602.02000", "2017-03-31": "607.74600", "2016-12-31": "594.89100", "2016-09-30": "601.70300", "2016-06-30": "614.81700", "2016-03-31": "613.74900", "2015-12-31": "611.48600", "2015-09-30": "669.17300", "2015-06-30": "803.49800", "2015-03-31": "802.91200", "2014-12-31": "829.27900", "2014-09-30": "853.06600", "2014-06-30": "879.45600", "2014-03-31": "895.67900", "2013-12-31": "897.09900", "2013-09-30": "926.87900", "2013-06-30": "949.15700", "2013-03-31": "908.43800", "2012-12-31": "948.06400", "2012-09-30": "958.44700", "2012-06-30": "957.21100", "2012-03-31": "867.05700", "2011-12-31": "828.42200", "2011-09-30": "756.30300", "2011-06-30": "765.29200", "2011-03-31": "720.96100", "2010-12-31": "683.45700", "2010-09-30": "329.83100", "2010-06-30": "350.37900", "2010-03-31": "350.34800", "2009-12-31": "315.54900", "2009-09-30": "302.68800", "2009-06-30": "333.67200", "2009-03-31": "377.55500", "2008-12-31": "438.53900", "2008-09-30": "478.90000", "2008-06-30": "519.64500", "2008-03-31": "645.65100", "2007-12-31": "754.00100", "2007-09-30": "750.34300", "2007-06-30": "795.94200", "2007-03-31": "861.59100", "2006-12-31": "1020.12100", "2006-09-30": "1061.18700", "2006-06-30": "1094.61800", "2006-03-31": "1121.97500", "2005-12-31": "1096.39700", "2005-09-30": "1066.00000", "2005-06-30": "1070.00000", "2005-03-31": "1094.00000"}, "Common Stock Net": {"2020-09-30": "2.67200", "2020-06-30": "2.67200", "2020-03-31": "2.67200", "2019-12-31": "2.70500", "2019-09-30": "2.89700", "2019-06-30": "2.90500", "2019-03-31": "2.90500", "2018-12-31": "2.90500", "2018-09-30": "2.90500", "2018-06-30": "3.02200", "2018-03-31": "3.02200", "2017-12-31": "3.02200", "2017-09-30": "", "2017-06-30": "", "2017-03-31": "", "2016-12-31": "3.02200", "2016-09-30": "", "2016-06-30": "", "2016-03-31": "", "2015-12-31": "", "2015-09-30": "", "2015-06-30": "1.53200", "2015-03-31": "1.53500", "2014-12-31": "1.52800", "2014-09-30": "1.52500", "2014-06-30": "1.52500", "2014-03-31": "1.52100", "2013-12-31": "1.51900", "2013-09-30": "1.51800", "2013-06-30": "1.51500", "2013-03-31": "1.51600", "2012-12-31": "1.50900", "2012-09-30": "1.50600", "2012-06-30": "1.50400", "2012-03-31": "1.50300", "2011-12-31": "1.49900", "2011-09-30": "1.49700", "2011-06-30": "1.49400", "2011-03-31": "1.49300", "2010-12-31": "1.49100", "2010-09-30": "1.24700", "2010-06-30": "1.24600", "2010-03-31": "1.24400", "2009-12-31": "1.24000", "2009-09-30": "1.23900", "2009-06-30": "1.23900", "2009-03-31": "1.23100", "2008-12-31": "1.22600", "2008-09-30": "1.22500", "2008-06-30": "1.22300", "2008-03-31": "1.05400", "2007-12-31": "1.05200", "2007-09-30": "1.04800", "2007-06-30": "1.04000", "2007-03-31": "1.02600", "2006-12-31": "1.02600", "2006-09-30": "1.02300", "2006-06-30": "1.02200", "2006-03-31": "1.02100", "2005-12-31": "1.02300", "2005-09-30": "1.00000", "2005-06-30": "1.00000", "2005-03-31": "1.00000"}, "Retained Earnings (Accumulated Deficit)": {"2020-09-30": "-1193.19400", "2020-06-30": "-1284.75600", "2020-03-31": "-1374.84400", "2019-12-31": "-1451.83600", "2019-09-30": "-1404.83200", "2019-06-30": "-1549.08200", "2019-03-31": "-1720.75600", "2018-12-31": "-1893.49600", "2018-09-30": "-1895.05500", "2018-06-30": "-1877.78700", "2018-03-31": "-1149.73800", "2017-12-31": "-261.41100", "2017-09-30": "-317.04000", "2017-06-30": "-313.12100", "2017-03-31": "-295.73800", "2016-12-31": "-269.39400", "2016-09-30": "-221.29400", "2016-06-30": "-198.32700", "2016-03-31": "-69.92600", "2015-12-31": "-33.55100", "2015-09-30": "-7.30300", "2015-06-30": "-324.17600", "2015-03-31": "-301.35900", "2014-12-31": "-245.75100", "2014-09-30": "-162.26800", "2014-06-30": "-127.32500", "2014-03-31": "28.10800", "2013-12-31": "39.62500", "2013-09-30": "67.84600", "2013-06-30": "75.47600", "2013-03-31": "71.09400", "2012-12-31": "66.88400", "2012-09-30": "38.24500", "2012-06-30": "8.61900", "2012-03-31": "-33.22800", "2011-12-31": "-50.75700", "2011-09-30": "-107.81200", "2011-06-30": "-148.10900", "2011-03-31": "-176.67800", "2010-12-31": "-203.94100", "2010-09-30": "-207.74000", "2010-06-30": "-232.35200", "2010-03-31": "-271.67400", "2009-12-31": "-305.20200", "2009-09-30": "-339.51000", "2009-06-30": "-346.37300", "2009-03-31": "-309.28300", "2008-12-31": "-317.75200", "2008-09-30": "-330.92800", "2008-06-30": "-414.32800", "2008-03-31": "-468.01800", "2007-12-31": "-506.66600", "2007-09-30": "-546.44600", "2007-06-30": "-579.85700", "2007-03-31": "-642.26500", "2006-12-31": "-660.15300", "2006-09-30": "-737.44500", "2006-06-30": "-747.21800", "2006-03-31": "-756.13300", "2005-12-31": "-751.48700", "2005-09-30": "-604.00000", "2005-06-30": "-620.00000", "2005-03-31": "-625.00000"}, "Comprehensive Income": {"2020-09-30": "-39.16100", "2020-06-30": "-49.44200", "2020-03-31": "-64.31000", "2019-12-31": "-7.36100", "2019-09-30": "-23.67700", "2019-06-30": "15.85400", "2019-03-31": "16.31800", "2018-12-31": "-5.80000", "2018-09-30": "34.53900", "2018-06-30": "32.25000", "2018-03-31": "19.21600", "2017-12-31": "20.28900", "2017-09-30": "13.58300", "2017-06-30": "6.03700", "2017-03-31": "-2.71800", "2016-12-31": "-7.55800", "2016-09-30": "3.86400", "2016-06-30": "1.44600", "2016-03-31": "2.38000", "2015-12-31": "-10.25700", "2015-09-30": "-6.20300", "2015-06-30": "-357.73300", "2015-03-31": "-365.29000", "2014-12-31": "-336.52400", "2014-09-30": "-313.56000", "2014-06-30": "-290.31300", "2014-03-31": "-290.55200", "2013-12-31": "-292.62400", "2013-09-30": "-291.89700", "2013-06-30": "-297.60300", "2013-03-31": "-284.45400", "2012-12-31": "-280.67800", "2012-09-30": "-282.65800", "2012-06-30": "-279.41800", "2012-03-31": "-250.40900", "2011-12-31": "-261.93700", "2011-09-30": "-254.64000", "2011-06-30": "-212.08200", "2011-03-31": "-221.38800", "2010-12-31": "-235.75800", "2010-09-30": "-303.59700", "2010-06-30": "-348.84400", "2010-03-31": "-321.24700", "2009-12-31": "-305.64400", "2009-09-30": "-299.55700", "2009-06-30": "-327.50000", "2009-03-31": "-372.88600", "2008-12-31": "-355.96000", "2008-09-30": "-315.96900", "2008-06-30": "-246.13000", "2008-03-31": "-253.23300", "2007-12-31": "-278.31600", "2007-09-30": "-285.47500", "2007-06-30": "-303.77400", "2007-03-31": "-310.19100", "2006-12-31": "-312.76300", "2006-09-30": "-305.69300", "2006-06-30": "-303.43900", "2006-03-31": "-301.80400", "2005-12-31": "-311.42900", "2005-09-30": "-288.00000", "2005-06-30": "-295.00000", "2005-03-31": "-290.00000"}, "Other Share Holders Equity": {"2020-09-30": "", "2020-06-30": "", "2020-03-31": "", "2019-12-31": "", "2019-09-30": "", "2019-06-30": "", "2019-03-31": "", "2018-12-31": "", "2018-09-30": "", "2018-06-30": "", "2018-03-31": "", "2017-12-31": "", "2017-09-30": "", "2017-06-30": "", "2017-03-31": "", "2016-12-31": "", "2016-09-30": "", "2016-06-30": "", "2016-03-31": "", "2015-12-31": "", "2015-09-30": "", "2015-06-30": "", "2015-03-31": "", "2014-12-31": "", "2014-09-30": "", "2014-06-30": "", "2014-03-31": "", "2013-12-31": "", "2013-09-30": "", "2013-06-30": "", "2013-03-31": "", "2012-12-31": "", "2012-09-30": "", "2012-06-30": "", "2012-03-31": "", "2011-12-31": "", "2011-09-30": "", "2011-06-30": "", "2011-03-31": "", "2010-12-31": "", "2010-09-30": "", "2010-06-30": "", "2010-03-31": "", "2009-12-31": "", "2009-09-30": "", "2009-06-30": "", "2009-03-31": "", "2008-12-31": "", "2008-09-30": "", "2008-06-30": "", "2008-03-31": "", "2007-12-31": "", "2007-09-30": "", "2007-06-30": "", "2007-03-31": "", "2006-12-31": "", "2006-09-30": "", "2006-06-30": "", "2006-03-31": "", "2005-12-31": "", "2005-09-30": "", "2005-06-30": "", "2005-03-31": ""}, "Share Holder Equity": {"2020-09-30": "-472.10700", "2020-06-30": "-574.71400", "2020-03-31": "-680.37900", "2019-12-31": "-691.07300", "2019-09-30": "-606.89200", "2019-06-30": "-709.83800", "2019-03-31": "-881.61800", "2018-12-31": "-1076.76900", "2018-09-30": "-1038.48400", "2018-06-30": "-991.01900", "2018-03-31": "-276.18500", "2017-12-31": "613.21500", "2017-09-30": "550.88000", "2017-06-30": "547.25300", "2017-03-31": "555.88100", "2016-12-31": "577.38500", "2016-09-30": "636.90700", "2016-06-30": "657.45600", "2016-03-31": "786.79100", "2015-12-31": "810.52900", "2015-09-30": "840.83100", "2015-06-30": "909.47600", "2015-03-31": "922.75100", "2014-12-31": "1004.52600", "2014-09-30": "1108.37900", "2014-06-30": "1164.38200", "2014-03-31": "1313.81200", "2013-12-31": "1320.74900", "2013-09-30": "1348.74200", "2013-06-30": "1347.06100", "2013-03-31": "1353.70900", "2012-12-31": "1349.85100", "2012-09-30": "1317.65100", "2012-06-30": "1299.45300", "2012-03-31": "1372.64400", "2011-12-31": "1339.94400", "2011-09-30": "1318.49200", "2011-06-30": "1316.31500", "2011-03-31": "1275.22800", "2010-12-31": "1229.72600", "2010-09-30": "684.41500", "2010-06-30": "612.38000", "2010-03-31": "596.98200", "2009-12-31": "577.05900", "2009-09-30": "546.91500", "2009-06-30": "510.49900", "2009-03-31": "496.96300", "2008-12-31": "504.59000", "2008-09-30": "508.14100", "2008-06-30": "505.99500", "2008-03-31": "178.25700", "2007-12-31": "112.70000", "2007-09-30": "57.28900", "2007-06-30": "-7.99500", "2007-03-31": "-89.97900", "2006-12-31": "-113.92000", "2006-09-30": "-185.67000", "2006-06-30": "-194.52700", "2006-03-31": "-202.90900", "2005-12-31": "-209.57700", "2005-09-30": "-40.00000", "2005-06-30": "-64.00000", "2005-03-31": "-65.00000"}, "Total Liabilities And Share Holders Equity": {"2020-09-30": "1467.58900", "2020-06-30": "1533.43600", "2020-03-31": "1534.21600", "2019-12-31": "1526.16400", "2019-09-30": "1825.66900", "2019-06-30": "1726.35400", "2019-03-31": "1529.69900", "2018-12-31": "1505.49100", "2018-09-30": "1502.70700", "2018-06-30": "1566.91500", "2018-03-31": "1467.17800", "2017-12-31": "1199.10300", "2017-09-30": "1120.00800", "2017-06-30": "1149.27300", "2017-03-31": "1163.62700", "2016-12-31": "1172.27600", "2016-09-30": "1238.61000", "2016-06-30": "1272.27300", "2016-03-31": "1400.54000", "2015-12-31": "1422.01500", "2015-09-30": "1510.00400", "2015-06-30": "1712.97400", "2015-03-31": "1725.66300", "2014-12-31": "1833.80500", "2014-09-30": "1961.44500", "2014-06-30": "2043.83800", "2014-03-31": "2209.49100", "2013-12-31": "2217.84800", "2013-09-30": "2275.62100", "2013-06-30": "2296.21800", "2013-03-31": "2262.14700", "2012-12-31": "2297.91500", "2012-09-30": "2276.09800", "2012-06-30": "2256.66400", "2012-03-31": "2239.70100", "2011-12-31": "2168.36600", "2011-09-30": "2074.79500", "2011-06-30": "2081.60700", "2011-03-31": "1996.18900", "2010-12-31": "1913.18300", "2010-09-30": "1014.24600", "2010-06-30": "962.75900", "2010-03-31": "947.33000", "2009-12-31": "892.60800", "2009-09-30": "849.60300", "2009-06-30": "844.17100", "2009-03-31": "874.51800", "2008-12-31": "943.12900", "2008-09-30": "987.04100", "2008-06-30": "1025.64000", "2008-03-31": "823.90800", "2007-12-31": "866.70100", "2007-09-30": "807.63200", "2007-06-30": "787.94700", "2007-03-31": "771.61200", "2006-12-31": "906.20100", "2006-09-30": "875.51700", "2006-06-30": "900.09100", "2006-03-31": "919.06600", "2005-12-31": "886.82000", "2005-09-30": "1026.00000", "2005-06-30": "1006.00000", "2005-03-31": "1029.00000"}}, "cash flow statement": {"Net Income/Loss": {"2019-12-31": "744.60200", "2018-12-31": "854.21900", "2017-12-31": "7.98300", "2016-12-31": "-235.84300", "2015-12-31": "-154.20000", "2014-12-31": "-285.37600", "2013-12-31": "-27.25900", "2012-12-31": "117.64100", "2011-12-31": "153.18400", "2010-12-31": "174.66000", "2009-12-31": "15.70800", "2008-12-31": "200.51500", "2007-12-31": "146.24100", "2006-12-31": "91.33400", "2005-12-31": "-125.18000"}, "Total Depreciation And Amortization - Cash Flow": {"2019-12-31": "61.81900", "2018-12-31": "66.41300", "2017-12-31": "66.44300", "2016-12-31": "82.89100", "2015-12-31": "74.07900", "2014-12-31": "119.70800", "2013-12-31": "123.39700", "2012-12-31": "81.66000", "2011-12-31": "81.95300", "2010-12-31": "42.66400", "2009-12-31": "32.73700", "2008-12-31": "35.42700", "2007-12-31": "39.00500", "2006-12-31": "39.12400", "2005-12-31": "36.92600"}, "Other Non-Cash Items": {"2019-12-31": "49.07100", "2018-12-31": "94.30800", "2017-12-31": "-13.19700", "2016-12-31": "116.50400", "2015-12-31": "77.36500", "2014-12-31": "247.50100", "2013-12-31": "4.34600", "2012-12-31": "27.58600", "2011-12-31": "-10.01600", "2010-12-31": "-25.31900", "2009-12-31": "65.14800", "2008-12-31": "46.02500", "2007-12-31": "-7.32900", "2006-12-31": "-47.18000", "2005-12-31": "162.28300"}, "Total Non-Cash Items": {"2019-12-31": "110.89000", "2018-12-31": "160.72100", "2017-12-31": "53.24600", "2016-12-31": "199.39500", "2015-12-31": "151.44400", "2014-12-31": "367.20900", "2013-12-31": "127.74300", "2012-12-31": "109.24600", "2011-12-31": "71.93700", "2010-12-31": "17.34500", "2009-12-31": "97.88500", "2008-12-31": "81.45200", "2007-12-31": "31.67600", "2006-12-31": "-8.05600", "2005-12-31": "199.20900"}, "Change In Accounts Receivable": {"2019-12-31": "-0.40400", "2018-12-31": "-139.18000", "2017-12-31": "-29.75500", "2016-12-31": "3.43200", "2015-12-31": "51.48400", "2014-12-31": "28.46600", "2013-12-31": "37.36600", "2012-12-31": "-5.56300", "2011-12-31": "-68.46200", "2010-12-31": "-39.78000", "2009-12-31": "33.94200", "2008-12-31": "-1.23100", "2007-12-31": "16.58500", "2006-12-31": "5.68800", "2005-12-31": "10.92100"}, "Change In Inventories": {"2019-12-31": "-21.54900", "2018-12-31": "-126.35500", "2017-12-31": "-15.64900", "2016-12-31": "53.54800", "2015-12-31": "49.01700", "2014-12-31": "77.87500", "2013-12-31": "14.32400", "2012-12-31": "-67.31400", "2011-12-31": "-111.39500", "2010-12-31": "-13.64100", "2009-12-31": "69.63000", "2008-12-31": "-29.27800", "2007-12-31": "-27.27700", "2006-12-31": "-5.90900", "2005-12-31": "-45.43000"}, "Change In Accounts Payable": {"2019-12-31": "", "2018-12-31": "", "2017-12-31": "", "2016-12-31": "", "2015-12-31": "", "2014-12-31": "", "2013-12-31": "", "2012-12-31": "", "2011-12-31": "", "2010-12-31": "", "2009-12-31": "", "2008-12-31": "", "2007-12-31": "", "2006-12-31": "", "2005-12-31": ""}, "Change In Assets/Liabilities": {"2019-12-31": "1.50200", "2018-12-31": "4.42000", "2017-12-31": "-15.33100", "2016-12-31": "-10.71600", "2015-12-31": "-6.07600", "2014-12-31": "-41.42200", "2013-12-31": "2.86100", "2012-12-31": "-19.85100", "2011-12-31": "-7.76400", "2010-12-31": "-6.76700", "2009-12-31": "-10.92800", "2008-12-31": "-22.76200", "2007-12-31": "-31.55000", "2006-12-31": "-33.69900", "2005-12-31": "-28.93400"}, "Total Change In Assets/Liabilities": {"2019-12-31": "-50.17600", "2018-12-31": "-178.33700", "2017-12-31": "-24.65600", "2016-12-31": "59.26300", "2015-12-31": "54.19400", "2014-12-31": "39.07000", "2013-12-31": "16.35300", "2012-12-31": "-125.48700", "2011-12-31": "-148.52400", "2010-12-31": "-47.08300", "2009-12-31": "56.73600", "2008-12-31": "-33.33100", "2007-12-31": "-47.14500", "2006-12-31": "-19.09700", "2005-12-31": "-66.04000"}, "Cash Flow From Operating Activities": {"2019-12-31": "805.31600", "2018-12-31": "836.60300", "2017-12-31": "36.57300", "2016-12-31": "22.81500", "2015-12-31": "51.43800", "2014-12-31": "120.90300", "2013-12-31": "116.83700", "2012-12-31": "101.40000", "2011-12-31": "76.59700", "2010-12-31": "144.92200", "2009-12-31": "170.32900", "2008-12-31": "248.63600", "2007-12-31": "130.77200", "2006-12-31": "64.18100", "2005-12-31": "7.98900"}, "Net Change In Property, Plant, And Equipment": {"2019-12-31": "-63.88400", "2018-12-31": "-67.29500", "2017-12-31": "-29.45300", "2016-12-31": "-26.73700", "2015-12-31": "-49.46500", "2014-12-31": "-79.93900", "2013-12-31": "-86.34400", "2012-12-31": "-127.72800", "2011-12-31": "-156.61600", "2010-12-31": "-86.04900", "2009-12-31": "-56.22000", "2008-12-31": "-71.95400", "2007-12-31": "-21.07200", "2006-12-31": "-31.64100", "2005-12-31": "-46.69700"}, "Net Change In Intangible Assets": {"2019-12-31": "", "2018-12-31": "", "2017-12-31": "", "2016-12-31": "", "2015-12-31": "", "2014-12-31": "", "2013-12-31": "", "2012-12-31": "", "2011-12-31": "", "2010-12-31": "", "2009-12-31": "", "2008-12-31": "", "2007-12-31": "-0.65900", "2006-12-31": "-0.87500", "2005-12-31": "-0.79700"}, "Net Acquisitions/Divestitures": {"2019-12-31": "", "2018-12-31": "", "2017-12-31": "27.25400", "2016-12-31": "15.88900", "2015-12-31": "", "2014-12-31": "", "2013-12-31": "", "2012-12-31": "", "2011-12-31": "-20.51000", "2010-12-31": "-241.20400", "2009-12-31": "", "2008-12-31": "", "2007-12-31": "-2.79400", "2006-12-31": "151.32000", "2005-12-31": ""}, "Net Change In Short-term Investments": {"2019-12-31": "", "2018-12-31": "", "2017-12-31": "", "2016-12-31": "0.37700", "2015-12-31": "-7.93700", "2014-12-31": "-2.02500", "2013-12-31": "", "2012-12-31": "", "2011-12-31": "", "2010-12-31": "-1.10900", "2009-12-31": "0.98400", "2008-12-31": "-1.73100", "2007-12-31": "-0.14400", "2006-12-31": "-0.26600", "2005-12-31": "1.91300"}, "Net Change In Long-Term Investments": {"2019-12-31": "", "2018-12-31": "", "2017-12-31": "", "2016-12-31": "", "2015-12-31": "", "2014-12-31": "", "2013-12-31": "", "2012-12-31": "", "2011-12-31": "", "2010-12-31": "6.00000", "2009-12-31": "-6.00000", "2008-12-31": "-136.46700", "2007-12-31": "", "2006-12-31": "", "2005-12-31": ""}, "Net Change In Investments - Total": {"2019-12-31": "", "2018-12-31": "", "2017-12-31": "", "2016-12-31": "0.37700", "2015-12-31": "-7.93700", "2014-12-31": "-2.02500", "2013-12-31": "", "2012-12-31": "", "2011-12-31": "", "2010-12-31": "4.89100", "2009-12-31": "-5.01600", "2008-12-31": "-138.19800", "2007-12-31": "-0.14400", "2006-12-31": "-0.26600", "2005-12-31": "1.91300"}, "Investing Activities - Other": {"2019-12-31": "", "2018-12-31": "", "2017-12-31": "", "2016-12-31": "", "2015-12-31": "", "2014-12-31": "3.01200", "2013-12-31": "2.54300", "2012-12-31": "7.76600", "2011-12-31": "15.16000", "2010-12-31": "0.81000", "2009-12-31": "1.12600", "2008-12-31": "0.29400", "2007-12-31": "-1.85600", "2006-12-31": "", "2005-12-31": "-14.80000"}, "Cash Flow From Investing Activities": {"2019-12-31": "-63.88400", "2018-12-31": "-67.29500", "2017-12-31": "-2.19900", "2016-12-31": "-10.47100", "2015-12-31": "-57.40200", "2014-12-31": "-78.95200", "2013-12-31": "-83.80100", "2012-12-31": "-119.96200", "2011-12-31": "-161.96600", "2010-12-31": "-321.55200", "2009-12-31": "-60.11000", "2008-12-31": "-209.85800", "2007-12-31": "-26.52500", "2006-12-31": "118.53800", "2005-12-31": "-60.38100"}, "Net Long-Term Debt": {"2019-12-31": "-350.14000", "2018-12-31": "1828.15400", "2017-12-31": "-38.10500", "2016-12-31": "-14.75800", "2015-12-31": "-145.27200", "2014-12-31": "-24.19200", "2013-12-31": "-5.72500", "2012-12-31": "137.27500", "2011-12-31": "101.77800", "2010-12-31": "129.94400", "2009-12-31": "-49.81100", "2008-12-31": "-150.30200", "2007-12-31": "-231.66700", "2006-12-31": "-39.04600", "2005-12-31": "39.54400"}, "Net Current Debt": {"2019-12-31": "", "2018-12-31": "-762.60700", "2017-12-31": "5.11000", "2016-12-31": "7.36300", "2015-12-31": "3.00700", "2014-12-31": "-1.02100", "2013-12-31": "-7.26500", "2012-12-31": "-5.73800", "2011-12-31": "14.01600", "2010-12-31": "-0.85000", "2009-12-31": "-8.12800", "2008-12-31": "9.69900", "2007-12-31": "0.41400", "2006-12-31": "-0.77200", "2005-12-31": "1.88100"}, "Debt Issuance/Retirement Net - Total": {"2019-12-31": "-350.14000", "2018-12-31": "1065.54700", "2017-12-31": "-32.99500", "2016-12-31": "-7.39500", "2015-12-31": "-142.26500", "2014-12-31": "-25.21300", "2013-12-31": "-12.99000", "2012-12-31": "131.53700", "2011-12-31": "115.79400", "2010-12-31": "129.09400", "2009-12-31": "-57.93900", "2008-12-31": "-140.60300", "2007-12-31": "-231.25300", "2006-12-31": "-39.81800", "2005-12-31": "41.42500"}, "Net Common Equity Issued/Repurchased": {"2019-12-31": "-260.86800", "2018-12-31": "-225.00000", "2017-12-31": "", "2016-12-31": "", "2015-12-31": "", "2014-12-31": "1.91900", "2013-12-31": "-1.37700", "2012-12-31": "-103.28800", "2011-12-31": "-28.91200", "2010-12-31": "2.47000", "2009-12-31": "0.65100", "2008-12-31": "15.94600", "2007-12-31": "22.99400", "2006-12-31": "0.25000", "2005-12-31": ""}, "Net Total Equity Issued/Repurchased": {"2019-12-31": "-260.86800", "2018-12-31": "-225.00000", "2017-12-31": "", "2016-12-31": "", "2015-12-31": "150.00000", "2014-12-31": "1.91900", "2013-12-31": "-1.37700", "2012-12-31": "-103.28800", "2011-12-31": "-28.91200", "2010-12-31": "2.47000", "2009-12-31": "0.65100", "2008-12-31": "15.94600", "2007-12-31": "22.99400", "2006-12-31": "0.25000", "2005-12-31": ""}, "Total Common And Preferred Stock Dividends Paid": {"2019-12-31": "-98.62300", "2018-12-31": "-1544.26500", "2017-12-31": "", "2016-12-31": "", "2015-12-31": "", "2014-12-31": "", "2013-12-31": "", "2012-12-31": "", "2011-12-31": "", "2010-12-31": "", "2009-12-31": "", "2008-12-31": "", "2007-12-31": "", "2006-12-31": "", "2005-12-31": ""}, "Financial Activities - Other": {"2019-12-31": "", "2018-12-31": "-27.32600", "2017-12-31": "", "2016-12-31": "-0.92200", "2015-12-31": "-9.98300", "2014-12-31": "-11.78300", "2013-12-31": "-23.27800", "2012-12-31": "-4.13700", "2011-12-31": "-1.42100", "2010-12-31": "6.67600", "2009-12-31": "-15.58700", "2008-12-31": "44.44200", "2007-12-31": "8.37200", "2006-12-31": "", "2005-12-31": "-5.24100"}, "Cash Flow From Financial Activities": {"2019-12-31": "-709.63100", "2018-12-31": "-731.04400", "2017-12-31": "-32.99500", "2016-12-31": "-8.31700", "2015-12-31": "-2.24800", "2014-12-31": "-35.07700", "2013-12-31": "-37.64500", "2012-12-31": "24.11200", "2011-12-31": "85.46100", "2010-12-31": "138.24000", "2009-12-31": "-72.87500", "2008-12-31": "-80.21500", "2007-12-31": "-199.88700", "2006-12-31": "-39.56800", "2005-12-31": "36.18400"}, "Net Cash Flow": {"2019-12-31": "31.05500", "2018-12-31": "36.51500", "2017-12-31": "1.75500", "2016-12-31": "4.68300", "2015-12-31": "-10.62300", "2014-12-31": "5.66200", "2013-12-31": "-5.42900", "2012-12-31": "4.88800", "2011-12-31": "-0.66700", "2010-12-31": "-37.08500", "2009-12-31": "38.51700", "2008-12-31": "-43.07700", "2007-12-31": "-94.77600", "2006-12-31": "143.54900", "2005-12-31": "-17.51600"}, "Stock-Based Compensation": {"2019-12-31": "", "2018-12-31": "", "2017-12-31": "", "2016-12-31": "", "2015-12-31": "15.35700", "2014-12-31": "5.57700", "2013-12-31": "8.03500", "2012-12-31": "9.60100", "2011-12-31": "8.91000", "2010-12-31": "7.35500", "2009-12-31": "6.84500", "2008-12-31": "4.90300", "2007-12-31": "4.50700", "2006-12-31": "3.58900", "2005-12-31": ""}, "Common Stock Dividends Paid": {"2019-12-31": "-98.62300", "2018-12-31": "-1544.26500", "2017-12-31": "", "2016-12-31": "", "2015-12-31": "", "2014-12-31": "", "2013-12-31": "", "2012-12-31": "", "2011-12-31": "", "2010-12-31": "", "2009-12-31": "", "2008-12-31": "", "2007-12-31": "", "2006-12-31": "", "2005-12-31": ""}}, "cash flow statement, quarterly": {"Net Income/Loss": {"2020-09-30": 94.234, "2020-06-30": 92.776, "2020-03-31": "122.26800", "2019-12-31": 174.922, "2019-09-30": 175.876, "2019-06-30": 196.368, "2019-03-31": "197.43600", "2018-12-31": 229.632, "2018-09-30": 199.466, "2018-06-30": 201.448, "2018-03-31": "223.67300", "2017-12-31": 55.629, "2017-09-30": -3.919, "2017-06-30": -17.383, "2017-03-31": "-26.34400", "2016-12-31": -48.103, "2016-09-30": -22.967, "2016-06-30": -128.398, "2016-03-31": "-36.37500", "2015-12-31": -26.248, "2015-09-30": -49.527, "2015-06-30": -22.817, "2015-03-31": "-55.60800", "2014-12-31": -83.483, "2014-09-30": -34.943, "2014-06-30": -155.433, "2014-03-31": "-11.51700", "2013-12-31": -28.221, "2013-09-30": -7.63, "2013-06-30": 4.382, "2013-03-31": "4.21000", "2012-12-31": 28.639, "2012-09-30": 29.626, "2012-06-30": 41.847, "2012-03-31": "17.52900", "2011-12-31": 57.055, "2011-09-30": 40.297, "2011-06-30": 28.569, "2011-03-31": "27.26300", "2010-12-31": 72.923, "2010-09-30": 26.037, "2010-06-30": 40.747, "2010-03-31": "34.95300", "2009-12-31": 37.466, "2009-09-30": 6.864, "2009-06-30": -37.091, "2009-03-31": "8.46900", "2008-12-31": 34.576, "2008-09-30": 83.4, "2008-06-30": 45.855, "2008-03-31": "36.68400", "2007-12-31": 32.51, "2007-09-30": 33.434, "2007-06-30": 64.97, "2007-03-31": "15.32700", "2006-12-31": 77.28, "2006-09-30": 9.789, "2006-06-30": 8.911, "2006-03-31": "-4.64600", "2005-12-31": -147.98, "2005-09-30": 15.607, "2005-06-30": 5.688, "2005-03-31": "1.50500"}, "Total Depreciation And Amortization - Cash Flow": {"2020-09-30": 16.241, "2020-06-30": 14.549, "2020-03-31": "14.28400", "2019-12-31": 15.432, "2019-09-30": 15.357, "2019-06-30": 15.445, "2019-03-31": "15.58500", "2018-12-31": 18.667, "2018-09-30": 16.05, "2018-06-30": 15.368, "2018-03-31": "16.32800", "2017-12-31": 15.461, "2017-09-30": 17.688, "2017-06-30": 15.985, "2017-03-31": "17.30900", "2016-12-31": 20.116, "2016-09-30": 19.547, "2016-06-30": 23.77, "2016-03-31": "19.45800", "2015-12-31": 18.014, "2015-09-30": 16.681, "2015-06-30": 18.814, "2015-03-31": "20.57000", "2014-12-31": 26.585, "2014-09-30": 26.616, "2014-06-30": 26.846, "2014-03-31": "39.66100", "2013-12-31": 51.627, "2013-09-30": 26.902, "2013-06-30": 24.492, "2013-03-31": "20.37600", "2012-12-31": 23.428, "2012-09-30": 21.869, "2012-06-30": 20.276, "2012-03-31": "16.08700", "2011-12-31": 21.271, "2011-09-30": 20.361, "2011-06-30": 20.542, "2011-03-31": "19.77900", "2010-12-31": 13.489, "2010-09-30": 10.478, "2010-06-30": 8.613, "2010-03-31": "10.08400", "2009-12-31": 8.832, "2009-09-30": 7.703, "2009-06-30": 8.174, "2009-03-31": "8.02800", "2008-12-31": 8.679, "2008-09-30": 9.332, "2008-06-30": 8.858, "2008-03-31": "8.55800", "2007-12-31": 13.521, "2007-09-30": 9.282, "2007-06-30": 8.328, "2007-03-31": "7.87400", "2006-12-31": 9.174, "2006-09-30": 9.458, "2006-06-30": 11.246, "2006-03-31": "9.24600", "2005-12-31": 9.317, "2005-09-30": 9.496, "2005-06-30": 9.49, "2005-03-31": "8.62300"}, "Other Non-Cash Items": {"2020-09-30": -21.528, "2020-06-30": 9.907, "2020-03-31": "3.75800", "2019-12-31": -2.078, "2019-09-30": 15.532, "2019-06-30": 24.334, "2019-03-31": "11.28300", "2018-12-31": 13.465, "2018-09-30": 8.186, "2018-06-30": 25.336, "2018-03-31": "47.32100", "2017-12-31": -22.386, "2017-09-30": -3.346, "2017-06-30": 7.605, "2017-03-31": "4.93000", "2016-12-31": 10.625, "2016-09-30": -6.047, "2016-06-30": 100.577, "2016-03-31": "11.34900", "2015-12-31": 6.78, "2015-09-30": 28.893, "2015-06-30": -0.503, "2015-03-31": "42.19500", "2014-12-31": 88.816, "2014-09-30": 22.74, "2014-06-30": 133.581, "2014-03-31": "2.36400", "2013-12-31": -17.572, "2013-09-30": 7.315, "2013-06-30": 9.038, "2013-03-31": "5.56500", "2012-12-31": 17.463, "2012-09-30": 0.854, "2012-06-30": 4.757, "2012-03-31": "4.51200", "2011-12-31": -24.864, "2011-09-30": 2.88, "2011-06-30": 4.633, "2011-03-31": "7.33500", "2010-12-31": -31.412, "2010-09-30": 21.557, "2010-06-30": -5.745, "2010-03-31": "-9.71900", "2009-12-31": -11.962, "2009-09-30": 2.828, "2009-06-30": 75.078, "2009-03-31": "-0.79600", "2008-12-31": 37.768, "2008-09-30": -25.812, "2008-06-30": 8.766, "2008-03-31": "25.30300", "2007-12-31": 16.47, "2007-09-30": -3.09, "2007-06-30": -27.217, "2007-03-31": "6.50800", "2006-12-31": -56.277, "2006-09-30": 0.879, "2006-06-30": 0.349, "2006-03-31": "7.86900", "2005-12-31": 159.39, "2005-09-30": -8.089, "2005-06-30": 8.732, "2005-03-31": "2.25000"}, "Total Non-Cash Items": {"2020-09-30": -5.287, "2020-06-30": 24.456, "2020-03-31": "18.04200", "2019-12-31": 13.354, "2019-09-30": 30.889, "2019-06-30": 39.779, "2019-03-31": "26.86800", "2018-12-31": 32.132, "2018-09-30": 24.236, "2018-06-30": 40.704, "2018-03-31": "63.64900", "2017-12-31": -6.925, "2017-09-30": 14.342, "2017-06-30": 23.59, "2017-03-31": "22.23900", "2016-12-31": 30.741, "2016-09-30": 13.5, "2016-06-30": 124.347, "2016-03-31": "30.80700", "2015-12-31": 24.794, "2015-09-30": 45.574, "2015-06-30": 18.311, "2015-03-31": "62.76500", "2014-12-31": 115.401, "2014-09-30": 49.356, "2014-06-30": 160.427, "2014-03-31": "42.02500", "2013-12-31": 34.055, "2013-09-30": 34.217, "2013-06-30": 33.53, "2013-03-31": "25.94100", "2012-12-31": 40.891, "2012-09-30": 22.723, "2012-06-30": 25.033, "2012-03-31": "20.59900", "2011-12-31": -3.593, "2011-09-30": 23.241, "2011-06-30": 25.175, "2011-03-31": "27.11400", "2010-12-31": -17.923, "2010-09-30": 32.035, "2010-06-30": 2.868, "2010-03-31": "0.36500", "2009-12-31": -3.13, "2009-09-30": 10.531, "2009-06-30": 83.252, "2009-03-31": "7.23200", "2008-12-31": 46.447, "2008-09-30": -16.48, "2008-06-30": 17.624, "2008-03-31": "33.86100", "2007-12-31": 29.991, "2007-09-30": 6.192, "2007-06-30": -18.889, "2007-03-31": "14.38200", "2006-12-31": -47.103, "2006-09-30": 10.337, "2006-06-30": 11.595, "2006-03-31": "17.11500", "2005-12-31": 168.707, "2005-09-30": 1.407, "2005-06-30": 18.222, "2005-03-31": "10.87300"}, "Change In Accounts Receivable": {"2020-09-30": 19.695, "2020-06-30": 17.97, "2020-03-31": "40.74300", "2019-12-31": 20.323, "2019-09-30": 44.41, "2019-06-30": -33.748, "2019-03-31": "-31.38900", "2018-12-31": -43.135, "2018-09-30": 14.655, "2018-06-30": 22.094, "2018-03-31": "-132.79400", "2017-12-31": -31.716, "2017-09-30": 0.825, "2017-06-30": -4.662, "2017-03-31": "5.79800", "2016-12-31": -6.253, "2016-09-30": 4.474, "2016-06-30": -9.038, "2016-03-31": "14.24900", "2015-12-31": 7.403, "2015-09-30": 9.223, "2015-06-30": 33.818, "2015-03-31": "1.04000", "2014-12-31": -1.227, "2014-09-30": 7.535, "2014-06-30": 27.842, "2014-03-31": "-5.68400", "2013-12-31": 6.395, "2013-09-30": 2.895, "2013-06-30": -19.691, "2013-03-31": "47.76700", "2012-12-31": -31.177, "2012-09-30": -11.476, "2012-06-30": -35.391, "2012-03-31": "72.48100", "2011-12-31": -13.548, "2011-09-30": -7.815, "2011-06-30": -30.037, "2011-03-31": "-17.06200", "2010-12-31": 3.644, "2010-09-30": 2.26, "2010-06-30": -36.976, "2010-03-31": "-8.70800", "2009-12-31": -14.252, "2009-09-30": -9.681, "2009-06-30": 4.652, "2009-03-31": "53.22300", "2008-12-31": 35.269, "2008-09-30": -12.087, "2008-06-30": -29.078, "2008-03-31": "4.66500", "2007-12-31": 14.064, "2007-09-30": -13.313, "2007-06-30": 5.666, "2007-03-31": "10.16800", "2006-12-31": -39.987, "2006-09-30": 14.977, "2006-06-30": 4.917, "2006-03-31": "25.78100", "2005-12-31": -15.426, "2005-09-30": -1.157, "2005-06-30": 1.613, "2005-03-31": "25.89100"}, "Change In Inventories": {"2020-09-30": 13.295, "2020-06-30": 14.312, "2020-03-31": "-17.23600", "2019-12-31": -1.641, "2019-09-30": -3.809, "2019-06-30": -11.394, "2019-03-31": "-4.70500", "2018-12-31": -32.6, "2018-09-30": -11.19, "2018-06-30": -53.886, "2018-03-31": "-28.67900", "2017-12-31": -24.237, "2017-09-30": 2.589, "2017-06-30": 3.281, "2017-03-31": "2.71800", "2016-12-31": 12.149, "2016-09-30": 24.277, "2016-06-30": 12.251, "2016-03-31": "4.87100", "2015-12-31": 29.417, "2015-09-30": 16.326, "2015-06-30": -8.704, "2015-03-31": "11.97800", "2014-12-31": 31.451, "2014-09-30": 4.126, "2014-06-30": 41.343, "2014-03-31": "0.95500", "2013-12-31": 27.905, "2013-09-30": 19.803, "2013-06-30": -9.595, "2013-03-31": "-23.78900", "2012-12-31": 28.995, "2012-09-30": 8.543, "2012-06-30": -4.178, "2012-03-31": "-100.67400", "2011-12-31": -35.188, "2011-09-30": -22.377, "2011-06-30": -23.359, "2011-03-31": "-30.47100", "2010-12-31": 25.333, "2010-09-30": 3.939, "2010-06-30": -21.874, "2010-03-31": "-21.03900", "2009-12-31": 6.811, "2009-09-30": 32.352, "2009-06-30": 26.418, "2009-03-31": "4.04900", "2008-12-31": -18.269, "2008-09-30": -5.45, "2008-06-30": -9.052, "2008-03-31": "3.49300", "2007-12-31": -11.701, "2007-09-30": -8.46, "2007-06-30": -6.299, "2007-03-31": "-0.81700", "2006-12-31": 7.574, "2006-09-30": 3.605, "2006-06-30": 12.235, "2006-03-31": "-29.32300", "2005-12-31": -3.551, "2005-09-30": -7.874, "2005-06-30": -11.614, "2005-03-31": "-22.39100"}, "Change In Accounts Payable": {"2020-09-30": 0, "2020-06-30": 0, "2020-03-31": "", "2019-12-31": 0, "2019-09-30": 0, "2019-06-30": 0, "2019-03-31": "", "2018-12-31": 0, "2018-09-30": 0, "2018-06-30": 0, "2018-03-31": "", "2017-12-31": 0, "2017-09-30": 0, "2017-06-30": 0, "2017-03-31": "", "2016-12-31": 0, "2016-09-30": 0, "2016-06-30": 0, "2016-03-31": "", "2015-12-31": 0, "2015-09-30": 0, "2015-06-30": 0, "2015-03-31": "", "2014-12-31": 0, "2014-09-30": 0, "2014-06-30": 0, "2014-03-31": "", "2013-12-31": 0, "2013-09-30": 0, "2013-06-30": 0, "2013-03-31": "", "2012-12-31": 0, "2012-09-30": 0, "2012-06-30": 0, "2012-03-31": "", "2011-12-31": 0, "2011-09-30": 0, "2011-06-30": 0, "2011-03-31": "", "2010-12-31": 0, "2010-09-30": 0, "2010-06-30": 0, "2010-03-31": "", "2009-12-31": 0, "2009-09-30": 0, "2009-06-30": 0, "2009-03-31": "", "2008-12-31": 0, "2008-09-30": 0, "2008-06-30": 0, "2008-03-31": "", "2007-12-31": 0, "2007-09-30": 0, "2007-06-30": 0, "2007-03-31": "", "2006-12-31": 0, "2006-09-30": 0, "2006-06-30": 0, "2006-03-31": "", "2005-12-31": 0, "2005-09-30": 0, "2005-06-30": 0, "2005-03-31": ""}, "Change In Assets/Liabilities": {"2020-09-30": -11.663, "2020-06-30": -4.367, "2020-03-31": "6.47300", "2019-12-31": -2.177, "2019-09-30": -1.556, "2019-06-30": -7.01, "2019-03-31": "12.24500", "2018-12-31": -4.754, "2018-09-30": -11.217, "2018-06-30": 3.993, "2018-03-31": "16.39800", "2017-12-31": -18.703, "2017-09-30": 3.637, "2017-06-30": -1.598, "2017-03-31": "1.33300", "2016-12-31": -8.219, "2016-09-30": 3.735, "2016-06-30": -6.99, "2016-03-31": "0.75800", "2015-12-31": -0.482, "2015-09-30": -0.837, "2015-06-30": -9.783, "2015-03-31": "5.02600", "2014-12-31": -9.351, "2014-09-30": 11.703, "2014-06-30": -33.579, "2014-03-31": "-10.19500", "2013-12-31": 2.182, "2013-09-30": 22.047, "2013-06-30": -21.834, "2013-03-31": "0.46600", "2012-12-31": -1.168, "2012-09-30": -3.212, "2012-06-30": -4.772, "2012-03-31": "-10.69900", "2011-12-31": 0.219, "2011-09-30": 1.539, "2011-06-30": -7.023, "2011-03-31": "-2.49900", "2010-12-31": 0.55, "2010-09-30": -0.087, "2010-06-30": -4.311, "2010-03-31": "-2.91900", "2009-12-31": -4.127, "2009-09-30": -1.129, "2009-06-30": -2.607, "2009-03-31": "-3.06500", "2008-12-31": -10.229, "2008-09-30": -7.566, "2008-06-30": -0.424, "2008-03-31": "-4.54300", "2007-12-31": -5.425, "2007-09-30": -8.836, "2007-06-30": 4.174, "2007-03-31": "-21.46300", "2006-12-31": 7.577, "2006-09-30": -20.928, "2006-06-30": 2.538, "2006-03-31": "-22.88600", "2005-12-31": 4.482, "2005-09-30": -19.749, "2005-06-30": -7.629, "2005-03-31": "-6.03800"}, "Total Change In Assets/Liabilities": {"2020-09-30": 40.062, "2020-06-30": 31.141, "2020-03-31": "-1.02700", "2019-12-31": 32.268, "2019-09-30": 18.984, "2019-06-30": -33.941, "2019-03-31": "-67.48700", "2018-12-31": -37.405, "2018-09-30": 10.867, "2018-06-30": -5.03, "2018-03-31": "-146.76900", "2017-12-31": -45.712, "2017-09-30": 19.685, "2017-06-30": -4.551, "2017-03-31": "5.92200", "2016-12-31": 11.446, "2016-09-30": 27.013, "2016-06-30": 5.512, "2016-03-31": "15.29200", "2015-12-31": 20.657, "2015-09-30": 11.968, "2015-06-30": 6.008, "2015-03-31": "15.56100", "2014-12-31": 6.096, "2014-09-30": 12.576, "2014-06-30": 28.816, "2014-03-31": "-8.41800", "2013-12-31": 45.825, "2013-09-30": 26.945, "2013-06-30": -44.265, "2013-03-31": "-12.15200", "2012-12-31": 18.264, "2012-09-30": -7.276, "2012-06-30": -82.973, "2012-03-31": "-53.50200", "2011-12-31": -6.161, "2011-09-30": -16.279, "2011-06-30": -70.614, "2011-03-31": "-55.47000", "2010-12-31": 35.895, "2010-09-30": -17.98, "2010-06-30": -50.122, "2010-03-31": "-14.87600", "2009-12-31": 14.29, "2009-09-30": 43.877, "2009-06-30": -0.054, "2009-03-31": "-1.37700", "2008-12-31": -1.666, "2008-09-30": -0.002, "2008-06-30": -28.296, "2008-03-31": "-3.36700", "2007-12-31": -7.868, "2007-09-30": -17.279, "2007-06-30": -10.313, "2007-03-31": "-11.68500", "2006-12-31": -10.59, "2006-09-30": 4.336, "2006-06-30": 32.993, "2006-03-31": "-45.83600", "2005-12-31": 7.29, "2005-09-30": -30.068, "2005-06-30": -17.094, "2005-03-31": "-26.16800"}, "Cash Flow From Operating Activities": {"2020-09-30": 129.009, "2020-06-30": 148.373, "2020-03-31": "139.28300", "2019-12-31": 220.544, "2019-09-30": 225.749, "2019-06-30": 202.206, "2019-03-31": "156.81700", "2018-12-31": 224.359, "2018-09-30": 234.569, "2018-06-30": 237.122, "2018-03-31": "140.55300", "2017-12-31": 2.992, "2017-09-30": 30.108, "2017-06-30": 1.656, "2017-03-31": "1.81700", "2016-12-31": -5.916, "2016-09-30": 17.546, "2016-06-30": 1.461, "2016-03-31": "9.72400", "2015-12-31": 19.203, "2015-09-30": 8.015, "2015-06-30": 1.502, "2015-03-31": "22.71800", "2014-12-31": 38.014, "2014-09-30": 26.989, "2014-06-30": 33.81, "2014-03-31": "22.09000", "2013-12-31": 51.659, "2013-09-30": 53.532, "2013-06-30": -6.353, "2013-03-31": "17.99900", "2012-12-31": 87.794, "2012-09-30": 45.073, "2012-06-30": -16.093, "2012-03-31": "-15.37400", "2011-12-31": 47.301, "2011-09-30": 47.259, "2011-06-30": -16.87, "2011-03-31": "-1.09300", "2010-12-31": 90.895, "2010-09-30": 40.092, "2010-06-30": -6.507, "2010-03-31": "20.44200", "2009-12-31": 48.626, "2009-09-30": 61.272, "2009-06-30": 46.107, "2009-03-31": "14.32400", "2008-12-31": 79.357, "2008-09-30": 66.918, "2008-06-30": 35.183, "2008-03-31": "67.17800", "2007-12-31": 54.633, "2007-09-30": 22.347, "2007-06-30": 35.768, "2007-03-31": "18.02400", "2006-12-31": 19.587, "2006-09-30": 24.462, "2006-06-30": 53.499, "2006-03-31": "-33.36700", "2005-12-31": 28.017, "2005-09-30": -13.054, "2005-06-30": 6.816, "2005-03-31": "-13.79000"}, "Net Change In Property, Plant, And Equipment": {"2020-09-30": -6.32, "2020-06-30": -10.451, "2020-03-31": "-13.83900", "2019-12-31": -19.929, "2019-09-30": -14.838, "2019-06-30": -14.622, "2019-03-31": "-14.49500", "2018-12-31": -20.529, "2018-09-30": -18.872, "2018-06-30": -14.605, "2018-03-31": "-13.28900", "2017-12-31": -10.463, "2017-09-30": -8.701, "2017-06-30": -2.661, "2017-03-31": "-7.62800", "2016-12-31": -5.165, "2016-09-30": -6.989, "2016-06-30": -6.573, "2016-03-31": "-8.01000", "2015-12-31": -13.113, "2015-09-30": -11.37, "2015-06-30": -11.902, "2015-03-31": "-13.08000", "2014-12-31": -14.704, "2014-09-30": -21.294, "2014-06-30": -24.108, "2014-03-31": "-19.83300", "2013-12-31": -23.646, "2013-09-30": -24.18, "2013-06-30": -25.362, "2013-03-31": "-13.15600", "2012-12-31": -34.901, "2012-09-30": -31.251, "2012-06-30": -30.152, "2012-03-31": "-31.42400", "2011-12-31": -54.598, "2011-09-30": -40.195, "2011-06-30": -38.063, "2011-03-31": "-23.76000", "2010-12-31": -34.594, "2010-09-30": -21.173, "2010-06-30": -19.518, "2010-03-31": "-10.76400", "2009-12-31": -15.676, "2009-09-30": -10.58, "2009-06-30": -17.327, "2009-03-31": "-12.63700", "2008-12-31": -24.663, "2008-09-30": -19.755, "2008-06-30": -18.198, "2008-03-31": "-9.33800", "2007-12-31": -14.068, "2007-09-30": -11.449, "2007-06-30": 11.98, "2007-03-31": "-7.53500", "2006-12-31": -10.133, "2006-09-30": 2.19, "2006-06-30": -12.884, "2006-03-31": "-10.81400", "2005-12-31": -11.323, "2005-09-30": -11.593, "2005-06-30": -13.135, "2005-03-31": "-10.64600"}, "Net Change In Intangible Assets": {"2020-09-30": 0, "2020-06-30": 0, "2020-03-31": "", "2019-12-31": 0, "2019-09-30": 0, "2019-06-30": 0, "2019-03-31": "", "2018-12-31": 0, "2018-09-30": 0, "2018-06-30": 0, "2018-03-31": "", "2017-12-31": 0, "2017-09-30": 0, "2017-06-30": 0, "2017-03-31": "", "2016-12-31": 0, "2016-09-30": 0, "2016-06-30": 0, "2016-03-31": "", "2015-12-31": 0, "2015-09-30": 0, "2015-06-30": 0, "2015-03-31": "", "2014-12-31": 0, "2014-09-30": 0, "2014-06-30": 0, "2014-03-31": "", "2013-12-31": 0, "2013-09-30": 0, "2013-06-30": 0, "2013-03-31": "", "2012-12-31": 0, "2012-09-30": 0, "2012-06-30": 0, "2012-03-31": "", "2011-12-31": 0, "2011-09-30": 0, "2011-06-30": 0, "2011-03-31": "", "2010-12-31": 0, "2010-09-30": 0, "2010-06-30": 0, "2010-03-31": "", "2009-12-31": 0, "2009-09-30": 0, "2009-06-30": 0, "2009-03-31": "", "2008-12-31": 0, "2008-09-30": 0, "2008-06-30": 0, "2008-03-31": "", "2007-12-31": 0, "2007-09-30": -0.187, "2007-06-30": -0.236, "2007-03-31": "-0.23600", "2006-12-31": -0.18, "2006-09-30": -0.268, "2006-06-30": -0.303, "2006-03-31": "-0.12400", "2005-12-31": -0.231, "2005-09-30": -0.566, "2005-06-30": 0.184, "2005-03-31": "-0.18400"}, "Net Acquisitions/Divestitures": {"2020-09-30": 0, "2020-06-30": 0, "2020-03-31": "", "2019-12-31": 0, "2019-09-30": 0, "2019-06-30": 0, "2019-03-31": "", "2018-12-31": 0, "2018-09-30": 0, "2018-06-30": 0, "2018-03-31": "", "2017-12-31": 0.436, "2017-09-30": 26.818, "2017-06-30": 0, "2017-03-31": "", "2016-12-31": 15.889, "2016-09-30": 0, "2016-06-30": 0, "2016-03-31": "", "2015-12-31": 0, "2015-09-30": 0, "2015-06-30": 0, "2015-03-31": "", "2014-12-31": 0, "2014-09-30": 0, "2014-06-30": 0, "2014-03-31": "", "2013-12-31": 0, "2013-09-30": 0, "2013-06-30": 0, "2013-03-31": "", "2012-12-31": 0, "2012-09-30": 0, "2012-06-30": 0, "2012-03-31": "", "2011-12-31": -14.01, "2011-09-30": 0, "2011-06-30": 0, "2011-03-31": "-6.50000", "2010-12-31": -241.204, "2010-09-30": 0, "2010-06-30": 0, "2010-03-31": "", "2009-12-31": 0, "2009-09-30": 0, "2009-06-30": 0, "2009-03-31": "", "2008-12-31": 0, "2008-09-30": 0, "2008-06-30": 0, "2008-03-31": "", "2007-12-31": -2.794, "2007-09-30": 0, "2007-06-30": 0, "2007-03-31": "", "2006-12-31": 151.32, "2006-09-30": 0, "2006-06-30": 0, "2006-03-31": "", "2005-12-31": 0, "2005-09-30": 0, "2005-06-30": 0, "2005-03-31": ""}, "Net Change In Short-term Investments": {"2020-09-30": 0, "2020-06-30": 0, "2020-03-31": "", "2019-12-31": 0, "2019-09-30": 0, "2019-06-30": 0, "2019-03-31": "", "2018-12-31": 0, "2018-09-30": 0, "2018-06-30": 0, "2018-03-31": "", "2017-12-31": 0, "2017-09-30": 0, "2017-06-30": 0, "2017-03-31": "", "2016-12-31": 0.377, "2016-09-30": 0, "2016-06-30": 0, "2016-03-31": "", "2015-12-31": -7.937, "2015-09-30": 7.804, "2015-06-30": -0.201, "2015-03-31": "-7.60300", "2014-12-31": -1.452, "2014-09-30": -0.573, "2014-06-30": 0, "2014-03-31": "", "2013-12-31": 0, "2013-09-30": 0, "2013-06-30": -2.181, "2013-03-31": "2.18100", "2012-12-31": -6.807, "2012-09-30": 6.807, "2012-06-30": 0, "2012-03-31": "", "2011-12-31": 0, "2011-09-30": 0, "2011-06-30": 0, "2011-03-31": "", "2010-12-31": -1.109, "2010-09-30": 0, "2010-06-30": 0, "2010-03-31": "", "2009-12-31": 0.984, "2009-09-30": 0, "2009-06-30": 0, "2009-03-31": "", "2008-12-31": -1.731, "2008-09-30": 0, "2008-06-30": 0, "2008-03-31": "", "2007-12-31": -0.144, "2007-09-30": 0, "2007-06-30": 0, "2007-03-31": "", "2006-12-31": 0, "2006-09-30": 0, "2006-06-30": -0.266, "2006-03-31": "", "2005-12-31": 0.117, "2005-09-30": 0, "2005-06-30": 1.796, "2005-03-31": ""}, "Net Change In Long-Term Investments": {"2020-09-30": 0, "2020-06-30": 0, "2020-03-31": "", "2019-12-31": 0, "2019-09-30": 0, "2019-06-30": 0, "2019-03-31": "", "2018-12-31": 0, "2018-09-30": 0, "2018-06-30": 0, "2018-03-31": "", "2017-12-31": 0, "2017-09-30": 0, "2017-06-30": 0, "2017-03-31": "", "2016-12-31": 0, "2016-09-30": 0, "2016-06-30": 0, "2016-03-31": "", "2015-12-31": 0, "2015-09-30": 0, "2015-06-30": 0, "2015-03-31": "", "2014-12-31": 0, "2014-09-30": 0, "2014-06-30": 0, "2014-03-31": "", "2013-12-31": 0, "2013-09-30": 0, "2013-06-30": 0, "2013-03-31": "", "2012-12-31": 0, "2012-09-30": 0, "2012-06-30": 0, "2012-03-31": "", "2011-12-31": 0, "2011-09-30": 0, "2011-06-30": 0, "2011-03-31": "", "2010-12-31": 6, "2010-09-30": 0, "2010-06-30": 0, "2010-03-31": "", "2009-12-31": 0, "2009-09-30": -6, "2009-06-30": 0, "2009-03-31": "", "2008-12-31": -0.077, "2008-09-30": -1.779, "2008-06-30": -134.611, "2008-03-31": "", "2007-12-31": 0, "2007-09-30": 0, "2007-06-30": 0, "2007-03-31": "", "2006-12-31": 0, "2006-09-30": 0, "2006-06-30": 0, "2006-03-31": "", "2005-12-31": 0, "2005-09-30": 0, "2005-06-30": 0, "2005-03-31": ""}, "Net Change In Investments - Total": {"2020-09-30": 0, "2020-06-30": 0, "2020-03-31": "", "2019-12-31": 0, "2019-09-30": 0, "2019-06-30": 0, "2019-03-31": "", "2018-12-31": 0, "2018-09-30": 0, "2018-06-30": 0, "2018-03-31": "", "2017-12-31": 0, "2017-09-30": 0, "2017-06-30": 0, "2017-03-31": "", "2016-12-31": 0.377, "2016-09-30": 0, "2016-06-30": 0, "2016-03-31": "", "2015-12-31": -7.937, "2015-09-30": 7.804, "2015-06-30": -0.201, "2015-03-31": "-7.60300", "2014-12-31": -1.452, "2014-09-30": -0.573, "2014-06-30": 0, "2014-03-31": "", "2013-12-31": 0, "2013-09-30": 0, "2013-06-30": -2.181, "2013-03-31": "2.18100", "2012-12-31": -6.807, "2012-09-30": 6.807, "2012-06-30": 0, "2012-03-31": "", "2011-12-31": 0, "2011-09-30": 0, "2011-06-30": 0, "2011-03-31": "", "2010-12-31": 4.891, "2010-09-30": 0, "2010-06-30": 0, "2010-03-31": "", "2009-12-31": 0.984, "2009-09-30": -6, "2009-06-30": 0, "2009-03-31": "", "2008-12-31": -1.808, "2008-09-30": -1.779, "2008-06-30": -134.611, "2008-03-31": "", "2007-12-31": -0.144, "2007-09-30": 0, "2007-06-30": 0, "2007-03-31": "", "2006-12-31": 0, "2006-09-30": 0, "2006-06-30": -0.266, "2006-03-31": "", "2005-12-31": 0.117, "2005-09-30": 0, "2005-06-30": 1.796, "2005-03-31": ""}, "Investing Activities - Other": {"2020-09-30": 0, "2020-06-30": 0, "2020-03-31": "", "2019-12-31": 0, "2019-09-30": 0, "2019-06-30": 0, "2019-03-31": "", "2018-12-31": 0, "2018-09-30": 0, "2018-06-30": 0, "2018-03-31": "", "2017-12-31": 0, "2017-09-30": 0, "2017-06-30": 0, "2017-03-31": "", "2016-12-31": 1.171, "2016-09-30": -0.45, "2016-06-30": -0.468, "2016-03-31": "-0.25300", "2015-12-31": 8.179, "2015-09-30": -8.179, "2015-06-30": 0, "2015-03-31": "", "2014-12-31": 0.178, "2014-09-30": 0.194, "2014-06-30": -0.05, "2014-03-31": "2.69000", "2013-12-31": -0.642, "2013-09-30": 1.429, "2013-06-30": 1.756, "2013-03-31": "", "2012-12-31": 7.645, "2012-09-30": -6.853, "2012-06-30": 3.298, "2012-03-31": "3.67600", "2011-12-31": 6.96, "2011-09-30": 4.683, "2011-06-30": 3.558, "2011-03-31": "-0.04100", "2010-12-31": -5.914, "2010-09-30": 0.395, "2010-06-30": 0.108, "2010-03-31": "6.22100", "2009-12-31": 1.58, "2009-09-30": -0.767, "2009-06-30": 0.655, "2009-03-31": "-0.34200", "2008-12-31": -0.108, "2008-09-30": 0.344, "2008-06-30": 0.01, "2008-03-31": "0.04800", "2007-12-31": 2.485, "2007-09-30": -1.547, "2007-06-30": -2.794, "2007-03-31": "", "2006-12-31": 0, "2006-09-30": 0, "2006-06-30": 0, "2006-03-31": "", "2005-12-31": -6.109, "2005-09-30": 0, "2005-06-30": -5.741, "2005-03-31": "-2.95000"}, "Cash Flow From Investing Activities": {"2020-09-30": -6.32, "2020-06-30": -10.451, "2020-03-31": "-13.83900", "2019-12-31": -19.929, "2019-09-30": -14.838, "2019-06-30": -14.622, "2019-03-31": "-14.49500", "2018-12-31": -20.529, "2018-09-30": -18.872, "2018-06-30": -14.605, "2018-03-31": "-13.28900", "2017-12-31": -10.027, "2017-09-30": 18.117, "2017-06-30": -2.661, "2017-03-31": "-7.62800", "2016-12-31": 12.272, "2016-09-30": -7.439, "2016-06-30": -7.041, "2016-03-31": "-8.26300", "2015-12-31": -12.871, "2015-09-30": -11.745, "2015-06-30": -12.103, "2015-03-31": "-20.68300", "2014-12-31": -15.978, "2014-09-30": -21.673, "2014-06-30": -24.158, "2014-03-31": "-17.14300", "2013-12-31": -24.288, "2013-09-30": -22.751, "2013-06-30": -25.787, "2013-03-31": "-10.97500", "2012-12-31": -34.063, "2012-09-30": -31.297, "2012-06-30": -26.854, "2012-03-31": "-27.74800", "2011-12-31": -61.648, "2011-09-30": -35.512, "2011-06-30": -34.505, "2011-03-31": "-30.30100", "2010-12-31": -276.821, "2010-09-30": -20.778, "2010-06-30": -19.41, "2010-03-31": "-4.54300", "2009-12-31": -13.112, "2009-09-30": -17.347, "2009-06-30": -16.672, "2009-03-31": "-12.97900", "2008-12-31": -26.579, "2008-09-30": -21.19, "2008-06-30": -152.799, "2008-03-31": "-9.29000", "2007-12-31": -14.521, "2007-09-30": -13.183, "2007-06-30": 8.95, "2007-03-31": "-7.77100", "2006-12-31": 141.007, "2006-09-30": 1.922, "2006-06-30": -13.453, "2006-03-31": "-10.93800", "2005-12-31": -17.546, "2005-09-30": -12.159, "2005-06-30": -16.896, "2005-03-31": "-13.78000"}, "Net Long-Term Debt": {"2020-09-30": -149.186, "2020-06-30": -100.028, "2020-03-31": "", "2019-12-31": -225.14, "2019-09-30": 0, "2019-06-30": 0, "2019-03-31": "-125.00000", "2018-12-31": -28.247, "2018-09-30": -28.125, "2018-06-30": 742.5, "2018-03-31": "1142.02600", "2017-12-31": 4.757, "2017-09-30": -54.862, "2017-06-30": -1, "2017-03-31": "13.00000", "2016-12-31": -13.654, "2016-09-30": -1.035, "2016-06-30": 3.965, "2016-03-31": "-4.03400", "2015-12-31": -7.171, "2015-09-30": -146.034, "2015-06-30": 12.966, "2015-03-31": "-5.03300", "2014-12-31": -13.034, "2014-09-30": -15.032, "2014-06-30": -6.034, "2014-03-31": "9.90800", "2013-12-31": -21.036, "2013-09-30": -25.049, "2013-06-30": 26.959, "2013-03-31": "13.40100", "2012-12-31": -60.543, "2012-09-30": 19.957, "2012-06-30": 124.958, "2012-03-31": "52.90300", "2011-12-31": 48.956, "2011-09-30": -15.062, "2011-06-30": 50.27, "2011-03-31": "17.61400", "2010-12-31": 130.857, "2010-09-30": -0.295, "2010-06-30": -0.281, "2010-03-31": "-0.33700", "2009-12-31": -0.282, "2009-09-30": -51.579, "2009-06-30": -12.521, "2009-03-31": "14.57100", "2008-12-31": -80.372, "2008-09-30": -30.237, "2008-06-30": 81.053, "2008-03-31": "-120.74600", "2007-12-31": -0.649, "2007-09-30": -46.913, "2007-06-30": -49.831, "2007-03-31": "-134.27400", "2006-12-31": -29.787, "2006-09-30": -13.425, "2006-06-30": -39.742, "2006-03-31": "43.90800", "2005-12-31": -10.794, "2005-09-30": 21.835, "2005-06-30": 3.511, "2005-03-31": "24.99200"}, "Net Current Debt": {"2020-09-30": 0, "2020-06-30": 0, "2020-03-31": "", "2019-12-31": 0, "2019-09-30": 0, "2019-06-30": 0, "2019-03-31": "", "2018-12-31": 0, "2018-09-30": -0.036, "2018-06-30": -750.035, "2018-03-31": "-12.53600", "2017-12-31": -0.835, "2017-09-30": 10.872, "2017-06-30": -4.393, "2017-03-31": "-0.53400", "2016-12-31": 6.86, "2016-09-30": -10.501, "2016-06-30": 6.003, "2016-03-31": "5.00100", "2015-12-31": -5.324, "2015-09-30": 3.825, "2015-06-30": 4.505, "2015-03-31": "0.00100", "2014-12-31": -1.004, "2014-09-30": 1.002, "2014-06-30": -0.025, "2014-03-31": "-0.99400", "2013-12-31": -3.183, "2013-09-30": 1.567, "2013-06-30": 0.675, "2013-03-31": "-6.32400", "2012-12-31": 8.251, "2012-09-30": -8.091, "2012-06-30": -2.886, "2012-03-31": "-3.01200", "2011-12-31": -4.014, "2011-09-30": 6.592, "2011-06-30": 8.954, "2011-03-31": "2.48400", "2010-12-31": 0.018, "2010-09-30": 0.024, "2010-06-30": 0.184, "2010-03-31": "-1.07600", "2009-12-31": -8.901, "2009-09-30": -1.756, "2009-06-30": -1.068, "2009-03-31": "3.59700", "2008-12-31": -1.926, "2008-09-30": -3.368, "2008-06-30": -0.894, "2008-03-31": "15.88700", "2007-12-31": -0.317, "2007-09-30": 0.157, "2007-06-30": 0.416, "2007-03-31": "0.15800", "2006-12-31": -0.311, "2006-09-30": -0.461, "2006-06-30": -15.656, "2006-03-31": "15.65600", "2005-12-31": 0.816, "2005-09-30": -1.578, "2005-06-30": 3.282, "2005-03-31": "-0.63900"}, "Debt Issuance/Retirement Net - Total": {"2020-09-30": -149.186, "2020-06-30": -100.028, "2020-03-31": "", "2019-12-31": -225.14, "2019-09-30": 0, "2019-06-30": 0, "2019-03-31": "-125.00000", "2018-12-31": -28.247, "2018-09-30": -28.161, "2018-06-30": -7.535, "2018-03-31": "1129.49000", "2017-12-31": 3.922, "2017-09-30": -43.99, "2017-06-30": -5.393, "2017-03-31": "12.46600", "2016-12-31": -6.794, "2016-09-30": -11.536, "2016-06-30": 9.968, "2016-03-31": "0.96700", "2015-12-31": -12.495, "2015-09-30": -142.209, "2015-06-30": 17.471, "2015-03-31": "-5.03200", "2014-12-31": -14.038, "2014-09-30": -14.03, "2014-06-30": -6.059, "2014-03-31": "8.91400", "2013-12-31": -24.219, "2013-09-30": -23.482, "2013-06-30": 27.634, "2013-03-31": "7.07700", "2012-12-31": -52.292, "2012-09-30": 11.866, "2012-06-30": 122.072, "2012-03-31": "49.89100", "2011-12-31": 44.942, "2011-09-30": -8.47, "2011-06-30": 59.224, "2011-03-31": "20.09800", "2010-12-31": 130.875, "2010-09-30": -0.271, "2010-06-30": -0.097, "2010-03-31": "-1.41300", "2009-12-31": -9.183, "2009-09-30": -53.335, "2009-06-30": -13.589, "2009-03-31": "18.16800", "2008-12-31": -82.298, "2008-09-30": -33.605, "2008-06-30": 80.159, "2008-03-31": "-104.85900", "2007-12-31": -0.966, "2007-09-30": -46.756, "2007-06-30": -49.415, "2007-03-31": "-134.11600", "2006-12-31": -30.098, "2006-09-30": -13.886, "2006-06-30": -55.398, "2006-03-31": "59.56400", "2005-12-31": -9.978, "2005-09-30": 20.257, "2005-06-30": 6.793, "2005-03-31": "24.35300"}, "Net Common Equity Issued/Repurchased": {"2020-09-30": 0, "2020-06-30": 0, "2020-03-31": "-30.09900", "2019-12-31": -251.384, "2019-09-30": -9.484, "2019-06-30": 0, "2019-03-31": "", "2018-12-31": 0, "2018-09-30": -225, "2018-06-30": 0, "2018-03-31": "", "2017-12-31": 0, "2017-09-30": 0, "2017-06-30": 0, "2017-03-31": "", "2016-12-31": 0, "2016-09-30": 0, "2016-06-30": 0, "2016-03-31": "", "2015-12-31": 0.031, "2015-09-30": 0.032, "2015-06-30": -0.022, "2015-03-31": "-0.04100", "2014-12-31": -0.274, "2014-09-30": -0.185, "2014-06-30": 2.437, "2014-03-31": "-0.05900", "2013-12-31": -0.708, "2013-09-30": -0.135, "2013-06-30": -0.485, "2013-03-31": "-0.04900", "2012-12-31": -0.324, "2012-09-30": -17.9, "2012-06-30": -83.971, "2012-03-31": "-1.09300", "2011-12-31": -30.146, "2011-09-30": 0.823, "2011-06-30": 0.225, "2011-03-31": "0.18600", "2010-12-31": 2.518, "2010-09-30": 0.075, "2010-06-30": 0.84, "2010-03-31": "-0.96300", "2009-12-31": 0.562, "2009-09-30": 0.032, "2009-06-30": 0.017, "2009-03-31": "0.04000", "2008-12-31": 0.286, "2008-09-30": -15.332, "2008-06-30": 31.828, "2008-03-31": "-0.83600", "2007-12-31": 3.327, "2007-09-30": 7.336, "2007-06-30": 10.957, "2007-03-31": "1.37400", "2006-12-31": 0.25, "2006-09-30": 0, "2006-06-30": 0, "2006-03-31": "", "2005-12-31": 0, "2005-09-30": 0, "2005-06-30": 0, "2005-03-31": ""}, "Net Total Equity Issued/Repurchased": {"2020-09-30": 0, "2020-06-30": 0, "2020-03-31": "-30.09900", "2019-12-31": -251.384, "2019-09-30": -9.484, "2019-06-30": 0, "2019-03-31": "", "2018-12-31": 0, "2018-09-30": -225, "2018-06-30": 0, "2018-03-31": "", "2017-12-31": 0, "2017-09-30": 0, "2017-06-30": 0, "2017-03-31": "", "2016-12-31": 0, "2016-09-30": 0, "2016-06-30": 0, "2016-03-31": "", "2015-12-31": 0.031, "2015-09-30": 150.032, "2015-06-30": -0.022, "2015-03-31": "-0.04100", "2014-12-31": -0.274, "2014-09-30": -0.185, "2014-06-30": 2.437, "2014-03-31": "-0.05900", "2013-12-31": -0.708, "2013-09-30": -0.135, "2013-06-30": -0.485, "2013-03-31": "-0.04900", "2012-12-31": -0.324, "2012-09-30": -17.9, "2012-06-30": -83.971, "2012-03-31": "-1.09300", "2011-12-31": -30.146, "2011-09-30": 0.823, "2011-06-30": 0.225, "2011-03-31": "0.18600", "2010-12-31": 2.518, "2010-09-30": 0.075, "2010-06-30": 0.84, "2010-03-31": "-0.96300", "2009-12-31": 0.562, "2009-09-30": 0.032, "2009-06-30": 0.017, "2009-03-31": "0.04000", "2008-12-31": 0.286, "2008-09-30": -15.332, "2008-06-30": 31.828, "2008-03-31": "-0.83600", "2007-12-31": 3.327, "2007-09-30": 7.336, "2007-06-30": 10.957, "2007-03-31": "1.37400", "2006-12-31": 0.25, "2006-09-30": 0, "2006-06-30": 0, "2006-03-31": "", "2005-12-31": 0, "2005-09-30": 0, "2005-06-30": 0, "2005-03-31": ""}, "Total Common And Preferred Stock Dividends Paid": {"2020-09-30": -2.672, "2020-06-30": -2.672, "2020-03-31": "-22.85900", "2019-12-31": -24.611, "2019-09-30": -24.62, "2019-06-30": -24.696, "2019-03-31": "-24.69600", "2018-12-31": -228.076, "2018-09-30": -24.695, "2018-06-30": -179.494, "2018-03-31": "-1112.00000", "2017-12-31": 0, "2017-09-30": 0, "2017-06-30": 0, "2017-03-31": "", "2016-12-31": 0, "2016-09-30": 0, "2016-06-30": 0, "2016-03-31": "", "2015-12-31": 0, "2015-09-30": 0, "2015-06-30": 0, "2015-03-31": "", "2014-12-31": 0, "2014-09-30": 0, "2014-06-30": 0, "2014-03-31": "", "2013-12-31": 0, "2013-09-30": 0, "2013-06-30": 0, "2013-03-31": "", "2012-12-31": 0, "2012-09-30": 0, "2012-06-30": 0, "2012-03-31": "", "2011-12-31": 0, "2011-09-30": 0, "2011-06-30": 0, "2011-03-31": "", "2010-12-31": 0, "2010-09-30": 0, "2010-06-30": 0, "2010-03-31": "", "2009-12-31": 0, "2009-09-30": 0, "2009-06-30": 0, "2009-03-31": "", "2008-12-31": 0, "2008-09-30": 0, "2008-06-30": 0, "2008-03-31": "", "2007-12-31": 0, "2007-09-30": 0, "2007-06-30": 0, "2007-03-31": "", "2006-12-31": 0, "2006-09-30": 0, "2006-06-30": 0, "2006-03-31": "", "2005-12-31": 0, "2005-09-30": 0, "2005-06-30": 0, "2005-03-31": ""}, "Financial Activities - Other": {"2020-09-30": 0, "2020-06-30": -0.025, "2020-03-31": "-0.04600", "2019-12-31": 0, "2019-09-30": 0, "2019-06-30": 0, "2019-03-31": "", "2018-12-31": 0, "2018-09-30": -1.043, "2018-06-30": -6.193, "2018-03-31": "-20.09000", "2017-12-31": 0, "2017-09-30": 0, "2017-06-30": 0, "2017-03-31": "", "2016-12-31": 0, "2016-09-30": 0, "2016-06-30": -0.922, "2016-03-31": "", "2015-12-31": -0.031, "2015-09-30": -4.38, "2015-06-30": -3.271, "2015-03-31": "-2.30100", "2014-12-31": -0.598, "2014-09-30": -0.012, "2014-06-30": -2.636, "2014-03-31": "-8.53700", "2013-12-31": -1.65, "2013-09-30": -6.819, "2013-06-30": 5.142, "2013-03-31": "-19.95100", "2012-12-31": 0.124, "2012-09-30": 1.24, "2012-06-30": -0.112, "2012-03-31": "-5.38900", "2011-12-31": 0.867, "2011-09-30": -1.248, "2011-06-30": -10.152, "2011-03-31": "9.11200", "2010-12-31": -0.829, "2010-09-30": -18.744, "2010-06-30": 0.911, "2010-03-31": "25.33800", "2009-12-31": 14.518, "2009-09-30": 0, "2009-06-30": -5.419, "2009-03-31": "-24.68600", "2008-12-31": 30.169, "2008-09-30": 2.137, "2008-06-30": 12.083, "2008-03-31": "0.05300", "2007-12-31": 3.311, "2007-09-30": 5.061, "2007-06-30": 0, "2007-03-31": "", "2006-12-31": 0, "2006-09-30": 0, "2006-06-30": 0, "2006-03-31": "", "2005-12-31": -0.474, "2005-09-30": 0.146, "2005-06-30": -1.068, "2005-03-31": "-3.84500"}, "Cash Flow From Financial Activities": {"2020-09-30": -151.858, "2020-06-30": -102.725, "2020-03-31": "-53.00400", "2019-12-31": -501.135, "2019-09-30": -34.104, "2019-06-30": -24.696, "2019-03-31": "-149.69600", "2018-12-31": -256.323, "2018-09-30": -278.899, "2018-06-30": -193.222, "2018-03-31": "-2.60000", "2017-12-31": 3.922, "2017-09-30": -43.99, "2017-06-30": -5.393, "2017-03-31": "12.46600", "2016-12-31": -6.794, "2016-09-30": -11.536, "2016-06-30": 9.046, "2016-03-31": "0.96700", "2015-12-31": -12.495, "2015-09-30": 3.443, "2015-06-30": 14.178, "2015-03-31": "-7.37400", "2014-12-31": -14.91, "2014-09-30": -14.227, "2014-06-30": -6.258, "2014-03-31": "0.31800", "2013-12-31": -26.577, "2013-09-30": -30.436, "2013-06-30": 32.291, "2013-03-31": "-12.92300", "2012-12-31": -52.492, "2012-09-30": -4.794, "2012-06-30": 37.989, "2012-03-31": "43.40900", "2011-12-31": 15.663, "2011-09-30": -8.895, "2011-06-30": 49.297, "2011-03-31": "29.39600", "2010-12-31": 132.564, "2010-09-30": -18.94, "2010-06-30": 1.654, "2010-03-31": "22.96200", "2009-12-31": 5.897, "2009-09-30": -53.303, "2009-06-30": -18.991, "2009-03-31": "-6.47800", "2008-12-31": -51.843, "2008-09-30": -46.8, "2008-06-30": 124.07, "2008-03-31": "-105.64200", "2007-12-31": 5.672, "2007-09-30": -34.359, "2007-06-30": -38.458, "2007-03-31": "-132.74200", "2006-12-31": -29.848, "2006-09-30": -13.886, "2006-06-30": -55.398, "2006-03-31": "59.56400", "2005-12-31": -10.452, "2005-09-30": 20.403, "2005-06-30": 5.725, "2005-03-31": "20.50800"}, "Net Cash Flow": {"2020-09-30": -28.815, "2020-06-30": 35.547, "2020-03-31": "71.17400", "2019-12-31": -300.229, "2019-09-30": 175.909, "2019-06-30": 162.966, "2019-03-31": "-7.59100", "2018-12-31": -52.627, "2018-09-30": -63.633, "2018-06-30": 27.767, "2018-03-31": "125.00800", "2017-12-31": -3.011, "2017-09-30": 4.446, "2017-06-30": -6.551, "2017-03-31": "6.87100", "2016-12-31": -0.537, "2016-09-30": -1.262, "2016-06-30": 3.577, "2016-03-31": "2.90500", "2015-12-31": -6.534, "2015-09-30": -1.044, "2015-06-30": 3.544, "2015-03-31": "-6.58900", "2014-12-31": 6.672, "2014-09-30": -9.85, "2014-06-30": 3.404, "2014-03-31": "5.43600", "2013-12-31": 0.418, "2013-09-30": 0.484, "2013-06-30": -0.318, "2013-03-31": "-6.01300", "2012-12-31": 1.124, "2012-09-30": 9.056, "2012-06-30": -5.68, "2012-03-31": "0.38800", "2011-12-31": 1.089, "2011-09-30": 2.044, "2011-06-30": -1.952, "2011-03-31": "-1.84800", "2010-12-31": -53.407, "2010-09-30": 3.127, "2010-06-30": -25.156, "2010-03-31": "38.35100", "2009-12-31": 41.516, "2009-09-30": -8.964, "2009-06-30": 11.516, "2009-03-31": "-5.55100", "2008-12-31": 0.532, "2008-09-30": -2.431, "2008-06-30": 6.589, "2008-03-31": "-47.76700", "2007-12-31": 45.859, "2007-09-30": -24.592, "2007-06-30": 6.741, "2007-03-31": "-122.78400", "2006-12-31": 130.807, "2006-09-30": 12.277, "2006-06-30": -14.868, "2006-03-31": "15.33300", "2005-12-31": 0.156, "2005-09-30": -4.382, "2005-06-30": -5.304, "2005-03-31": "-7.98600"}, "Stock-Based Compensation": {"2020-09-30": 0, "2020-06-30": 0, "2020-03-31": "", "2019-12-31": 0, "2019-09-30": 0, "2019-06-30": 0, "2019-03-31": "", "2018-12-31": 0, "2018-09-30": 0, "2018-06-30": 0, "2018-03-31": "", "2017-12-31": 0, "2017-09-30": 0, "2017-06-30": 0, "2017-03-31": "", "2016-12-31": 0, "2016-09-30": 0, "2016-06-30": 0, "2016-03-31": "", "2015-12-31": 0, "2015-09-30": 12.729, "2015-06-30": 1.056, "2015-03-31": "1.57200", "2014-12-31": 1.568, "2014-09-30": 1.257, "2014-06-30": 2.23, "2014-03-31": "0.52200", "2013-12-31": 2.097, "2013-09-30": 2.193, "2013-06-30": 1.379, "2013-03-31": "2.36600", "2012-12-31": 1.505, "2012-09-30": 1.733, "2012-06-30": 2.825, "2012-03-31": "3.53800", "2011-12-31": 2.856, "2011-09-30": 2.171, "2011-06-30": 1.643, "2011-03-31": "2.24000", "2010-12-31": 2.402, "2010-09-30": 1.549, "2010-06-30": 1.625, "2010-03-31": "1.77900", "2009-12-31": 0.888, "2009-09-30": 0.999, "2009-06-30": 4.441, "2009-03-31": "0.51700", "2008-12-31": 1.042, "2008-09-30": 1.488, "2008-06-30": 1.212, "2008-03-31": "1.16100", "2007-12-31": 0.755, "2007-09-30": 1.58, "2007-06-30": 0.907, "2007-03-31": "1.26500", "2006-12-31": 3.589, "2006-09-30": 0, "2006-06-30": 0, "2006-03-31": "", "2005-12-31": 0, "2005-09-30": 0, "2005-06-30": 0, "2005-03-31": ""}, "Common Stock Dividends Paid": {"2020-09-30": -2.672, "2020-06-30": -2.672, "2020-03-31": "-22.85900", "2019-12-31": -24.611, "2019-09-30": -24.62, "2019-06-30": -24.696, "2019-03-31": "-24.69600", "2018-12-31": -228.076, "2018-09-30": -24.695, "2018-06-30": -179.494, "2018-03-31": "-1112.00000", "2017-12-31": 0, "2017-09-30": 0, "2017-06-30": 0, "2017-03-31": "", "2016-12-31": 0, "2016-09-30": 0, "2016-06-30": 0, "2016-03-31": "", "2015-12-31": 0, "2015-09-30": 0, "2015-06-30": 0, "2015-03-31": "", "2014-12-31": 0, "2014-09-30": 0, "2014-06-30": 0, "2014-03-31": "", "2013-12-31": 0, "2013-09-30": 0, "2013-06-30": 0, "2013-03-31": "", "2012-12-31": 0, "2012-09-30": 0, "2012-06-30": 0, "2012-03-31": "", "2011-12-31": 0, "2011-09-30": 0, "2011-06-30": 0, "2011-03-31": "", "2010-12-31": 0, "2010-09-30": 0, "2010-06-30": 0, "2010-03-31": "", "2009-12-31": 0, "2009-09-30": 0, "2009-06-30": 0, "2009-03-31": "", "2008-12-31": 0, "2008-09-30": 0, "2008-06-30": 0, "2008-03-31": "", "2007-12-31": 0, "2007-09-30": 0, "2007-06-30": 0, "2007-03-31": "", "2006-12-31": 0, "2006-09-30": 0, "2006-06-30": 0, "2006-03-31": "", "2005-12-31": 0, "2005-09-30": 0, "2005-06-30": 0, "2005-03-31": ""}}, "financial ratios": {"Current Ratio": {"2019-12-31": "3.09970", "2018-12-31": "1.95050", "2017-12-31": "2.33310", "2016-12-31": "2.94410", "2015-12-31": "4.44130", "2014-12-31": "1.83290", "2013-12-31": "3.59310", "2012-12-31": "3.35390", "2011-12-31": "2.64000", "2010-12-31": "2.47410", "2009-12-31": "2.37840", "2008-12-31": "1.92590", "2007-12-31": "2.49800", "2006-12-31": "2.58050", "2005-12-31": "2.14390"}, "Long-term Debt / Capital": {"2019-12-31": "1.58390", "2018-12-31": "2.01580", "2017-12-31": "0.34490", "2016-12-31": "0.38180", "2015-12-31": "0.30900", "2014-12-31": "0.25380", "2013-12-31": "0.29080", "2012-12-31": "0.28410", "2011-12-31": "0.22440", "2010-12-31": "0.18320", "2009-12-31": "0.00250", "2008-12-31": "0.09110", "2007-12-31": "0.79080", "2006-12-31": "1.20660", "2005-12-31": "1.42410"}, "Debt/Equity Ratio": {"2019-12-31": "-2.71290", "2018-12-31": "-2.08320", "2017-12-31": "0.55340", "2016-12-31": "0.63290", "2015-12-31": "0.45310", "2014-12-31": "0.52730", "2013-12-31": "0.41090", "2012-12-31": "0.40310", "2011-12-31": "0.29990", "2010-12-31": "0.22440", "2009-12-31": "0.00450", "2008-12-31": "0.11870", "2007-12-31": "3.79020", "2006-12-31": "-5.84500", "2005-12-31": "-3.35990"}, "Gross Margin": {"2019-12-31": "58.09730", "2018-12-31": "62.77790", "2017-12-31": "15.92620", "2016-12-31": "-6.90450", "2015-12-31": "8.85370", "2014-12-31": "8.23960", "2013-12-31": "11.91990", "2012-12-31": "25.29950", "2011-12-31": "24.58340", "2010-12-31": "28.72420", "2009-12-31": "28.77610", "2008-12-31": "36.41590", "2007-12-31": "32.43790", "2006-12-31": "28.03340", "2005-12-31": "27.65230"}, "Operating Margin": {"2019-12-31": "54.39180", "2018-12-31": "59.39370", "2017-12-31": "5.76560", "2016-12-31": "-21.49290", "2015-12-31": "-15.16060", "2014-12-31": "-14.53970", "2013-12-31": "-0.22030", "2012-12-31": "12.53490", "2011-12-31": "12.57470", "2010-12-31": "15.69430", "2009-12-31": "15.22330", "2008-12-31": "27.61570", "2007-12-31": "22.41790", "2006-12-31": "12.50300", "2005-12-31": "14.10910"}, "EBIT Margin": {"2019-12-31": "54.39180", "2018-12-31": "59.39370", "2017-12-31": "5.76560", "2016-12-31": "-21.49290", "2015-12-31": "-15.16060", "2014-12-31": "-14.53970", "2013-12-31": "-0.22030", "2012-12-31": "12.53490", "2011-12-31": "12.57470", "2010-12-31": "15.69430", "2009-12-31": "15.22330", "2008-12-31": "27.61570", "2007-12-31": "22.41790", "2006-12-31": "12.50300", "2005-12-31": "14.10910"}, "EBITDA Margin": {"2019-12-31": "57.84390", "2018-12-31": "62.89670", "2017-12-31": "17.82920", "2016-12-31": "-2.56640", "2015-12-31": "-1.26310", "2014-12-31": "-0.03220", "2013-12-31": "10.35650", "2012-12-31": "19.07670", "2011-12-31": "18.78240", "2010-12-31": "19.93100", "2009-12-31": "20.19060", "2008-12-31": "30.59220", "2007-12-31": "26.29970", "2006-12-31": "17.07660", "2005-12-31": "18.88590"}, "Pre-Tax Profit Margin": {"2019-12-31": "47.06450", "2018-12-31": "47.61870", "2017-12-31": "0.62290", "2016-12-31": "-26.58240", "2015-12-31": "-21.99850", "2014-12-31": "-19.18570", "2013-12-31": "-3.43730", "2012-12-31": "10.77390", "2011-12-31": "10.85390", "2010-12-31": "17.23600", "2009-12-31": "5.82810", "2008-12-31": "22.06670", "2007-12-31": "19.60550", "2006-12-31": "8.09150", "2005-12-31": "6.13770"}, "Net Profit Margin": {"2019-12-31": "41.57950", "2018-12-31": "45.05590", "2017-12-31": "1.44940", "2016-12-31": "-53.85000", "2015-12-31": "-28.92840", "2014-12-31": "-34.58500", "2013-12-31": "-2.33650", "2012-12-31": "9.42440", "2011-12-31": "11.60320", "2010-12-31": "17.34470", "2009-12-31": "2.38350", "2008-12-31": "16.84660", "2007-12-31": "14.55400", "2006-12-31": "10.67690", "2005-12-31": "-16.19350"}, "Asset Turnover": {"2019-12-31": "1.17340", "2018-12-31": "1.25930", "2017-12-31": "0.45930", "2016-12-31": "0.37360", "2015-12-31": "0.37480", "2014-12-31": "0.45000", "2013-12-31": "0.52600", "2012-12-31": "0.54320", "2011-12-31": "0.60880", "2010-12-31": "0.52630", "2009-12-31": "0.73830", "2008-12-31": "1.26200", "2007-12-31": "1.15940", "2006-12-31": "0.94400", "2005-12-31": "0.87170"}, "Inventory Turnover Ratio": {"2019-12-31": "2.39250", "2018-12-31": "2.40260", "2017-12-31": "2.65890", "2016-12-31": "2.99920", "2015-12-31": "2.22730", "2014-12-31": "1.97740", "2013-12-31": "2.09540", "2012-12-31": "1.81740", "2011-12-31": "2.24210", "2010-12-31": "2.10840", "2009-12-31": "1.91190", "2008-12-31": "2.60610", "2007-12-31": "2.37840", "2006-12-31": "2.57450", "2005-12-31": "2.19290"}, "Receiveable Turnover": {"2019-12-31": "7.24870", "2018-12-31": "7.63600", "2017-12-31": "4.71390", "2016-12-31": "5.43590", "2015-12-31": "6.46970", "2014-12-31": "5.06480", "2013-12-31": "5.84610", "2012-12-31": "5.27970", "2011-12-31": "5.21500", "2010-12-31": "5.60200", "2009-12-31": "5.60910", "2008-12-31": "8.09760", "2007-12-31": "6.34010", "2006-12-31": "5.13690", "2005-12-31": "4.18800"}, "Days Sales In Receivables": {"2019-12-31": "50.35400", "2018-12-31": "47.79990", "2017-12-31": "77.43140", "2016-12-31": "67.14570", "2015-12-31": "56.41670", "2014-12-31": "72.06670", "2013-12-31": "62.43530", "2012-12-31": "69.13330", "2011-12-31": "69.99030", "2010-12-31": "65.15500", "2009-12-31": "65.07260", "2008-12-31": "45.07490", "2007-12-31": "57.57000", "2006-12-31": "71.05490", "2005-12-31": "87.15300"}, "ROE - Return On Equity": {"2019-12-31": "-107.74580", "2018-12-31": "-79.30090", "2017-12-31": "2.31760", "2016-12-31": "-18.85550", "2015-12-31": "-16.11230", "2014-12-31": "-15.18330", "2013-12-31": "-2.06390", "2012-12-31": "8.71510", "2011-12-31": "11.43210", "2010-12-31": "14.20320", "2009-12-31": "2.72210", "2008-12-31": "39.73820", "2007-12-31": "131.91930", "2006-12-31": "-37.21910", "2005-12-31": "57.51630"}, "Return On Tangible Equity": {"2019-12-31": "-86.36170", "2018-12-31": "-68.42680", "2017-12-31": "3.21470", "2016-12-31": "-26.79730", "2015-12-31": "-20.45440", "2014-12-31": "-26.09870", "2013-12-31": "-3.30840", "2012-12-31": "13.81430", "2011-12-31": "18.20880", "2010-12-31": "23.91000", "2009-12-31": "2.76540", "2008-12-31": "40.31070", "2007-12-31": "144.31890", "2006-12-31": "-34.26490", "2005-12-31": "52.43290"}, "ROA - Return On Assets": {"2019-12-31": "48.78910", "2018-12-31": "56.71820", "2017-12-31": "1.18520", "2016-12-31": "-9.28700", "2015-12-31": "-9.18380", "2014-12-31": "-8.31710", "2013-12-31": "-1.22910", "2012-12-31": "5.11950", "2011-12-31": "7.06450", "2010-12-31": "9.12930", "2009-12-31": "1.75980", "2008-12-31": "21.26060", "2007-12-31": "17.15390", "2006-12-31": "4.67890", "2005-12-31": "-13.59250"}, "ROI - Return On Investment": {"2019-12-31": "62.90870", "2018-12-31": "80.55400", "2017-12-31": "1.51820", "2016-12-31": "-11.65670", "2015-12-31": "-11.13360", "2014-12-31": "-11.33020", "2013-12-31": "-1.46370", "2012-12-31": "6.23900", "2011-12-31": "8.86700", "2010-12-31": "11.60130", "2009-12-31": "2.71520", "2008-12-31": "36.11930", "2007-12-31": "27.59150", "2006-12-31": "7.68840", "2005-12-31": "-24.39280"}, "Book Value Per Share": {"2019-12-31": "-2.55490", "2018-12-31": "-3.70610", "2017-12-31": "2.02900", "2016-12-31": "1.91040", "2015-12-31": "", "2014-12-31": "6.57320", "2013-12-31": "9.74090", "2012-12-31": "10.03970", "2011-12-31": "9.33130", "2010-12-31": "8.48190", "2009-12-31": "4.80670", "2008-12-31": "4.25240", "2007-12-31": "1.09770", "2006-12-31": "-1.15850", "2005-12-31": "-2.13060"}, "Operating Cash Flow Per Share": {"2019-12-31": -0.0239, "2018-12-31": 2.6887, "2017-12-31": 0.0455, "2016-12-31": -0.0947, "2015-12-31": -0.7178, "2014-12-31": 0.023, "2013-12-31": 0.1392, "2012-12-31": 0.2026, "2011-12-31": -0.6507, "2010-12-31": -0.2369, "2009-12-31": -0.6779, "2008-12-31": 0.9647, "2007-12-31": 0.5517, "2006-12-31": 0.4905, "2005-12-31": 0.0818}, "Free Cash Flow Per Share": {"2019-12-31": -0.0189, "2018-12-31": 2.5601, "2017-12-31": 0.0366, "2016-12-31": -0.0195, "2015-12-31": -0.2944, "2014-12-31": 0.0751, "2013-12-31": 0.4143, "2012-12-31": 0.3581, "2011-12-31": -1.0235, "2010-12-31": -0.4682, "2009-12-31": -0.5391, "2008-12-31": 0.5413, "2007-12-31": 0.6528, "2006-12-31": 0.6863, "2005-12-31": -0.3962}}, "financial ratios, quarterly": {"Current Ratio": {"2020-09-30": "3.09980", "2020-06-30": "3.09740", "2020-03-31": "3.17330", "2019-12-31": "3.09970", "2019-09-30": "3.62340", "2019-06-30": "3.38860", "2019-03-31": "3.12000", "2018-12-31": "1.95050", "2018-09-30": "2.23090", "2018-06-30": "2.55820", "2018-03-31": "3.33230", "2017-12-31": "2.33310", "2017-09-30": "2.35690", "2017-06-30": "3.06190", "2017-03-31": "2.93510", "2016-12-31": "2.94410", "2016-09-30": "3.68700", "2016-06-30": "3.54840", "2016-03-31": "4.06860", "2015-12-31": "4.44130", "2015-09-30": "3.89840", "2015-06-30": "1.78500", "2015-03-31": "1.77140", "2014-12-31": "1.83290", "2014-09-30": "3.72510", "2014-06-30": "3.95670", "2014-03-31": "3.94440", "2013-12-31": "3.59310", "2013-09-30": "3.74060", "2013-06-30": "3.93980", "2013-03-31": "4.04940", "2012-12-31": "3.35390", "2012-09-30": "3.88010", "2012-06-30": "3.55510", "2012-03-31": "3.02570", "2011-12-31": "2.64000", "2011-09-30": "2.96220", "2011-06-30": "3.06100", "2011-03-31": "2.63880", "2010-12-31": "2.47410", "2010-09-30": "2.67830", "2010-06-30": "2.21930", "2010-03-31": "2.22300", "2009-12-31": "2.37840", "2009-09-30": "2.60920", "2009-06-30": "3.01430", "2009-03-31": "2.23920", "2008-12-31": "1.92590", "2008-09-30": "2.18020", "2008-06-30": "2.22650", "2008-03-31": "2.14440", "2007-12-31": "2.49800", "2007-09-30": "2.32490", "2007-06-30": "2.37830", "2007-03-31": "2.21800", "2006-12-31": "2.58050", "2006-09-30": "2.25320", "2006-06-30": "2.15180", "2006-03-31": "2.39670", "2005-12-31": "2.14390", "2005-09-30": "2.64530", "2005-06-30": "2.41940", "2005-03-31": "2.38020"}, "Long-term Debt / Capital": {"2020-09-30": "1.41600", "2020-06-30": "1.49030", "2020-03-31": "1.57840", "2019-12-31": "1.58390", "2019-09-30": "1.42700", "2019-06-30": "1.52810", "2019-03-31": "1.73550", "2018-12-31": "2.01580", "2018-09-30": "1.94380", "2018-06-30": "1.84380", "2018-03-31": "1.24120", "2017-12-31": "0.34490", "2017-09-30": "0.36780", "2017-06-30": "0.40200", "2017-03-31": "0.39910", "2016-12-31": "0.38180", "2016-09-30": "0.36380", "2016-06-30": "0.35630", "2016-03-31": "0.31390", "2015-12-31": "0.30900", "2015-09-30": "0.30480", "2015-06-30": "0.27750", "2015-03-31": "0.26710", "2014-12-31": "0.25380", "2014-09-30": "0.32740", "2014-06-30": "0.32140", "2014-03-31": "0.29680", "2013-12-31": "0.29080", "2013-09-30": "0.29330", "2013-06-30": "0.30160", "2013-03-31": "0.28960", "2012-12-31": "0.28410", "2012-09-30": "0.31050", "2012-06-30": "0.30520", "2012-03-31": "0.24410", "2011-12-31": "0.22440", "2011-09-30": "0.20310", "2011-06-30": "0.20940", "2011-03-31": "0.18850", "2010-12-31": "0.18320", "2010-09-30": "0.00200", "2010-06-30": "0.00200", "2010-03-31": "0.00220", "2009-12-31": "0.00250", "2009-09-30": "0.00270", "2009-06-30": "0.09520", "2009-03-31": "0.11630", "2008-12-31": "0.09110", "2008-09-30": "0.20440", "2008-06-30": "0.24180", "2008-03-31": "0.63010", "2007-12-31": "0.79080", "2007-09-30": "0.88170", "2007-06-30": "1.01700", "2007-03-31": "1.20520", "2006-12-31": "1.20660", "2006-09-30": "1.36420", "2006-06-30": "1.37830", "2006-03-31": "1.37140", "2005-12-31": "1.42410", "2005-09-30": "1.05900", "2005-06-30": "1.10060", "2005-03-31": "1.10470"}, "Debt/Equity Ratio": {"2020-09-30": "-3.40400", "2020-06-30": "-3.05390", "2020-03-31": "-2.72920", "2019-12-31": "-2.71290", "2019-09-30": "-3.45860", "2019-06-30": "-2.98840", "2019-03-31": "-2.37730", "2018-12-31": "-2.08320", "2018-09-30": "-2.16190", "2018-06-30": "-2.29240", "2018-03-31": "-5.33580", "2017-12-31": "0.55340", "2017-09-30": "0.60580", "2017-06-30": "0.68700", "2017-03-31": "0.68290", "2016-12-31": "0.63290", "2016-09-30": "0.58190", "2016-06-30": "0.57870", "2016-03-31": "0.47000", "2015-12-31": "0.45310", "2015-09-30": "0.44980", "2015-06-30": "0.60310", "2015-03-31": "0.57190", "2014-12-31": "0.52730", "2014-09-30": "0.48780", "2014-06-30": "0.47380", "2014-03-31": "0.42220", "2013-12-31": "0.41090", "2013-09-30": "0.41820", "2013-06-30": "0.43390", "2013-03-31": "0.40920", "2012-12-31": "0.40310", "2012-09-30": "0.45050", "2012-06-30": "0.44560", "2012-03-31": "0.33100", "2011-12-31": "0.29990", "2011-09-30": "0.26870", "2011-06-30": "0.27380", "2011-03-31": "0.23440", "2010-12-31": "0.22440", "2010-09-30": "0.00200", "2010-06-30": "0.00200", "2010-03-31": "0.00220", "2009-12-31": "0.00450", "2009-09-30": "0.02150", "2009-06-30": "0.12880", "2009-03-31": "0.15570", "2008-12-31": "0.11870", "2008-09-30": "0.28060", "2008-06-30": "0.35120", "2008-03-31": "1.80030", "2007-12-31": "3.79020", "2007-09-30": "7.46680", "2007-06-30": "-59.76620", "2007-03-31": "-5.87540", "2006-12-31": "-5.84500", "2006-09-30": "-3.74930", "2006-06-30": "-3.64830", "2006-03-31": "-3.76090", "2005-12-31": "-3.35990", "2005-09-30": "-18.00000", "2005-06-30": "-10.98440", "2005-03-31": "-10.55390"}, "Gross Margin": {"2020-09-30": "54.05300", "2020-06-30": "53.47640", "2020-03-31": "56.40400", "2019-12-31": "56.74950", "2019-09-30": "57.58120", "2019-06-30": "58.98190", "2019-03-31": "58.83650", "2018-12-31": "59.76660", "2018-09-30": "60.36840", "2018-06-30": "63.64270", "2018-03-31": "67.88020", "2017-12-31": "31.06360", "2017-09-30": "12.21320", "2017-06-30": "8.49420", "2017-03-31": "1.22780", "2016-12-31": "-1.68840", "2016-09-30": "-6.19230", "2016-06-30": "-7.28560", "2016-03-31": "-13.57560", "2015-12-31": "1.53440", "2015-09-30": "8.76970", "2015-06-30": "11.30130", "2015-03-31": "10.02020", "2014-12-31": "-2325.98700", "2014-09-30": "6.77420", "2014-06-30": "6.31740", "2014-03-31": "9.15060", "2013-12-31": "1.60490", "2013-09-30": "12.09040", "2013-06-30": "16.23340", "2013-03-31": "19.13470", "2012-12-31": "22.77900", "2012-09-30": "24.93980", "2012-06-30": "26.73450", "2012-03-31": "27.77930", "2011-12-31": "24.05510", "2011-09-30": "26.81770", "2011-06-30": "23.47030", "2011-03-31": "23.82430", "2010-12-31": "24.11330", "2010-09-30": "29.86370", "2010-06-30": "29.78880", "2010-03-31": "32.13050", "2009-12-31": "32.26840", "2009-09-30": "28.22250", "2009-06-30": "28.95790", "2009-03-31": "23.97000", "2008-12-31": "36.62280", "2008-09-30": "36.08990", "2008-06-30": "35.78600", "2008-03-31": "37.27600", "2007-12-31": "29.47440", "2007-09-30": "31.25790", "2007-06-30": "36.22660", "2007-03-31": "32.98760", "2006-12-31": "27.94400", "2006-09-30": "29.06020", "2006-06-30": "26.82860", "2006-03-31": "28.38760", "2005-12-31": "37.15970", "2005-09-30": "27.95550", "2005-06-30": "26.01070", "2005-03-31": "23.04850"}, "Operating Margin": {"2020-09-30": "47.18440", "2020-06-30": "47.52350", "2020-03-31": "51.49440", "2019-12-31": "52.39140", "2019-09-30": "53.70310", "2019-06-30": "55.62900", "2019-03-31": "55.49690", "2018-12-31": "56.71030", "2018-09-30": "57.12550", "2018-06-30": "59.95680", "2018-03-31": "64.27210", "2017-12-31": "22.87440", "2017-09-30": "1.55920", "2017-06-30": "-2.77010", "2017-03-31": "-10.68370", "2016-12-31": "-21.17780", "2016-09-30": "-17.61000", "2016-06-30": "-19.60210", "2016-03-31": "-28.68920", "2015-12-31": "-9.83130", "2015-09-30": "-16.71490", "2015-06-30": "-5.25800", "2015-03-31": "-22.11900", "2014-12-31": "-17236.21000", "2014-09-30": "-8.85020", "2014-06-30": "-49.08370", "2014-03-31": "-2.51750", "2013-12-31": "-8.33640", "2013-09-30": "-2.82730", "2013-06-30": "5.30030", "2013-03-31": "6.20510", "2012-12-31": "11.40730", "2012-09-30": "13.58310", "2012-06-30": "14.75770", "2012-03-31": "9.96400", "2011-12-31": "8.99550", "2011-09-30": "16.62400", "2011-06-30": "12.35640", "2011-03-31": "12.29710", "2010-12-31": "10.71830", "2010-09-30": "16.64070", "2010-06-30": "16.00800", "2010-03-31": "20.69240", "2009-12-31": "23.39730", "2009-09-30": "15.20690", "2009-06-30": "12.34930", "2009-03-31": "6.28460", "2008-12-31": "26.51440", "2008-09-30": "27.46270", "2008-06-30": "27.73910", "2008-03-31": "28.65260", "2007-12-31": "20.36670", "2007-09-30": "21.99960", "2007-06-30": "25.53100", "2007-03-31": "21.80950", "2006-12-31": "13.57050", "2006-09-30": "15.23840", "2006-06-30": "13.47390", "2006-03-31": "6.32230", "2005-12-31": "19.85010", "2005-09-30": "15.64260", "2005-06-30": "13.73210", "2005-03-31": "9.35650"}, "EBIT Margin": {"2020-09-30": "47.18440", "2020-06-30": "47.52350", "2020-03-31": "51.49440", "2019-12-31": "52.39140", "2019-09-30": "53.70310", "2019-06-30": "55.62900", "2019-03-31": "55.49690", "2018-12-31": "56.71030", "2018-09-30": "57.12550", "2018-06-30": "59.95680", "2018-03-31": "64.27210", "2017-12-31": "22.87440", "2017-09-30": "1.55920", "2017-06-30": "-2.77010", "2017-03-31": "-10.68370", "2016-12-31": "-21.17780", "2016-09-30": "-17.61000", "2016-06-30": "-19.60210", "2016-03-31": "-28.68920", "2015-12-31": "-9.83130", "2015-09-30": "-16.71490", "2015-06-30": "-5.25800", "2015-03-31": "-22.11900", "2014-12-31": "-17236.22000", "2014-09-30": "-8.85020", "2014-06-30": "-49.08370", "2014-03-31": "-2.51750", "2013-12-31": "-8.33640", "2013-09-30": "-2.82730", "2013-06-30": "5.30030", "2013-03-31": "6.20510", "2012-12-31": "11.40730", "2012-09-30": "13.58310", "2012-06-30": "14.75770", "2012-03-31": "9.96400", "2011-12-31": "8.99550", "2011-09-30": "16.62400", "2011-06-30": "12.35640", "2011-03-31": "12.29710", "2010-12-31": "10.71830", "2010-09-30": "16.64070", "2010-06-30": "16.00800", "2010-03-31": "20.69240", "2009-12-31": "23.39730", "2009-09-30": "15.20690", "2009-06-30": "12.34930", "2009-03-31": "6.28460", "2008-12-31": "26.51440", "2008-09-30": "27.46270", "2008-06-30": "27.73910", "2008-03-31": "28.65260", "2007-12-31": "20.36670", "2007-09-30": "21.99960", "2007-06-30": "25.53100", "2007-03-31": "21.80950", "2006-12-31": "13.57050", "2006-09-30": "15.23840", "2006-06-30": "13.47390", "2006-03-31": "6.32230", "2005-12-31": "19.85010", "2005-09-30": "15.64260", "2005-06-30": "13.73210", "2005-03-31": "9.35650"}, "EBITDA Margin": {"2020-09-30": "", "2020-06-30": "", "2020-03-31": "", "2019-12-31": "", "2019-09-30": "", "2019-06-30": "", "2019-03-31": "", "2018-12-31": "", "2018-09-30": "", "2018-06-30": "", "2018-03-31": "", "2017-12-31": "", "2017-09-30": "", "2017-06-30": "", "2017-03-31": "", "2016-12-31": "", "2016-09-30": "", "2016-06-30": "", "2016-03-31": "", "2015-12-31": "", "2015-09-30": "", "2015-06-30": "", "2015-03-31": "", "2014-12-31": "", "2014-09-30": "", "2014-06-30": "", "2014-03-31": "", "2013-12-31": "", "2013-09-30": "", "2013-06-30": "", "2013-03-31": "", "2012-12-31": "", "2012-09-30": "", "2012-06-30": "", "2012-03-31": "", "2011-12-31": "", "2011-09-30": "", "2011-06-30": "", "2011-03-31": "", "2010-12-31": "", "2010-09-30": "", "2010-06-30": "", "2010-03-31": "", "2009-12-31": "", "2009-09-30": "", "2009-06-30": "", "2009-03-31": "", "2008-12-31": "", "2008-09-30": "", "2008-06-30": "", "2008-03-31": "", "2007-12-31": "", "2007-09-30": "", "2007-06-30": "", "2007-03-31": "", "2006-12-31": "", "2006-09-30": "", "2006-06-30": "", "2006-03-31": "", "2005-12-31": "", "2005-09-30": "", "2005-06-30": "", "2005-03-31": ""}, "Pre-Tax Profit Margin": {"2020-09-30": "39.14390", "2020-06-30": "40.09860", "2020-03-31": "45.88600", "2019-12-31": "43.94640", "2019-09-30": "46.72820", "2019-06-30": "48.73850", "2019-03-31": "48.39090", "2018-12-31": "45.52570", "2018-09-30": "49.47640", "2018-06-30": "40.43090", "2018-03-31": "55.47480", "2017-12-31": "22.31270", "2017-09-30": "-3.78160", "2017-06-30": "-10.66770", "2017-03-31": "-20.92540", "2016-12-31": "-24.75400", "2016-09-30": "-23.20100", "2016-06-30": "-24.14250", "2016-03-31": "-35.68360", "2015-12-31": "-16.13890", "2015-09-30": "-27.24050", "2015-06-30": "-12.61910", "2015-03-31": "-26.57870", "2014-12-31": "-13948.28000", "2014-09-30": "-12.71800", "2014-06-30": "-52.27140", "2014-03-31": "-5.98450", "2013-12-31": "-11.54160", "2013-09-30": "-5.55820", "2013-06-30": "2.02420", "2013-03-31": "2.46330", "2012-12-31": "9.30430", "2012-09-30": "11.25730", "2012-06-30": "13.02710", "2012-03-31": "9.44180", "2011-12-31": "7.79810", "2011-09-30": "13.73410", "2011-06-30": "11.02200", "2011-03-31": "10.89770", "2010-12-31": "15.44380", "2010-09-30": "12.95940", "2010-06-30": "19.73210", "2010-03-31": "21.68470", "2009-12-31": "25.64820", "2009-09-30": "7.57710", "2009-06-30": "-25.11500", "2009-03-31": "10.17640", "2008-12-31": "10.30950", "2008-09-30": "31.80040", "2008-06-30": "25.08060", "2008-03-31": "18.88950", "2007-12-31": "15.09630", "2007-09-30": "18.69360", "2007-06-30": "31.39960", "2007-03-31": "12.70950", "2006-12-31": "14.18500", "2006-09-30": "8.47310", "2006-06-30": "7.71780", "2006-03-31": "-0.15440", "2005-12-31": "12.52260", "2005-09-30": "8.33210", "2005-06-30": "5.10610", "2005-03-31": "1.00860"}, "Net Profit Margin": {"2020-09-30": "32.83560", "2020-06-30": "33.04950", "2020-03-31": "38.37110", "2019-12-31": "42.18930", "2019-09-30": "41.79590", "2019-06-30": "40.87680", "2019-03-31": "41.56600", "2018-12-31": "43.10000", "2018-09-30": "43.84930", "2018-06-30": "44.14510", "2018-03-31": "49.49620", "2017-12-31": "28.90220", "2017-09-30": "-2.85550", "2017-06-30": "-14.94490", "2017-03-31": "-25.15210", "2016-12-31": "-41.67130", "2016-09-30": "-20.58160", "2016-06-30": "-111.29810", "2016-03-31": "-38.05870", "2015-12-31": "-35.64270", "2015-09-30": "-39.18960", "2015-06-30": "-18.13620", "2015-03-31": "-26.83640", "2014-12-31": "28990.80000", "2014-09-30": "-13.41600", "2014-06-30": "-54.69450", "2014-03-31": "-4.10160", "2013-12-31": "-9.14780", "2013-09-30": "-2.51750", "2013-06-30": "1.45410", "2013-03-31": "1.65930", "2012-12-31": "7.71940", "2012-09-30": "9.23750", "2012-06-30": "13.25900", "2012-03-31": "7.27530", "2011-12-31": "16.39590", "2011-09-30": "11.65220", "2011-06-30": "8.92140", "2011-03-31": "8.90550", "2010-12-31": "25.92920", "2010-09-30": "10.20120", "2010-06-30": "15.98840", "2010-03-31": "16.20720", "2009-12-31": "18.51410", "2009-09-30": "4.16310", "2009-06-30": "-23.50890", "2009-03-31": "6.31890", "2008-12-31": "13.04930", "2008-09-30": "26.41350", "2008-06-30": "14.35100", "2008-03-31": "12.64960", "2007-12-31": "12.06660", "2007-09-30": "13.30570", "2007-06-30": "25.38990", "2007-03-31": "6.71560", "2006-12-31": "32.81780", "2006-09-30": "4.40060", "2006-06-30": "3.99030", "2006-03-31": "-2.66720", "2005-12-31": "-110.77090", "2005-09-30": "7.49630", "2005-06-30": "2.58370", "2005-03-31": "0.71300"}, "Asset Turnover": {"2020-09-30": "0.19560", "2020-06-30": "0.18310", "2020-03-31": "0.20770", "2019-12-31": "0.27170", "2019-09-30": "0.23050", "2019-06-30": "0.27830", "2019-03-31": "0.31050", "2018-12-31": "0.35390", "2018-09-30": "0.30270", "2018-06-30": "0.29120", "2018-03-31": "0.30800", "2017-12-31": "0.16050", "2017-09-30": "0.12250", "2017-06-30": "0.10120", "2017-03-31": "0.09000", "2016-12-31": "0.09850", "2016-09-30": "0.09010", "2016-06-30": "0.09070", "2016-03-31": "0.06820", "2015-12-31": "0.05180", "2015-09-30": "0.08370", "2015-06-30": "0.07340", "2015-03-31": "0.12010", "2014-12-31": "-0.00020", "2014-09-30": "0.13280", "2014-06-30": "0.13900", "2014-03-31": "0.12710", "2013-12-31": "0.13910", "2013-09-30": "0.13320", "2013-06-30": "0.13120", "2013-03-31": "0.11220", "2012-12-31": "0.16150", "2012-09-30": "0.14090", "2012-06-30": "0.13990", "2012-03-31": "0.10760", "2011-12-31": "0.16050", "2011-09-30": "0.16670", "2011-06-30": "0.15380", "2011-03-31": "0.15340", "2010-12-31": "0.14700", "2010-09-30": "0.25170", "2010-06-30": "0.26470", "2010-03-31": "0.22770", "2009-12-31": "0.22670", "2009-09-30": "0.19410", "2009-06-30": "0.18690", "2009-03-31": "0.15330", "2008-12-31": "0.28090", "2008-09-30": "0.31990", "2008-06-30": "0.31150", "2008-03-31": "0.35200", "2007-12-31": "0.31090", "2007-09-30": "0.31110", "2007-06-30": "0.32480", "2007-03-31": "0.29580", "2006-12-31": "0.25990", "2006-09-30": "0.25410", "2006-06-30": "0.24810", "2006-03-31": "0.18950", "2005-12-31": "0.15060", "2005-09-30": "0.20290", "2005-06-30": "0.21880", "2005-03-31": "0.20510"}, "Inventory Turnover Ratio": {"2020-09-30": "0.44070", "2020-06-30": "0.41820", "2020-03-31": "0.43060", "2019-12-31": "0.57170", "2019-09-30": "0.56670", "2019-06-30": "0.62580", "2019-03-31": "0.65220", "2018-12-31": "0.72980", "2018-09-30": "0.68810", "2018-06-30": "0.66010", "2018-03-31": "0.71670", "2017-12-31": "0.76190", "2017-09-30": "0.73210", "2017-06-30": "0.64730", "2017-03-31": "0.64900", "2016-12-31": "0.75190", "2016-09-30": "0.71090", "2016-06-30": "0.66100", "2016-03-31": "0.38460", "2015-12-31": "0.33240", "2015-09-30": "0.35780", "2015-06-30": "0.29710", "2015-03-31": "0.51200", "2014-12-31": "-0.01820", "2014-09-30": "0.58020", "2014-06-30": "0.59110", "2014-03-31": "0.51930", "2013-12-31": "0.61900", "2013-09-30": "0.51340", "2013-06-30": "0.46680", "2013-03-31": "0.38120", "2012-12-31": "0.55840", "2012-09-30": "0.44110", "2012-06-30": "0.41700", "2012-03-31": "0.31350", "2011-12-31": "0.59510", "2011-09-30": "0.61980", "2011-06-30": "0.60960", "2011-03-31": "0.62220", "2010-12-31": "0.62690", "2010-09-30": "0.63180", "2010-06-30": "0.66900", "2010-03-31": "0.56560", "2009-12-31": "0.55830", "2009-09-30": "0.47000", "2009-06-30": "0.40640", "2009-03-31": "0.36460", "2008-12-31": "0.57820", "2008-09-30": "0.71680", "2008-06-30": "0.67930", "2008-03-31": "0.62850", "2007-12-31": "0.66570", "2007-09-30": "0.64250", "2007-06-30": "0.64820", "2007-03-31": "0.63370", "2006-12-31": "0.70960", "2006-09-30": "0.57240", "2006-06-30": "0.57710", "2006-03-31": "0.42750", "2005-12-31": "0.32920", "2005-09-30": "0.58820", "2005-06-30": "0.66480", "2005-03-31": "0.67680"}, "Receiveable Turnover": {"2020-09-30": "1.74780", "2020-06-30": "1.54830", "2020-03-31": "1.60170", "2019-12-31": "1.67820", "2019-09-30": "", "2019-06-30": "1.53170", "2019-03-31": "1.70610", "2018-12-31": "2.14590", "2018-09-30": "", "2018-06-30": "2.06830", "2018-03-31": "1.79170", "2017-12-31": "1.64730", "2017-09-30": "1.71270", "2017-06-30": "1.41850", "2017-03-31": "1.40290", "2016-12-31": "1.43270", "2016-09-30": "1.49560", "2016-06-30": "", "2016-03-31": "1.04560", "2015-12-31": "0.89380", "2015-09-30": "1.13830", "2015-06-30": "1.03390", "2015-03-31": "1.33590", "2014-12-31": "-0.00180", "2014-09-30": "1.58840", "2014-06-30": "1.60070", "2014-03-31": "1.36520", "2013-12-31": "1.54590", "2013-09-30": "", "2013-06-30": "1.45820", "2013-03-31": "1.34420", "2012-12-31": "1.56920", "2012-09-30": "1.39380", "2012-06-30": "1.45120", "2012-03-31": "1.26870", "2011-12-31": "1.37460", "2011-09-30": "1.44470", "2011-06-30": "1.34710", "2011-03-31": "1.50400", "2010-12-31": "1.56460", "2010-09-30": "1.60840", "2010-06-30": "1.65670", "2010-03-31": "1.75240", "2009-12-31": "1.72230", "2009-09-30": "1.57850", "2009-06-30": "1.71110", "2009-03-31": "1.46550", "2008-12-31": "1.80260", "2008-09-30": "1.67920", "2008-06-30": "1.69440", "2008-03-31": "1.83020", "2007-12-31": "1.70000", "2007-09-30": "1.48890", "2007-06-30": "1.66990", "2007-03-31": "1.44980", "2006-12-31": "1.41410", "2006-09-30": "1.54090", "2006-06-30": "1.39320", "2006-03-31": "1.07760", "2005-12-31": "0.72380", "2005-09-30": "1.21040", "2005-06-30": "1.29500", "2005-03-31": "1.19940"}, "Days Sales In Receivables": {"2020-09-30": "51.49210", "2020-06-30": "58.12850", "2020-03-31": "56.19050", "2019-12-31": "53.62750", "2019-09-30": "", "2019-06-30": "58.75900", "2019-03-31": "52.75200", "2018-12-31": "41.94110", "2018-09-30": "", "2018-06-30": "43.51390", "2018-03-31": "50.23120", "2017-12-31": "54.63460", "2017-09-30": "52.54750", "2017-06-30": "63.44660", "2017-03-31": "64.15290", "2016-12-31": "62.81720", "2016-09-30": "60.17720", "2016-06-30": "", "2016-03-31": "86.07420", "2015-12-31": "100.69120", "2015-09-30": "79.06570", "2015-06-30": "87.05050", "2015-03-31": "67.36960", "2014-12-31": "", "2014-09-30": "56.65940", "2014-06-30": "56.22660", "2014-03-31": "65.92680", "2013-12-31": "58.21990", "2013-09-30": "", "2013-06-30": "61.71830", "2013-03-31": "66.95580", "2012-12-31": "57.35490", "2012-09-30": "64.57000", "2012-06-30": "62.01890", "2012-03-31": "70.94090", "2011-12-31": "65.47310", "2011-09-30": "62.29570", "2011-06-30": "66.80910", "2011-03-31": "59.83970", "2010-12-31": "57.52390", "2010-09-30": "55.95540", "2010-06-30": "54.32650", "2010-03-31": "51.35740", "2009-12-31": "52.25480", "2009-09-30": "57.01450", "2009-06-30": "52.59880", "2009-03-31": "61.41110", "2008-12-31": "49.92920", "2008-09-30": "53.59590", "2008-06-30": "53.11760", "2008-03-31": "49.17380", "2007-12-31": "52.94040", "2007-09-30": "60.44560", "2007-06-30": "53.89430", "2007-03-31": "62.07660", "2006-12-31": "63.64610", "2006-09-30": "58.40600", "2006-06-30": "64.59850", "2006-03-31": "83.52200", "2005-12-31": "124.35120", "2005-09-30": "74.35340", "2005-06-30": "69.49870", "2005-03-31": "75.03770"}, "ROE - Return On Equity": {"2020-09-30": "-19.96030", "2020-06-30": "-16.14300", "2020-03-31": "-17.97060", "2019-12-31": "-25.31170", "2019-09-30": "-28.97980", "2019-06-30": "-27.66380", "2019-03-31": "-22.39470", "2018-12-31": "-21.34960", "2018-09-30": "-19.27730", "2018-06-30": "-20.35910", "2018-03-31": "-80.39790", "2017-12-31": "9.29140", "2017-09-30": "-1.29850", "2017-06-30": "-2.43640", "2017-03-31": "-4.00770", "2016-12-31": "-4.97020", "2016-09-30": "-3.78410", "2016-06-30": "-3.38590", "2016-03-31": "-4.29720", "2015-12-31": "-2.11040", "2015-09-30": "-4.84840", "2015-06-30": "-1.88190", "2015-03-31": "-6.02630", "2014-12-31": "4.91510", "2014-09-30": "-3.15260", "2014-06-30": "-13.34900", "2014-03-31": "-0.87660", "2013-12-31": "-2.13670", "2013-09-30": "-0.56570", "2013-06-30": "0.32530", "2013-03-31": "0.31100", "2012-12-31": "2.12160", "2012-09-30": "2.24840", "2012-06-30": "3.22040", "2012-03-31": "1.27700", "2011-12-31": "4.25800", "2011-09-30": "3.05630", "2011-06-30": "2.17040", "2011-03-31": "2.13790", "2010-12-31": "5.93000", "2010-09-30": "3.80430", "2010-06-30": "6.65390", "2010-03-31": "5.85500", "2009-12-31": "6.49260", "2009-09-30": "1.25500", "2009-06-30": "-7.26560", "2009-03-31": "1.70420", "2008-12-31": "6.85190", "2008-09-30": "16.41280", "2008-06-30": "9.06270", "2008-03-31": "20.57930", "2007-12-31": "28.23960", "2007-09-30": "58.35850", "2007-06-30": "-812.63340", "2007-03-31": "-20.49810", "2006-12-31": "-23.02320", "2006-09-30": "-5.37730", "2006-06-30": "-5.16070", "2006-03-31": "1.89790", "2005-12-31": "68.39540", "2005-09-30": "-39.01750", "2005-06-30": "-8.88750", "2005-03-31": "-2.31540"}, "Return On Tangible Equity": {"2020-09-30": "-14.65030", "2020-06-30": "-12.43930", "2020-03-31": "-14.35920", "2019-12-31": "-20.28810", "2019-09-30": "-22.60590", "2019-06-30": "-22.29040", "2019-03-31": "-18.75460", "2018-12-31": "-18.42200", "2018-09-30": "-16.55030", "2018-06-30": "-17.36140", "2018-03-31": "-49.64140", "2017-12-31": "12.88760", "2017-09-30": "-1.88350", "2017-06-30": "-3.54470", "2017-03-31": "-5.79000", "2016-12-31": "-7.06360", "2016-09-30": "-5.17420", "2016-06-30": "-4.57730", "2016-03-31": "-5.50940", "2015-12-31": "-2.67910", "2015-09-30": "-6.07730", "2015-06-30": "-3.25970", "2015-03-31": "-10.33000", "2014-12-31": "8.44850", "2014-09-30": "-5.70560", "2014-06-30": "-23.26680", "2014-03-31": "-1.40970", "2013-12-31": "-3.42510", "2013-09-30": "-0.89590", "2013-06-30": "0.51560", "2013-03-31": "0.49180", "2012-12-31": "3.36300", "2012-09-30": "3.61650", "2012-06-30": "5.22490", "2012-03-31": "2.00660", "2011-12-31": "6.78210", "2011-09-30": "4.91530", "2011-06-30": "3.50270", "2011-03-31": "3.51440", "2010-12-31": "9.98280", "2010-09-30": "3.85800", "2010-06-30": "6.74960", "2010-03-31": "5.94500", "2009-12-31": "6.59590", "2009-09-30": "1.27550", "2009-06-30": "-7.38970", "2009-03-31": "1.72840", "2008-12-31": "6.95060", "2008-09-30": "16.67690", "2008-06-30": "9.21950", "2008-03-31": "21.57730", "2007-12-31": "30.89390", "2007-09-30": "70.06810", "2007-06-30": "-364.75420", "2007-03-31": "-18.53450", "2006-12-31": "-21.19570", "2006-09-30": "-4.87130", "2006-06-30": "-4.67740", "2006-03-31": "1.72060", "2005-12-31": "62.35040", "2005-09-30": "-25.58530", "2005-06-30": "-6.77140", "2005-03-31": "-1.75000"}, "ROA - Return On Assets": {"2020-09-30": "6.42100", "2020-06-30": "6.05020", "2020-03-31": "7.96940", "2019-12-31": "11.46160", "2019-09-30": "9.63350", "2019-06-30": "11.37470", "2019-03-31": "12.90690", "2018-12-31": "15.26980", "2018-09-30": "13.32210", "2018-06-30": "12.87650", "2018-03-31": "15.13430", "2017-12-31": "4.75160", "2017-09-30": "-0.63870", "2017-06-30": "-1.16010", "2017-03-31": "-1.91450", "2016-12-31": "-2.44800", "2016-09-30": "-1.94580", "2016-06-30": "-1.74970", "2016-03-31": "-2.41410", "2015-12-31": "-1.20290", "2015-09-30": "-2.69980", "2015-06-30": "-0.99910", "2015-03-31": "-3.22240", "2014-12-31": "2.69240", "2014-09-30": "-1.78150", "2014-06-30": "-7.60500", "2014-03-31": "-0.52130", "2013-12-31": "-1.27250", "2013-09-30": "-0.33530", "2013-06-30": "0.19080", "2013-03-31": "0.18610", "2012-12-31": "1.24630", "2012-09-30": "1.30160", "2012-06-30": "1.85440", "2012-03-31": "0.78260", "2011-12-31": "2.63120", "2011-09-30": "1.94220", "2011-06-30": "1.37240", "2011-03-31": "1.36580", "2010-12-31": "3.81160", "2010-09-30": "2.56710", "2010-06-30": "4.23230", "2010-03-31": "3.68960", "2009-12-31": "4.19740", "2009-09-30": "0.80790", "2009-06-30": "-4.39380", "2009-03-31": "0.96840", "2008-12-31": "3.66590", "2008-09-30": "8.44950", "2008-06-30": "4.47110", "2008-03-31": "4.45240", "2007-12-31": "3.67210", "2007-09-30": "4.13960", "2007-06-30": "8.24550", "2007-03-31": "2.39030", "2006-12-31": "2.89430", "2006-09-30": "1.14040", "2006-06-30": "1.11530", "2006-03-31": "-0.41900", "2005-12-31": "-16.16350", "2005-09-30": "1.52120", "2005-06-30": "0.56540", "2005-03-31": "0.14630"}, "ROI - Return On Investment": {"2020-09-30": "8.30400", "2020-06-30": "7.91410", "2020-03-31": "10.39370", "2019-12-31": "14.77850", "2019-09-30": "12.37490", "2019-06-30": "14.60930", "2019-03-31": "16.47050", "2018-12-31": "21.68700", "2018-09-30": "18.19400", "2018-06-30": "17.18000", "2018-03-31": "19.39140", "2017-12-31": "6.08640", "2017-09-30": "-0.82090", "2017-06-30": "-1.45680", "2017-03-31": "-2.40810", "2016-12-31": "-3.07260", "2016-09-30": "-2.40760", "2016-06-30": "-2.17940", "2016-03-31": "-2.94810", "2015-12-31": "-1.45820", "2015-09-30": "-3.37080", "2015-06-30": "-1.35960", "2015-03-31": "-4.41660", "2014-12-31": "3.66770", "2014-09-30": "-2.12050", "2014-06-30": "-9.05830", "2014-03-31": "-0.61640", "2013-12-31": "-1.51540", "2013-09-30": "-0.39980", "2013-06-30": "0.22720", "2013-03-31": "0.22090", "2012-12-31": "1.51890", "2012-09-30": "1.55020", "2012-06-30": "2.23760", "2012-03-31": "0.96530", "2011-12-31": "3.30260", "2011-09-30": "2.43540", "2011-06-30": "1.71580", "2011-03-31": "1.73490", "2010-12-31": "4.84370", "2010-09-30": "3.79660", "2010-06-30": "6.64050", "2010-03-31": "5.84200", "2009-12-31": "6.47610", "2009-09-30": "1.25160", "2009-06-30": "-6.57400", "2009-03-31": "1.50600", "2008-12-31": "6.22790", "2008-09-30": "13.05740", "2008-06-30": "6.87150", "2008-03-31": "7.61280", "2007-12-31": "5.90640", "2007-09-30": "6.90490", "2007-06-30": "13.83380", "2007-03-31": "4.20640", "2006-12-31": "4.75590", "2006-09-30": "1.95820", "2006-06-30": "1.95240", "2006-03-31": "-0.70490", "2005-12-31": "-29.00670", "2005-09-30": "2.30190", "2005-06-30": "0.89430", "2005-03-31": "0.24240"}, "Book Value Per Share": {"2020-09-30": "-1.76690", "2020-06-30": "-2.15100", "2020-03-31": "-2.54650", "2019-12-31": "-2.55490", "2019-09-30": "-2.09520", "2019-06-30": "-2.44320", "2019-03-31": "-3.03440", "2018-12-31": "-3.70610", "2018-09-30": "-3.57430", "2018-06-30": "-3.27910", "2018-03-31": "-0.91380", "2017-12-31": "2.02900", "2017-09-30": "", "2017-06-30": "", "2017-03-31": "", "2016-12-31": "1.91040", "2016-09-30": "", "2016-06-30": "", "2016-03-31": "", "2015-12-31": "", "2015-09-30": "", "2015-06-30": "6.64740", "2015-03-31": "6.72690", "2014-12-31": "6.57320", "2014-09-30": "8.11930", "2014-06-30": "8.54740", "2014-03-31": "9.67710", "2013-12-31": "9.74090", "2013-09-30": "9.97320", "2013-06-30": "9.97470", "2013-03-31": "10.03840", "2012-12-31": "10.03970", "2012-09-30": "9.81510", "2012-06-30": "9.60350", "2012-03-31": "9.55910", "2011-12-31": "9.33130", "2011-09-30": "9.06130", "2011-06-30": "9.05770", "2011-03-31": "8.79630", "2010-12-31": "8.48190", "2010-09-30": "5.67530", "2010-06-30": "5.08380", "2010-03-31": "4.95990", "2009-12-31": "4.80670", "2009-09-30": "4.55870", "2009-06-30": "4.25700", "2009-03-31": "4.17060", "2008-12-31": "4.25240", "2008-09-30": "4.28670", "2008-06-30": "4.24860", "2008-03-31": "1.74010", "2007-12-31": "1.09770", "2007-09-30": "0.56040", "2007-06-30": "-0.07900", "2007-03-31": "-0.90670", "2006-12-31": "-1.15850", "2006-09-30": "-1.87930", "2006-06-30": "-1.97540", "2006-03-31": "-2.06170", "2005-12-31": "-2.13060", "2005-09-30": "-0.40690", "2005-06-30": "-0.65230", "2005-03-31": "-0.66250"}, "Operating Cash Flow Per Share": {"2020-09-30": 0.4826, "2020-06-30": 0.559, "2020-03-31": "0.51730", "2019-12-31": 0.7702, "2019-09-30": 0.78, "2019-06-30": 0.6959, "2019-03-31": "0.53970", "2018-12-31": 0.7423, "2018-09-30": 0.8178, "2018-06-30": 0.7845, "2018-03-31": "0.46510", "2017-12-31": 0.0099, "2017-09-30": 0.0996, "2017-06-30": 0.0055, "2017-03-31": "0.00600", "2016-12-31": 0, "2016-09-30": 0, "2016-06-30": 0, "2016-03-31": "", "2015-12-31": 0, "2015-09-30": 0, "2015-06-30": 0, "2015-03-31": "", "2014-12-31": 0.2802, "2014-09-30": 0.1967, "2014-06-30": 0.2484, "2014-03-31": "0.16270", "2013-12-31": 0.3827, "2013-09-30": 0.3961, "2013-06-30": -0.0473, "2013-03-31": "0.13350", "2012-12-31": 0.625, "2012-09-30": 0.3223, "2012-06-30": -0.1151, "2012-03-31": "-0.10640", "2011-12-31": 0.3228, "2011-09-30": 0.3235, "2011-06-30": -0.1156, "2011-03-31": "-0.00750", "2010-12-31": 0.7287, "2010-09-30": 0.3301, "2010-06-30": -0.0539, "2010-03-31": "0.16900", "2009-12-31": 0.4026, "2009-09-30": 0.5042, "2009-06-30": 0.3839, "2009-03-31": "0.12010", "2008-12-31": 0.6776, "2008-09-30": 0.5547, "2008-06-30": 0.2852, "2008-03-31": "0.57120", "2007-12-31": 0.4754, "2007-09-30": 0.1871, "2007-06-30": 0.3028, "2007-03-31": "0.15870", "2006-12-31": 0.1752, "2006-09-30": 0.2176, "2006-06-30": 0.5203, "2006-03-31": "-0.34080", "2005-12-31": 0.2614, "2005-09-30": -0.1083, "2005-06-30": 0.0694, "2005-03-31": "-0.14070"}, "Free Cash Flow Per Share": {"2020-09-30": 0.459, "2020-06-30": 0.5195, "2020-03-31": "0.46590", "2019-12-31": 0.7007, "2019-09-30": 0.7287, "2019-06-30": 0.6456, "2019-03-31": "0.48980", "2018-12-31": 0.6742, "2018-09-30": 0.7522, "2018-06-30": 0.7362, "2018-03-31": "0.42110", "2017-12-31": -0.0247, "2017-09-30": 0.0709, "2017-06-30": -0.0034, "2017-03-31": "-0.01920", "2016-12-31": 0, "2016-09-30": 0, "2016-06-30": 0, "2016-03-31": "", "2015-12-31": 0, "2015-09-30": 0, "2015-06-30": 0, "2015-03-31": "", "2014-12-31": 0.1714, "2014-09-30": 0.0415, "2014-06-30": 0.0714, "2014-03-31": "0.01660", "2013-12-31": 0.2074, "2013-09-30": 0.2174, "2013-06-30": -0.2349, "2013-03-31": "0.03590", "2012-12-31": 0.3983, "2012-09-30": 0.0682, "2012-06-30": -0.3311, "2012-03-31": "-0.32390", "2011-12-31": -0.0491, "2011-09-30": 0.0491, "2011-06-30": -0.3762, "2011-03-31": "-0.17040", "2010-12-31": 0.4557, "2010-09-30": 0.1562, "2010-06-30": -0.215, "2010-03-31": "0.08000", "2009-12-31": 0.2728, "2009-09-30": 0.4182, "2009-06-30": 0.24, "2009-03-31": "0.01410", "2008-12-31": 0.4673, "2008-09-30": 0.3909, "2008-06-30": 0.1342, "2008-03-31": "0.49180", "2007-12-31": 0.354, "2007-09-30": 0.0892, "2007-06-30": 0.4074, "2007-03-31": "0.09230", "2006-12-31": 0.0845, "2006-09-30": 0.2374, "2006-06-30": 0.4194, "2006-03-31": "-0.45120", "2005-12-31": 0.1006, "2005-09-30": -0.1825, "2005-06-30": -0.065, "2005-03-31": "-0.24930"}}, "revenue": {"GrafTech Annual Revenue (Millions of US $)": {"2019": "$1,791", "2018": "$1,896", "2017": "$551", "2016": "$438", "2015": "$533", "2014": "$825", "2013": "$1,167", "2012": "$1,248", "2011": "$1,320", "2010": "$1,007", "2009": "$659", "2008": "$1,190", "2007": "$1,005", "2006": "$855", "2005": "$773"}, "GrafTech Quarterly Revenue (Millions of US $)": {"2020-09-30": "$287", "2020-06-30": "$281", "2020-03-31": "$319", "2019-12-31": "$415", "2019-09-30": "$421", "2019-06-30": "$480", "2019-03-31": "$475", "2018-12-31": "$533", "2018-09-30": "$455", "2018-06-30": "$456", "2018-03-31": "$452", "2017-12-31": "$192", "2017-09-30": "$137", "2017-06-30": "$116", "2017-03-31": "$105", "2016-12-31": "$115", "2016-09-30": "$112", "2016-06-30": "$115", "2016-03-31": "$96", "2015-12-31": "$74", "2015-09-30": "$126", "2015-06-30": "$126", "2015-03-31": "$207", "2014-12-31": "$-0", "2014-09-30": "$260", "2014-06-30": "$284", "2014-03-31": "$281", "2013-12-31": "$309", "2013-09-30": "$303", "2013-06-30": "$301", "2013-03-31": "$254", "2012-12-31": "$371", "2012-09-30": "$321", "2012-06-30": "$316", "2012-03-31": "$241", "2011-12-31": "$348", "2011-09-30": "$346", "2011-06-30": "$320", "2011-03-31": "$306", "2010-12-31": "$281", "2010-09-30": "$255", "2010-06-30": "$255", "2010-03-31": "$216", "2009-12-31": "$202", "2009-09-30": "$165", "2009-06-30": "$158", "2009-03-31": "$134", "2008-12-31": "$265", "2008-09-30": "$316", "2008-06-30": "$320", "2008-03-31": "$290", "2007-12-31": "$269", "2007-09-30": "$251", "2007-06-30": "$256", "2007-03-31": "$228", "2006-12-31": "$235", "2006-09-30": "$222", "2006-06-30": "$223", "2006-03-31": "$174", "2005-12-31": "$134", "2005-09-30": "$208", "2005-06-30": "$220", "2005-03-31": "$211"}}, "gross-profit": {"GrafTech Annual Gross Profit (Millions of US $)": {"2019": "$1,040", "2018": "$1,190", "2017": "$88", "2016": "$-30", "2015": "$47", "2014": "$68", "2013": "$139", "2012": "$316", "2011": "$325", "2010": "$289", "2009": "$190", "2008": "$433", "2007": "$326", "2006": "$240", "2005": "$214"}, "GrafTech Quarterly Gross Profit (Millions of US $)": {"2020-09-30": "$155", "2020-06-30": "$150", "2020-03-31": "$180", "2019-12-31": "$235", "2019-09-30": "$242", "2019-06-30": "$283", "2019-03-31": "$279", "2018-12-31": "$318", "2018-09-30": "$275", "2018-06-30": "$290", "2018-03-31": "$307", "2017-12-31": "$60", "2017-09-30": "$17", "2017-06-30": "$10", "2017-03-31": "$1", "2016-12-31": "$-2", "2016-09-30": "$-7", "2016-06-30": "$-8", "2016-03-31": "$-13", "2015-12-31": "$1", "2015-09-30": "$11", "2015-06-30": "$14", "2015-03-31": "$21", "2014-12-31": "$7", "2014-09-30": "$18", "2014-06-30": "$18", "2014-03-31": "$26", "2013-12-31": "$5", "2013-09-30": "$37", "2013-06-30": "$49", "2013-03-31": "$49", "2012-12-31": "$85", "2012-09-30": "$80", "2012-06-30": "$84", "2012-03-31": "$67", "2011-12-31": "$84", "2011-09-30": "$93", "2011-06-30": "$75", "2011-03-31": "$73", "2010-12-31": "$68", "2010-09-30": "$76", "2010-06-30": "$76", "2010-03-31": "$69", "2009-12-31": "$65", "2009-09-30": "$47", "2009-06-30": "$46", "2009-03-31": "$32", "2008-12-31": "$97", "2008-09-30": "$114", "2008-06-30": "$114", "2008-03-31": "$108", "2007-12-31": "$79", "2007-09-30": "$79", "2007-06-30": "$93", "2007-03-31": "$75", "2006-12-31": "$66", "2006-09-30": "$65", "2006-06-30": "$60", "2006-03-31": "$49", "2005-12-31": "$50", "2005-09-30": "$58", "2005-06-30": "$57", "2005-03-31": "$49"}}, "operating-income": {"GrafTech Annual Operating Income (Millions of US $)": {"2019": "$974", "2018": "$1,126", "2017": "$32", "2016": "$-94", "2015": "$-81", "2014": "$-120", "2013": "$-3", "2012": "$156", "2011": "$166", "2010": "$158", "2009": "$100", "2008": "$329", "2007": "$225", "2006": "$107", "2005": "$109"}, "GrafTech Quarterly Operating Income (Millions of US $)": {"2020-09-30": "$135", "2020-06-30": "$133", "2020-03-31": "$164", "2019-12-31": "$217", "2019-09-30": "$226", "2019-06-30": "$267", "2019-03-31": "$264", "2018-12-31": "$302", "2018-09-30": "$260", "2018-06-30": "$274", "2018-03-31": "$290", "2017-12-31": "$44", "2017-09-30": "$2", "2017-06-30": "$-3", "2017-03-31": "$-11", "2016-12-31": "$-24", "2016-09-30": "$-20", "2016-06-30": "$-23", "2016-03-31": "$-27", "2015-12-31": "$-7", "2015-09-30": "$-21", "2015-06-30": "$-7", "2015-03-31": "$-46", "2014-12-31": "$50", "2014-09-30": "$-23", "2014-06-30": "$-139", "2014-03-31": "$-7", "2013-12-31": "$-26", "2013-09-30": "$-9", "2013-06-30": "$16", "2013-03-31": "$16", "2012-12-31": "$42", "2012-09-30": "$44", "2012-06-30": "$47", "2012-03-31": "$24", "2011-12-31": "$31", "2011-09-30": "$57", "2011-06-30": "$40", "2011-03-31": "$38", "2010-12-31": "$30", "2010-09-30": "$42", "2010-06-30": "$41", "2010-03-31": "$45", "2009-12-31": "$47", "2009-09-30": "$25", "2009-06-30": "$19", "2009-03-31": "$8", "2008-12-31": "$70", "2008-09-30": "$87", "2008-06-30": "$89", "2008-03-31": "$83", "2007-12-31": "$55", "2007-09-30": "$55", "2007-06-30": "$65", "2007-03-31": "$50", "2006-12-31": "$32", "2006-09-30": "$34", "2006-06-30": "$30", "2006-03-31": "$11", "2005-12-31": "$27", "2005-09-30": "$33", "2005-06-30": "$30", "2005-03-31": "$20"}}, "ebitda": {"GrafTech Annual EBITDA (Millions of US $)": {"2019": "$1,036", "2018": "$1,192", "2017": "$98", "2016": "$-11", "2015": "$-7", "2014": "$-0", "2013": "$121", "2012": "$238", "2011": "$248", "2010": "$201", "2009": "$133", "2008": "$364", "2007": "$264", "2006": "$146", "2005": "$146"}, "GrafTech Quarterly EBITDA (Millions of US $)": {"2020-09-30": "$152", "2020-06-30": "$148", "2020-03-31": "$178", "2019-12-31": "$233", "2019-09-30": "$241", "2019-06-30": "$283", "2019-03-31": "$279", "2018-12-31": "$321", "2018-09-30": "$276", "2018-06-30": "$289", "2018-03-31": "$307", "2017-12-31": "$59", "2017-09-30": "$20", "2017-06-30": "$13", "2017-03-31": "$6", "2016-12-31": "$-4", "2016-09-30": "$-0", "2016-06-30": "$1", "2016-03-31": "$-8", "2015-12-31": "$11", "2015-09-30": "$-4", "2015-06-30": "$12", "2015-03-31": "$-25", "2014-12-31": "$76", "2014-09-30": "$4", "2014-06-30": "$-113", "2014-03-31": "$33", "2013-12-31": "$26", "2013-09-30": "$18", "2013-06-30": "$40", "2013-03-31": "$36", "2012-12-31": "$66", "2012-09-30": "$65", "2012-06-30": "$67", "2012-03-31": "$40", "2011-12-31": "$53", "2011-09-30": "$78", "2011-06-30": "$60", "2011-03-31": "$57", "2010-12-31": "$44", "2010-09-30": "$53", "2010-06-30": "$49", "2010-03-31": "$55", "2009-12-31": "$56", "2009-09-30": "$33", "2009-06-30": "$28", "2009-03-31": "$16", "2008-12-31": "$79", "2008-09-30": "$96", "2008-06-30": "$97", "2008-03-31": "$92", "2007-12-31": "$68", "2007-09-30": "$65", "2007-06-30": "$74", "2007-03-31": "$58", "2006-12-31": "$41", "2006-09-30": "$43", "2006-06-30": "$41", "2006-03-31": "$20", "2005-12-31": "$36", "2005-09-30": "$42", "2005-06-30": "$40", "2005-03-31": "$28"}}, "net-income": {"GrafTech Annual Net Income (Millions of US $)": {"2019": "$745", "2018": "$854", "2017": "$8", "2016": "$-236", "2015": "$-154", "2014": "$-285", "2013": "$-27", "2012": "$118", "2011": "$153", "2010": "$175", "2009": "$16", "2008": "$201", "2007": "$146", "2006": "$91", "2005": "$-125"}, "GrafTech Quarterly Net Income (Millions of US $)": {"2020-09-30": "$94", "2020-06-30": "$93", "2020-03-31": "$122", "2019-12-31": "$175", "2019-09-30": "$176", "2019-06-30": "$196", "2019-03-31": "$197", "2018-12-31": "$230", "2018-09-30": "$199", "2018-06-30": "$201", "2018-03-31": "$224", "2017-12-31": "$56", "2017-09-30": "$-4", "2017-06-30": "$-17", "2017-03-31": "$-26", "2016-12-31": "$-48", "2016-09-30": "$-23", "2016-06-30": "$-128", "2016-03-31": "$-36", "2015-12-31": "$-26", "2015-09-30": "$-50", "2015-06-30": "$-23", "2015-03-31": "$-56", "2014-12-31": "$-83", "2014-09-30": "$-35", "2014-06-30": "$-155", "2014-03-31": "$-12", "2013-12-31": "$-28", "2013-09-30": "$-8", "2013-06-30": "$4", "2013-03-31": "$4", "2012-12-31": "$29", "2012-09-30": "$30", "2012-06-30": "$42", "2012-03-31": "$18", "2011-12-31": "$57", "2011-09-30": "$40", "2011-06-30": "$29", "2011-03-31": "$27", "2010-12-31": "$73", "2010-09-30": "$26", "2010-06-30": "$41", "2010-03-31": "$35", "2009-12-31": "$37", "2009-09-30": "$7", "2009-06-30": "$-37", "2009-03-31": "$8", "2008-12-31": "$35", "2008-09-30": "$83", "2008-06-30": "$46", "2008-03-31": "$37", "2007-12-31": "$33", "2007-09-30": "$33", "2007-06-30": "$65", "2007-03-31": "$15", "2006-12-31": "$77", "2006-09-30": "$10", "2006-06-30": "$9", "2006-03-31": "$-5", "2005-12-31": "$-148", "2005-09-30": "$16", "2005-06-30": "$6", "2005-03-31": "$2"}}, "eps-earnings-per-share-diluted": {"GrafTech Annual EPS": {"2019": "$2.58", "2018": "$2.87", "2017": "$0.03", "2016": "$-0.78", "2015": "$-0.51", "2014": "$-2.10", "2013": "$-0.20", "2012": "$0.84", "2011": "$1.05", "2010": "$1.41", "2009": "$0.13", "2008": "$1.74", "2007": "$1.37", "2006": "$0.86", "2005": "$-1.28"}, "GrafTech Quarterly EPS": {"2020-09-30": "$0.35", "2020-06-30": "$0.35", "2020-03-31": "$0.45", "2019-12-31": "$0.61", "2019-09-30": "$0.61", "2019-06-30": "$0.68", "2019-03-31": "$0.68", "2018-12-31": "$0.79", "2018-09-30": "$0.67", "2018-06-30": "$0.67", "2018-03-31": "$0.74", "2017-12-31": "$0.19", "2017-09-30": "$-0.01", "2017-06-30": "$-0.06", "2017-03-31": "$-0.09", "2016-12-31": "$0.00", "2016-09-30": "$0.00", "2016-06-30": "$0.00", "2016-03-31": "$0.00", "2015-12-31": "$0.00", "2015-09-30": "$0.00", "2015-06-30": "$0.00", "2015-03-31": "$0.00", "2014-12-31": "$-0.62", "2014-09-30": "$-0.26", "2014-06-30": "$-1.14", "2014-03-31": "$-0.08", "2013-12-31": "$-0.20", "2013-09-30": "$-0.06", "2013-06-30": "$0.03", "2013-03-31": "$0.03", "2012-12-31": "$0.21", "2012-09-30": "$0.22", "2012-06-30": "$0.29", "2012-03-31": "$0.12", "2011-12-31": "$0.38", "2011-09-30": "$0.28", "2011-06-30": "$0.20", "2011-03-31": "$0.19", "2010-12-31": "$0.57", "2010-09-30": "$0.21", "2010-06-30": "$0.34", "2010-03-31": "$0.29", "2009-12-31": "$0.31", "2009-09-30": "$0.06", "2009-06-30": "$-0.31", "2009-03-31": "$0.07", "2008-12-31": "$0.29", "2008-09-30": "$0.70", "2008-06-30": "$0.41", "2008-03-31": "$0.34", "2007-12-31": "$0.35", "2007-09-30": "$0.30", "2007-06-30": "$0.57", "2007-03-31": "$0.15", "2006-12-31": "$0.73", "2006-09-30": "$0.09", "2006-06-30": "$0.09", "2006-03-31": "$-0.05", "2005-12-31": "$-1.51", "2005-09-30": "$0.15", "2005-06-30": "$0.06", "2005-03-31": "$0.02"}}, "shares-outstanding": {"GrafTech Annual Shares Outstanding (Millions of Shares)": {"2019": "289", "2018": "298", "2017": "302", "2016": "302", "2015": "302", "2014": "136", "2013": "135", "2012": "140", "2011": "146", "2010": "123", "2009": "121", "2008": "119", "2007": "116", "2006": "112", "2005": "98"}, "GrafTech Quarterly Shares Outstanding (Millions of Shares)": {"2020-09-30": "267", "2020-06-30": "267", "2020-03-31": "269", "2019-12-31": "289", "2019-09-30": "290", "2019-06-30": "291", "2019-03-31": "291", "2018-12-31": "298", "2018-09-30": "296", "2018-06-30": "302", "2018-03-31": "302", "2017-12-31": "302", "2017-09-30": "302", "2017-06-30": "302", "2017-03-31": "302", "2016-12-31": "", "2016-09-30": "", "2016-06-30": "", "2016-03-31": "", "2015-12-31": "", "2015-09-30": "", "2015-06-30": "", "2015-03-31": "", "2014-12-31": "136", "2014-09-30": "136", "2014-06-30": "136", "2014-03-31": "136", "2013-12-31": "135", "2013-09-30": "135", "2013-06-30": "135", "2013-03-31": "135", "2012-12-31": "140", "2012-09-30": "135", "2012-06-30": "142", "2012-03-31": "144", "2011-12-31": "146", "2011-09-30": "146", "2011-06-30": "146", "2011-03-31": "146", "2010-12-31": "123", "2010-09-30": "121", "2010-06-30": "121", "2010-03-31": "121", "2009-12-31": "121", "2009-09-30": "121", "2009-06-30": "120", "2009-03-31": "119", "2008-12-31": "119", "2008-09-30": "120", "2008-06-30": "120", "2008-03-31": "118", "2007-12-31": "116", "2007-09-30": "117", "2007-06-30": "117", "2007-03-31": "114", "2006-12-31": "112", "2006-09-30": "112", "2006-06-30": "112", "2006-03-31": "98", "2005-12-31": "98", "2005-09-30": "112", "2005-06-30": "98", "2005-03-31": "98"}}, "total-assets": {"GrafTech Annual Total Assets (Millions of US $)": {"2019": "$1,526", "2018": "$1,505", "2017": "$1,199", "2016": "$1,172", "2015": "$1,422", "2014": "$1,834", "2013": "$2,218", "2012": "$2,298", "2011": "$2,168", "2010": "$1,913", "2009": "$893", "2008": "$943", "2007": "$867", "2006": "$906", "2005": "$887"}, "GrafTech Quarterly Total Assets (Millions of US $)": {"2020-09-30": "$1,468", "2020-06-30": "$1,533", "2020-03-31": "$1,534", "2019-12-31": "$1,526", "2019-09-30": "$1,826", "2019-06-30": "$1,726", "2019-03-31": "$1,530", "2018-12-31": "$1,505", "2018-09-30": "$1,503", "2018-06-30": "$1,567", "2018-03-31": "$1,467", "2017-12-31": "$1,199", "2017-09-30": "$1,120", "2017-06-30": "$1,149", "2017-03-31": "$1,164", "2016-12-31": "$1,172", "2016-09-30": "$1,239", "2016-06-30": "$1,272", "2016-03-31": "$1,401", "2015-12-31": "$1,422", "2015-09-30": "$1,510", "2015-06-30": "$1,713", "2015-03-31": "$1,726", "2014-12-31": "$1,834", "2014-09-30": "$1,961", "2014-06-30": "$2,044", "2014-03-31": "$2,209", "2013-12-31": "$2,218", "2013-09-30": "$2,276", "2013-06-30": "$2,296", "2013-03-31": "$2,262", "2012-12-31": "$2,298", "2012-09-30": "$2,276", "2012-06-30": "$2,257", "2012-03-31": "$2,240", "2011-12-31": "$2,168", "2011-09-30": "$2,075", "2011-06-30": "$2,082", "2011-03-31": "$1,996", "2010-12-31": "$1,913", "2010-09-30": "$1,014", "2010-06-30": "$963", "2010-03-31": "$947", "2009-12-31": "$893", "2009-09-30": "$850", "2009-06-30": "$844", "2009-03-31": "$875", "2008-12-31": "$943", "2008-09-30": "$987", "2008-06-30": "$1,026", "2008-03-31": "$824", "2007-12-31": "$867", "2007-09-30": "$808", "2007-06-30": "$788", "2007-03-31": "$772", "2006-12-31": "$906", "2006-09-30": "$876", "2006-06-30": "$900", "2006-03-31": "$919", "2005-12-31": "$887", "2005-09-30": "$1,026", "2005-06-30": "$1,006", "2005-03-31": "$1,029"}}, "cash-on-hand": {"GrafTech Annual Cash on Hand (Millions of US $)": {"2019": "$81", "2018": "$50", "2017": "$13", "2016": "$12", "2015": "$7", "2014": "$18", "2013": "$12", "2012": "$17", "2011": "$12", "2010": "$13", "2009": "$50", "2008": "$12", "2007": "$55", "2006": "$150", "2005": "$6"}, "GrafTech Quarterly Cash on Hand (Millions of US $)": {"2020-09-30": "$159", "2020-06-30": "$188", "2020-03-31": "$152", "2019-12-31": "$81", "2019-09-30": "$381", "2019-06-30": "$205", "2019-03-31": "$42", "2018-12-31": "$50", "2018-09-30": "$103", "2018-06-30": "$166", "2018-03-31": "$138", "2017-12-31": "$13", "2017-09-30": "$16", "2017-06-30": "$12", "2017-03-31": "$18", "2016-12-31": "$12", "2016-09-30": "$12", "2016-06-30": "$13", "2016-03-31": "$10", "2015-12-31": "$7", "2015-09-30": "$13", "2015-06-30": "$15", "2015-03-31": "$11", "2014-12-31": "$18", "2014-09-30": "$11", "2014-06-30": "$21", "2014-03-31": "$17", "2013-12-31": "$12", "2013-09-30": "$11", "2013-06-30": "$11", "2013-03-31": "$11", "2012-12-31": "$17", "2012-09-30": "$16", "2012-06-30": "$7", "2012-03-31": "$13", "2011-12-31": "$12", "2011-09-30": "$11", "2011-06-30": "$9", "2011-03-31": "$11", "2010-12-31": "$13", "2010-09-30": "$67", "2010-06-30": "$63", "2010-03-31": "$89", "2009-12-31": "$50", "2009-09-30": "$9", "2009-06-30": "$18", "2009-03-31": "$6", "2008-12-31": "$12", "2008-09-30": "$13", "2008-06-30": "$15", "2008-03-31": "$7", "2007-12-31": "$55", "2007-09-30": "$9", "2007-06-30": "$33", "2007-03-31": "$27", "2006-12-31": "$150", "2006-09-30": "$19", "2006-06-30": "$6", "2006-03-31": "$21", "2005-12-31": "$6", "2005-09-30": "$6", "2005-06-30": "$10", "2005-03-31": "$16"}}, "long-term-debt": {"GrafTech Annual Long Term Debt (Millions of US $)": {"2019": "$1,875", "2018": "$2,137", "2017": "$323", "2016": "$357", "2015": "$362", "2014": "$342", "2013": "$542", "2012": "$536", "2011": "$388", "2010": "$276", "2009": "$1", "2008": "$51", "2007": "$426", "2006": "$665", "2005": "$704"}, "GrafTech Quarterly Long Term Debt (Millions of US $)": {"2020-09-30": "$1,607", "2020-06-30": "$1,747", "2020-03-31": "$1,857", "2019-12-31": "$1,875", "2019-09-30": "$2,028", "2019-06-30": "$2,054", "2019-03-31": "$2,080", "2018-12-31": "$2,137", "2018-09-30": "$2,139", "2018-06-30": "$2,165", "2018-03-31": "$1,421", "2017-12-31": "$323", "2017-09-30": "$320", "2017-06-30": "$368", "2017-03-31": "$369", "2016-12-31": "$357", "2016-09-30": "$364", "2016-06-30": "$364", "2016-03-31": "$360", "2015-12-31": "$362", "2015-09-30": "$369", "2015-06-30": "$349", "2015-03-31": "$336", "2014-12-31": "$342", "2014-09-30": "$540", "2014-06-30": "$552", "2014-03-31": "$555", "2013-12-31": "$542", "2013-09-30": "$560", "2013-06-30": "$582", "2013-03-31": "$552", "2012-12-31": "$536", "2012-09-30": "$593", "2012-06-30": "$571", "2012-03-31": "$443", "2011-12-31": "$388", "2011-09-30": "$336", "2011-06-30": "$349", "2011-03-31": "$296", "2010-12-31": "$276", "2010-09-30": "$1", "2010-06-30": "$1", "2010-03-31": "$1", "2009-12-31": "$1", "2009-09-30": "$1", "2009-06-30": "$54", "2009-03-31": "$65", "2008-12-31": "$51", "2008-09-30": "$131", "2008-06-30": "$161", "2008-03-31": "$304", "2007-12-31": "$426", "2007-09-30": "$427", "2007-06-30": "$478", "2007-03-31": "$528", "2006-12-31": "$665", "2006-09-30": "$696", "2006-06-30": "$709", "2006-03-31": "$749", "2005-12-31": "$704", "2005-09-30": "$718", "2005-06-30": "$700", "2005-03-31": "$686"}}, "total-liabilities": {"GrafTech Annual Total Liabilities (Millions of US $)": {"2019": "$2,217", "2018": "$2,582", "2017": "$586", "2016": "$595", "2015": "$611", "2014": "$829", "2013": "$897", "2012": "$948", "2011": "$828", "2010": "$683", "2009": "$316", "2008": "$439", "2007": "$754", "2006": "$1,020", "2005": "$1,096"}, "GrafTech Quarterly Total Liabilities (Millions of US $)": {"2020-09-30": "$1,940", "2020-06-30": "$2,108", "2020-03-31": "$2,215", "2019-12-31": "$2,217", "2019-09-30": "$2,433", "2019-06-30": "$2,436", "2019-03-31": "$2,411", "2018-12-31": "$2,582", "2018-09-30": "$2,541", "2018-06-30": "$2,558", "2018-03-31": "$1,743", "2017-12-31": "$586", "2017-09-30": "$569", "2017-06-30": "$602", "2017-03-31": "$608", "2016-12-31": "$595", "2016-09-30": "$602", "2016-06-30": "$615", "2016-03-31": "$614", "2015-12-31": "$611", "2015-09-30": "$669", "2015-06-30": "$803", "2015-03-31": "$803", "2014-12-31": "$829", "2014-09-30": "$853", "2014-06-30": "$879", "2014-03-31": "$896", "2013-12-31": "$897", "2013-09-30": "$927", "2013-06-30": "$949", "2013-03-31": "$908", "2012-12-31": "$948", "2012-09-30": "$958", "2012-06-30": "$957", "2012-03-31": "$867", "2011-12-31": "$828", "2011-09-30": "$756", "2011-06-30": "$765", "2011-03-31": "$721", "2010-12-31": "$683", "2010-09-30": "$330", "2010-06-30": "$350", "2010-03-31": "$350", "2009-12-31": "$316", "2009-09-30": "$303", "2009-06-30": "$334", "2009-03-31": "$378", "2008-12-31": "$439", "2008-09-30": "$479", "2008-06-30": "$520", "2008-03-31": "$646", "2007-12-31": "$754", "2007-09-30": "$750", "2007-06-30": "$796", "2007-03-31": "$862", "2006-12-31": "$1,020", "2006-09-30": "$1,061", "2006-06-30": "$1,095", "2006-03-31": "$1,122", "2005-12-31": "$1,096", "2005-09-30": "$1,066", "2005-06-30": "$1,070", "2005-03-31": "$1,094"}}, "total-share-holder-equity": {"GrafTech Annual Share Holder Equity (Millions of US $)": {"2019": "$-691", "2018": "$-1,077", "2017": "$613", "2016": "$577", "2015": "$811", "2014": "$1,005", "2013": "$1,321", "2012": "$1,350", "2011": "$1,340", "2010": "$1,230", "2009": "$577", "2008": "$505", "2007": "$113", "2006": "$-114", "2005": "$-210"}, "GrafTech Quarterly Share Holder Equity (Millions of US $)": {"2020-09-30": "$-472", "2020-06-30": "$-575", "2020-03-31": "$-680", "2019-12-31": "$-691", "2019-09-30": "$-607", "2019-06-30": "$-710", "2019-03-31": "$-882", "2018-12-31": "$-1,077", "2018-09-30": "$-1,038", "2018-06-30": "$-991", "2018-03-31": "$-276", "2017-12-31": "$613", "2017-09-30": "$551", "2017-06-30": "$547", "2017-03-31": "$556", "2016-12-31": "$577", "2016-09-30": "$637", "2016-06-30": "$657", "2016-03-31": "$787", "2015-12-31": "$811", "2015-09-30": "$841", "2015-06-30": "$909", "2015-03-31": "$923", "2014-12-31": "$1,005", "2014-09-30": "$1,108", "2014-06-30": "$1,164", "2014-03-31": "$1,314", "2013-12-31": "$1,321", "2013-09-30": "$1,349", "2013-06-30": "$1,347", "2013-03-31": "$1,354", "2012-12-31": "$1,350", "2012-09-30": "$1,318", "2012-06-30": "$1,299", "2012-03-31": "$1,373", "2011-12-31": "$1,340", "2011-09-30": "$1,318", "2011-06-30": "$1,316", "2011-03-31": "$1,275", "2010-12-31": "$1,230", "2010-09-30": "$684", "2010-06-30": "$612", "2010-03-31": "$597", "2009-12-31": "$577", "2009-09-30": "$547", "2009-06-30": "$510", "2009-03-31": "$497", "2008-12-31": "$505", "2008-09-30": "$508", "2008-06-30": "$506", "2008-03-31": "$178", "2007-12-31": "$113", "2007-09-30": "$57", "2007-06-30": "$-8", "2007-03-31": "$-90", "2006-12-31": "$-114", "2006-09-30": "$-186", "2006-06-30": "$-195", "2006-03-31": "$-203", "2005-12-31": "$-210", "2005-09-30": "$-40", "2005-06-30": "$-64", "2005-03-31": "$-65"}}, "profit-margins": {"current": "37.22%"}, "gross margin": {"2020-09-30": "55.30%", "2020-06-30": "56.20%", "2020-03-31": "57.49%", "2019-12-31": "58.01%", "2019-09-30": "58.77%", "2019-06-30": "59.44%", "2019-03-31": "60.55%", "2018-12-31": "62.76%", "2018-09-30": "59.94%", "2018-06-30": "54.49%", "2018-03-31": "43.92%", "2017-12-31": "16.00%", "2017-09-30": "5.50%", "2017-06-30": "0.45%", "2017-03-31": "-3.58%", "2016-12-31": "-6.85%", "2016-09-30": "-6.80%", "2016-06-30": "-2.19%", "2016-03-31": "3.08%", "2015-12-31": "8.82%", "2015-09-30": "11.55%", "2015-06-30": "10.12%", "2015-03-31": "8.52%", "2014-12-31": "8.36%", "2014-09-30": "5.91%", "2014-06-30": "7.31%", "2014-03-31": "9.80%", "2013-12-31": "12.00%", "2013-09-30": "17.90%", "2013-06-30": "21.09%", "2013-03-31": "23.61%", "2012-12-31": "25.30%", "2012-09-30": "25.69%", "2012-06-30": "26.22%", "2012-03-31": "25.42%", "2011-12-31": "24.62%", "2011-09-30": "24.66%", "2011-06-30": "25.13%", "2011-03-31": "26.71%", "2010-12-31": "28.70%", "2010-09-30": "30.82%", "2010-06-30": "30.67%", "2010-03-31": "30.63%", "2009-12-31": "28.83%", "2009-09-30": "30.75%", "2009-06-30": "33.10%", "2009-03-31": "34.49%", "2008-12-31": "36.36%", "2008-09-30": "34.73%", "2008-06-30": "33.63%", "2008-03-31": "33.68%", "2007-12-31": "32.47%", "2007-09-30": "32.27%", "2007-06-30": "31.77%", "2007-03-31": "29.30%", "2006-12-31": "28.10%", "2006-09-30": "29.75%", "2006-06-30": "29.36%", "2006-03-31": "29.08%", "2005-12-31": "27.68%"}, "operating margin": {"2020-09-30": "49.85%", "2020-06-30": "51.53%", "2020-03-31": "53.46%", "2019-12-31": "54.38%", "2019-09-30": "55.47%", "2019-06-30": "56.25%", "2019-03-31": "57.32%", "2018-12-31": "59.39%", "2018-09-30": "55.82%", "2018-06-30": "49.31%", "2018-03-31": "37.12%", "2017-12-31": "5.82%", "2017-09-30": "-7.61%", "2017-06-30": "-12.95%", "2017-03-31": "-17.45%", "2016-12-31": "-21.46%", "2016-09-30": "-19.40%", "2016-06-30": "-18.98%", "2016-03-31": "-14.69%", "2015-12-31": "-15.20%", "2015-09-30": "-5.23%", "2015-06-30": "-4.38%", "2015-03-31": "-21.04%", "2014-12-31": "-14.42%", "2014-09-30": "-17.20%", "2014-06-30": "-15.38%", "2014-03-31": "-2.18%", "2013-12-31": "-0.26%", "2013-09-30": "5.29%", "2013-06-30": "9.46%", "2013-03-31": "11.81%", "2012-12-31": "12.57%", "2012-09-30": "11.91%", "2012-06-30": "12.71%", "2012-03-31": "12.11%", "2011-12-31": "12.58%", "2011-09-30": "13.17%", "2011-06-30": "12.91%", "2011-03-31": "13.76%", "2010-12-31": "15.69%", "2010-09-30": "18.86%", "2010-06-30": "18.85%", "2010-03-31": "18.35%", "2009-12-31": "15.02%", "2009-09-30": "16.90%", "2009-06-30": "21.08%", "2009-03-31": "24.54%", "2008-12-31": "27.62%", "2008-09-30": "26.28%", "2008-06-30": "24.96%", "2008-03-31": "24.20%", "2007-12-31": "22.41%", "2007-09-30": "20.82%", "2007-06-30": "19.23%", "2007-03-31": "16.08%", "2006-12-31": "12.53%", "2006-09-30": "13.55%", "2006-06-30": "13.67%", "2006-03-31": "13.72%", "2005-12-31": "14.23%"}, "ebitda margin": {"2020-09-30": "54.61%", "2020-06-30": "55.71%", "2020-03-31": "57.19%", "2019-12-31": "57.84%", "2019-09-30": "58.88%", "2019-06-30": "59.65%", "2019-03-31": "60.71%", "2018-12-31": "62.92%", "2018-09-30": "59.87%", "2018-06-30": "54.57%", "2018-03-31": "44.48%", "2017-12-31": "17.82%", "2017-09-30": "7.40%", "2017-06-30": "3.35%", "2017-03-31": "0.67%", "2016-12-31": "-2.51%", "2016-09-30": "1.01%", "2016-06-30": "0.00%", "2016-03-31": "2.61%", "2015-12-31": "-1.13%", "2015-09-30": "12.85%", "2015-06-30": "11.30%", "2015-03-31": "-7.72%", "2014-12-31": "0.00%", "2014-09-30": "-4.41%", "2014-06-30": "-3.06%", "2014-03-31": "9.80%", "2013-12-31": "10.28%", "2013-09-30": "13.02%", "2013-06-30": "16.60%", "2013-03-31": "18.54%", "2012-12-31": "19.06%", "2012-09-30": "18.35%", "2012-06-30": "19.02%", "2012-03-31": "18.41%", "2011-12-31": "18.79%", "2011-09-30": "19.07%", "2011-06-30": "18.42%", "2011-03-31": "18.51%", "2010-12-31": "19.96%", "2010-09-30": "22.95%", "2010-06-30": "23.03%", "2010-03-31": "23.21%", "2009-12-31": "20.18%", "2009-09-30": "21.61%", "2009-06-30": "25.09%", "2009-03-31": "27.83%", "2008-12-31": "30.56%", "2008-09-30": "29.54%", "2008-06-30": "28.50%", "2008-03-31": "28.05%", "2007-12-31": "26.39%", "2007-09-30": "24.54%", "2007-06-30": "22.95%", "2007-03-31": "20.15%", "2006-12-31": "16.98%", "2006-09-30": "18.59%", "2006-06-30": "18.81%", "2006-03-31": "18.75%", "2005-12-31": "18.89%"}, "pre tax profit margin": {"2020-09-30": "42.47%", "2020-06-30": "44.43%", "2020-03-31": "46.42%", "2019-12-31": "47.07%", "2019-09-30": "47.35%", "2019-06-30": "47.97%", "2019-03-31": "45.96%", "2018-12-31": "47.63%", "2018-09-30": "45.21%", "2018-06-30": "38.24%", "2018-03-31": "30.88%", "2017-12-31": "0.73%", "2017-09-30": "-14.38%", "2017-06-30": "-19.87%", "2017-03-31": "-23.49%", "2016-12-31": "-26.71%", "2016-09-30": "-25.19%", "2016-06-30": "-26.28%", "2016-03-31": "-22.75%", "2015-12-31": "-21.95%", "2015-09-30": "-14.16%", "2015-06-30": "-10.79%", "2015-03-31": "-26.23%", "2014-12-31": "-19.27%", "2014-09-30": "-20.72%", "2014-06-30": "-18.61%", "2014-03-31": "-5.36%", "2013-12-31": "-3.51%", "2013-09-30": "2.44%", "2013-06-30": "6.66%", "2013-03-31": "9.35%", "2012-12-31": "10.81%", "2012-09-30": "10.36%", "2012-06-30": "11.03%", "2012-03-31": "10.52%", "2011-12-31": "10.76%", "2011-09-30": "12.61%", "2011-06-30": "12.39%", "2011-03-31": "14.49%", "2010-12-31": "17.18%", "2010-09-30": "19.61%", "2010-06-30": "19.21%", "2010-03-31": "9.58%", "2009-12-31": "5.77%", "2009-09-30": "1.80%", "2009-06-30": "11.57%", "2009-03-31": "21.35%", "2008-12-31": "22.00%", "2008-09-30": "23.10%", "2008-06-30": "19.73%", "2008-03-31": "20.92%", "2007-12-31": "19.62%", "2007-09-30": "19.48%", "2007-06-30": "17.11%", "2007-03-31": "10.79%", "2006-12-31": "8.08%", "2006-09-30": "7.04%", "2006-06-30": "6.90%", "2006-03-31": "6.11%", "2005-12-31": "6.08%"}, "net profit margin": {"2020-09-30": "37.17%", "2020-06-30": "39.42%", "2020-03-31": "40.92%", "2019-12-31": "41.54%", "2019-09-30": "41.85%", "2019-06-30": "42.31%", "2019-03-31": "43.10%", "2018-12-31": "45.04%", "2018-09-30": "43.73%", "2018-06-30": "38.56%", "2018-03-31": "28.87%", "2017-12-31": "1.64%", "2017-09-30": "-20.08%", "2017-06-30": "-25.45%", "2017-03-31": "-50.34%", "2016-12-31": "-53.65%", "2016-09-30": "-53.65%", "2016-06-30": "-58.39%", "2016-03-31": "-31.99%", "2015-12-31": "-29.08%", "2015-09-30": "-46.19%", "2015-06-30": "-33.22%", "2015-03-31": "-43.81%", "2014-12-31": "-34.55%", "2014-09-30": "-20.28%", "2014-06-30": "-17.25%", "2014-03-31": "-3.69%", "2013-12-31": "-2.40%", "2013-09-30": "2.36%", "2013-06-30": "5.37%", "2013-03-31": "8.32%", "2012-12-31": "9.53%", "2012-09-30": "11.99%", "2012-06-30": "12.55%", "2012-03-31": "11.47%", "2011-12-31": "11.59%", "2011-09-30": "13.49%", "2011-06-30": "13.34%", "2011-03-31": "15.22%", "2010-12-31": "17.38%", "2010-09-30": "14.98%", "2010-06-30": "14.32%", "2010-03-31": "5.67%", "2009-12-31": "2.28%", "2009-09-30": "1.80%", "2009-06-30": "10.19%", "2009-03-31": "16.62%", "2008-12-31": "16.88%", "2008-09-30": "16.65%", "2008-06-30": "13.19%", "2008-03-31": "15.76%", "2007-12-31": "14.54%", "2007-09-30": "19.59%", "2007-06-30": "17.75%", "2007-03-31": "12.22%", "2006-12-31": "10.66%", "2006-09-30": "-17.80%", "2006-06-30": "-17.32%", "2006-03-31": "-17.80%", "2005-12-31": "-16.04%"}, "pe ratio": {"current": "6.79", "2021-02-05": "6.25", "2020-09-30": "3.88", "2020-06-30": "3.94", "2020-03-31": "3.44", "2019-12-31": "4.44", "2019-09-30": "4.54", "2019-06-30": "3.97", "2019-03-31": "4.39"}, "price sales": {"2021-02-05": "2.32", "2020-09-30": "1.44", "2020-06-30": "1.55", "2020-03-31": "1.41", "2019-12-31": "1.85", "2019-09-30": "1.92", "2019-06-30": "1.69", "2019-03-31": "1.91"}, "price book": {"current": "0.00", "2021-02-05": "0.00", "2020-09-30": "-3.87", "2020-06-30": "-3.70", "2020-03-31": "-3.18", "2019-12-31": "-4.48", "2019-09-30": "-5.98", "2019-06-30": "-4.58", "2019-03-31": "-4.07", "2018-12-31": "-2.96", "2018-09-30": "-4.97", "2018-06-30": "-4.97"}, "price fcf": {"2021-02-05": "", "2020-09-30": "$2.15", "2020-06-30": "$2.41", "2020-03-31": "$2.54", "2019-12-31": "$2.56", "2019-09-30": "$2.54", "2019-06-30": "$2.56", "2019-03-31": "$3.07"}, "net worth": {"value": "$2.94B"}, "current ratio": {"2020-09-30": "3.10", "2020-06-30": "3.10", "2020-03-31": "3.17", "2019-12-31": "3.10", "2019-09-30": "3.62", "2019-06-30": "3.39", "2019-03-31": "3.12", "2018-12-31": "1.95", "2018-09-30": "2.23", "2018-06-30": "2.56", "2018-03-31": "3.33", "2017-12-31": "2.33", "2017-09-30": "2.36", "2017-06-30": "3.06", "2017-03-31": "2.94", "2016-12-31": "2.94", "2016-09-30": "3.69", "2016-06-30": "3.55", "2016-03-31": "4.07", "2015-12-31": "4.44", "2015-09-30": "3.90", "2015-06-30": "1.79", "2015-03-31": "1.77", "2014-12-31": "1.83", "2014-09-30": "3.73", "2014-06-30": "3.96", "2014-03-31": "3.94", "2013-12-31": "3.59", "2013-09-30": "3.74", "2013-06-30": "3.94", "2013-03-31": "4.05", "2012-12-31": "3.35", "2012-09-30": "3.88", "2012-06-30": "3.56", "2012-03-31": "3.03", "2011-12-31": "2.64", "2011-09-30": "2.96", "2011-06-30": "3.06", "2011-03-31": "2.64", "2010-12-31": "2.47", "2010-09-30": "2.68", "2010-06-30": "2.22", "2010-03-31": "2.22", "2009-12-31": "2.38", "2009-09-30": "2.61", "2009-06-30": "3.01", "2009-03-31": "2.24", "2008-12-31": "1.93", "2008-09-30": "2.18", "2008-06-30": "2.23", "2008-03-31": "2.14", "2007-12-31": "2.50", "2007-09-30": "2.33", "2007-06-30": "2.38", "2007-03-31": "2.22", "2006-12-31": "2.58", "2006-09-30": "2.25", "2006-06-30": "2.15", "2006-03-31": "2.40", "2005-12-31": "2.14", "2005-09-30": "2.65", "2005-06-30": "2.42", "2005-03-31": "2.38"}, "quick ratio": {"2020-09-30": "1.69", "2020-06-30": "1.74", "2020-03-31": "1.72", "2019-12-31": "1.68", "2019-09-30": "2.48", "2019-06-30": "2.18", "2019-03-31": "1.73", "2018-12-31": "1.05", "2018-09-30": "1.30", "2018-06-30": "1.63", "2018-03-31": "2.26", "2017-12-31": "1.19", "2017-09-30": "1.05", "2017-06-30": "1.51", "2017-03-31": "1.51", "2016-12-31": "1.56", "2016-09-30": "2.03", "2016-06-30": "1.88", "2016-03-31": "1.26", "2015-12-31": "2.17", "2015-09-30": "1.45", "2015-06-30": "0.65", "2015-03-31": "0.70", "2014-12-31": "0.75", "2014-09-30": "1.44", "2014-06-30": "1.56", "2014-03-31": "1.51", "2013-12-31": "1.32", "2013-09-30": "1.33", "2013-06-30": "1.38", "2013-03-31": "1.31", "2012-12-31": "1.26", "2012-09-30": "1.30", "2012-06-30": "1.12", "2012-03-31": "0.89", "2011-12-31": "1.04", "2011-09-30": "1.19", "2011-06-30": "1.24", "2011-03-31": "1.03", "2010-12-31": "0.93", "2010-09-30": "1.22", "2010-06-30": "1.02", "2010-03-31": "1.02", "2009-12-31": "1.02", "2009-09-30": "0.92", "2009-06-30": "0.89", "2009-03-31": "0.60", "2008-12-31": "0.72", "2008-09-30": "0.94", "2008-06-30": "0.93", "2008-03-31": "0.81", "2007-12-31": "1.10", "2007-09-30": "0.95", "2007-06-30": "1.04", "2007-03-31": "1.00", "2006-12-31": "1.50", "2006-09-30": "0.89", "2006-06-30": "0.85", "2006-03-31": "0.97", "2005-12-31": "0.95", "2005-09-30": "1.16", "2005-06-30": "1.10", "2005-03-31": "1.13"}, "debt equity ratio": {"current": "0.00", "2020-09-30": "-4.11", "2020-06-30": "-3.67", "2020-03-31": "-3.26", "2019-12-31": "-3.21", "2019-09-30": "-4.01", "2019-06-30": "-3.43", "2019-03-31": "-2.74", "2018-12-31": "-2.40", "2018-09-30": "-2.45", "2018-06-30": "-2.58", "2018-03-31": "-6.31", "2017-12-31": "0.96", "2017-09-30": "1.03", "2017-06-30": "1.10", "2017-03-31": "1.09", "2016-12-31": "1.03", "2016-09-30": "0.95", "2016-06-30": "0.94", "2016-03-31": "0.78", "2015-12-31": "0.75", "2015-09-30": "0.80", "2015-06-30": "0.88", "2015-03-31": "0.87", "2014-12-31": "0.83", "2014-09-30": "0.77", "2014-06-30": "0.76", "2014-03-31": "0.68", "2013-12-31": "0.68", "2013-09-30": "0.69", "2013-06-30": "0.71", "2013-03-31": "0.67", "2012-12-31": "0.70", "2012-09-30": "0.73", "2012-06-30": "0.74", "2012-03-31": "0.63", "2011-12-31": "0.62", "2011-09-30": "0.57", "2011-06-30": "0.58", "2011-03-31": "0.57", "2010-12-31": "0.56", "2010-09-30": "0.48", "2010-06-30": "0.57", "2010-03-31": "0.59", "2009-12-31": "0.55", "2009-09-30": "0.55", "2009-06-30": "0.65", "2009-03-31": "0.76", "2008-12-31": "0.87", "2008-09-30": "0.94", "2008-06-30": "1.03", "2008-03-31": "3.62", "2007-12-31": "6.69", "2007-09-30": "13.10", "2007-06-30": "-99.56", "2007-03-31": "-9.58", "2006-12-31": "-8.96", "2006-09-30": "-5.72", "2006-06-30": "-5.63", "2006-03-31": "-5.53", "2005-12-31": "-5.23", "2005-09-30": "-26.65", "2005-06-30": "-16.72", "2005-03-31": "-16.83"}, "return on equity": {"2020-09-30": "-80.07%", "2020-06-30": "-88.68%", "2020-03-31": "-99.55%", "2019-12-31": "-102.98%", "2019-09-30": "-97.56%", "2019-06-30": "-88.70%", "2019-03-31": "-82.95%", "2018-12-31": "-101.01%", "2018-09-30": "-160.76%", "2018-06-30": "-1852.43%", "2018-03-31": "72.20%", "2017-12-31": "1.59%", "2017-09-30": "-17.03%", "2017-06-30": "-19.68%", "2017-03-31": "-37.08%", "2016-12-31": "-35.36%", "2016-09-30": "-29.46%", "2016-06-30": "-31.01%", "2016-03-31": "-16.13%", "2015-12-31": "-17.80%", "2015-09-30": "-23.06%", "2015-06-30": "-19.97%", "2015-03-31": "-31.33%", "2014-12-31": "-24.83%", "2014-09-30": "-18.75%", "2014-06-30": "-15.77%", "2014-03-31": "-3.30%", "2013-12-31": "-2.09%", "2013-09-30": "2.15%", "2013-06-30": "4.99%", "2013-03-31": "7.89%", "2012-12-31": "8.91%", "2012-09-30": "11.03%", "2012-06-30": "11.78%", "2012-03-31": "10.77%", "2011-12-31": "11.66%", "2011-09-30": "13.15%", "2011-06-30": "13.76%", "2011-03-31": "17.57%", "2010-12-31": "22.41%", "2010-09-30": "22.51%", "2010-06-30": "20.57%", "2010-03-31": "7.53%", "2009-12-31": "2.82%", "2009-09-30": "2.53%", "2009-06-30": "17.62%", "2009-03-31": "34.13%", "2008-12-31": "47.38%", "2008-09-30": "61.00%", "2008-06-30": "69.79%", "2008-03-31": "197.65%", "2007-12-31": "811.11%", "2007-09-30": "-490.32%", "2007-06-30": "-167.84%", "2007-03-31": "-75.90%", "2006-12-31": "-52.15%", "2006-09-30": "67.51%", "2006-06-30": "79.01%", "2006-03-31": "101.35%", "2005-12-31": "130.87%"}, "return on assets": {"2020-09-30": "31.94%", "2020-06-30": "35.27%", "2020-03-31": "40.47%", "2019-12-31": "45.04%", "2019-09-30": "48.52%", "2019-06-30": "52.49%", "2019-03-31": "54.19%", "2018-12-31": "56.54%", "2018-09-30": "47.42%", "2018-06-30": "35.64%", "2018-03-31": "20.99%", "2017-12-31": "0.78%", "2017-09-30": "-8.25%", "2017-06-30": "-9.65%", "2017-03-31": "-18.57%", "2016-12-31": "-18.49%", "2016-09-30": "-15.97%", "2016-06-30": "-17.13%", "2016-03-31": "-8.93%", "2015-12-31": "-9.73%", "2015-09-30": "-12.50%", "2015-06-30": "-10.89%", "2015-03-31": "-17.40%", "2014-12-31": "-14.17%", "2014-09-30": "-10.91%", "2014-06-30": "-9.28%", "2014-03-31": "-1.96%", "2013-12-31": "-1.24%", "2013-09-30": "1.27%", "2013-06-30": "2.93%", "2013-03-31": "4.62%", "2012-12-31": "5.25%", "2012-09-30": "6.58%", "2012-06-30": "7.19%", "2012-03-31": "6.73%", "2011-12-31": "7.35%", "2011-09-30": "8.38%", "2011-06-30": "8.85%", "2011-03-31": "11.35%", "2010-12-31": "14.47%", "2010-09-30": "14.57%", "2010-06-30": "13.14%", "2010-03-31": "4.75%", "2009-12-31": "1.73%", "2009-09-30": "1.48%", "2009-06-30": "9.76%", "2009-03-31": "17.96%", "2008-12-31": "21.27%", "2008-09-30": "21.49%", "2008-06-30": "16.91%", "2008-03-31": "20.44%", "2007-12-31": "18.05%", "2007-09-30": "23.21%", "2007-06-30": "19.99%", "2007-03-31": "12.85%", "2006-12-31": "10.11%", "2006-09-30": "-14.96%", "2006-06-30": "-13.72%", "2006-03-31": "-13.65%", "2005-12-31": "-12.56%"}, "return on investments": {"2020-09-30": "55.62%", "2020-06-30": "59.76%", "2020-03-31": "68.21%", "2019-12-31": "75.68%", "2019-09-30": "84.32%", "2019-06-30": "92.96%", "2019-03-31": "97.07%", "2018-12-31": "100.56%", "2018-09-30": "79.72%", "2018-06-30": "59.14%", "2018-03-31": "34.45%", "2017-12-31": "3.51%", "2017-09-30": "-3.95%", "2017-06-30": "-6.15%", "2017-03-31": "-8.04%", "2016-12-31": "-9.16%", "2016-09-30": "-7.09%", "2016-06-30": "-6.86%", "2016-03-31": "-5.18%", "2015-12-31": "-6.61%", "2015-09-30": "-1.89%", "2015-06-30": "-1.89%", "2015-03-31": "-10.59%", "2014-12-31": "-7.24%", "2014-09-30": "-11.00%", "2014-06-30": "-9.84%", "2014-03-31": "-1.37%", "2013-12-31": "-0.16%", "2013-09-30": "3.41%", "2013-06-30": "6.18%", "2013-03-31": "7.87%", "2012-12-31": "8.39%", "2012-09-30": "7.97%", "2012-06-30": "9.00%", "2012-03-31": "8.86%", "2011-12-31": "10.03%", "2011-09-30": "10.32%", "2011-06-30": "11.05%", "2011-03-31": "13.80%", "2010-12-31": "18.57%", "2010-09-30": "28.26%", "2010-06-30": "27.02%", "2010-03-31": "23.77%", "2009-12-31": "17.58%", "2009-09-30": "21.89%", "2009-06-30": "31.72%", "2009-03-31": "41.93%", "2008-12-31": "56.17%", "2008-09-30": "53.98%", "2008-06-30": "51.93%", "2008-03-31": "52.25%", "2007-12-31": "46.61%", "2007-09-30": "41.59%", "2007-06-30": "36.77%", "2007-03-31": "29.01%", "2006-12-31": "20.18%", "2006-09-30": "19.77%", "2006-06-30": "18.10%", "2006-03-31": "17.16%", "2005-12-31": "18.11%"}, "return on tangible equity": {"2020-09-30": "-62.41%", "2020-06-30": "-69.94%", "2020-03-31": "-79.36%", "2019-12-31": "-83.27%", "2019-09-30": "-80.71%", "2019-06-30": "-74.86%", "2019-03-31": "-70.79%", "2018-12-31": "-83.99%", "2018-09-30": "-114.43%", "2018-06-30": "-242.44%", "2018-03-31": "137.95%", "2017-12-31": "2.27%", "2017-09-30": "-24.56%", "2017-06-30": "-27.92%", "2017-03-31": "-51.64%", "2016-12-31": "-47.67%", "2016-09-30": "-38.66%", "2016-06-30": "-39.85%", "2016-03-31": "-22.06%", "2015-12-31": "-26.14%", "2015-09-30": "-36.58%", "2015-06-30": "-34.88%", "2015-03-31": "-54.79%", "2014-12-31": "-42.52%", "2014-09-30": "-31.50%", "2014-06-30": "-25.69%", "2014-03-31": "-5.26%", "2013-12-31": "-3.31%", "2013-09-30": "3.40%", "2013-06-30": "7.94%", "2013-03-31": "12.62%", "2012-12-31": "14.23%", "2012-09-30": "17.63%", "2012-06-30": "18.82%", "2012-03-31": "17.19%", "2011-12-31": "18.81%", "2011-09-30": "21.51%", "2011-06-30": "20.69%", "2011-03-31": "23.99%", "2010-12-31": "26.95%", "2010-09-30": "22.83%", "2010-06-30": "20.89%", "2010-03-31": "7.65%", "2009-12-31": "2.86%", "2009-09-30": "2.57%", "2009-06-30": "17.90%", "2009-03-31": "34.68%", "2008-12-31": "48.32%", "2008-09-30": "62.68%", "2008-06-30": "72.86%", "2008-03-31": "221.78%", "2007-12-31": "1769.70%", "2007-09-30": "-391.75%", "2007-06-30": "-149.44%", "2007-03-31": "-68.94%", "2006-12-31": "-47.40%", "2006-09-30": "61.33%", "2006-06-30": "70.14%", "2006-03-31": "87.48%", "2005-12-31": "107.59%"}, "dividend yield history": {"last payout": "$0.04", "last yield": "0.36%"}}