{"ticker": "GHC", "price": {"title": "Graham Holdings Historical Annual Stock Price Data", "value": 586.2, "historical": {"2021": {"Average Stock Price": "560.8825", "Year Open": "525.9100", "Year High": "592.5100", "Year Low": "525.9100", "Year Close": "586.2000", "Annual % Change": "9.90%"}, "2020": {"Average Stock Price": "425.3339", "Year Open": "639.1000", "Year High": "639.2700", "Year Low": "277.6200", "Year Close": "533.3800", "Annual % Change": "-16.53%"}, "2019": {"Average Stock Price": "679.2467", "Year Open": "652.8400", "Year High": "744.9900", "Year Low": "619.7700", "Year Close": "638.9900", "Annual % Change": "-0.25%"}, "2018": {"Average Stock Price": "593.1327", "Year Open": "562.9500", "Year High": "674.0000", "Year Low": "552.2000", "Year Close": "640.5800", "Annual % Change": "14.73%"}, "2017": {"Average Stock Price": "573.8861", "Year Open": "523.6000", "Year High": "610.1000", "Year Low": "514.9500", "Year Close": "558.3500", "Annual % Change": "9.06%"}, "2016": {"Average Stock Price": "488.2571", "Year Open": "469.4100", "Year High": "541.9500", "Year Low": "428.0900", "Year Close": "511.9500", "Annual % Change": "5.56%"}, "2015": {"Average Stock Price": "803.9498", "Year Open": "860.9400", "Year High": "1092.3400", "Year Low": "471.5900", "Year Close": "484.9700", "Annual % Change": "-43.85%"}, "2014": {"Average Stock Price": "723.5333", "Year Open": "655.7100", "Year High": "945.3600", "Year Low": "614.0000", "Year Close": "863.7100", "Annual % Change": "30.21%"}, "2013": {"Average Stock Price": "516.5140", "Year Open": "370.0000", "Year High": "673.5000", "Year Low": "370.0000", "Year Close": "663.3200", "Annual % Change": "81.63%"}, "2012": {"Average Stock Price": "364.9600", "Year Open": "380.0700", "Year High": "400.0000", "Year Low": "327.7500", "Year Close": "365.2100", "Annual % Change": "-3.08%"}, "2011": {"Average Stock Price": "392.5402", "Year Open": "440.2700", "Year High": "451.1700", "Year Low": "313.0000", "Year Close": "376.8100", "Annual % Change": "-14.26%"}, "2010": {"Average Stock Price": "427.1072", "Year Open": "442.0600", "Year High": "541.3800", "Year Low": "315.6500", "Year Close": "439.5000", "Annual % Change": "-0.02%"}, "2009": {"Average Stock Price": "406.9154", "Year Open": "413.2000", "Year High": "492.3600", "Year Low": "307.5000", "Year Close": "439.6000", "Annual % Change": "12.65%"}, "2008": {"Average Stock Price": "590.2197", "Year Open": "791.3000", "Year High": "808.0000", "Year Low": "322.4100", "Year Close": "390.2500", "Annual % Change": "-50.69%"}, "2007": {"Average Stock Price": "779.3622", "Year Open": "749.5000", "Year High": "857.9200", "Year Low": "742.4500", "Year Close": "791.4300", "Annual % Change": "6.15%"}, "2006": {"Average Stock Price": "757.0682", "Year Open": "785.1000", "Year High": "813.0200", "Year Low": "710.6500", "Year Close": "745.6000", "Annual % Change": "-2.54%"}, "2005": {"Average Stock Price": "836.2995", "Year Open": "963.5000", "Year High": "963.5000", "Year Low": "717.0000", "Year Close": "765.0000", "Annual % Change": "-22.18%"}, "2004": {"Average Stock Price": "906.5002", "Year Open": "790.2200", "Year High": "996.7400", "Year Low": "790.2200", "Year Close": "983.0200", "Annual % Change": "24.21%"}, "2003": {"Average Stock Price": "717.0846", "Year Open": "749.5000", "Year High": "814.7800", "Year Low": "657.4000", "Year Close": "791.4000", "Annual % Change": "7.24%"}, "2002": {"Average Stock Price": "627.4115", "Year Open": "528.2000", "Year High": "738.5000", "Year Low": "518.0000", "Year Close": "738.0000", "Annual % Change": "39.25%"}, "2001": {"Average Stock Price": "566.2369", "Year Open": "603.2000", "Year High": "632.8000", "Year Low": "491.7000", "Year Close": "530.0000", "Annual % Change": "-14.09%"}, "2000": {"Average Stock Price": "516.4153", "Year Open": "541.8800", "Year High": "620.8000", "Year Low": "472.0000", "Year Close": "616.9000", "Annual % Change": "10.97%"}, "1999": {"Average Stock Price": "550.0496", "Year Open": "581.4000", "Year High": "591.0000", "Year Low": "490.1000", "Year Close": "555.9000", "Annual % Change": "-3.81%"}, "1998": {"Average Stock Price": "524.2263", "Year Open": "486.4000", "Year High": "602.0000", "Year Low": "465.9000", "Year Close": "577.9000", "Annual % Change": "18.79%"}, "1997": {"Average Stock Price": "400.7178", "Year Open": "331.3000", "Year High": "489.6000", "Year Low": "326.3000", "Year Close": "486.5000", "Annual % Change": "45.17%"}, "1996": {"Average Stock Price": "311.3913", "Year Open": "280.7500", "Year High": "351.7500", "Year Low": "278.0000", "Year Close": "335.1200", "Annual % Change": "18.84%"}, "1995": {"Average Stock Price": "271.6250", "Year Open": "241.3000", "Year High": "315.0000", "Year Low": "237.5000", "Year Close": "282.0000", "Annual % Change": "16.29%"}, "1994": {"Average Stock Price": "240.7591", "Year Open": "261.0000", "Year High": "282.3000", "Year Low": "222.4000", "Year Close": "242.5000", "Annual % Change": "-4.83%"}, "1993": {"Average Stock Price": "234.0233", "Year Open": "228.3000", "Year High": "256.5000", "Year Low": "213.4000", "Year Close": "254.8000", "Annual % Change": "10.88%"}, "1992": {"Average Stock Price": "225.5508", "Year Open": "199.3000", "Year High": "246.0000", "Year Low": "194.3000", "Year Close": "229.8000", "Annual % Change": "18.15%"}, "1991": {"Average Stock Price": "213.5415", "Year Open": "196.0000", "Year High": "247.0000", "Year Low": "170.3000", "Year Close": "194.5000", "Annual % Change": "-1.77%"}}}, "market cap": {"value": "$2.93B"}, "income statement": {"Revenue": {"2019-12-31": "2932.09900", "2018-12-31": "2695.96600", "2017-12-31": "2591.84600", "2016-12-31": "2481.89000", "2015-12-31": "2586.11400", "2014-12-31": "2737.03200", "2013-12-31": "2600.60200", "2012-12-31": "3372.58600", "2011-12-31": "3525.99700", "2010-12-31": "4586.41700", "2009-12-31": "4326.04000", "2008-12-31": "4211.71500", "2007-12-31": "4180.40600", "2006-12-31": "3904.92700", "2005-12-31": "3553.88700"}, "Cost Of Goods Sold": {"2019-12-31": "2023.20500", "2018-12-31": "1687.43200", "2017-12-31": "1454.34300", "2016-12-31": "1270.03000", "2015-12-31": "1206.15300", "2014-12-31": "1261.75300", "2013-12-31": "1210.86300", "2012-12-31": "1535.23700", "2011-12-31": "1562.61500", "2010-12-31": "1850.40200", "2009-12-31": "1879.21400", "2008-12-31": "1864.53300", "2007-12-31": "1882.98400", "2006-12-31": "1738.91800", "2005-12-31": "1618.23100"}, "Gross Profit": {"2019-12-31": "908.89420", "2018-12-31": "1008.53400", "2017-12-31": "1137.50300", "2016-12-31": "1211.86000", "2015-12-31": "1379.96100", "2014-12-31": "1475.27900", "2013-12-31": "1389.73900", "2012-12-31": "1837.34900", "2011-12-31": "1963.38200", "2010-12-31": "2736.01500", "2009-12-31": "2446.82600", "2008-12-31": "2347.18200", "2007-12-31": "2297.42200", "2006-12-31": "2166.00900", "2005-12-31": "1935.65600"}, "Research And Development Expenses": {"2019-12-31": "", "2018-12-31": "", "2017-12-31": "", "2016-12-31": "", "2015-12-31": "", "2014-12-31": "", "2013-12-31": "", "2012-12-31": "", "2011-12-31": "", "2010-12-31": "", "2009-12-31": "", "2008-12-31": "", "2007-12-31": "", "2006-12-31": "", "2005-12-31": ""}, "SG&A Expenses": {"2019-12-31": "642.70000", "2018-12-31": "650.12800", "2017-12-31": "887.79000", "2016-12-31": "896.09700", "2015-12-31": "1104.16300", "2014-12-31": "1132.15700", "2013-12-31": "1123.96500", "2012-12-31": "1317.49400", "2011-12-31": "1383.66000", "2010-12-31": "1869.19400", "2009-12-31": "1831.71600", "2008-12-31": "1693.74400", "2007-12-31": "1581.59600", "2006-12-31": "1484.00300", "2005-12-31": "1222.72100"}, "Other Operating Income Or Expenses": {"2019-12-31": "", "2018-12-31": "", "2017-12-31": "", "2016-12-31": "-1.60300", "2015-12-31": "", "2014-12-31": "", "2013-12-31": "", "2012-12-31": "", "2011-12-31": "", "2010-12-31": "", "2009-12-31": "", "2008-12-31": "", "2007-12-31": "", "2006-12-31": "", "2005-12-31": ""}, "Operating Expenses": {"2019-12-31": "2787.55300", "2018-12-31": "2449.80500", "2017-12-31": "2455.44300", "2016-12-31": "2259.02100", "2015-12-31": "2666.93900", "2014-12-31": "2504.31200", "2013-12-31": "2451.16800", "2012-12-31": "3223.97300", "2011-12-31": "3191.87900", "2010-12-31": "3983.55300", "2009-12-31": "4035.64100", "2008-12-31": "3979.79500", "2007-12-31": "3703.39000", "2006-12-31": "3445.12300", "2005-12-31": "3038.97300"}, "Operating Income": {"2019-12-31": "144.54610", "2018-12-31": "246.16110", "2017-12-31": "136.40280", "2016-12-31": "222.86890", "2015-12-31": "-80.82500", "2014-12-31": "232.72000", "2013-12-31": "149.43410", "2012-12-31": "148.61280", "2011-12-31": "334.11820", "2010-12-31": "602.86430", "2009-12-31": "290.39890", "2008-12-31": "231.91990", "2007-12-31": "477.01590", "2006-12-31": "459.80400", "2005-12-31": "514.91410"}, "Total Non-Operating Income/Expense": {"2019-12-31": "281.93300", "2018-12-31": "77.34700", "2017-12-31": "46.38600", "2016-12-31": "27.78900", "2015-12-31": "-40.06500", "2014-12-31": "844.98300", "2013-12-31": "-44.20300", "2012-12-31": "-23.92100", "2011-12-31": "-78.33000", "2010-12-31": "-24.54500", "2009-12-31": "-45.19200", "2008-12-31": "-29.01200", "2007-12-31": "4.44900", "2006-12-31": "59.33000", "2005-12-31": "-15.27000"}, "Pre-Tax Income": {"2019-12-31": "426.47900", "2018-12-31": "323.50800", "2017-12-31": "182.78900", "2016-12-31": "250.65800", "2015-12-31": "-120.89000", "2014-12-31": "1077.70300", "2013-12-31": "105.23100", "2012-12-31": "124.69200", "2011-12-31": "255.78800", "2010-12-31": "578.31900", "2009-12-31": "245.20700", "2008-12-31": "202.90800", "2007-12-31": "481.46500", "2006-12-31": "519.13400", "2005-12-31": "499.64400"}, "Income Taxes": {"2019-12-31": "98.60000", "2018-12-31": "52.10000", "2017-12-31": "-119.70000", "2016-12-31": "81.20000", "2015-12-31": "20.50000", "2014-12-31": "312.30000", "2013-12-31": "40.50000", "2012-12-31": "73.40000", "2011-12-31": "104.40000", "2010-12-31": "222.40000", "2009-12-31": "89.00000", "2008-12-31": "106.60000", "2007-12-31": "192.50000", "2006-12-31": "189.60000", "2005-12-31": "185.30000"}, "Income After Taxes": {"2019-12-31": "327.87900", "2018-12-31": "271.40800", "2017-12-31": "302.48900", "2016-12-31": "169.45800", "2015-12-31": "-141.39000", "2014-12-31": "765.40300", "2013-12-31": "64.73100", "2012-12-31": "51.29200", "2011-12-31": "151.38800", "2010-12-31": "355.91900", "2009-12-31": "156.20700", "2008-12-31": "96.30800", "2007-12-31": "288.96500", "2006-12-31": "329.53400", "2005-12-31": "314.34400"}, "Other Income": {"2019-12-31": "", "2018-12-31": "", "2017-12-31": "", "2016-12-31": "", "2015-12-31": "", "2014-12-31": "", "2013-12-31": "", "2012-12-31": "", "2011-12-31": "", "2010-12-31": "", "2009-12-31": "", "2008-12-31": "", "2007-12-31": "", "2006-12-31": "", "2005-12-31": ""}, "Income From Continuous Operations": {"2019-12-31": "327.87900", "2018-12-31": "271.40800", "2017-12-31": "302.48900", "2016-12-31": "169.45800", "2015-12-31": "-141.39000", "2014-12-31": "765.40300", "2013-12-31": "64.73100", "2012-12-31": "51.29200", "2011-12-31": "151.38800", "2010-12-31": "355.91900", "2009-12-31": "156.20700", "2008-12-31": "96.30800", "2007-12-31": "288.96500", "2006-12-31": "329.53400", "2005-12-31": "314.34400"}, "Income From Discontinued Operations": {"2019-12-31": "", "2018-12-31": "", "2017-12-31": "", "2016-12-31": "", "2015-12-31": "42.17000", "2014-12-31": "527.85700", "2013-12-31": "172.61400", "2012-12-31": "80.89500", "2011-12-31": "-34.23100", "2010-12-31": "-77.89900", "2009-12-31": "-65.00700", "2008-12-31": "-30.51200", "2007-12-31": "", "2006-12-31": "", "2005-12-31": ""}, "Net Income": {"2019-12-31": "327.85500", "2018-12-31": "271.20600", "2017-12-31": "302.04400", "2016-12-31": "168.59000", "2015-12-31": "-101.28600", "2014-12-31": "1292.99600", "2013-12-31": "236.01000", "2012-12-31": "131.21800", "2011-12-31": "116.23300", "2010-12-31": "277.19200", "2009-12-31": "91.84600", "2008-12-31": "64.77600", "2007-12-31": "287.65500", "2006-12-31": "323.47800", "2005-12-31": "313.36300"}, "EBITDA": {"2019-12-31": "350.37920", "2018-12-31": "358.40610", "2017-12-31": "249.71280", "2016-12-31": "315.76290", "2015-12-31": "347.61210", "2014-12-31": "482.17700", "2013-12-31": "417.54410", "2012-12-31": "440.04880", "2011-12-31": "632.34920", "2010-12-31": "909.98930", "2009-12-31": "612.91190", "2008-12-31": "520.05090", "2007-12-31": "715.82590", "2006-12-31": "682.00600", "2005-12-31": "712.93510"}, "EBIT": {"2019-12-31": "144.54610", "2018-12-31": "246.16110", "2017-12-31": "136.40280", "2016-12-31": "222.86890", "2015-12-31": "-80.82500", "2014-12-31": "232.72000", "2013-12-31": "149.43410", "2012-12-31": "148.61280", "2011-12-31": "334.11820", "2010-12-31": "602.86430", "2009-12-31": "290.39890", "2008-12-31": "231.91990", "2007-12-31": "477.01590", "2006-12-31": "459.80400", "2005-12-31": "514.91410"}, "Basic Shares Outstanding": {"2019-12-31": "5.28500", "2018-12-31": "5.33300", "2017-12-31": "5.51600", "2016-12-31": "5.55900", "2015-12-31": "5.72700", "2014-12-31": "6.47000", "2013-12-31": "7.23800", "2012-12-31": "7.36000", "2011-12-31": "7.82600", "2010-12-31": "8.86900", "2009-12-31": "9.33200", "2008-12-31": "9.40800", "2007-12-31": "9.49200", "2006-12-31": "9.56800", "2005-12-31": "9.59400"}, "Shares Outstanding": {"2019-12-31": "5.32700", "2018-12-31": "5.37000", "2017-12-31": "5.55200", "2016-12-31": "5.58900", "2015-12-31": "5.72700", "2014-12-31": "6.55900", "2013-12-31": "7.33300", "2012-12-31": "7.40400", "2011-12-31": "7.90500", "2010-12-31": "8.93100", "2009-12-31": "9.39200", "2008-12-31": "9.43000", "2007-12-31": "9.52800", "2006-12-31": "9.60600", "2005-12-31": "9.61600"}, "Basic EPS": {"2019-12-31": "61.70000", "2018-12-31": "50.55000", "2017-12-31": "54.24000", "2016-12-31": "29.95000", "2015-12-31": "-17.87000", "2014-12-31": "195.81000", "2013-12-31": "32.10000", "2012-12-31": "17.39000", "2011-12-31": "14.70000", "2010-12-31": "31.06000", "2009-12-31": "9.78000", "2008-12-31": "6.89000", "2007-12-31": "30.31000", "2006-12-31": "33.81000", "2005-12-31": "32.66000"}, "EPS - Earnings Per Share": {"2019-12-31": "61.21000", "2018-12-31": "50.20000", "2017-12-31": "53.89000", "2016-12-31": "29.80000", "2015-12-31": "-17.87000", "2014-12-31": "195.03000", "2013-12-31": "32.05000", "2012-12-31": "17.39000", "2011-12-31": "14.70000", "2010-12-31": "31.04000", "2009-12-31": "9.78000", "2008-12-31": "6.87000", "2007-12-31": "30.19000", "2006-12-31": "33.68000", "2005-12-31": "32.59000"}}, "income statement, quarterly": {"Revenue": {"2020-09-30": "716.98200", "2020-06-30": "652.87100", "2020-03-31": "732.25700", "2019-12-31": "763.47800", "2019-09-30": "738.82000", "2019-06-30": "737.60200", "2019-03-31": "692.19900", "2018-12-31": "689.08710", "2018-09-30": "674.76600", "2018-06-30": "672.67700", "2018-03-31": "659.43600", "2017-12-31": "675.81700", "2017-09-30": "657.22500", "2017-06-30": "676.08700", "2017-03-31": "582.71700", "2016-12-31": "629.57900", "2016-09-30": "621.63800", "2016-06-30": "628.93300", "2016-03-31": "601.74000", "2015-12-31": "616.36700", "2015-09-30": "641.43200", "2015-06-30": "680.89000", "2015-03-31": "647.42500", "2014-12-31": "322.87490", "2014-09-30": "703.20500", "2014-06-30": "874.41100", "2014-03-31": "836.54100", "2013-12-31": "53.40500", "2013-09-30": "856.10100", "2013-06-30": "870.50400", "2013-03-31": "820.59200", "2012-12-31": "550.34500", "2012-09-30": "877.63700", "2012-06-30": "989.10300", "2012-03-31": "955.50100", "2011-12-31": "410.32900", "2011-09-30": "1012.49800", "2011-06-30": "1061.25800", "2011-03-31": "1041.91200", "2010-12-31": "1063.44100", "2010-09-30": "1183.53500", "2010-06-30": "1197.41000", "2010-03-31": "1142.03100", "2009-12-31": "1079.94700", "2009-09-30": "1108.79400", "2009-06-30": "1083.17900", "2009-03-31": "1054.12000", "2008-12-31": "913.69980", "2008-09-30": "1128.65800", "2008-06-30": "1106.21700", "2008-03-31": "1063.14000", "2007-12-31": "1125.52100", "2007-09-30": "1022.50400", "2007-06-30": "1046.77300", "2007-03-31": "985.60800", "2006-12-31": "1040.71200", "2006-09-30": "946.89400", "2006-06-30": "969.04100", "2006-03-31": "948.28000", "2005-12-31": "948.71810", "2005-09-30": "873.66200", "2005-06-30": "897.57700", "2005-03-31": "833.93000"}, "Cost Of Goods Sold": {"2020-09-30": "477.96000", "2020-06-30": "433.76700", "2020-03-31": "497.42700", "2019-12-31": "572.48900", "2019-09-30": "518.20700", "2019-06-30": "481.15400", "2019-03-31": "451.35500", "2018-12-31": "432.70590", "2018-09-30": "448.92000", "2018-06-30": "440.65500", "2018-03-31": "365.15100", "2017-12-31": "371.92190", "2017-09-30": "374.98700", "2017-06-30": "381.74700", "2017-03-31": "325.68700", "2016-12-31": "389.17110", "2016-09-30": "293.19400", "2016-06-30": "296.03300", "2016-03-31": "291.63200", "2015-12-31": "283.77990", "2015-09-30": "302.02900", "2015-06-30": "311.12100", "2015-03-31": "309.22300", "2014-12-31": "163.26800", "2014-09-30": "326.39500", "2014-06-30": "395.62700", "2014-03-31": "376.46300", "2013-12-31": "46.46700", "2013-09-30": "393.01000", "2013-06-30": "394.84100", "2013-03-31": "376.54500", "2012-12-31": "205.78510", "2012-09-30": "407.36400", "2012-06-30": "461.78800", "2012-03-31": "460.30000", "2011-12-31": "99.15300", "2011-09-30": "486.61500", "2011-06-30": "500.76600", "2011-03-31": "476.08100", "2010-12-31": "429.72700", "2010-09-30": "479.52600", "2010-06-30": "471.52500", "2010-03-31": "469.62400", "2009-12-31": "443.83390", "2009-09-30": "461.86700", "2009-06-30": "478.42000", "2009-03-31": "495.09300", "2008-12-31": "349.28000", "2008-09-30": "516.11500", "2008-06-30": "507.98500", "2008-03-31": "491.15300", "2007-12-31": "500.34300", "2007-09-30": "467.92600", "2007-06-30": "464.04000", "2007-03-31": "450.67500", "2006-12-31": "479.85790", "2006-09-30": "427.03100", "2006-06-30": "412.90300", "2006-03-31": "419.12600", "2005-12-31": "206.39700", "2005-09-30": "486.40000", "2005-06-30": "472.98100", "2005-03-31": "452.45300"}, "Gross Profit": {"2020-09-30": "239.02200", "2020-06-30": "219.10400", "2020-03-31": "234.83000", "2019-12-31": "190.98900", "2019-09-30": "220.61300", "2019-06-30": "256.44800", "2019-03-31": "240.84400", "2018-12-31": "256.38120", "2018-09-30": "225.84600", "2018-06-30": "232.02200", "2018-03-31": "294.28500", "2017-12-31": "303.89500", "2017-09-30": "282.23800", "2017-06-30": "294.34000", "2017-03-31": "257.03000", "2016-12-31": "240.40790", "2016-09-30": "328.44400", "2016-06-30": "332.90000", "2016-03-31": "310.10800", "2015-12-31": "332.58710", "2015-09-30": "339.40300", "2015-06-30": "369.76900", "2015-03-31": "338.20200", "2014-12-31": "159.60690", "2014-09-30": "376.81000", "2014-06-30": "478.78400", "2014-03-31": "460.07800", "2013-12-31": "6.93800", "2013-09-30": "463.09100", "2013-06-30": "475.66300", "2013-03-31": "444.04700", "2012-12-31": "344.55990", "2012-09-30": "470.27300", "2012-06-30": "527.31510", "2012-03-31": "495.20100", "2011-12-31": "311.17600", "2011-09-30": "525.88300", "2011-06-30": "560.49210", "2011-03-31": "565.83100", "2010-12-31": "633.71370", "2010-09-30": "704.00900", "2010-06-30": "725.88500", "2010-03-31": "672.40700", "2009-12-31": "636.11330", "2009-09-30": "646.92690", "2009-06-30": "604.75890", "2009-03-31": "559.02700", "2008-12-31": "564.41990", "2008-09-30": "612.54300", "2008-06-30": "598.23210", "2008-03-31": "571.98700", "2007-12-31": "625.17800", "2007-09-30": "554.57800", "2007-06-30": "582.73290", "2007-03-31": "534.93300", "2006-12-31": "560.85400", "2006-09-30": "519.86300", "2006-06-30": "556.13800", "2006-03-31": "529.15410", "2005-12-31": "742.32110", "2005-09-30": "387.26200", "2005-06-30": "424.59600", "2005-03-31": "381.47700"}, "Research And Development Expenses": {"2020-09-30": "", "2020-06-30": "", "2020-03-31": "", "2019-12-31": "", "2019-09-30": "", "2019-06-30": "", "2019-03-31": "", "2018-12-31": "", "2018-09-30": "", "2018-06-30": "", "2018-03-31": "", "2017-12-31": "", "2017-09-30": "", "2017-06-30": "", "2017-03-31": "", "2016-12-31": "", "2016-09-30": "", "2016-06-30": "", "2016-03-31": "", "2015-12-31": "", "2015-09-30": "", "2015-06-30": "", "2015-03-31": "", "2014-12-31": "", "2014-09-30": "", "2014-06-30": "", "2014-03-31": "", "2013-12-31": "", "2013-09-30": "", "2013-06-30": "", "2013-03-31": "", "2012-12-31": "", "2012-09-30": "", "2012-06-30": "", "2012-03-31": "", "2011-12-31": "", "2011-09-30": "", "2011-06-30": "", "2011-03-31": "", "2010-12-31": "", "2010-09-30": "", "2010-06-30": "", "2010-03-31": "", "2009-12-31": "", "2009-09-30": "", "2009-06-30": "", "2009-03-31": "", "2008-12-31": "", "2008-09-30": "", "2008-06-30": "", "2008-03-31": "", "2007-12-31": "", "2007-09-30": "", "2007-06-30": "", "2007-03-31": "", "2006-12-31": "", "2006-09-30": "", "2006-06-30": "", "2006-03-31": "", "2005-12-31": "", "2005-09-30": "", "2005-06-30": "", "2005-03-31": ""}, "SG&A Expenses": {"2020-09-30": "164.23100", "2020-06-30": "164.47600", "2020-03-31": "179.47500", "2019-12-31": "122.36400", "2019-09-30": "175.05000", "2019-06-30": "171.02800", "2019-03-31": "174.25800", "2018-12-31": "152.62400", "2018-09-30": "131.08100", "2018-06-30": "141.37800", "2018-03-31": "225.04500", "2017-12-31": "225.47700", "2017-09-30": "228.05100", "2017-06-30": "208.97300", "2017-03-31": "225.28900", "2016-12-31": "186.75290", "2016-09-30": "237.69400", "2016-06-30": "236.43700", "2016-03-31": "235.21300", "2015-12-31": "239.78300", "2015-09-30": "285.56300", "2015-06-30": "276.41200", "2015-03-31": "302.40500", "2014-12-31": "175.05900", "2014-09-30": "309.58300", "2014-06-30": "322.24000", "2014-03-31": "325.27500", "2013-12-31": "143.50890", "2013-09-30": "327.06200", "2013-06-30": "319.17000", "2013-03-31": "334.22400", "2012-12-31": "197.56410", "2012-09-30": "314.35900", "2012-06-30": "397.46500", "2012-03-31": "408.10600", "2011-12-31": "145.38610", "2011-09-30": "387.73500", "2011-06-30": "409.17300", "2011-03-31": "441.36600", "2010-12-31": "405.69300", "2010-09-30": "471.89700", "2010-06-30": "490.41400", "2010-03-31": "501.19000", "2009-12-31": "371.26090", "2009-09-30": "471.24900", "2009-06-30": "495.20100", "2009-03-31": "494.00500", "2008-12-31": "293.89100", "2008-09-30": "434.15000", "2008-06-30": "525.65500", "2008-03-31": "440.04800", "2007-12-31": "411.13690", "2007-09-30": "384.60300", "2007-06-30": "399.09900", "2007-03-31": "386.75700", "2006-12-31": "385.21600", "2006-09-30": "349.76300", "2006-06-30": "408.04300", "2006-03-31": "340.98100", "2005-12-31": "533.11790", "2005-09-30": "225.76000", "2005-06-30": "237.53100", "2005-03-31": "226.31200"}, "Other Operating Income Or Expenses": {"2020-09-30": "", "2020-06-30": "", "2020-03-31": "", "2019-12-31": "", "2019-09-30": "", "2019-06-30": "", "2019-03-31": "", "2018-12-31": "", "2018-09-30": "-8.10900", "2018-06-30": "", "2018-03-31": "", "2017-12-31": "", "2017-09-30": "", "2017-06-30": "-9.22400", "2017-03-31": "", "2016-12-31": "", "2016-09-30": "", "2016-06-30": "", "2016-03-31": "", "2015-12-31": "", "2015-09-30": "", "2015-06-30": "-6.87600", "2015-03-31": "", "2014-12-31": "", "2014-09-30": "", "2014-06-30": "", "2014-03-31": "", "2013-12-31": "", "2013-09-30": "", "2013-06-30": "", "2013-03-31": "", "2012-12-31": "", "2012-09-30": "", "2012-06-30": "", "2012-03-31": "", "2011-12-31": "", "2011-09-30": "", "2011-06-30": "", "2011-03-31": "", "2010-12-31": "", "2010-09-30": "", "2010-06-30": "", "2010-03-31": "", "2009-12-31": "", "2009-09-30": "", "2009-06-30": "", "2009-03-31": "", "2008-12-31": "", "2008-09-30": "", "2008-06-30": "", "2008-03-31": "", "2007-12-31": "", "2007-09-30": "", "2007-06-30": "", "2007-03-31": "", "2006-12-31": "", "2006-09-30": "", "2006-06-30": "", "2006-03-31": "", "2005-12-31": "", "2005-09-30": "", "2005-06-30": "", "2005-03-31": ""}, "Operating Expenses": {"2020-09-30": "676.73800", "2020-06-30": "646.99400", "2020-03-31": "724.17200", "2019-12-31": "733.16600", "2019-09-30": "722.55190", "2019-06-30": "679.63900", "2019-03-31": "652.19600", "2018-12-31": "613.50490", "2018-09-30": "614.02700", "2018-06-30": "607.05100", "2018-03-31": "615.22200", "2017-12-31": "626.35800", "2017-09-30": "630.27500", "2017-06-30": "626.34600", "2017-03-31": "572.46400", "2016-12-31": "600.75510", "2016-09-30": "553.60500", "2016-06-30": "554.79300", "2016-03-31": "549.86800", "2015-12-31": "548.55590", "2015-09-30": "855.15500", "2015-06-30": "624.66500", "2015-03-31": "638.56300", "2014-12-31": "311.79310", "2014-09-30": "661.99600", "2014-06-30": "772.85100", "2014-03-31": "757.67200", "2013-12-31": "126.30790", "2013-09-30": "777.21200", "2013-06-30": "774.20300", "2013-03-31": "773.44500", "2012-12-31": "579.28720", "2012-09-30": "784.40100", "2012-06-30": "926.08200", "2012-03-31": "934.20300", "2011-12-31": "285.10190", "2011-09-30": "942.25900", "2011-06-30": "979.15890", "2011-03-31": "985.35900", "2010-12-31": "868.05180", "2010-09-30": "1046.06100", "2010-06-30": "1030.51200", "2010-03-31": "1038.92800", "2009-12-31": "864.02200", "2009-09-30": "1034.16700", "2009-06-30": "1063.72600", "2009-03-31": "1073.72600", "2008-12-31": "793.73180", "2008-09-30": "1088.39100", "2008-06-30": "1101.40100", "2008-03-31": "996.27100", "2007-12-31": "976.22610", "2007-09-30": "912.03800", "2007-06-30": "921.51300", "2007-03-31": "893.61300", "2006-12-31": "924.51790", "2006-09-30": "838.24800", "2006-06-30": "871.83610", "2006-03-31": "810.52100", "2005-12-31": "791.87180", "2005-09-30": "761.27800", "2005-06-30": "759.88200", "2005-03-31": "725.94100"}, "Operating Income": {"2020-09-30": "40.24400", "2020-06-30": "5.87700", "2020-03-31": "8.08500", "2019-12-31": "30.31200", "2019-09-30": "16.26810", "2019-06-30": "57.96300", "2019-03-31": "40.00290", "2018-12-31": "75.58220", "2018-09-30": "60.73900", "2018-06-30": "65.62600", "2018-03-31": "44.21400", "2017-12-31": "49.45890", "2017-09-30": "26.95000", "2017-06-30": "49.74100", "2017-03-31": "10.25300", "2016-12-31": "28.82390", "2016-09-30": "68.03300", "2016-06-30": "74.14000", "2016-03-31": "51.87200", "2015-12-31": "67.81110", "2015-09-30": "-213.72300", "2015-06-30": "56.22500", "2015-03-31": "8.86200", "2014-12-31": "11.08180", "2014-09-30": "41.20910", "2014-06-30": "101.56000", "2014-03-31": "78.86900", "2013-12-31": "-72.90300", "2013-09-30": "78.88900", "2013-06-30": "96.30100", "2013-03-31": "47.14700", "2012-12-31": "-28.94230", "2012-09-30": "93.23600", "2012-06-30": "63.02100", "2012-03-31": "21.29800", "2011-12-31": "125.22710", "2011-09-30": "70.23900", "2011-06-30": "82.09910", "2011-03-31": "56.55300", "2010-12-31": "195.38890", "2010-09-30": "137.47400", "2010-06-30": "166.89810", "2010-03-31": "103.10300", "2009-12-31": "215.92520", "2009-09-30": "74.62700", "2009-06-30": "19.45290", "2009-03-31": "-19.60610", "2008-12-31": "119.96800", "2008-09-30": "40.26700", "2008-06-30": "4.81600", "2008-03-31": "66.86900", "2007-12-31": "149.29490", "2007-09-30": "110.46610", "2007-06-30": "125.25990", "2007-03-31": "91.99500", "2006-12-31": "116.19400", "2006-09-30": "108.64590", "2006-06-30": "97.20500", "2006-03-31": "137.75900", "2005-12-31": "156.84630", "2005-09-30": "112.38400", "2005-06-30": "137.69500", "2005-03-31": "107.98900"}, "Total Non-Operating Income/Expense": {"2020-09-30": "67.81000", "2020-06-30": "54.88500", "2020-03-31": "-87.37600", "2019-12-31": "154.80500", "2019-09-30": "41.89700", "2019-06-30": "15.93200", "2019-03-31": "69.29900", "2018-12-31": "-6.44400", "2018-09-30": "74.33100", "2018-06-30": "-2.89100", "2018-03-31": "12.35100", "2017-12-31": "5.40100", "2017-09-30": "11.29400", "2017-06-30": "16.15800", "2017-03-31": "13.53300", "2016-12-31": "35.29400", "2016-09-30": "-27.10700", "2016-06-30": "10.85900", "2016-03-31": "8.74300", "2015-12-31": "13.79800", "2015-09-30": "-47.71200", "2015-06-30": "3.30000", "2015-03-31": "-9.45100", "2014-12-31": "379.05710", "2014-09-30": "-14.87900", "2014-06-30": "351.70100", "2014-03-31": "129.10400", "2013-12-31": "-22.99500", "2013-09-30": "5.42300", "2013-06-30": "-17.51600", "2013-03-31": "-9.11500", "2012-12-31": "-22.95000", "2012-09-30": "0.17200", "2012-06-30": "-5.52500", "2012-03-31": "4.38200", "2011-12-31": "-5.82300", "2011-09-30": "-38.81700", "2011-06-30": "-6.41600", "2011-03-31": "-27.27400", "2010-12-31": "-4.67600", "2010-09-30": "7.59300", "2010-06-30": "-8.77900", "2010-03-31": "-18.68300", "2009-12-31": "-11.53500", "2009-09-30": "-34.06700", "2009-06-30": "12.28700", "2009-03-31": "-11.87700", "2008-12-31": "9.50400", "2008-09-30": "-27.40100", "2008-06-30": "-7.56800", "2008-03-31": "-3.54700", "2007-12-31": "-10.03800", "2007-09-30": "6.49600", "2007-06-30": "0.75600", "2007-03-31": "7.23500", "2006-12-31": "34.45100", "2006-09-30": "0.65000", "2006-06-30": "29.23900", "2006-03-31": "-5.01000", "2005-12-31": "-5.70600", "2005-09-30": "-1.02600", "2005-06-30": "-9.14000", "2005-03-31": "0.60200"}, "Pre-Tax Income": {"2020-09-30": "108.05400", "2020-06-30": "60.76200", "2020-03-31": "-79.29100", "2019-12-31": "185.11700", "2019-09-30": "58.16500", "2019-06-30": "73.89500", "2019-03-31": "109.30200", "2018-12-31": "69.13800", "2018-09-30": "135.07000", "2018-06-30": "62.73500", "2018-03-31": "56.56500", "2017-12-31": "54.86000", "2017-09-30": "38.24400", "2017-06-30": "65.89900", "2017-03-31": "23.78600", "2016-12-31": "64.11800", "2016-09-30": "40.92600", "2016-06-30": "84.99900", "2016-03-31": "60.61500", "2015-12-31": "81.60900", "2015-09-30": "-261.43500", "2015-06-30": "59.52500", "2015-03-31": "-0.58900", "2014-12-31": "390.13900", "2014-09-30": "26.33000", "2014-06-30": "453.26100", "2014-03-31": "207.97300", "2013-12-31": "-95.89800", "2013-09-30": "84.31200", "2013-06-30": "78.78500", "2013-03-31": "38.03200", "2012-12-31": "-51.89200", "2012-09-30": "93.40800", "2012-06-30": "57.49600", "2012-03-31": "25.68000", "2011-12-31": "119.40400", "2011-09-30": "31.42200", "2011-06-30": "75.68300", "2011-03-31": "29.27900", "2010-12-31": "190.71290", "2010-09-30": "145.06700", "2010-06-30": "158.11900", "2010-03-31": "84.42000", "2009-12-31": "204.39000", "2009-09-30": "40.56000", "2009-06-30": "31.74000", "2009-03-31": "-31.48300", "2008-12-31": "129.47200", "2008-09-30": "12.86600", "2008-06-30": "-2.75200", "2008-03-31": "63.32200", "2007-12-31": "139.25700", "2007-09-30": "116.96200", "2007-06-30": "126.01600", "2007-03-31": "99.23000", "2006-12-31": "150.64500", "2006-09-30": "109.29600", "2006-06-30": "126.44400", "2006-03-31": "132.74900", "2005-12-31": "151.14000", "2005-09-30": "111.35800", "2005-06-30": "128.55500", "2005-03-31": "108.59100"}, "Income Taxes": {"2020-09-30": "30.00000", "2020-06-30": "41.90000", "2020-03-31": "-45.40000", "2019-12-31": "39.10000", "2019-09-30": "15.20000", "2019-06-30": "16.70000", "2019-03-31": "27.60000", "2018-12-31": "12.40000", "2018-09-30": "10.00000", "2018-06-30": "16.10000", "2018-03-31": "13.60000", "2017-12-31": "-159.70000", "2017-09-30": "13.40000", "2017-06-30": "23.90000", "2017-03-31": "2.70000", "2016-12-31": "27.20000", "2016-09-30": "7.80000", "2016-06-30": "23.80000", "2016-03-31": "22.40000", "2015-12-31": "30.50000", "2015-09-30": "-30.50000", "2015-06-30": "19.60000", "2015-03-31": "0.90000", "2014-12-31": "140.20000", "2014-09-30": "16.10000", "2014-06-30": "78.60000", "2014-03-31": "77.40000", "2013-12-31": "-36.90000", "2013-09-30": "29.90000", "2013-06-30": "31.70000", "2013-03-31": "15.80000", "2012-12-31": "3.50000", "2012-09-30": "37.00000", "2012-06-30": "21.20000", "2012-03-31": "11.70000", "2011-12-31": "47.00000", "2011-09-30": "18.60000", "2011-06-30": "27.90000", "2011-03-31": "10.90000", "2010-12-31": "74.20000", "2010-09-30": "59.40000", "2010-06-30": "56.40000", "2010-03-31": "32.40000", "2009-12-31": "75.00000", "2009-09-30": "14.60000", "2009-06-30": "11.40000", "2009-03-31": "-12.00000", "2008-12-31": "80.20000", "2008-09-30": "2.50000", "2008-06-30": "-0.10000", "2008-03-31": "24.00000", "2007-12-31": "56.00000", "2007-09-30": "44.50000", "2007-06-30": "57.20000", "2007-03-31": "34.80000", "2006-12-31": "55.10000", "2006-09-30": "36.00000", "2006-06-30": "47.70000", "2006-03-31": "50.80000", "2005-12-31": "48.70000", "2005-09-30": "44.80000", "2005-06-30": "49.80000", "2005-03-31": "42.00000"}, "Income After Taxes": {"2020-09-30": "78.05400", "2020-06-30": "18.86200", "2020-03-31": "-33.89100", "2019-12-31": "146.01700", "2019-09-30": "42.96500", "2019-06-30": "57.19500", "2019-03-31": "81.70200", "2018-12-31": "56.73800", "2018-09-30": "125.07000", "2018-06-30": "46.63500", "2018-03-31": "42.96500", "2017-12-31": "214.56000", "2017-09-30": "24.84400", "2017-06-30": "41.99900", "2017-03-31": "21.08600", "2016-12-31": "36.91800", "2016-09-30": "33.12600", "2016-06-30": "61.19900", "2016-03-31": "38.21500", "2015-12-31": "51.10900", "2015-09-30": "-230.93500", "2015-06-30": "39.92500", "2015-03-31": "-1.48900", "2014-12-31": "249.93910", "2014-09-30": "10.23000", "2014-06-30": "374.66100", "2014-03-31": "130.57300", "2013-12-31": "-58.99800", "2013-09-30": "54.41200", "2013-06-30": "47.08500", "2013-03-31": "22.23200", "2012-12-31": "-55.39200", "2012-09-30": "56.40800", "2012-06-30": "36.29600", "2012-03-31": "13.98000", "2011-12-31": "72.40400", "2011-09-30": "12.82200", "2011-06-30": "47.78300", "2011-03-31": "18.37900", "2010-12-31": "116.51300", "2010-09-30": "85.66700", "2010-06-30": "101.71900", "2010-03-31": "52.02000", "2009-12-31": "129.39000", "2009-09-30": "25.96000", "2009-06-30": "20.34000", "2009-03-31": "-19.48300", "2008-12-31": "49.27200", "2008-09-30": "10.36600", "2008-06-30": "-2.65200", "2008-03-31": "39.32200", "2007-12-31": "83.25700", "2007-09-30": "72.46200", "2007-06-30": "68.81600", "2007-03-31": "64.43000", "2006-12-31": "95.54500", "2006-09-30": "73.29600", "2006-06-30": "78.74400", "2006-03-31": "81.94900", "2005-12-31": "102.44000", "2005-09-30": "66.55800", "2005-06-30": "78.75500", "2005-03-31": "66.59100"}, "Other Income": {"2020-09-30": "", "2020-06-30": "", "2020-03-31": "", "2019-12-31": "", "2019-09-30": "", "2019-06-30": "", "2019-03-31": "", "2018-12-31": "", "2018-09-30": "", "2018-06-30": "", "2018-03-31": "", "2017-12-31": "", "2017-09-30": "", "2017-06-30": "", "2017-03-31": "", "2016-12-31": "", "2016-09-30": "", "2016-06-30": "", "2016-03-31": "", "2015-12-31": "", "2015-09-30": "", "2015-06-30": "", "2015-03-31": "", "2014-12-31": "", "2014-09-30": "", "2014-06-30": "", "2014-03-31": "", "2013-12-31": "", "2013-09-30": "", "2013-06-30": "", "2013-03-31": "", "2012-12-31": "", "2012-09-30": "", "2012-06-30": "", "2012-03-31": "", "2011-12-31": "", "2011-09-30": "", "2011-06-30": "", "2011-03-31": "", "2010-12-31": "", "2010-09-30": "", "2010-06-30": "", "2010-03-31": "", "2009-12-31": "", "2009-09-30": "", "2009-06-30": "", "2009-03-31": "", "2008-12-31": "", "2008-09-30": "", "2008-06-30": "", "2008-03-31": "", "2007-12-31": "", "2007-09-30": "", "2007-06-30": "", "2007-03-31": "", "2006-12-31": "", "2006-09-30": "", "2006-06-30": "", "2006-03-31": "", "2005-12-31": "", "2005-09-30": "", "2005-06-30": "", "2005-03-31": ""}, "Income From Continuous Operations": {"2020-09-30": "78.05400", "2020-06-30": "18.86200", "2020-03-31": "-33.89100", "2019-12-31": "146.01700", "2019-09-30": "42.96500", "2019-06-30": "57.19500", "2019-03-31": "81.70200", "2018-12-31": "56.73800", "2018-09-30": "125.07000", "2018-06-30": "46.63500", "2018-03-31": "42.96500", "2017-12-31": "214.56000", "2017-09-30": "24.84400", "2017-06-30": "41.99900", "2017-03-31": "21.08600", "2016-12-31": "36.91800", "2016-09-30": "33.12600", "2016-06-30": "61.19900", "2016-03-31": "38.21500", "2015-12-31": "51.10900", "2015-09-30": "-230.93500", "2015-06-30": "39.92500", "2015-03-31": "-1.48900", "2014-12-31": "249.93900", "2014-09-30": "10.23000", "2014-06-30": "374.66100", "2014-03-31": "130.57300", "2013-12-31": "-58.99800", "2013-09-30": "54.41200", "2013-06-30": "47.08500", "2013-03-31": "22.23200", "2012-12-31": "-55.39200", "2012-09-30": "56.40800", "2012-06-30": "36.29600", "2012-03-31": "13.98000", "2011-12-31": "72.40400", "2011-09-30": "12.82200", "2011-06-30": "47.78300", "2011-03-31": "18.37900", "2010-12-31": "116.51300", "2010-09-30": "85.66700", "2010-06-30": "101.71900", "2010-03-31": "52.02000", "2009-12-31": "129.39000", "2009-09-30": "25.96000", "2009-06-30": "20.34000", "2009-03-31": "-19.48300", "2008-12-31": "49.27200", "2008-09-30": "10.36600", "2008-06-30": "-2.65200", "2008-03-31": "39.32200", "2007-12-31": "83.25700", "2007-09-30": "72.46200", "2007-06-30": "68.81600", "2007-03-31": "64.43000", "2006-12-31": "95.54500", "2006-09-30": "73.29600", "2006-06-30": "78.74400", "2006-03-31": "81.94900", "2005-12-31": "102.44000", "2005-09-30": "66.55800", "2005-06-30": "78.75500", "2005-03-31": "66.59100"}, "Income From Discontinued Operations": {"2020-09-30": "", "2020-06-30": "", "2020-03-31": "", "2019-12-31": "", "2019-09-30": "", "2019-06-30": "", "2019-03-31": "", "2018-12-31": "", "2018-09-30": "", "2018-06-30": "", "2018-03-31": "", "2017-12-31": "", "2017-09-30": "", "2017-06-30": "", "2017-03-31": "", "2016-12-31": "", "2016-09-30": "", "2016-06-30": "", "2016-03-31": "", "2015-12-31": "0.00000", "2015-09-30": "0.37900", "2015-06-30": "18.50200", "2015-03-31": "23.28900", "2014-12-31": "84.72700", "2014-09-30": "66.20900", "2014-06-30": "375.18900", "2014-03-31": "1.73200", "2013-12-31": "215.52600", "2013-09-30": "-23.98800", "2013-06-30": "-1.95100", "2013-03-31": "-16.97300", "2012-12-31": "10.01700", "2012-09-30": "37.53900", "2012-06-30": "15.75100", "2012-03-31": "17.58800", "2011-12-31": "-10.67300", "2011-09-30": "-18.78800", "2011-06-30": "-2.02000", "2011-03-31": "-2.75000", "2010-12-31": "-37.52400", "2010-09-30": "-24.59100", "2010-06-30": "-9.59200", "2010-03-31": "-6.19200", "2009-12-31": "-47.14100", "2009-09-30": "-8.89400", "2009-06-30": "-8.97200", "2009-03-31": "", "2008-12-31": "", "2008-09-30": "", "2008-06-30": "", "2008-03-31": "", "2007-12-31": "", "2007-09-30": "", "2007-06-30": "", "2007-03-31": "", "2006-12-31": "", "2006-09-30": "", "2006-06-30": "", "2006-03-31": "", "2005-12-31": "", "2005-09-30": "", "2005-06-30": "", "2005-03-31": ""}, "Net Income": {"2020-09-30": "77.61500", "2020-06-30": "18.85400", "2020-03-31": "-33.24500", "2019-12-31": "145.88100", "2019-09-30": "43.14500", "2019-06-30": "57.08100", "2019-03-31": "81.74800", "2018-12-31": "56.68500", "2018-09-30": "125.06400", "2018-06-30": "46.56600", "2018-03-31": "42.89100", "2017-12-31": "214.17800", "2017-09-30": "24.78400", "2017-06-30": "41.99600", "2017-03-31": "21.08600", "2016-12-31": "50.67600", "2016-09-30": "33.12600", "2016-06-30": "60.76600", "2016-03-31": "24.02200", "2015-12-31": "51.16900", "2015-09-30": "-230.84300", "2015-06-30": "57.78200", "2015-03-31": "20.60600", "2014-12-31": "334.41000", "2014-09-30": "76.35100", "2014-06-30": "750.13700", "2014-03-31": "132.09800", "2013-12-31": "156.47300", "2013-09-30": "30.14400", "2013-06-30": "44.67500", "2013-03-31": "4.71800", "2012-12-31": "-45.43900", "2012-09-30": "93.79600", "2012-06-30": "51.81400", "2012-03-31": "31.04700", "2011-12-31": "61.71400", "2011-09-30": "-6.20800", "2011-06-30": "45.57300", "2011-03-31": "15.15400", "2010-12-31": "78.98700", "2010-09-30": "60.92200", "2010-06-30": "91.90400", "2010-03-31": "45.37900", "2009-12-31": "81.71500", "2009-09-30": "17.05000", "2009-06-30": "12.24900", "2009-03-31": "-19.16800", "2008-12-31": "18.82700", "2008-09-30": "10.09300", "2008-06-30": "-2.93800", "2008-03-31": "38.79400", "2007-12-31": "82.89900", "2007-09-30": "72.22500", "2007-06-30": "68.58600", "2007-03-31": "63.94500", "2006-12-31": "95.54500", "2006-09-30": "73.05100", "2006-06-30": "78.49900", "2006-03-31": "76.38300", "2005-12-31": "102.44000", "2005-09-30": "66.31300", "2005-06-30": "78.51000", "2005-03-31": "66.10000"}, "EBITDA": {"2020-09-30": "94.05090", "2020-06-30": "81.83300", "2020-03-31": "79.10400", "2019-12-31": "91.01300", "2019-09-30": "66.48910", "2019-06-30": "105.93800", "2019-03-31": "86.93890", "2018-12-31": "103.75720", "2018-09-30": "94.76500", "2018-06-30": "90.64400", "2018-03-31": "69.24000", "2017-12-31": "78.41790", "2017-09-30": "54.18800", "2017-06-30": "85.36600", "2017-03-31": "31.74100", "2016-12-31": "53.65490", "2016-09-30": "90.75000", "2016-06-30": "96.46300", "2016-03-31": "74.89500", "2015-12-31": "92.80410", "2015-09-30": "53.84000", "2015-06-30": "128.79200", "2015-03-31": "72.17600", "2014-12-31": "86.77480", "2014-09-30": "93.93610", "2014-06-30": "165.39200", "2014-03-31": "136.07400", "2013-12-31": "-6.04800", "2013-09-30": "143.26600", "2013-06-30": "163.48900", "2013-03-31": "116.83700", "2012-12-31": "58.54970", "2012-09-30": "162.16600", "2012-06-30": "130.50300", "2012-03-31": "88.83000", "2011-12-31": "196.08610", "2011-09-30": "154.42300", "2011-06-30": "154.56510", "2011-03-31": "127.27500", "2010-12-31": "265.94490", "2010-09-30": "234.29000", "2010-06-30": "237.33910", "2010-03-31": "172.41500", "2009-12-31": "260.79420", "2009-09-30": "176.87500", "2009-06-30": "110.22090", "2009-03-31": "65.02190", "2008-12-31": "196.83200", "2008-09-30": "118.70300", "2008-06-30": "72.57710", "2008-03-31": "131.93900", "2007-12-31": "214.04090", "2007-09-30": "169.97510", "2007-06-30": "183.63390", "2007-03-31": "148.17600", "2006-12-31": "175.63800", "2006-09-30": "170.09990", "2006-06-30": "148.09500", "2006-03-31": "188.17300", "2005-12-31": "209.20330", "2005-09-30": "161.50200", "2005-06-30": "187.06500", "2005-03-31": "155.16500"}, "EBIT": {"2020-09-30": "40.24400", "2020-06-30": "5.87700", "2020-03-31": "8.08500", "2019-12-31": "30.31210", "2019-09-30": "16.26810", "2019-06-30": "57.96300", "2019-03-31": "40.00290", "2018-12-31": "75.58220", "2018-09-30": "60.73900", "2018-06-30": "65.62600", "2018-03-31": "44.21400", "2017-12-31": "49.45890", "2017-09-30": "26.95000", "2017-06-30": "49.74100", "2017-03-31": "10.25300", "2016-12-31": "28.82390", "2016-09-30": "68.03300", "2016-06-30": "74.14000", "2016-03-31": "51.87200", "2015-12-31": "67.81100", "2015-09-30": "-213.72300", "2015-06-30": "56.22500", "2015-03-31": "8.86200", "2014-12-31": "11.08190", "2014-09-30": "41.20910", "2014-06-30": "101.56000", "2014-03-31": "78.86900", "2013-12-31": "-72.90290", "2013-09-30": "78.88900", "2013-06-30": "96.30100", "2013-03-31": "47.14700", "2012-12-31": "-28.94220", "2012-09-30": "93.23600", "2012-06-30": "63.02100", "2012-03-31": "21.29800", "2011-12-31": "125.22710", "2011-09-30": "70.23900", "2011-06-30": "82.09910", "2011-03-31": "56.55300", "2010-12-31": "195.38920", "2010-09-30": "137.47400", "2010-06-30": "166.89810", "2010-03-31": "103.10300", "2009-12-31": "215.92520", "2009-09-30": "74.62700", "2009-06-30": "19.45290", "2009-03-31": "-19.60610", "2008-12-31": "119.96790", "2008-09-30": "40.26700", "2008-06-30": "4.81600", "2008-03-31": "66.86900", "2007-12-31": "149.29490", "2007-09-30": "110.46610", "2007-06-30": "125.25990", "2007-03-31": "91.99500", "2006-12-31": "116.19400", "2006-09-30": "108.64590", "2006-06-30": "97.20500", "2006-03-31": "137.75900", "2005-12-31": "156.84610", "2005-09-30": "112.38400", "2005-06-30": "137.69500", "2005-03-31": "107.98900"}, "Basic Shares Outstanding": {"2020-09-30": "5.06000", "2020-06-30": "5.19600", "2020-03-31": "5.27400", "2019-12-31": "5.28500", "2019-09-30": "5.28500", "2019-06-30": "5.28500", "2019-03-31": "5.28400", "2018-12-31": "5.33300", "2018-09-30": "5.30200", "2018-06-30": "5.32500", "2018-03-31": "5.43600", "2017-12-31": "5.51600", "2017-09-30": "5.51800", "2017-06-30": "5.53900", "2017-03-31": "5.53500", "2016-12-31": "5.55900", "2016-09-30": "5.54400", "2016-06-30": "5.54400", "2016-03-31": "5.62300", "2015-12-31": "5.72700", "2015-09-30": "5.73800", "2015-06-30": "5.72000", "2015-03-31": "5.70400", "2014-12-31": "6.47000", "2014-09-30": "5.67100", "2014-06-30": "7.28400", "2014-03-31": "7.27500", "2013-12-31": "7.23800", "2013-09-30": "7.23100", "2013-06-30": "7.22900", "2013-03-31": "7.22700", "2012-12-31": "7.36000", "2012-09-30": "7.27200", "2012-06-30": "7.43100", "2012-03-31": "7.51400", "2011-12-31": "7.82600", "2011-09-30": "7.80200", "2011-06-30": "7.85200", "2011-03-31": "8.04600", "2010-12-31": "8.86900", "2010-09-30": "8.83900", "2010-06-30": "9.12600", "2010-03-31": "9.17500", "2009-12-31": "9.33200", "2009-09-30": "9.34000", "2009-06-30": "9.34000", "2009-03-31": "9.33900", "2008-12-31": "9.40800", "2008-09-30": "9.33400", "2008-06-30": "9.48000", "2008-03-31": "9.48400", "2007-12-31": "9.49200", "2007-09-30": "9.47300", "2007-06-30": "9.50200", "2007-03-31": "9.51300", "2006-12-31": "9.56800", "2006-09-30": "9.58100", "2006-06-30": "9.57500", "2006-03-31": "9.57000", "2005-12-31": "9.59400", "2005-09-30": "9.59600", "2005-06-30": "9.59400", "2005-03-31": "9.58900"}, "Shares Outstanding": {"2020-09-30": "5.07200", "2020-06-30": "5.20100", "2020-03-31": "5.27400", "2019-12-31": "5.32700", "2019-09-30": "5.32900", "2019-06-30": "5.32900", "2019-03-31": "5.32600", "2018-12-31": "5.37000", "2018-09-30": "5.33700", "2018-06-30": "5.36200", "2018-03-31": "5.47300", "2017-12-31": "5.55200", "2017-09-30": "5.55400", "2017-06-30": "5.57700", "2017-03-31": "5.56900", "2016-12-31": "5.58900", "2016-09-30": "5.57400", "2016-06-30": "5.57400", "2016-03-31": "5.65200", "2015-12-31": "5.72700", "2015-09-30": "5.83700", "2015-06-30": "5.80500", "2015-03-31": "5.79100", "2014-12-31": "6.55900", "2014-09-30": "5.75700", "2014-06-30": "7.36300", "2014-03-31": "7.35200", "2013-12-31": "7.33300", "2013-09-30": "7.33700", "2013-06-30": "7.28300", "2013-03-31": "7.26600", "2012-12-31": "7.40400", "2012-09-30": "7.37600", "2012-06-30": "7.54500", "2012-03-31": "7.61500", "2011-12-31": "7.90500", "2011-09-30": "7.88300", "2011-06-30": "7.93300", "2011-03-31": "8.11900", "2010-12-31": "8.93100", "2010-09-30": "8.90400", "2010-06-30": "9.19300", "2010-03-31": "9.24100", "2009-12-31": "9.39200", "2009-09-30": "9.40100", "2009-06-30": "9.40000", "2009-03-31": "9.33900", "2008-12-31": "9.43000", "2008-09-30": "9.35800", "2008-06-30": "9.48000", "2008-03-31": "9.51300", "2007-12-31": "9.52800", "2007-09-30": "9.50900", "2007-06-30": "9.53600", "2007-03-31": "9.54700", "2006-12-31": "9.60600", "2006-09-30": "9.61700", "2006-06-30": "9.61300", "2006-03-31": "9.60600", "2005-12-31": "9.61600", "2005-09-30": "9.61800", "2005-06-30": "9.61800", "2005-03-31": "9.61700"}, "Basic EPS": {"2020-09-30": "15.25000", "2020-06-30": "3.61000", "2020-03-31": "-6.32000", "2019-12-31": "27.46000", "2019-09-30": "8.12000", "2019-06-30": "10.74000", "2019-03-31": "15.38000", "2018-12-31": "10.59000", "2018-09-30": "23.43000", "2018-06-30": "8.69000", "2018-03-31": "7.84000", "2017-12-31": "38.51000", "2017-09-30": "4.45000", "2017-06-30": "7.51000", "2017-03-31": "3.77000", "2016-12-31": "6.60000", "2016-09-30": "5.90000", "2016-06-30": "10.82000", "2016-03-31": "6.63000", "2015-12-31": "8.95000", "2015-09-30": "-40.25000", "2015-06-30": "9.92000", "2015-03-31": "3.51000", "2014-12-31": "63.98000", "2014-09-30": "13.18000", "2014-06-30": "100.80000", "2014-03-31": "17.85000", "2013-12-31": "21.37000", "2013-09-30": "4.07000", "2013-06-30": "6.02000", "2013-03-31": "0.64000", "2012-12-31": "-6.16000", "2012-09-30": "12.64000", "2012-06-30": "6.84000", "2012-03-31": "4.07000", "2011-12-31": "7.91000", "2011-09-30": "-0.82000", "2011-06-30": "5.74000", "2011-03-31": "1.87000", "2010-12-31": "9.30000", "2010-09-30": "6.85000", "2010-06-30": "10.00000", "2010-03-31": "4.91000", "2009-12-31": "8.71000", "2009-09-30": "1.81000", "2009-06-30": "1.30000", "2009-03-31": "-2.04000", "2008-12-31": "2.03000", "2008-09-30": "1.08000", "2008-06-30": "-0.31000", "2008-03-31": "4.09000", "2007-12-31": "8.75000", "2007-09-30": "7.62000", "2007-06-30": "7.22000", "2007-03-31": "6.72000", "2006-12-31": "10.01000", "2006-09-30": "7.62000", "2006-06-30": "8.20000", "2006-03-31": "7.98000", "2005-12-31": "10.68000", "2005-09-30": "6.91000", "2005-06-30": "8.18000", "2005-03-31": "6.89000"}, "EPS - Earnings Per Share": {"2020-09-30": "15.22000", "2020-06-30": "3.60000", "2020-03-31": "-6.32000", "2019-12-31": "27.25000", "2019-09-30": "8.05000", "2019-06-30": "10.65000", "2019-03-31": "15.26000", "2018-12-31": "10.51000", "2018-09-30": "23.28000", "2018-06-30": "8.63000", "2018-03-31": "7.78000", "2017-12-31": "38.26000", "2017-09-30": "4.42000", "2017-06-30": "7.46000", "2017-03-31": "3.75000", "2016-12-31": "6.58000", "2016-09-30": "5.87000", "2016-06-30": "10.76000", "2016-03-31": "6.59000", "2015-12-31": "9.03000", "2015-09-30": "-40.25000", "2015-06-30": "9.87000", "2015-03-31": "3.48000", "2014-12-31": "63.64000", "2014-09-30": "13.12000", "2014-06-30": "100.48000", "2014-03-31": "17.79000", "2013-12-31": "21.34000", "2013-09-30": "4.05000", "2013-06-30": "6.02000", "2013-03-31": "0.64000", "2012-12-31": "-6.16000", "2012-09-30": "12.64000", "2012-06-30": "6.84000", "2012-03-31": "4.07000", "2011-12-31": "7.91000", "2011-09-30": "-0.82000", "2011-06-30": "5.74000", "2011-03-31": "1.87000", "2010-12-31": "9.29000", "2010-09-30": "6.84000", "2010-06-30": "10.00000", "2010-03-31": "4.91000", "2009-12-31": "8.71000", "2009-09-30": "1.81000", "2009-06-30": "1.30000", "2009-03-31": "-2.04000", "2008-12-31": "2.02000", "2008-09-30": "1.08000", "2008-06-30": "-0.31000", "2008-03-31": "4.08000", "2007-12-31": "8.70000", "2007-09-30": "7.60000", "2007-06-30": "7.19000", "2007-03-31": "6.70000", "2006-12-31": "9.96000", "2006-09-30": "7.60000", "2006-06-30": "8.17000", "2006-03-31": "7.95000", "2005-12-31": "10.67000", "2005-09-30": "6.89000", "2005-06-30": "8.16000", "2005-03-31": "6.87000"}}, "balance sheet": {"Cash On Hand": {"2019-12-31": "814.01100", "2018-12-31": "778.69600", "2017-12-31": "964.71900", "2016-12-31": "1119.05700", "2015-12-31": "1154.39700", "2014-12-31": "1024.40100", "2013-12-31": "1175.80600", "2012-12-31": "959.90700", "2011-12-31": "745.06000", "2010-12-31": "842.62800", "2009-12-31": "862.67400", "2008-12-31": "747.84600", "2007-12-31": "373.14400", "2006-12-31": "377.07100", "2005-12-31": "283.45700"}, "Receivables": {"2019-12-31": "634.95100", "2018-12-31": "601.44600", "2017-12-31": "644.22000", "2016-12-31": "656.73600", "2015-12-31": "620.81800", "2014-12-31": "571.35700", "2013-12-31": "446.64400", "2012-12-31": "399.20400", "2011-12-31": "409.71500", "2010-12-31": "430.33100", "2009-12-31": "430.66900", "2008-12-31": "479.36100", "2007-12-31": "480.74300", "2006-12-31": "423.40300", "2005-12-31": "425.20300"}, "Inventory": {"2019-12-31": "108.92800", "2018-12-31": "69.47700", "2017-12-31": "60.61200", "2016-12-31": "34.81800", "2015-12-31": "32.06800", "2014-12-31": "11.30900", "2013-12-31": "2.92400", "2012-12-31": "7.98500", "2011-12-31": "6.57100", "2010-12-31": "4.98400", "2009-12-31": "16.01900", "2008-12-31": "40.21300", "2007-12-31": "23.19400", "2006-12-31": "19.97300", "2005-12-31": "15.07900"}, "Pre-Paid Expenses": {"2019-12-31": "", "2018-12-31": "", "2017-12-31": "", "2016-12-31": "", "2015-12-31": "", "2014-12-31": "", "2013-12-31": "", "2012-12-31": "", "2011-12-31": "", "2010-12-31": "", "2009-12-31": "", "2008-12-31": "", "2007-12-31": "", "2006-12-31": "", "2005-12-31": ""}, "Other Current Assets": {"2019-12-31": "105.59500", "2018-12-31": "82.72300", "2017-12-31": "66.25300", "2016-12-31": "60.73500", "2015-12-31": "53.43900", "2014-12-31": "81.46200", "2013-12-31": "77.01300", "2012-12-31": "82.69200", "2011-12-31": "70.93600", "2010-12-31": "68.63700", "2009-12-31": "64.06900", "2008-12-31": "73.15300", "2007-12-31": "71.49000", "2006-12-31": "65.44200", "2005-12-31": "57.26700"}, "Total Current Assets": {"2019-12-31": "1663.48500", "2018-12-31": "1532.34200", "2017-12-31": "1735.80400", "2016-12-31": "1871.34600", "2015-12-31": "1860.72200", "2014-12-31": "1690.70300", "2013-12-31": "1702.38700", "2012-12-31": "1453.76200", "2011-12-31": "1245.62500", "2010-12-31": "1361.89800", "2009-12-31": "1388.06400", "2008-12-31": "1351.54000", "2007-12-31": "994.97000", "2006-12-31": "934.82500", "2005-12-31": "818.32600"}, "Property, Plant, And Equipment": {"2019-12-31": "384.67000", "2018-12-31": "293.08500", "2017-12-31": "259.35800", "2016-12-31": "233.66400", "2015-12-31": "231.12300", "2014-12-31": "860.82900", "2013-12-31": "927.54200", "2012-12-31": "1081.23700", "2011-12-31": "1152.39000", "2010-12-31": "1200.72600", "2009-12-31": "1239.69200", "2008-12-31": "1302.33400", "2007-12-31": "1280.73700", "2006-12-31": "1218.30900", "2005-12-31": "1142.63200"}, "Long-Term Investments": {"2019-12-31": "162.24900", "2018-12-31": "143.81300", "2017-12-31": "128.59000", "2016-12-31": "58.80600", "2015-12-31": "59.22900", "2014-12-31": "19.81100", "2013-12-31": "15.75400", "2012-12-31": "15.53500", "2011-12-31": "17.10100", "2010-12-31": "31.63700", "2009-12-31": "54.72200", "2008-12-31": "76.43700", "2007-12-31": "520.18000", "2006-12-31": "390.49600", "2005-12-31": "329.10000"}, "Goodwill And Intangible Assets": {"2019-12-31": "1761.95700", "2018-12-31": "1660.02500", "2017-12-31": "1639.88100", "2016-12-31": "1296.91900", "2015-12-31": "1146.58900", "2014-12-31": "1962.41000", "2013-12-31": "1869.48800", "2012-12-31": "1903.22000", "2011-12-31": "2000.26000", "2010-12-31": "1968.41500", "2009-12-31": "2034.78800", "2008-12-31": "2015.74000", "2007-12-31": "2089.57900", "2006-12-31": "1789.79200", "2005-12-31": "1643.07600"}, "Other Long-Term Assets": {"2019-12-31": "", "2018-12-31": "", "2017-12-31": "", "2016-12-31": "", "2015-12-31": "", "2014-12-31": "", "2013-12-31": "", "2012-12-31": "", "2011-12-31": "", "2010-12-31": "", "2009-12-31": "", "2008-12-31": "", "2007-12-31": "", "2006-12-31": "", "2005-12-31": ""}, "Total Long-Term Assets": {"2019-12-31": "4267.75100", "2018-12-31": "3231.69900", "2017-12-31": "3202.01900", "2016-12-31": "2561.32400", "2015-12-31": "2492.10300", "2014-12-31": "4061.61600", "2013-12-31": "4108.65900", "2012-12-31": "3651.30700", "2011-12-31": "3771.36100", "2010-12-31": "3796.46900", "2009-12-31": "3798.14200", "2008-12-31": "3806.89400", "2007-12-31": "5009.53900", "2006-12-31": "4446.54700", "2005-12-31": "3766.44700"}, "Total Assets": {"2019-12-31": "5931.23600", "2018-12-31": "4764.04100", "2017-12-31": "4937.82300", "2016-12-31": "4432.67000", "2015-12-31": "4352.82500", "2014-12-31": "5752.31900", "2013-12-31": "5811.04600", "2012-12-31": "5105.06900", "2011-12-31": "5016.98600", "2010-12-31": "5158.36700", "2009-12-31": "5186.20600", "2008-12-31": "5158.43400", "2007-12-31": "6004.50900", "2006-12-31": "5381.37200", "2005-12-31": "4584.77300"}, "Total Current Liabilities": {"2019-12-31": "1041.87100", "2018-12-31": "812.16200", "2017-12-31": "878.61200", "2016-12-31": "818.96100", "2015-12-31": "725.14900", "2014-12-31": "1050.79200", "2013-12-31": "934.10900", "2012-12-31": "1126.28600", "2011-12-31": "995.55600", "2010-12-31": "1008.27700", "2009-12-31": "989.58300", "2008-12-31": "1094.24800", "2007-12-31": "1013.47300", "2006-12-31": "811.64100", "2005-12-31": "694.72100"}, "Long Term Debt": {"2019-12-31": "430.65000", "2018-12-31": "470.77700", "2017-12-31": "486.56100", "2016-12-31": "485.71900", "2015-12-31": "399.80000", "2014-12-31": "399.54500", "2013-12-31": "447.60800", "2012-12-31": "453.38400", "2011-12-31": "452.22900", "2010-12-31": "396.65000", "2009-12-31": "396.23600", "2008-12-31": "400.00300", "2007-12-31": "400.51900", "2006-12-31": "401.57100", "2005-12-31": "403.63500"}, "Other Non-Current Liabilities": {"2019-12-31": "221.05900", "2018-12-31": "237.55300", "2017-12-31": "65.97700", "2016-12-31": "65.55400", "2015-12-31": "70.67800", "2014-12-31": "91.78900", "2013-12-31": "86.00000", "2012-12-31": "109.77400", "2011-12-31": "336.04500", "2010-12-31": "350.07000", "2009-12-31": "345.42300", "2008-12-31": "345.22100", "2007-12-31": "326.79700", "2006-12-31": "315.70200", "2005-12-31": "262.27000"}, "Total Long Term Liabilities": {"2019-12-31": "1562.56900", "2018-12-31": "1035.09700", "2017-12-31": "1144.06600", "2016-12-31": "1160.76800", "2015-12-31": "1136.97800", "2014-12-31": "1560.75200", "2013-12-31": "1576.64900", "2012-12-31": "1392.56500", "2011-12-31": "1419.53400", "2010-12-31": "1335.72600", "2009-12-31": "1245.07600", "2008-12-31": "1193.93500", "2007-12-31": "1518.05100", "2006-12-31": "1398.09700", "2005-12-31": "1239.36200"}, "Total Liabilities": {"2019-12-31": "2604.44000", "2018-12-31": "1847.25900", "2017-12-31": "2022.67800", "2016-12-31": "1979.72900", "2015-12-31": "1862.12700", "2014-12-31": "2611.54400", "2013-12-31": "2510.75800", "2012-12-31": "2518.85100", "2011-12-31": "2415.09000", "2010-12-31": "2344.00300", "2009-12-31": "2234.65900", "2008-12-31": "2288.18300", "2007-12-31": "2531.52400", "2006-12-31": "2209.73800", "2005-12-31": "1934.08300"}, "Common Stock Net": {"2019-12-31": "20.00000", "2018-12-31": "20.00000", "2017-12-31": "20.00000", "2016-12-31": "20.00000", "2015-12-31": "20.00000", "2014-12-31": "20.00000", "2013-12-31": "20.00000", "2012-12-31": "20.00000", "2011-12-31": "20.00000", "2010-12-31": "20.00000", "2009-12-31": "20.00000", "2008-12-31": "20.00000", "2007-12-31": "20.00000", "2006-12-31": "20.00000", "2005-12-31": "20.00000"}, "Retained Earnings (Accumulated Deficit)": {"2019-12-31": "6534.42700", "2018-12-31": "6236.12500", "2017-12-31": "5791.72400", "2016-12-31": "5588.94200", "2015-12-31": "5447.67700", "2014-12-31": "6008.50600", "2013-12-31": "4782.77700", "2012-12-31": "4546.77500", "2011-12-31": "4561.98900", "2010-12-31": "4520.33200", "2009-12-31": "4324.28900", "2008-12-31": "4313.28700", "2007-12-31": "4329.72600", "2006-12-31": "4120.14300", "2005-12-31": "3871.58700"}, "Comprehensive Income": {"2019-12-31": "303.29500", "2018-12-31": "203.82900", "2017-12-31": "535.55500", "2016-12-31": "236.48600", "2015-12-31": "314.68000", "2014-12-31": "453.48000", "2013-12-31": "699.49400", "2012-12-31": "252.85400", "2011-12-31": "165.32900", "2010-12-31": "182.13900", "2009-12-31": "104.51200", "2008-12-31": "-10.68000", "2007-12-31": "494.53600", "2006-12-31": "377.56100", "2005-12-31": "63.35200"}, "Other Share Holders Equity": {"2019-12-31": "", "2018-12-31": "", "2017-12-31": "", "2016-12-31": "", "2015-12-31": "", "2014-12-31": "", "2013-12-31": "", "2012-12-31": "", "2011-12-31": "", "2010-12-31": "", "2009-12-31": "", "2008-12-31": "", "2007-12-31": "", "2006-12-31": "", "2005-12-31": ""}, "Share Holder Equity": {"2019-12-31": "3326.79600", "2018-12-31": "2916.78200", "2017-12-31": "2915.14500", "2016-12-31": "2452.94100", "2015-12-31": "2490.69800", "2014-12-31": "3140.77500", "2013-12-31": "3300.28800", "2012-12-31": "2586.21800", "2011-12-31": "2601.89600", "2010-12-31": "2814.36400", "2009-12-31": "2951.54700", "2008-12-31": "2870.25100", "2007-12-31": "3472.98500", "2006-12-31": "3171.63400", "2005-12-31": "2650.69000"}, "Total Liabilities And Share Holders Equity": {"2019-12-31": "5931.23600", "2018-12-31": "4764.04100", "2017-12-31": "4937.82300", "2016-12-31": "4432.67000", "2015-12-31": "4352.82500", "2014-12-31": "5752.31900", "2013-12-31": "5811.04600", "2012-12-31": "5105.06900", "2011-12-31": "5016.98600", "2010-12-31": "5158.36700", "2009-12-31": "5186.20600", "2008-12-31": "5158.43400", "2007-12-31": "6004.50900", "2006-12-31": "5381.37200", "2005-12-31": "4584.77300"}}, "balance sheet, quarterly": {"Cash On Hand": {"2020-09-30": "812.99000", "2020-06-30": "721.03200", "2020-03-31": "653.01900", "2019-12-31": "814.01100", "2019-09-30": "711.61800", "2019-06-30": "724.50900", "2019-03-31": "719.06700", "2018-12-31": "778.69600", "2018-09-30": "794.66200", "2018-06-30": "776.85100", "2018-03-31": "819.63400", "2017-12-31": "964.71900", "2017-09-30": "935.99800", "2017-06-30": "925.13900", "2017-03-31": "1113.90000", "2016-12-31": "1119.05700", "2016-09-30": "1029.86400", "2016-06-30": "999.80200", "2016-03-31": "949.39500", "2015-12-31": "1154.39700", "2015-09-30": "1346.41400", "2015-06-30": "1446.03200", "2015-03-31": "865.90600", "2014-12-31": "1024.40100", "2014-09-30": "687.21900", "2014-06-30": "610.05800", "2014-03-31": "1340.46200", "2013-12-31": "1175.80600", "2013-09-30": "985.67700", "2013-06-30": "912.13700", "2013-03-31": "808.13200", "2012-12-31": "959.90700", "2012-09-30": "751.41600", "2012-06-30": "708.06100", "2012-03-31": "721.19800", "2011-12-31": "745.06000", "2011-09-30": "653.28600", "2011-06-30": "685.95400", "2011-03-31": "737.48900", "2010-12-31": "842.62800", "2010-09-30": "977.34300", "2010-06-30": "1051.54200", "2010-03-31": "1046.51500", "2009-12-31": "862.67400", "2009-09-30": "903.77800", "2009-06-30": "714.19200", "2009-03-31": "658.55400", "2008-12-31": "747.84600", "2008-09-30": "416.33600", "2008-06-30": "326.47300", "2008-03-31": "313.65100", "2007-12-31": "373.14400", "2007-09-30": "375.13000", "2007-06-30": "279.41000", "2007-03-31": "324.90400", "2006-12-31": "377.07100", "2006-09-30": "359.58500", "2006-06-30": "312.79900", "2006-03-31": "365.23700", "2005-12-31": "283.45700", "2005-09-30": "238.41500", "2005-06-30": "231.22300", "2005-03-31": "273.00100"}, "Receivables": {"2020-09-30": "507.37100", "2020-06-30": "489.07900", "2020-03-31": "570.37600", "2019-12-31": "634.95100", "2019-09-30": "621.58100", "2019-06-30": "551.59800", "2019-03-31": "554.20800", "2018-12-31": "601.44600", "2018-09-30": "589.64500", "2018-06-30": "563.58000", "2018-03-31": "545.89700", "2017-12-31": "644.22000", "2017-09-30": "553.88700", "2017-06-30": "545.51100", "2017-03-31": "541.53800", "2016-12-31": "656.73600", "2016-09-30": "587.26800", "2016-06-30": "531.18800", "2016-03-31": "565.40000", "2015-12-31": "620.81800", "2015-09-30": "539.74500", "2015-06-30": "533.14400", "2015-03-31": "495.63100", "2014-12-31": "571.35700", "2014-09-30": "460.60000", "2014-06-30": "404.98900", "2014-03-31": "406.29300", "2013-12-31": "446.64400", "2013-09-30": "375.22300", "2013-06-30": "364.96300", "2013-03-31": "372.46600", "2012-12-31": "399.20400", "2012-09-30": "442.16300", "2012-06-30": "368.09600", "2012-03-31": "363.91400", "2011-12-31": "409.71500", "2011-09-30": "406.11300", "2011-06-30": "414.35100", "2011-03-31": "385.88900", "2010-12-31": "430.33100", "2010-09-30": "402.06000", "2010-06-30": "374.90100", "2010-03-31": "402.98500", "2009-12-31": "430.66900", "2009-09-30": "415.51600", "2009-06-30": "396.39800", "2009-03-31": "440.00700", "2008-12-31": "479.36100", "2008-09-30": "494.14500", "2008-06-30": "465.03900", "2008-03-31": "453.33400", "2007-12-31": "480.74300", "2007-09-30": "452.19400", "2007-06-30": "417.05600", "2007-03-31": "404.62300", "2006-12-31": "423.40300", "2006-09-30": "432.90800", "2006-06-30": "424.22800", "2006-03-31": "395.99900", "2005-12-31": "425.20300", "2005-09-30": "387.84900", "2005-06-30": "367.46000", "2005-03-31": "349.44200"}, "Inventory": {"2020-09-30": "124.25800", "2020-06-30": "121.49000", "2020-03-31": "117.44000", "2019-12-31": "120.83400", "2019-09-30": "113.19600", "2019-06-30": "120.41500", "2019-03-31": "107.34400", "2018-12-31": "69.47700", "2018-09-30": "73.69600", "2018-06-30": "76.00500", "2018-03-31": "66.94900", "2017-12-31": "60.61200", "2017-09-30": "62.53100", "2017-06-30": "58.76000", "2017-03-31": "35.73600", "2016-12-31": "34.81800", "2016-09-30": "35.28300", "2016-06-30": "32.28100", "2016-03-31": "31.72900", "2015-12-31": "32.06800", "2015-09-30": "12.20600", "2015-06-30": "12.01900", "2015-03-31": "11.63400", "2014-12-31": "11.30900", "2014-09-30": "10.77400", "2014-06-30": "8.92200", "2014-03-31": "3.23400", "2013-12-31": "2.92400", "2013-09-30": "2.48400", "2013-06-30": "4.54100", "2013-03-31": "3.92900", "2012-12-31": "7.98500", "2012-09-30": "4.42400", "2012-06-30": "6.67300", "2012-03-31": "4.55500", "2011-12-31": "6.57100", "2011-09-30": "7.25200", "2011-06-30": "8.14200", "2011-03-31": "4.38000", "2010-12-31": "4.98400", "2010-09-30": "5.63800", "2010-06-30": "9.06400", "2010-03-31": "11.13000", "2009-12-31": "16.01900", "2009-09-30": "25.06000", "2009-06-30": "28.04700", "2009-03-31": "32.38700", "2008-12-31": "40.21300", "2008-09-30": "36.92800", "2008-06-30": "36.62900", "2008-03-31": "33.17700", "2007-12-31": "23.19400", "2007-09-30": "19.74400", "2007-06-30": "14.81600", "2007-03-31": "18.37900", "2006-12-31": "19.97300", "2006-09-30": "30.42700", "2006-06-30": "26.86300", "2006-03-31": "22.97200", "2005-12-31": "15.07900", "2005-09-30": "24.72000", "2005-06-30": "29.04100", "2005-03-31": "27.04300"}, "Pre-Paid Expenses": {"2020-09-30": "73.42600", "2020-06-30": "75.85700", "2020-03-31": "96.40700", "2019-12-31": "92.28900", "2019-09-30": "", "2019-06-30": "", "2019-03-31": "", "2018-12-31": "", "2018-09-30": "", "2018-06-30": "", "2018-03-31": "", "2017-12-31": "", "2017-09-30": "", "2017-06-30": "", "2017-03-31": "", "2016-12-31": "", "2016-09-30": "", "2016-06-30": "", "2016-03-31": "", "2015-12-31": "", "2015-09-30": "", "2015-06-30": "", "2015-03-31": "", "2014-12-31": "", "2014-09-30": "", "2014-06-30": "", "2014-03-31": "", "2013-12-31": "", "2013-09-30": "", "2013-06-30": "", "2013-03-31": "", "2012-12-31": "", "2012-09-30": "", "2012-06-30": "", "2012-03-31": "", "2011-12-31": "", "2011-09-30": "", "2011-06-30": "", "2011-03-31": "", "2010-12-31": "", "2010-09-30": "", "2010-06-30": "", "2010-03-31": "", "2009-12-31": "", "2009-09-30": "", "2009-06-30": "", "2009-03-31": "", "2008-12-31": "", "2008-09-30": "", "2008-06-30": "", "2008-03-31": "", "2007-12-31": "", "2007-09-30": "", "2007-06-30": "", "2007-03-31": "", "2006-12-31": "", "2006-09-30": "", "2006-06-30": "", "2006-03-31": "", "2005-12-31": "", "2005-09-30": "", "2005-06-30": "", "2005-03-31": ""}, "Other Current Assets": {"2020-09-30": "0.97600", "2020-06-30": "0.93900", "2020-03-31": "11.78300", "2019-12-31": "1.40000", "2019-09-30": "87.86300", "2019-06-30": "88.74800", "2019-03-31": "96.91600", "2018-12-31": "82.72300", "2018-09-30": "77.86400", "2018-06-30": "78.72100", "2018-03-31": "88.95600", "2017-12-31": "66.25300", "2017-09-30": "65.44300", "2017-06-30": "68.01500", "2017-03-31": "68.71700", "2016-12-31": "60.73500", "2016-09-30": "63.16200", "2016-06-30": "64.14200", "2016-03-31": "58.96500", "2015-12-31": "53.43900", "2015-09-30": "53.17100", "2015-06-30": "113.42300", "2015-03-31": "108.70000", "2014-12-31": "81.46200", "2014-09-30": "79.75000", "2014-06-30": "79.92800", "2014-03-31": "80.82800", "2013-12-31": "77.01300", "2013-09-30": "76.93600", "2013-06-30": "84.22700", "2013-03-31": "91.45400", "2012-12-31": "82.69200", "2012-09-30": "77.18100", "2012-06-30": "78.71600", "2012-03-31": "75.57800", "2011-12-31": "70.93600", "2011-09-30": "73.36600", "2011-06-30": "80.42900", "2011-03-31": "78.53100", "2010-12-31": "68.63700", "2010-09-30": "63.90500", "2010-06-30": "65.62200", "2010-03-31": "71.36700", "2009-12-31": "64.06900", "2009-09-30": "66.97900", "2009-06-30": "69.90600", "2009-03-31": "78.10900", "2008-12-31": "73.15300", "2008-09-30": "67.16100", "2008-06-30": "75.79600", "2008-03-31": "77.52100", "2007-12-31": "71.49000", "2007-09-30": "69.31500", "2007-06-30": "69.63700", "2007-03-31": "74.06600", "2006-12-31": "65.44200", "2006-09-30": "58.73300", "2006-06-30": "58.80100", "2006-03-31": "60.00600", "2005-12-31": "57.26700", "2005-09-30": "55.00000", "2005-06-30": "55.57500", "2005-03-31": "57.86800"}, "Total Current Assets": {"2020-09-30": "1519.02100", "2020-06-30": "1408.39700", "2020-03-31": "1449.02500", "2019-12-31": "1663.48500", "2019-09-30": "1534.25800", "2019-06-30": "1485.27000", "2019-03-31": "1477.53500", "2018-12-31": "1532.34200", "2018-09-30": "1535.86700", "2018-06-30": "1495.15700", "2018-03-31": "1521.43600", "2017-12-31": "1735.80400", "2017-09-30": "1617.85900", "2017-06-30": "1597.42500", "2017-03-31": "1759.89100", "2016-12-31": "1871.34600", "2016-09-30": "1715.57700", "2016-06-30": "1627.41300", "2016-03-31": "1605.48900", "2015-12-31": "1860.72200", "2015-09-30": "1956.13100", "2015-06-30": "2113.03400", "2015-03-31": "1486.08600", "2014-12-31": "1690.70300", "2014-09-30": "1264.11700", "2014-06-30": "1135.58600", "2014-03-31": "1830.81700", "2013-12-31": "1702.38700", "2013-09-30": "1510.68000", "2013-06-30": "1365.86800", "2013-03-31": "1275.98100", "2012-12-31": "1453.76200", "2012-09-30": "1278.11900", "2012-06-30": "1164.75800", "2012-03-31": "1173.55900", "2011-12-31": "1245.62500", "2011-09-30": "1181.90600", "2011-06-30": "1205.24800", "2011-03-31": "1217.60500", "2010-12-31": "1361.89800", "2010-09-30": "1459.72500", "2010-06-30": "1544.22800", "2010-03-31": "1531.99700", "2009-12-31": "1388.06400", "2009-09-30": "1411.33300", "2009-06-30": "1219.70800", "2009-03-31": "1209.05700", "2008-12-31": "1351.54000", "2008-09-30": "1062.47000", "2008-06-30": "949.43900", "2008-03-31": "924.08000", "2007-12-31": "994.97000", "2007-09-30": "953.52900", "2007-06-30": "825.57000", "2007-03-31": "868.60900", "2006-12-31": "934.82500", "2006-09-30": "921.37300", "2006-06-30": "861.93700", "2006-03-31": "882.50600", "2005-12-31": "818.32600", "2005-09-30": "737.59800", "2005-06-30": "714.66500", "2005-03-31": "738.47300"}, "Property, Plant, And Equipment": {"2020-09-30": "379.01000", "2020-06-30": "376.68100", "2020-03-31": "382.40800", "2019-12-31": "384.67000", "2019-09-30": "370.88200", "2019-06-30": "327.08400", "2019-03-31": "319.40800", "2018-12-31": "293.08500", "2018-09-30": "271.56000", "2018-06-30": "265.50200", "2018-03-31": "258.69400", "2017-12-31": "259.35800", "2017-09-30": "259.80900", "2017-06-30": "263.10000", "2017-03-31": "243.33000", "2016-12-31": "233.66400", "2016-09-30": "225.67300", "2016-06-30": "222.40800", "2016-03-31": "224.98600", "2015-12-31": "231.12300", "2015-09-30": "203.11300", "2015-06-30": "819.34300", "2015-03-31": "823.37600", "2014-12-31": "860.82900", "2014-09-30": "870.18200", "2014-06-30": "847.97000", "2014-03-31": "845.86800", "2013-12-31": "927.54200", "2013-09-30": "910.63600", "2013-06-30": "1031.75400", "2013-03-31": "1045.67000", "2012-12-31": "1081.23700", "2012-09-30": "1100.88500", "2012-06-30": "1117.42100", "2012-03-31": "1129.13100", "2011-12-31": "1152.39000", "2011-09-30": "1149.05400", "2011-06-30": "1168.59600", "2011-03-31": "1178.90700", "2010-12-31": "1200.72600", "2010-09-30": "1184.61500", "2010-06-30": "1175.49300", "2010-03-31": "1198.29100", "2009-12-31": "1239.69200", "2009-09-30": "1236.46000", "2009-06-30": "1258.09600", "2009-03-31": "1269.31600", "2008-12-31": "1302.33400", "2008-09-30": "1295.80000", "2008-06-30": "1300.44400", "2008-03-31": "1286.69400", "2007-12-31": "1280.73700", "2007-09-30": "1276.10000", "2007-06-30": "1255.15800", "2007-03-31": "1239.38800", "2006-12-31": "1218.30900", "2006-09-30": "1193.84300", "2006-06-30": "1175.98600", "2006-03-31": "1151.28700", "2005-12-31": "1142.63200", "2005-09-30": "1107.83400", "2005-06-30": "1097.64400", "2005-03-31": "1095.31600"}, "Long-Term Investments": {"2020-09-30": "157.52900", "2020-06-30": "156.67700", "2020-03-31": "167.62800", "2019-12-31": "162.24900", "2019-09-30": "163.98600", "2019-06-30": "159.66000", "2019-03-31": "140.12700", "2018-12-31": "143.81300", "2018-09-30": "142.75600", "2018-06-30": "133.55000", "2018-03-31": "131.88700", "2017-12-31": "128.59000", "2017-09-30": "122.16600", "2017-06-30": "67.81200", "2017-03-31": "60.28700", "2016-12-31": "58.80600", "2016-09-30": "64.81500", "2016-06-30": "63.83400", "2016-03-31": "60.58200", "2015-12-31": "59.22900", "2015-09-30": "53.19800", "2015-06-30": "50.89800", "2015-03-31": "36.12000", "2014-12-31": "19.81100", "2014-09-30": "21.97600", "2014-06-30": "21.00600", "2014-03-31": "20.95300", "2013-12-31": "15.75400", "2013-09-30": "32.99700", "2013-06-30": "27.38600", "2013-03-31": "22.06800", "2012-12-31": "15.53500", "2012-09-30": "25.21900", "2012-06-30": "21.72100", "2012-03-31": "19.32900", "2011-12-31": "17.10100", "2011-09-30": "25.45000", "2011-06-30": "32.68700", "2011-03-31": "29.22300", "2010-12-31": "31.63700", "2010-09-30": "44.99400", "2010-06-30": "42.30800", "2010-03-31": "42.13600", "2009-12-31": "54.72200", "2009-09-30": "55.26100", "2009-06-30": "77.93700", "2009-03-31": "72.00800", "2008-12-31": "76.43700", "2008-09-30": "498.55200", "2008-06-30": "456.67100", "2008-03-31": "500.87600", "2007-12-31": "520.18000", "2007-09-30": "450.26700", "2007-06-30": "419.99100", "2007-03-31": "394.93200", "2006-12-31": "390.49600", "2006-09-30": "351.45900", "2006-06-30": "339.88600", "2006-03-31": "334.16800", "2005-12-31": "329.10000", "2005-09-30": "310.46800", "2005-06-30": "313.77300", "2005-03-31": "312.68900"}, "Goodwill And Intangible Assets": {"2020-09-30": "1794.16000", "2020-06-30": "1788.17900", "2020-03-31": "1713.37100", "2019-12-31": "1761.95700", "2019-09-30": "1735.26300", "2019-06-30": "1700.62200", "2019-03-31": "1718.63500", "2018-12-31": "1660.02500", "2018-09-30": "1684.88200", "2018-06-30": "1617.39800", "2018-03-31": "1636.07400", "2017-12-31": "1639.88100", "2017-09-30": "1648.27900", "2017-06-30": "1638.29100", "2017-03-31": "1426.55800", "2016-12-31": "1296.91900", "2016-09-30": "1333.86200", "2016-06-30": "1324.82200", "2016-03-31": "1361.62400", "2015-12-31": "1146.58900", "2015-09-30": "1043.81500", "2015-06-30": "1923.54700", "2015-03-31": "1916.17100", "2014-12-31": "1962.41000", "2014-09-30": "2003.52900", "2014-06-30": "1945.81800", "2014-03-31": "1797.57100", "2013-12-31": "1869.48800", "2013-09-30": "1878.50200", "2013-06-30": "1866.68200", "2013-03-31": "1891.44400", "2012-12-31": "1903.22000", "2012-09-30": "1979.55700", "2012-06-30": "1979.79200", "2012-03-31": "1988.27300", "2011-12-31": "2000.26000", "2011-09-30": "2002.32500", "2011-06-30": "2059.01700", "2011-03-31": "1982.34300", "2010-12-31": "1968.41500", "2010-09-30": "1965.63700", "2010-06-30": "1970.55700", "2010-03-31": "2027.54400", "2009-12-31": "2034.78800", "2009-09-30": "2023.26700", "2009-06-30": "2035.57600", "2009-03-31": "1997.65700", "2008-12-31": "2015.74000", "2008-09-30": "2058.75300", "2008-06-30": "2150.29800", "2008-03-31": "2138.31200", "2007-12-31": "2089.57900", "2007-09-30": "1977.63000", "2007-06-30": "1924.89000", "2007-03-31": "1902.13800", "2006-12-31": "1789.79200", "2006-09-30": "1713.45800", "2006-06-30": "1714.77400", "2006-03-31": "1653.59100", "2005-12-31": "1643.07600", "2005-09-30": "1637.31800", "2005-06-30": "1601.16900", "2005-03-31": "1545.10600"}, "Other Long-Term Assets": {"2020-09-30": "", "2020-06-30": "", "2020-03-31": "", "2019-12-31": "", "2019-09-30": "", "2019-06-30": "", "2019-03-31": "", "2018-12-31": "", "2018-09-30": "", "2018-06-30": "", "2018-03-31": "", "2017-12-31": "", "2017-09-30": "", "2017-06-30": "", "2017-03-31": "", "2016-12-31": "", "2016-09-30": "", "2016-06-30": "", "2016-03-31": "", "2015-12-31": "", "2015-09-30": "", "2015-06-30": "27.05800", "2015-03-31": "33.94500", "2014-12-31": "", "2014-09-30": "8.15100", "2014-06-30": "30.29000", "2014-03-31": "113.31200", "2013-12-31": "", "2013-09-30": "", "2013-06-30": "", "2013-03-31": "", "2012-12-31": "", "2012-09-30": "", "2012-06-30": "", "2012-03-31": "", "2011-12-31": "", "2011-09-30": "", "2011-06-30": "", "2011-03-31": "", "2010-12-31": "", "2010-09-30": "", "2010-06-30": "", "2010-03-31": "", "2009-12-31": "", "2009-09-30": "", "2009-06-30": "", "2009-03-31": "", "2008-12-31": "", "2008-09-30": "", "2008-06-30": "", "2008-03-31": "", "2007-12-31": "", "2007-09-30": "", "2007-06-30": "", "2007-03-31": "", "2006-12-31": "", "2006-09-30": "", "2006-06-30": "", "2006-03-31": "", "2005-12-31": "", "2005-09-30": "", "2005-06-30": "", "2005-03-31": ""}, "Total Long-Term Assets": {"2020-09-30": "4292.49200", "2020-06-30": "4263.92000", "2020-03-31": "4196.80000", "2019-12-31": "4267.75100", "2019-09-30": "3953.48800", "2019-06-30": "3727.68000", "2019-03-31": "3719.69900", "2018-12-31": "3231.69900", "2018-09-30": "3337.87600", "2018-06-30": "3235.77600", "2018-03-31": "3239.52200", "2017-12-31": "3202.01900", "2017-09-30": "3002.05600", "2017-06-30": "2911.01400", "2017-03-31": "2656.21400", "2016-12-31": "2561.32400", "2016-09-30": "2723.06800", "2016-06-30": "2701.22600", "2016-03-31": "2707.03600", "2015-12-31": "2492.10300", "2015-09-30": "2568.19800", "2015-06-30": "4068.90600", "2015-03-31": "4039.30400", "2014-12-31": "4061.61600", "2014-09-30": "4224.31900", "2014-06-30": "4154.12000", "2014-03-31": "4089.74500", "2013-12-31": "4108.65900", "2013-09-30": "3585.20100", "2013-06-30": "3558.15200", "2013-03-31": "3600.52500", "2012-12-31": "3651.30700", "2012-09-30": "3688.33100", "2012-06-30": "3712.84400", "2012-03-31": "3766.26400", "2011-12-31": "3771.36100", "2011-09-30": "3804.24600", "2011-06-30": "3887.24600", "2011-03-31": "3787.52600", "2010-12-31": "3796.46900", "2010-09-30": "3662.48200", "2010-06-30": "3685.82700", "2010-03-31": "3738.52600", "2009-12-31": "3798.14200", "2009-09-30": "3661.14200", "2009-06-30": "3719.31300", "2009-03-31": "3738.77300", "2008-12-31": "3806.89400", "2008-09-30": "4881.47400", "2008-06-30": "4937.61400", "2008-03-31": "5031.58800", "2007-12-31": "5009.53900", "2007-09-30": "4761.45400", "2007-06-30": "4651.12500", "2007-03-31": "4590.61700", "2006-12-31": "4446.54700", "2006-09-30": "3896.51400", "2006-06-30": "3854.88900", "2006-03-31": "3797.27300", "2005-12-31": "3766.44700", "2005-09-30": "3707.30700", "2005-06-30": "3655.65300", "2005-03-31": "3576.05300"}, "Total Assets": {"2020-09-30": "5811.51300", "2020-06-30": "5672.31700", "2020-03-31": "5645.82500", "2019-12-31": "5931.23600", "2019-09-30": "5487.74600", "2019-06-30": "5212.95000", "2019-03-31": "5197.23400", "2018-12-31": "4764.04100", "2018-09-30": "4873.74300", "2018-06-30": "4730.93300", "2018-03-31": "4760.95800", "2017-12-31": "4937.82300", "2017-09-30": "4619.91500", "2017-06-30": "4508.43900", "2017-03-31": "4416.10500", "2016-12-31": "4432.67000", "2016-09-30": "4438.64500", "2016-06-30": "4328.63900", "2016-03-31": "4312.52500", "2015-12-31": "4352.82500", "2015-09-30": "4524.32900", "2015-06-30": "6181.94000", "2015-03-31": "5525.39000", "2014-12-31": "5752.31900", "2014-09-30": "5488.43600", "2014-06-30": "5289.70600", "2014-03-31": "5920.56200", "2013-12-31": "5811.04600", "2013-09-30": "5095.88100", "2013-06-30": "4924.02000", "2013-03-31": "4876.50600", "2012-12-31": "5105.06900", "2012-09-30": "4966.45000", "2012-06-30": "4877.60200", "2012-03-31": "4939.82300", "2011-12-31": "5016.98600", "2011-09-30": "4986.15200", "2011-06-30": "5092.49400", "2011-03-31": "5005.13100", "2010-12-31": "5158.36700", "2010-09-30": "5122.20700", "2010-06-30": "5230.05500", "2010-03-31": "5270.52300", "2009-12-31": "5186.20600", "2009-09-30": "5072.47500", "2009-06-30": "4939.02100", "2009-03-31": "4947.83000", "2008-12-31": "5158.43400", "2008-09-30": "5943.94400", "2008-06-30": "5887.05300", "2008-03-31": "5955.66800", "2007-12-31": "6004.50900", "2007-09-30": "5714.98300", "2007-06-30": "5476.69500", "2007-03-31": "5459.22600", "2006-12-31": "5381.37200", "2006-09-30": "4817.88700", "2006-06-30": "4716.82600", "2006-03-31": "4679.77900", "2005-12-31": "4584.77300", "2005-09-30": "4444.90500", "2005-06-30": "4370.31800", "2005-03-31": "4314.52600"}, "Total Current Liabilities": {"2020-09-30": "915.45900", "2020-06-30": "818.10400", "2020-03-31": "937.37900", "2019-12-31": "1041.87100", "2019-09-30": "988.96100", "2019-06-30": "814.56400", "2019-03-31": "829.75600", "2018-12-31": "812.16200", "2018-09-30": "804.20000", "2018-06-30": "746.38700", "2018-03-31": "1152.58300", "2017-12-31": "878.61200", "2017-09-30": "813.18100", "2017-06-30": "755.22400", "2017-03-31": "778.99300", "2016-12-31": "818.96100", "2016-09-30": "754.05700", "2016-06-30": "744.34300", "2016-03-31": "735.83200", "2015-12-31": "725.14900", "2015-09-30": "764.74500", "2015-06-30": "903.74400", "2015-03-31": "848.18000", "2014-12-31": "1050.79200", "2014-09-30": "1014.54900", "2014-06-30": "915.76600", "2014-03-31": "981.41600", "2013-12-31": "934.10900", "2013-09-30": "993.96200", "2013-06-30": "863.51600", "2013-03-31": "870.05000", "2012-12-31": "1126.28600", "2012-09-30": "905.03200", "2012-06-30": "874.37000", "2012-03-31": "912.17200", "2011-12-31": "995.55600", "2011-09-30": "998.01800", "2011-06-30": "1044.52900", "2011-03-31": "995.90600", "2010-12-31": "1008.27700", "2010-09-30": "1108.01200", "2010-06-30": "1026.71700", "2010-03-31": "1048.71700", "2009-12-31": "989.58300", "2009-09-30": "1047.20600", "2009-06-30": "952.32500", "2009-03-31": "960.38600", "2008-12-31": "1094.24800", "2008-09-30": "1483.41400", "2008-06-30": "1433.80200", "2008-03-31": "1414.38100", "2007-12-31": "1013.47300", "2007-09-30": "965.19300", "2007-06-30": "807.50200", "2007-03-31": "870.41200", "2006-12-31": "811.64100", "2006-09-30": "736.94400", "2006-06-30": "715.13500", "2006-03-31": "727.99600", "2005-12-31": "694.72100", "2005-09-30": "714.60900", "2005-06-30": "659.81000", "2005-03-31": "654.16800"}, "Long Term Debt": {"2020-09-30": "509.28200", "2020-06-30": "505.67200", "2020-03-31": "430.31700", "2019-12-31": "430.65000", "2019-09-30": "420.53500", "2019-06-30": "497.09400", "2019-03-31": "500.23800", "2018-12-31": "470.77700", "2018-09-30": "473.06000", "2018-06-30": "478.77400", "2018-03-31": "91.07900", "2017-12-31": "486.56100", "2017-09-30": "486.24200", "2017-06-30": "489.71700", "2017-03-31": "487.18600", "2016-12-31": "485.71900", "2016-09-30": "490.91000", "2016-06-30": "400.02800", "2016-03-31": "399.91400", "2015-12-31": "399.80000", "2015-09-30": "399.82200", "2015-06-30": "947.21900", "2015-03-31": "399.64500", "2014-12-31": "399.54500", "2014-09-30": "398.29800", "2014-06-30": "398.20200", "2014-03-31": "403.16000", "2013-12-31": "447.60800", "2013-09-30": "448.06700", "2013-06-30": "446.90400", "2013-03-31": "453.72600", "2012-12-31": "453.38400", "2012-09-30": "453.47100", "2012-06-30": "452.56900", "2012-03-31": "453.12800", "2011-12-31": "452.22900", "2011-09-30": "450.07100", "2011-06-30": "402.32800", "2011-03-31": "396.76000", "2010-12-31": "396.65000", "2010-09-30": "396.54700", "2010-06-30": "396.44300", "2010-03-31": "396.33900", "2009-12-31": "396.23600", "2009-09-30": "396.15700", "2009-06-30": "396.06500", "2009-03-31": "395.96100", "2008-12-31": "400.00300", "2008-09-30": "0.00700", "2008-06-30": "0.01600", "2008-03-31": "0.10300", "2007-12-31": "400.51900", "2007-09-30": "400.97200", "2007-06-30": "400.90700", "2007-03-31": "400.37900", "2006-12-31": "401.57100", "2006-09-30": "400.42800", "2006-06-30": "401.72300", "2006-03-31": "401.78100", "2005-12-31": "403.63500", "2005-09-30": "406.62400", "2005-06-30": "422.41100", "2005-03-31": "422.99000"}, "Other Non-Current Liabilities": {"2020-09-30": "62.47100", "2020-06-30": "264.63600", "2020-03-31": "31.43000", "2019-12-31": "27.22300", "2019-09-30": "204.51400", "2019-06-30": "22.90700", "2019-03-31": "22.74700", "2018-12-31": "237.55300", "2018-09-30": "59.26400", "2018-06-30": "60.71600", "2018-03-31": "63.71400", "2017-12-31": "65.97700", "2017-09-30": "67.58900", "2017-06-30": "64.95600", "2017-03-31": "67.85000", "2016-12-31": "65.55400", "2016-09-30": "67.45800", "2016-06-30": "71.51000", "2016-03-31": "70.52200", "2015-12-31": "70.67800", "2015-09-30": "73.18200", "2015-06-30": "82.80700", "2015-03-31": "90.62400", "2014-12-31": "91.78900", "2014-09-30": "312.05300", "2014-06-30": "297.56000", "2014-03-31": "84.42000", "2013-12-31": "86.00000", "2013-09-30": "86.02100", "2013-06-30": "102.83700", "2013-03-31": "107.21000", "2012-12-31": "109.77400", "2012-09-30": "115.42100", "2012-06-30": "112.10800", "2012-03-31": "112.65500", "2011-12-31": "336.04500", "2011-09-30": "111.71400", "2011-06-30": "114.76400", "2011-03-31": "112.23500", "2010-12-31": "350.07000", "2010-09-30": "120.17200", "2010-06-30": "123.69600", "2010-03-31": "138.27700", "2009-12-31": "345.42300", "2009-09-30": "102.99000", "2009-06-30": "103.44600", "2009-03-31": "101.87300", "2008-12-31": "345.22100", "2008-09-30": "87.48400", "2008-06-30": "86.46800", "2008-03-31": "82.66700", "2007-12-31": "326.79700", "2007-09-30": "319.19500", "2007-06-30": "317.68000", "2007-03-31": "320.28800", "2006-12-31": "315.70200", "2006-09-30": "300.28500", "2006-06-30": "281.06100", "2006-03-31": "276.33500", "2005-12-31": "262.27000", "2005-09-30": "243.47000", "2005-06-30": "244.49500", "2005-03-31": "238.66600"}, "Total Long Term Liabilities": {"2020-09-30": "1649.39600", "2020-06-30": "1640.79700", "2020-03-31": "1495.60600", "2019-12-31": "1562.56900", "2019-09-30": "1439.87400", "2019-06-30": "1359.53200", "2019-03-31": "1367.94200", "2018-12-31": "1035.09700", "2018-09-30": "1094.18600", "2018-06-30": "1107.15600", "2018-03-31": "723.46200", "2017-12-31": "1144.06600", "2017-09-30": "1246.05700", "2017-06-30": "1216.84300", "2017-03-31": "1156.53400", "2016-12-31": "1160.76800", "2016-09-30": "1175.78900", "2016-06-30": "1111.81600", "2016-03-31": "1136.56000", "2015-12-31": "1136.97800", "2015-09-30": "1197.16100", "2015-06-30": "2099.33600", "2015-03-31": "1555.84500", "2014-12-31": "1560.75200", "2014-09-30": "1573.89300", "2014-06-30": "1541.74100", "2014-03-31": "1526.68200", "2013-12-31": "1576.64900", "2013-09-30": "1369.90600", "2013-06-30": "1375.39300", "2013-03-31": "1390.91200", "2012-12-31": "1392.56500", "2012-09-30": "1407.53100", "2012-06-30": "1418.36100", "2012-03-31": "1400.82700", "2011-12-31": "1419.53400", "2011-09-30": "1383.98800", "2011-06-30": "1327.82900", "2011-03-31": "1299.71300", "2010-12-31": "1335.72600", "2010-09-30": "1211.74700", "2010-06-30": "1230.80300", "2010-03-31": "1246.78600", "2009-12-31": "1245.07600", "2009-09-30": "1152.72600", "2009-06-30": "1155.46400", "2009-03-31": "1160.83600", "2008-12-31": "1193.93500", "2008-09-30": "1101.90400", "2008-06-30": "1076.05400", "2008-03-31": "1089.48600", "2007-12-31": "1518.05100", "2007-09-30": "1442.86400", "2007-06-30": "1420.94100", "2007-03-31": "1404.05200", "2006-12-31": "1398.09700", "2006-09-30": "1255.36900", "2006-06-30": "1243.68900", "2006-03-31": "1251.37800", "2005-12-31": "1239.36200", "2005-09-30": "1185.53800", "2005-06-30": "1205.39300", "2005-03-31": "1205.92200"}, "Total Liabilities": {"2020-09-30": "2564.85500", "2020-06-30": "2458.90100", "2020-03-31": "2432.98500", "2019-12-31": "2604.44000", "2019-09-30": "2428.83500", "2019-06-30": "2174.09600", "2019-03-31": "2197.69800", "2018-12-31": "1847.25900", "2018-09-30": "1898.38600", "2018-06-30": "1853.54300", "2018-03-31": "1876.04500", "2017-12-31": "2022.67800", "2017-09-30": "2059.23800", "2017-06-30": "1972.06700", "2017-03-31": "1935.52700", "2016-12-31": "1979.72900", "2016-09-30": "1929.84600", "2016-06-30": "1856.15900", "2016-03-31": "1872.39200", "2015-12-31": "1862.12700", "2015-09-30": "1961.90600", "2015-06-30": "3003.08000", "2015-03-31": "2404.02500", "2014-12-31": "2611.54400", "2014-09-30": "2588.44200", "2014-06-30": "2457.50700", "2014-03-31": "2508.09800", "2013-12-31": "2510.75800", "2013-09-30": "2363.86800", "2013-06-30": "2238.90900", "2013-03-31": "2260.96200", "2012-12-31": "2518.85100", "2012-09-30": "2312.56300", "2012-06-30": "2292.73100", "2012-03-31": "2312.99900", "2011-12-31": "2415.09000", "2011-09-30": "2382.00600", "2011-06-30": "2372.35800", "2011-03-31": "2295.61900", "2010-12-31": "2344.00300", "2010-09-30": "2319.75900", "2010-06-30": "2257.52000", "2010-03-31": "2295.50300", "2009-12-31": "2234.65900", "2009-09-30": "2199.93200", "2009-06-30": "2107.78900", "2009-03-31": "2121.22200", "2008-12-31": "2288.18300", "2008-09-30": "2585.31800", "2008-06-30": "2509.85600", "2008-03-31": "2503.86700", "2007-12-31": "2531.52400", "2007-09-30": "2408.05700", "2007-06-30": "2228.44300", "2007-03-31": "2274.46400", "2006-12-31": "2209.73800", "2006-09-30": "1992.31300", "2006-06-30": "1958.82400", "2006-03-31": "1979.37400", "2005-12-31": "1934.08300", "2005-09-30": "1900.14700", "2005-06-30": "1865.20300", "2005-03-31": "1860.09000"}, "Common Stock Net": {"2020-09-30": "20.00000", "2020-06-30": "20.00000", "2020-03-31": "20.00000", "2019-12-31": "20.00000", "2019-09-30": "20.00000", "2019-06-30": "20.00000", "2019-03-31": "20.00000", "2018-12-31": "20.00000", "2018-09-30": "20.00000", "2018-06-30": "20.00000", "2018-03-31": "20.00000", "2017-12-31": "20.00000", "2017-09-30": "20.00000", "2017-06-30": "20.00000", "2017-03-31": "20.00000", "2016-12-31": "20.00000", "2016-09-30": "20.00000", "2016-06-30": "20.00000", "2016-03-31": "20.00000", "2015-12-31": "20.00000", "2015-09-30": "20.00000", "2015-06-30": "20.00000", "2015-03-31": "20.00000", "2014-12-31": "20.00000", "2014-09-30": "20.00000", "2014-06-30": "20.00000", "2014-03-31": "20.00000", "2013-12-31": "20.00000", "2013-09-30": "20.00000", "2013-06-30": "20.00000", "2013-03-31": "20.00000", "2012-12-31": "20.00000", "2012-09-30": "20.00000", "2012-06-30": "20.00000", "2012-03-31": "20.00000", "2011-12-31": "20.00000", "2011-09-30": "20.00000", "2011-06-30": "20.00000", "2011-03-31": "20.00000", "2010-12-31": "20.00000", "2010-09-30": "20.00000", "2010-06-30": "20.00000", "2010-03-31": "20.00000", "2009-12-31": "20.00000", "2009-09-30": "20.00000", "2009-06-30": "20.00000", "2009-03-31": "20.00000", "2008-12-31": "20.00000", "2008-09-30": "20.00000", "2008-06-30": "20.00000", "2008-03-31": "20.00000", "2007-12-31": "20.00000", "2007-09-30": "20.00000", "2007-06-30": "20.00000", "2007-03-31": "20.00000", "2006-12-31": "20.00000", "2006-09-30": "20.00000", "2006-06-30": "20.00000", "2006-03-31": "20.00000", "2005-12-31": "20.00000", "2005-09-30": "20.00000", "2005-06-30": "20.00000", "2005-03-31": "20.00000"}, "Retained Earnings (Accumulated Deficit)": {"2020-09-30": "6567.67600", "2020-06-30": "6497.16600", "2020-03-31": "6485.89300", "2019-12-31": "6534.42700", "2019-09-30": "6388.54600", "2019-06-30": "6352.78700", "2019-03-31": "6303.09400", "2018-12-31": "6236.12500", "2018-09-30": "6179.94800", "2018-06-30": "6061.93200", "2018-03-31": "6022.31500", "2017-12-31": "5791.72400", "2017-09-30": "5648.47900", "2017-06-30": "5630.74300", "2017-03-31": "5595.82600", "2016-12-31": "5588.94200", "2016-09-30": "5552.01900", "2016-06-30": "5525.68900", "2016-03-31": "5471.69800", "2015-12-31": "5447.67700", "2015-09-30": "5396.50800", "2015-06-30": "6040.53900", "2015-03-31": "5998.24100", "2014-12-31": "6008.50600", "2014-09-30": "5674.09600", "2014-06-30": "5612.51800", "2014-03-31": "4877.20000", "2013-12-31": "4782.77700", "2013-09-30": "4626.31100", "2013-06-30": "4596.16700", "2013-03-31": "4551.49300", "2012-12-31": "4546.77500", "2012-09-30": "4665.00700", "2012-06-30": "4589.28700", "2012-03-31": "4555.71600", "2011-12-31": "4561.98900", "2011-09-30": "4500.24900", "2011-06-30": "4524.62100", "2011-03-31": "4497.63300", "2010-12-31": "4520.33200", "2010-09-30": "4439.57700", "2010-06-30": "4399.35600", "2010-03-31": "4328.01400", "2009-12-31": "4324.28900", "2009-09-30": "4242.59200", "2009-06-30": "4245.75300", "2009-03-31": "4253.64500", "2008-12-31": "4313.28700", "2008-09-30": "4294.45300", "2008-06-30": "4304.14500", "2008-03-31": "4327.58900", "2007-12-31": "4329.72600", "2007-09-30": "4246.83200", "2007-06-30": "4194.02000", "2007-03-31": "4144.92800", "2006-12-31": "4120.14300", "2006-09-30": "4024.58300", "2006-06-30": "3970.26700", "2006-03-31": "3910.51200", "2005-12-31": "3871.58700", "2005-09-30": "3769.13900", "2005-06-30": "3720.58200", "2005-03-31": "3659.78800"}, "Comprehensive Income": {"2020-09-30": "303.68300", "2020-06-30": "282.42000", "2020-03-31": "265.35200", "2019-12-31": "303.29500", "2019-09-30": "181.93800", "2019-06-30": "200.02400", "2019-03-31": "212.11900", "2018-12-31": "203.82900", "2018-09-30": "313.05500", "2018-06-30": "318.25700", "2018-03-31": "351.47800", "2017-12-31": "535.55500", "2017-09-30": "311.15200", "2017-06-30": "271.90700", "2017-03-31": "254.76800", "2016-12-31": "236.48600", "2016-09-30": "314.35000", "2016-06-30": "307.14500", "2016-03-31": "317.91500", "2015-12-31": "314.68000", "2015-09-30": "430.15000", "2015-06-30": "434.86300", "2015-03-31": "436.55200", "2014-12-31": "453.48000", "2014-09-30": "547.88500", "2014-06-30": "556.19900", "2014-03-31": "713.08500", "2013-12-31": "699.49400", "2013-09-30": "300.27100", "2013-06-30": "293.08700", "2013-03-31": "276.84200", "2012-12-31": "252.85400", "2012-09-30": "190.55000", "2012-06-30": "188.81300", "2012-03-31": "193.75800", "2011-12-31": "165.32900", "2011-09-30": "163.51400", "2011-06-30": "198.71900", "2011-03-31": "207.43900", "2010-12-31": "182.13900", "2010-09-30": "113.53100", "2010-06-30": "91.18500", "2010-03-31": "150.04200", "2009-12-31": "104.51200", "2009-09-30": "42.14400", "2009-06-30": "6.80100", "2009-03-31": "-4.56000", "2008-12-31": "-10.68000", "2008-09-30": "499.74400", "2008-06-30": "476.52400", "2008-03-31": "469.88000", "2007-12-31": "494.53600", "2007-09-30": "417.57000", "2007-06-30": "390.43600", "2007-03-31": "379.23000", "2006-12-31": "377.56100", "2006-09-30": "74.87100", "2006-06-30": "64.91100", "2006-03-31": "72.11100", "2005-12-31": "63.35200", "2005-09-30": "51.43400", "2005-06-30": "61.67300", "2005-03-31": "74.03100"}, "Other Share Holders Equity": {"2020-09-30": "", "2020-06-30": "", "2020-03-31": "", "2019-12-31": "", "2019-09-30": "", "2019-06-30": "", "2019-03-31": "", "2018-12-31": "", "2018-09-30": "", "2018-06-30": "", "2018-03-31": "", "2017-12-31": "", "2017-09-30": "", "2017-06-30": "", "2017-03-31": "", "2016-12-31": "", "2016-09-30": "", "2016-06-30": "", "2016-03-31": "", "2015-12-31": "", "2015-09-30": "", "2015-06-30": "", "2015-03-31": "", "2014-12-31": "", "2014-09-30": "", "2014-06-30": "", "2014-03-31": "", "2013-12-31": "", "2013-09-30": "", "2013-06-30": "", "2013-03-31": "", "2012-12-31": "", "2012-09-30": "", "2012-06-30": "", "2012-03-31": "", "2011-12-31": "", "2011-09-30": "", "2011-06-30": "", "2011-03-31": "", "2010-12-31": "", "2010-09-30": "", "2010-06-30": "", "2010-03-31": "", "2009-12-31": "", "2009-09-30": "", "2009-06-30": "", "2009-03-31": "", "2008-12-31": "", "2008-09-30": "", "2008-06-30": "", "2008-03-31": "", "2007-12-31": "", "2007-09-30": "", "2007-06-30": "", "2007-03-31": "", "2006-12-31": "", "2006-09-30": "", "2006-06-30": "", "2006-03-31": "", "2005-12-31": "", "2005-09-30": "", "2005-06-30": "", "2005-03-31": ""}, "Share Holder Equity": {"2020-09-30": "3246.65800", "2020-06-30": "3213.41600", "2020-03-31": "3212.84000", "2019-12-31": "3326.79600", "2019-09-30": "3058.91100", "2019-06-30": "3038.85400", "2019-03-31": "2999.53600", "2018-12-31": "2916.78200", "2018-09-30": "2975.35700", "2018-06-30": "2877.39000", "2018-03-31": "2884.91300", "2017-12-31": "2915.14500", "2017-09-30": "2560.67700", "2017-06-30": "2536.37200", "2017-03-31": "2480.57800", "2016-12-31": "2452.94100", "2016-09-30": "2508.79900", "2016-06-30": "2472.48000", "2016-03-31": "2440.13300", "2015-12-31": "2490.69800", "2015-09-30": "2562.42300", "2015-06-30": "3178.86000", "2015-03-31": "3121.36500", "2014-12-31": "3140.77500", "2014-09-30": "2899.99400", "2014-06-30": "2832.19900", "2014-03-31": "3412.46400", "2013-12-31": "3300.28800", "2013-09-30": "2732.01300", "2013-06-30": "2685.11100", "2013-03-31": "2615.54400", "2012-12-31": "2586.21800", "2012-09-30": "2653.88700", "2012-06-30": "2584.87100", "2012-03-31": "2626.82400", "2011-12-31": "2601.89600", "2011-09-30": "2604.14600", "2011-06-30": "2720.13600", "2011-03-31": "2709.51200", "2010-12-31": "2814.36400", "2010-09-30": "2802.44800", "2010-06-30": "2972.53500", "2010-03-31": "2975.02000", "2009-12-31": "2951.54700", "2009-09-30": "2872.54300", "2009-06-30": "2831.23100", "2009-03-31": "2826.60800", "2008-12-31": "2870.25100", "2008-09-30": "3358.62600", "2008-06-30": "3377.19700", "2008-03-31": "3451.80100", "2007-12-31": "3472.98500", "2007-09-30": "3306.92600", "2007-06-30": "3248.25200", "2007-03-31": "3184.76200", "2006-12-31": "3171.63400", "2006-09-30": "2825.57400", "2006-06-30": "2758.00200", "2006-03-31": "2700.40500", "2005-12-31": "2650.69000", "2005-09-30": "2544.75800", "2005-06-30": "2505.11500", "2005-03-31": "2454.43600"}, "Total Liabilities And Share Holders Equity": {"2020-09-30": "5811.51300", "2020-06-30": "5672.31700", "2020-03-31": "5645.82500", "2019-12-31": "5931.23600", "2019-09-30": "5487.74600", "2019-06-30": "5212.95000", "2019-03-31": "5197.23400", "2018-12-31": "4764.04100", "2018-09-30": "4873.74300", "2018-06-30": "4730.93300", "2018-03-31": "4760.95800", "2017-12-31": "4937.82300", "2017-09-30": "4619.91500", "2017-06-30": "4508.43900", "2017-03-31": "4416.10500", "2016-12-31": "4432.67000", "2016-09-30": "4438.64500", "2016-06-30": "4328.63900", "2016-03-31": "4312.52500", "2015-12-31": "4352.82500", "2015-09-30": "4524.32900", "2015-06-30": "6181.94000", "2015-03-31": "5525.39000", "2014-12-31": "5752.31900", "2014-09-30": "5488.43600", "2014-06-30": "5289.70600", "2014-03-31": "5920.56200", "2013-12-31": "5811.04600", "2013-09-30": "5095.88100", "2013-06-30": "4924.02000", "2013-03-31": "4876.50600", "2012-12-31": "5105.06900", "2012-09-30": "4966.45000", "2012-06-30": "4877.60200", "2012-03-31": "4939.82300", "2011-12-31": "5016.98600", "2011-09-30": "4986.15200", "2011-06-30": "5092.49400", "2011-03-31": "5005.13100", "2010-12-31": "5158.36700", "2010-09-30": "5122.20700", "2010-06-30": "5230.05500", "2010-03-31": "5270.52300", "2009-12-31": "5186.20600", "2009-09-30": "5072.47500", "2009-06-30": "4939.02100", "2009-03-31": "4947.83000", "2008-12-31": "5158.43400", "2008-09-30": "5943.94400", "2008-06-30": "5887.05300", "2008-03-31": "5955.66800", "2007-12-31": "6004.50900", "2007-09-30": "5714.98300", "2007-06-30": "5476.69500", "2007-03-31": "5459.22600", "2006-12-31": "5381.37200", "2006-09-30": "4817.88700", "2006-06-30": "4716.82600", "2006-03-31": "4679.77900", "2005-12-31": "4584.77300", "2005-09-30": "4444.90500", "2005-06-30": "4370.31800", "2005-03-31": "4314.52600"}}, "cash flow statement": {"Net Income/Loss": {"2019-12-31": "327.87900", "2018-12-31": "271.40800", "2017-12-31": "302.48900", "2016-12-31": "169.45800", "2015-12-31": "-99.22000", "2014-12-31": "1293.26000", "2013-12-31": "237.34500", "2012-12-31": "132.18700", "2011-12-31": "117.15700", "2010-12-31": "278.02000", "2009-12-31": "91.20000", "2008-12-31": "65.79600", "2007-12-31": "288.96500", "2006-12-31": "324.45900", "2005-12-31": "314.34400"}, "Total Depreciation And Amortization - Cash Flow": {"2019-12-31": "205.83300", "2018-12-31": "112.24500", "2017-12-31": "113.31000", "2016-12-31": "92.89400", "2015-12-31": "428.43700", "2014-12-31": "249.45700", "2013-12-31": "268.11000", "2012-12-31": "291.43600", "2011-12-31": "298.23100", "2010-12-31": "307.12500", "2009-12-31": "322.51300", "2008-12-31": "288.13100", "2007-12-31": "238.81000", "2006-12-31": "222.20200", "2005-12-31": "198.02100"}, "Other Non-Cash Items": {"2019-12-31": "-172.85600", "2018-12-31": "-93.41600", "2017-12-31": "-158.14900", "2016-12-31": "-18.93600", "2015-12-31": "4.32900", "2014-12-31": "-1285.62900", "2013-12-31": "-64.95000", "2012-12-31": "71.20600", "2011-12-31": "118.82900", "2010-12-31": "77.89400", "2009-12-31": "116.36400", "2008-12-31": "229.19400", "2007-12-31": "0.89300", "2006-12-31": "-91.40700", "2005-12-31": "-4.27400"}, "Total Non-Cash Items": {"2019-12-31": "32.97700", "2018-12-31": "18.82900", "2017-12-31": "-44.83900", "2016-12-31": "73.95800", "2015-12-31": "432.76600", "2014-12-31": "-1036.17200", "2013-12-31": "203.16000", "2012-12-31": "362.64200", "2011-12-31": "417.06010", "2010-12-31": "385.01900", "2009-12-31": "438.87700", "2008-12-31": "517.32500", "2007-12-31": "239.70300", "2006-12-31": "130.79500", "2005-12-31": "193.74700"}, "Change In Accounts Receivable": {"2019-12-31": "-53.60200", "2018-12-31": "49.63800", "2017-12-31": "-22.74400", "2016-12-31": "-47.89200", "2015-12-31": "-87.16500", "2014-12-31": "-96.84400", "2013-12-31": "-81.98900", "2012-12-31": "-14.84600", "2011-12-31": "27.89500", "2010-12-31": "14.64800", "2009-12-31": "55.97000", "2008-12-31": "-4.39800", "2007-12-31": "-42.24600", "2006-12-31": "-10.49400", "2005-12-31": "-19.41600"}, "Change In Inventories": {"2019-12-31": "-5.31700", "2018-12-31": "-7.35100", "2017-12-31": "-0.54100", "2016-12-31": "-2.42200", "2015-12-31": "-1.77800", "2014-12-31": "-2.41300", "2013-12-31": "0.85100", "2012-12-31": "-1.87100", "2011-12-31": "-1.58700", "2010-12-31": "8.57100", "2009-12-31": "24.19500", "2008-12-31": "-16.90700", "2007-12-31": "-3.35600", "2006-12-31": "-4.22200", "2005-12-31": "11.48300"}, "Change In Accounts Payable": {"2019-12-31": "", "2018-12-31": "", "2017-12-31": "", "2016-12-31": "", "2015-12-31": "", "2014-12-31": "", "2013-12-31": "", "2012-12-31": "", "2011-12-31": "", "2010-12-31": "", "2009-12-31": "", "2008-12-31": "", "2007-12-31": "", "2006-12-31": "", "2005-12-31": ""}, "Change In Assets/Liabilities": {"2019-12-31": "-91.76500", "2018-12-31": "-12.17200", "2017-12-31": "-11.56600", "2016-12-31": "4.28700", "2015-12-31": "-63.79700", "2014-12-31": "46.08200", "2013-12-31": "-55.17400", "2012-12-31": "19.11500", "2011-12-31": "-58.72300", "2010-12-31": "7.84100", "2009-12-31": "42.37600", "2008-12-31": "-67.15300", "2007-12-31": "64.32800", "2006-12-31": "64.87200", "2005-12-31": "53.61800"}, "Total Change In Assets/Liabilities": {"2019-12-31": "-195.92500", "2018-12-31": "-5.37200", "2017-12-31": "9.26800", "2016-12-31": "17.23500", "2015-12-31": "-264.16500", "2014-12-31": "54.31800", "2013-12-31": "-134.37400", "2012-12-31": "-13.19700", "2011-12-31": "-143.18400", "2010-12-31": "30.55400", "2009-12-31": "123.90600", "2008-12-31": "-43.56000", "2007-12-31": "53.41900", "2006-12-31": "123.11400", "2005-12-31": "10.51300"}, "Cash Flow From Operating Activities": {"2019-12-31": "165.16400", "2018-12-31": "287.01900", "2017-12-31": "268.05500", "2016-12-31": "261.25600", "2015-12-31": "70.65100", "2014-12-31": "313.49900", "2013-12-31": "310.22800", "2012-12-31": "483.90700", "2011-12-31": "393.29100", "2010-12-31": "693.71600", "2009-12-31": "651.38600", "2008-12-31": "536.06500", "2007-12-31": "581.18700", "2006-12-31": "594.75000", "2005-12-31": "522.77200"}, "Net Change In Property, Plant, And Equipment": {"2019-12-31": "-93.50400", "2018-12-31": "-98.19200", "2017-12-31": "-60.35800", "2016-12-31": "-27.12200", "2015-12-31": "-95.17600", "2014-12-31": "407.05000", "2013-12-31": "-206.45700", "2012-12-31": "-147.82500", "2011-12-31": "-216.38100", "2010-12-31": "-243.71200", "2009-12-31": "-257.75800", "2008-12-31": "-285.41700", "2007-12-31": "-290.00700", "2006-12-31": "-284.02200", "2005-12-31": "-214.27200"}, "Net Change In Intangible Assets": {"2019-12-31": "", "2018-12-31": "", "2017-12-31": "", "2016-12-31": "", "2015-12-31": "", "2014-12-31": "", "2013-12-31": "", "2012-12-31": "", "2011-12-31": "", "2010-12-31": "", "2009-12-31": "", "2008-12-31": "", "2007-12-31": "", "2006-12-31": "", "2005-12-31": ""}, "Net Acquisitions/Divestitures": {"2019-12-31": "54.49500", "2018-12-31": "-10.34400", "2017-12-31": "3.26500", "2016-12-31": "", "2015-12-31": "", "2014-12-31": "", "2013-12-31": "248.10500", "2012-12-31": "", "2011-12-31": "49.15700", "2010-12-31": "39.00700", "2009-12-31": "4.78800", "2008-12-31": "", "2007-12-31": "-18.91400", "2006-12-31": "76.38900", "2005-12-31": ""}, "Net Change In Short-term Investments": {"2019-12-31": "11.80400", "2018-12-31": "24.08200", "2017-12-31": "", "2016-12-31": "-18.56300", "2015-12-31": "-145.80700", "2014-12-31": "-299.79300", "2013-12-31": "-14.99700", "2012-12-31": "-48.03100", "2011-12-31": "-8.16500", "2010-12-31": "-8.07000", "2009-12-31": "-10.52000", "2008-12-31": "46.19100", "2007-12-31": "-0.15600", "2006-12-31": "31.60000", "2005-12-31": "64.80100"}, "Net Change In Long-Term Investments": {"2019-12-31": "-206.03000", "2018-12-31": "-118.44900", "2017-12-31": "-378.15500", "2016-12-31": "-251.35700", "2015-12-31": "-184.58700", "2014-12-31": "33.47700", "2013-12-31": "-34.41600", "2012-12-31": "-40.33900", "2011-12-31": "-83.69900", "2010-12-31": "-13.34500", "2009-12-31": "-26.13300", "2008-12-31": "-90.68100", "2007-12-31": "-289.23800", "2006-12-31": "-157.04500", "2005-12-31": "-157.16800"}, "Net Change In Investments - Total": {"2019-12-31": "-194.22600", "2018-12-31": "-94.36700", "2017-12-31": "-378.15500", "2016-12-31": "-269.92000", "2015-12-31": "-330.39400", "2014-12-31": "-266.31600", "2013-12-31": "-49.41300", "2012-12-31": "-88.37000", "2011-12-31": "-91.86400", "2010-12-31": "-21.41500", "2009-12-31": "-36.65300", "2008-12-31": "-44.49000", "2007-12-31": "-289.39400", "2006-12-31": "-125.44500", "2005-12-31": "-92.36700"}, "Investing Activities - Other": {"2019-12-31": "-3.50000", "2018-12-31": "-28.06100", "2017-12-31": "-6.77100", "2016-12-31": "-14.24400", "2015-12-31": "", "2014-12-31": "88.28100", "2013-12-31": "", "2012-12-31": "1.45900", "2011-12-31": "-1.64000", "2010-12-31": "16.24800", "2009-12-31": "8.49600", "2008-12-31": "-0.19200", "2007-12-31": "17.20400", "2006-12-31": "11.80800", "2005-12-31": ""}, "Cash Flow From Investing Activities": {"2019-12-31": "-236.73500", "2018-12-31": "-230.96400", "2017-12-31": "-442.01900", "2016-12-31": "-311.28600", "2015-12-31": "-425.57000", "2014-12-31": "229.01500", "2013-12-31": "-7.76500", "2012-12-31": "-234.73600", "2011-12-31": "-260.72800", "2010-12-31": "-209.87200", "2009-12-31": "-281.12700", "2008-12-31": "-330.09900", "2007-12-31": "-581.11100", "2006-12-31": "-321.27000", "2005-12-31": "-306.63900"}, "Net Long-Term Debt": {"2019-12-31": "32.54800", "2018-12-31": "-17.15900", "2017-12-31": "-7.71500", "2016-12-31": "98.61000", "2015-12-31": "505.18500", "2014-12-31": "", "2013-12-31": "", "2012-12-31": "", "2011-12-31": "52.47600", "2010-12-31": "", "2009-12-31": "-5.64300", "2008-12-31": "-1.86400", "2007-12-31": "-3.57800", "2006-12-31": "-27.84600", "2005-12-31": "-6.96400"}, "Net Current Debt": {"2019-12-31": "-0.18500", "2018-12-31": "-5.71700", "2017-12-31": "-9.50500", "2016-12-31": "14.42900", "2015-12-31": "1.09500", "2014-12-31": "-1.53800", "2013-12-31": "-240.12100", "2012-12-31": "130.45000", "2011-12-31": "109.67100", "2010-12-31": "", "2009-12-31": "-149.98300", "2008-12-31": "65.18300", "2007-12-31": "84.80000", "2006-12-31": "", "2005-12-31": "-43.66700"}, "Debt Issuance/Retirement Net - Total": {"2019-12-31": "32.36300", "2018-12-31": "-22.87600", "2017-12-31": "-17.22000", "2016-12-31": "113.03900", "2015-12-31": "506.28000", "2014-12-31": "-1.53800", "2013-12-31": "-240.12100", "2012-12-31": "130.45000", "2011-12-31": "162.14700", "2010-12-31": "", "2009-12-31": "-155.62600", "2008-12-31": "63.31900", "2007-12-31": "81.22200", "2006-12-31": "-27.84600", "2005-12-31": "-50.63100"}, "Net Common Equity Issued/Repurchased": {"2019-12-31": "3.89700", "2018-12-31": "-118.03000", "2017-12-31": "-50.77000", "2016-12-31": "-108.94800", "2015-12-31": "-7.66700", "2014-12-31": "-320.25600", "2013-12-31": "1.48600", "2012-12-31": "-103.19600", "2011-12-31": "-248.05500", "2010-12-31": "-404.81600", "2009-12-31": "-60.95600", "2008-12-31": "-98.96000", "2007-12-31": "-42.03100", "2006-12-31": "-56.55900", "2005-12-31": "6.83200"}, "Net Total Equity Issued/Repurchased": {"2019-12-31": "3.89700", "2018-12-31": "-118.03000", "2017-12-31": "-50.77000", "2016-12-31": "-108.94800", "2015-12-31": "-18.17700", "2014-12-31": "-320.25600", "2013-12-31": "1.48600", "2012-12-31": "-103.19600", "2011-12-31": "-248.05500", "2010-12-31": "-404.81600", "2009-12-31": "-60.95600", "2008-12-31": "-98.96000", "2007-12-31": "-42.03100", "2006-12-31": "-56.55900", "2005-12-31": "6.83200"}, "Total Common And Preferred Stock Dividends Paid": {"2019-12-31": "-29.55300", "2018-12-31": "-28.61700", "2017-12-31": "-28.32900", "2016-12-31": "-27.32500", "2015-12-31": "-53.72100", "2014-12-31": "-68.11400", "2013-12-31": "-0.86300", "2012-12-31": "-147.32700", "2011-12-31": "-75.49300", "2010-12-31": "-82.09000", "2009-12-31": "-81.77200", "2008-12-31": "-82.16100", "2007-12-31": "-79.02400", "2006-12-31": "-75.90300", "2005-12-31": "-71.97900"}, "Financial Activities - Other": {"2019-12-31": "12.02700", "2018-12-31": "-22.83600", "2017-12-31": "-3.78700", "2016-12-31": "-19.84300", "2015-12-31": "-92.23100", "2014-12-31": "1.29200", "2013-12-31": "-3.93200", "2012-12-31": "-1.77200", "2011-12-31": "-25.56000", "2010-12-31": "-4.26600", "2009-12-31": "5.07900", "2008-12-31": "0.14700", "2007-12-31": "8.07600", "2006-12-31": "11.56500", "2005-12-31": ""}, "Cash Flow From Financial Activities": {"2019-12-31": "18.73400", "2018-12-31": "-192.35900", "2017-12-31": "-100.10600", "2016-12-31": "-43.07700", "2015-12-31": "342.15100", "2014-12-31": "-388.61600", "2013-12-31": "-243.43000", "2012-12-31": "-121.84500", "2011-12-31": "-186.96100", "2010-12-31": "-491.17200", "2009-12-31": "-293.27500", "2008-12-31": "-117.65500", "2007-12-31": "-31.75700", "2006-12-31": "-148.74300", "2005-12-31": "-115.77800"}, "Net Cash Flow": {"2019-12-31": "-50.07100", "2018-12-31": "-143.45100", "2017-12-31": "-263.25000", "2016-12-31": "-104.13600", "2015-12-31": "-23.93200", "2014-12-31": "145.39600", "2013-12-31": "57.28800", "2012-12-31": "131.33200", "2011-12-31": "-56.64100", "2010-12-31": "-4.81900", "2009-12-31": "85.55700", "2008-12-31": "69.34100", "2007-12-31": "-26.68200", "2006-12-31": "132.28700", "2005-12-31": "96.46100"}, "Stock-Based Compensation": {"2019-12-31": "6.27800", "2018-12-31": "6.41200", "2017-12-31": "10.16900", "2016-12-31": "13.41800", "2015-12-31": "48.03300", "2014-12-31": "17.57700", "2013-12-31": "25.16300", "2012-12-31": "14.66200", "2011-12-31": "11.78900", "2010-12-31": "", "2009-12-31": "", "2008-12-31": "", "2007-12-31": "", "2006-12-31": "", "2005-12-31": ""}, "Common Stock Dividends Paid": {"2019-12-31": "-29.55300", "2018-12-31": "-28.61700", "2017-12-31": "-28.32900", "2016-12-31": "-27.32500", "2015-12-31": "-53.72100", "2014-12-31": "-68.11400", "2013-12-31": "-0.86300", "2012-12-31": "-147.32700", "2011-12-31": "-75.49300", "2010-12-31": "-82.09000", "2009-12-31": "-81.77200", "2008-12-31": "-82.16100", "2007-12-31": "-79.02400", "2006-12-31": "-75.90300", "2005-12-31": "-71.97900"}}, "cash flow statement, quarterly": {"Net Income/Loss": {"2020-09-30": 78.054, "2020-06-30": 18.862, "2020-03-31": "-33.89100", "2019-12-31": 146.017, "2019-09-30": 42.965, "2019-06-30": 57.195, "2019-03-31": "81.70200", "2018-12-31": 56.738, "2018-09-30": 125.07, "2018-06-30": 46.635, "2018-03-31": "42.96500", "2017-12-31": 214.56, "2017-09-30": 24.844, "2017-06-30": 41.999, "2017-03-31": "21.08600", "2016-12-31": 36.918, "2016-09-30": 33.126, "2016-06-30": 61.199, "2016-03-31": "38.21500", "2015-12-31": 51.109, "2015-09-30": -230.556, "2015-06-30": 58.427, "2015-03-31": "21.80000", "2014-12-31": 334.666, "2014-09-30": 76.439, "2014-06-30": 749.85, "2014-03-31": "132.30500", "2013-12-31": 156.528, "2013-09-30": 30.424, "2013-06-30": 45.134, "2013-03-31": "5.25900", "2012-12-31": -45.375, "2012-09-30": 93.947, "2012-06-30": 52.047, "2012-03-31": "31.56800", "2011-12-31": 61.731, "2011-09-30": -5.966, "2011-06-30": 45.763, "2011-03-31": "15.62900", "2010-12-31": 78.989, "2010-09-30": 61.076, "2010-06-30": 92.127, "2010-03-31": "45.82800", "2009-12-31": 82.249, "2009-09-30": 17.066, "2009-06-30": 11.368, "2009-03-31": "-19.48300", "2008-12-31": 18.76, "2008-09-30": 10.366, "2008-06-30": -2.652, "2008-03-31": "39.32200", "2007-12-31": 83.257, "2007-09-30": 72.462, "2007-06-30": 68.816, "2007-03-31": "64.43000", "2006-12-31": 95.545, "2006-09-30": 73.296, "2006-06-30": 78.744, "2006-03-31": "76.87400", "2005-12-31": 102.44, "2005-09-30": 66.558, "2005-06-30": 78.755, "2005-03-31": "66.59100"}, "Total Depreciation And Amortization - Cash Flow": {"2020-09-30": 53.807, "2020-06-30": 75.956, "2020-03-31": "71.01900", "2019-12-31": 60.701, "2019-09-30": 50.221, "2019-06-30": 47.975, "2019-03-31": "46.93600", "2018-12-31": 28.175, "2018-09-30": 34.026, "2018-06-30": 25.018, "2018-03-31": "25.02600", "2017-12-31": 28.959, "2017-09-30": 27.238, "2017-06-30": 35.625, "2017-03-31": "21.48800", "2016-12-31": 24.831, "2016-09-30": 22.717, "2016-06-30": 22.323, "2016-03-31": "23.02300", "2015-12-31": 24.993, "2015-09-30": 267.563, "2015-06-30": 72.567, "2015-03-31": "63.31400", "2014-12-31": 75.693, "2014-09-30": 52.727, "2014-06-30": 63.832, "2014-03-31": "57.20500", "2013-12-31": 66.855, "2013-09-30": 64.377, "2013-06-30": 67.188, "2013-03-31": "69.69000", "2012-12-31": 87.492, "2012-09-30": 68.93, "2012-06-30": 67.482, "2012-03-31": "67.53200", "2011-12-31": 70.859, "2011-09-30": 84.184, "2011-06-30": 72.466, "2011-03-31": "70.72200", "2010-12-31": 70.556, "2010-09-30": 96.816, "2010-06-30": 70.441, "2010-03-31": "69.31200", "2009-12-31": 44.869, "2009-09-30": 102.248, "2009-06-30": 90.768, "2009-03-31": "84.62800", "2008-12-31": 76.864, "2008-09-30": 78.436, "2008-06-30": 67.761, "2008-03-31": "65.07000", "2007-12-31": 64.746, "2007-09-30": 59.509, "2007-06-30": 58.374, "2007-03-31": "56.18100", "2006-12-31": 59.444, "2006-09-30": 61.454, "2006-06-30": 50.89, "2006-03-31": "50.41400", "2005-12-31": 52.357, "2005-09-30": 49.118, "2005-06-30": 49.37, "2005-03-31": "47.17600"}, "Other Non-Cash Items": {"2020-09-30": -63.645, "2020-06-30": -25.348, "2020-03-31": "69.07400", "2019-12-31": -104.011, "2019-09-30": -2.631, "2019-06-30": -6.181, "2019-03-31": "-60.03300", "2018-12-31": 5.077, "2018-09-30": -74.512, "2018-06-30": -4.432, "2018-03-31": "-19.54900", "2017-12-31": -131.296, "2017-09-30": -10.152, "2017-06-30": -10.28, "2017-03-31": "-6.42100", "2016-12-31": 37.492, "2016-09-30": 0.41, "2016-06-30": -34.06, "2016-03-31": "-22.77800", "2015-12-31": 3.19, "2015-09-30": 19.726, "2015-06-30": -14.964, "2015-03-31": "-3.62300", "2014-12-31": -362.703, "2014-09-30": -51.99, "2014-06-30": -727.138, "2014-03-31": "-143.79800", "2013-12-31": -121.716, "2013-09-30": 15.511, "2013-06-30": 19.197, "2013-03-31": "22.05800", "2012-12-31": 102.111, "2012-09-30": 17.769, "2012-06-30": -17.672, "2012-03-31": "-31.00200", "2011-12-31": 46.592, "2011-09-30": 42.328, "2011-06-30": 11.232, "2011-03-31": "18.67700", "2010-12-31": 58.489, "2010-09-30": 1.864, "2010-06-30": 15.149, "2010-03-31": "2.39200", "2009-12-31": 52.661, "2009-09-30": 21.854, "2009-06-30": 26.612, "2009-03-31": "15.23700", "2008-12-31": 83.324, "2008-09-30": 64.856, "2008-06-30": 56.39, "2008-03-31": "24.62400", "2007-12-31": 17.263, "2007-09-30": -8.911, "2007-06-30": 3.319, "2007-03-31": "-10.77800", "2006-12-31": -67.662, "2006-09-30": -28.127, "2006-06-30": 8.194, "2006-03-31": "-3.81200", "2005-12-31": 12.257, "2005-09-30": 2.566, "2005-06-30": -4.864, "2005-03-31": "-14.23300"}, "Total Non-Cash Items": {"2020-09-30": -9.838, "2020-06-30": 50.608, "2020-03-31": "140.09300", "2019-12-31": -43.31, "2019-09-30": 47.59, "2019-06-30": 41.794, "2019-03-31": "-13.09700", "2018-12-31": 33.252, "2018-09-30": -40.486, "2018-06-30": 20.586, "2018-03-31": "5.47700", "2017-12-31": -102.337, "2017-09-30": 17.086, "2017-06-30": 25.345, "2017-03-31": "15.06700", "2016-12-31": 62.323, "2016-09-30": 23.127, "2016-06-30": -11.737, "2016-03-31": "0.24500", "2015-12-31": 28.183, "2015-09-30": 287.289, "2015-06-30": 57.603, "2015-03-31": "59.69100", "2014-12-31": -287.01, "2014-09-30": 0.737, "2014-06-30": -663.306, "2014-03-31": "-86.59300", "2013-12-31": -54.861, "2013-09-30": 79.888, "2013-06-30": 86.385, "2013-03-31": "91.74800", "2012-12-31": 189.603, "2012-09-30": 86.699, "2012-06-30": 49.81, "2012-03-31": "36.53000", "2011-12-31": 117.4511, "2011-09-30": 126.512, "2011-06-30": 83.698, "2011-03-31": "89.39900", "2010-12-31": 129.045, "2010-09-30": 98.68, "2010-06-30": 85.59, "2010-03-31": "71.70400", "2009-12-31": 97.53, "2009-09-30": 124.102, "2009-06-30": 117.38, "2009-03-31": "99.86500", "2008-12-31": 160.188, "2008-09-30": 143.292, "2008-06-30": 124.151, "2008-03-31": "89.69400", "2007-12-31": 82.009, "2007-09-30": 50.598, "2007-06-30": 61.693, "2007-03-31": "45.40300", "2006-12-31": -8.218, "2006-09-30": 33.327, "2006-06-30": 59.084, "2006-03-31": "46.60200", "2005-12-31": 64.614, "2005-09-30": 51.684, "2005-06-30": 44.506, "2005-03-31": "32.94300"}, "Change In Accounts Receivable": {"2020-09-30": -25.008, "2020-06-30": 63.582, "2020-03-31": "100.73200", "2019-12-31": -6.294, "2019-09-30": -74.38, "2019-06-30": -3.313, "2019-03-31": "30.38500", "2018-12-31": 2.296, "2018-09-30": -31.665, "2018-06-30": -8.304, "2018-03-31": "87.31100", "2017-12-31": -128.974, "2017-09-30": -15.892, "2017-06-30": -0.483, "2017-03-31": "122.60500", "2016-12-31": -53.872, "2016-09-30": -43.806, "2016-06-30": 8.037, "2016-03-31": "41.74900", "2015-12-31": -66.685, "2015-09-30": -47.43, "2015-06-30": -32.791, "2015-03-31": "59.74100", "2014-12-31": -83.977, "2014-09-30": -45.296, "2014-06-30": 8.931, "2014-03-31": "23.49800", "2013-12-31": -49.272, "2013-09-30": -62.325, "2013-06-30": 6.588, "2013-03-31": "23.02000", "2012-12-31": -2.862, "2012-09-30": -44.72, "2012-06-30": -3.98, "2012-03-31": "36.71600", "2011-12-31": -10.94, "2011-09-30": -4.54, "2011-06-30": -11.073, "2011-03-31": "54.44800", "2010-12-31": 5.093, "2010-09-30": -18.415, "2010-06-30": 1.569, "2010-03-31": "26.40100", "2009-12-31": -16.582, "2009-09-30": -26.27, "2009-06-30": 41.974, "2009-03-31": "56.84800", "2008-12-31": -5.56, "2008-09-30": -25.452, "2008-06-30": -4.73, "2008-03-31": "31.34400", "2007-12-31": -34.158, "2007-09-30": -36.834, "2007-06-30": 3.811, "2007-03-31": "24.93500", "2006-12-31": -12.275, "2006-09-30": 1.742, "2006-06-30": -3.444, "2006-03-31": "3.48300", "2005-12-31": -16.2, "2005-09-30": -12.236, "2005-06-30": -4.102, "2005-03-31": "13.12200"}, "Change In Inventories": {"2020-09-30": -2.789, "2020-06-30": 11.352, "2020-03-31": "-8.51200", "2019-12-31": 6.652, "2019-09-30": 9.909, "2019-06-30": -13.071, "2019-03-31": "-8.80700", "2018-12-31": 3.562, "2018-09-30": 3.196, "2018-06-30": -8.68, "2018-03-31": "-5.42900", "2017-12-31": -0.541, "2017-09-30": 0, "2017-06-30": 0, "2017-03-31": "", "2016-12-31": -2.422, "2016-09-30": 0, "2016-06-30": 0, "2016-03-31": "", "2015-12-31": -1.778, "2015-09-30": 0, "2015-06-30": 0, "2015-03-31": "", "2014-12-31": -2.413, "2014-09-30": 0, "2014-06-30": 0, "2014-03-31": "", "2013-12-31": -0.287, "2013-09-30": 1.138, "2013-06-30": 0, "2013-03-31": "", "2012-12-31": -3.561, "2012-09-30": 1.792, "2012-06-30": -2.118, "2012-03-31": "2.01600", "2011-12-31": 0.681, "2011-09-30": 0.89, "2011-06-30": -3.762, "2011-03-31": "0.60400", "2010-12-31": 0.654, "2010-09-30": 3.459, "2010-06-30": -0.431, "2010-03-31": "4.88900", "2009-12-31": 9.041, "2009-09-30": 2.988, "2009-06-30": 4.339, "2009-03-31": "7.82700", "2008-12-31": -3.173, "2008-09-30": -0.299, "2008-06-30": -3.452, "2008-03-31": "-9.98300", "2007-12-31": -3.48, "2007-09-30": -4.927, "2007-06-30": 3.566, "2007-03-31": "1.48500", "2006-12-31": 11.043, "2006-09-30": -3.564, "2006-06-30": -3.812, "2006-03-31": "-7.88900", "2005-12-31": 9.86, "2005-09-30": 5.537, "2005-06-30": -1.998, "2005-03-31": "-1.91600"}, "Change In Accounts Payable": {"2020-09-30": 0, "2020-06-30": 0, "2020-03-31": "", "2019-12-31": 0, "2019-09-30": 0, "2019-06-30": 0, "2019-03-31": "", "2018-12-31": 0, "2018-09-30": 0, "2018-06-30": 0, "2018-03-31": "", "2017-12-31": 0, "2017-09-30": 0, "2017-06-30": 0, "2017-03-31": "", "2016-12-31": 0, "2016-09-30": 0, "2016-06-30": 0, "2016-03-31": "", "2015-12-31": 0, "2015-09-30": 0, "2015-06-30": 0, "2015-03-31": "", "2014-12-31": 0, "2014-09-30": 0, "2014-06-30": 0, "2014-03-31": "", "2013-12-31": 0, "2013-09-30": 0, "2013-06-30": 0, "2013-03-31": "", "2012-12-31": 0, "2012-09-30": 0, "2012-06-30": 0, "2012-03-31": "", "2011-12-31": 0, "2011-09-30": 0, "2011-06-30": 0, "2011-03-31": "", "2010-12-31": 0, "2010-09-30": 0, "2010-06-30": 0, "2010-03-31": "", "2009-12-31": 0, "2009-09-30": 0, "2009-06-30": 0, "2009-03-31": "", "2008-12-31": 0, "2008-09-30": 0, "2008-06-30": 0, "2008-03-31": "", "2007-12-31": 0, "2007-09-30": 0, "2007-06-30": 0, "2007-03-31": "", "2006-12-31": 0, "2006-09-30": 0, "2006-06-30": 0, "2006-03-31": "", "2005-12-31": 0, "2005-09-30": 0, "2005-06-30": 0, "2005-03-31": ""}, "Change In Assets/Liabilities": {"2020-09-30": 38.584, "2020-06-30": -54.913, "2020-03-31": "-60.27300", "2019-12-31": -19.772, "2019-09-30": 68.8, "2019-06-30": -79.007, "2019-03-31": "-61.78600", "2018-12-31": -37.476, "2018-09-30": 91.368, "2018-06-30": -21.524, "2018-03-31": "-44.54000", "2017-12-31": -29.025, "2017-09-30": 54.59, "2017-06-30": -32.245, "2017-03-31": "-4.88600", "2016-12-31": -7.235, "2016-09-30": 46.732, "2016-06-30": -43.718, "2016-03-31": "8.50800", "2015-12-31": -30.407, "2015-09-30": 41.72, "2015-06-30": -33.524, "2015-03-31": "-41.58600", "2014-12-31": -84.403, "2014-09-30": 87.967, "2014-06-30": -4.757, "2014-03-31": "47.27500", "2013-12-31": -63.73, "2013-09-30": 25.884, "2013-06-30": -12.02, "2013-03-31": "-5.30800", "2012-12-31": 6.36, "2012-09-30": 26.165, "2012-06-30": -2.24, "2012-03-31": "-11.17000", "2011-12-31": -8.93, "2011-09-30": 7.528, "2011-06-30": -33.407, "2011-03-31": "-23.91400", "2010-12-31": -60.241, "2010-09-30": 74.413, "2010-06-30": -68.859, "2010-03-31": "62.52800", "2009-12-31": -44.377, "2009-09-30": 78.337, "2009-06-30": -28.745, "2009-03-31": "37.16100", "2008-12-31": -108.428, "2008-09-30": 69.046, "2008-06-30": -13.738, "2008-03-31": "-14.03300", "2007-12-31": -18.617, "2007-09-30": 67.632, "2007-06-30": -27.516, "2007-03-31": "42.82900", "2006-12-31": -12.315, "2006-09-30": 54.905, "2006-06-30": -9.614, "2006-03-31": "31.89600", "2005-12-31": -4.651, "2005-09-30": 21.219, "2005-06-30": -6.049, "2005-03-31": "43.09900"}, "Total Change In Assets/Liabilities": {"2020-09-30": 50.819, "2020-06-30": 39.341, "2020-03-31": "-93.30300", "2019-12-31": -9.473, "2019-09-30": -1.506, "2019-06-30": -78.039, "2019-03-31": "-106.90700", "2018-12-31": 4.922, "2018-09-30": 36.566, "2018-06-30": -16.965, "2018-03-31": "-29.89500", "2017-12-31": -65.643, "2017-09-30": 47.2, "2017-06-30": -27.934, "2017-03-31": "55.64500", "2016-12-31": 10.626, "2016-09-30": -51.568, "2016-06-30": 35.924, "2016-03-31": "22.25300", "2015-12-31": -124.917, "2015-09-30": -18.138, "2015-06-30": 6.524, "2015-03-31": "-127.63400", "2014-12-31": -84.708, "2014-09-30": 63.415, "2014-06-30": 21.847, "2014-03-31": "53.76400", "2013-12-31": -141.822, "2013-09-30": 39.453, "2013-06-30": -8.503, "2013-03-31": "-23.50200", "2012-12-31": 44.568, "2012-09-30": -56.667, "2012-06-30": -16.851, "2012-03-31": "15.75300", "2011-12-31": -50.606, "2011-09-30": -37.506, "2011-06-30": 0.729, "2011-03-31": "-55.80100", "2010-12-31": -57.722, "2010-09-30": 67.501, "2010-06-30": -40.51, "2010-03-31": "61.28500", "2009-12-31": -27.661, "2009-09-30": 80.588, "2009-06-30": 42.897, "2009-03-31": "28.08200", "2008-12-31": -48.474, "2008-09-30": 39.806, "2008-06-30": -33.813, "2008-03-31": "-1.07900", "2007-12-31": -42.261, "2007-09-30": 113.54, "2007-06-30": -54.865, "2007-03-31": "37.00500", "2006-12-31": 80.671, "2006-09-30": 60.48, "2006-06-30": -54.815, "2006-03-31": "36.77800", "2005-12-31": -35.711, "2005-09-30": 50.974, "2005-06-30": -27.915, "2005-03-31": "23.16500"}, "Cash Flow From Operating Activities": {"2020-09-30": 119.539, "2020-06-30": 108.948, "2020-03-31": "12.40300", "2019-12-31": 92.88, "2019-09-30": 88.959, "2019-06-30": 21.247, "2019-03-31": "-37.92200", "2018-12-31": 95.161, "2018-09-30": 121.32, "2018-06-30": 51.587, "2018-03-31": "18.95100", "2017-12-31": 47.198, "2017-09-30": 89.289, "2017-06-30": 39.667, "2017-03-31": "91.90100", "2016-12-31": 109.801, "2016-09-30": 4.854, "2016-06-30": 85.719, "2016-03-31": "60.88200", "2015-12-31": -45.456, "2015-09-30": 38.817, "2015-06-30": 123.161, "2015-03-31": "-45.87100", "2014-12-31": -33.371, "2014-09-30": 138.892, "2014-06-30": 108.357, "2014-03-31": "99.62100", "2013-12-31": -37.398, "2013-09-30": 150.115, "2013-06-30": 123.493, "2013-03-31": "74.01800", "2012-12-31": 188.397, "2012-09-30": 125.803, "2012-06-30": 85.691, "2012-03-31": "84.01600", "2011-12-31": 129.727, "2011-09-30": 83.55, "2011-06-30": 130.655, "2011-03-31": "49.35900", "2010-12-31": 150.249, "2010-09-30": 226.149, "2010-06-30": 138.582, "2010-03-31": "178.73600", "2009-12-31": 147.749, "2009-09-30": 221.208, "2009-06-30": 168.464, "2009-03-31": "113.96500", "2008-12-31": 124.328, "2008-09-30": 194.605, "2008-06-30": 93.657, "2008-03-31": "123.47500", "2007-12-31": 123.826, "2007-09-30": 232.255, "2007-06-30": 78.417, "2007-03-31": "146.68900", "2006-12-31": 184.107, "2006-09-30": 166.385, "2006-06-30": 84.099, "2006-03-31": "160.15900", "2005-12-31": 135.308, "2005-09-30": 169.46, "2005-06-30": 95.241, "2005-03-31": "122.76300"}, "Net Change In Property, Plant, And Equipment": {"2020-09-30": -14.342, "2020-06-30": -14.974, "2020-03-31": "-25.23500", "2019-12-31": -71.577, "2019-09-30": 30.776, "2019-06-30": -24.451, "2019-03-31": "-28.25200", "2018-12-31": -25.859, "2018-09-30": -31.827, "2018-06-30": -5.11, "2018-03-31": "-35.39600", "2017-12-31": -19.167, "2017-09-30": -11.244, "2017-06-30": -16.031, "2017-03-31": "-13.91600", "2016-12-31": -22.526, "2016-09-30": 17.606, "2016-06-30": -32.797, "2016-03-31": "10.59500", "2015-12-31": 25.649, "2015-09-30": -23.604, "2015-06-30": -45.295, "2015-03-31": "-51.92600", "2014-12-31": 579.484, "2014-09-30": -224.346, "2014-06-30": 111.04, "2014-03-31": "-59.12800", "2013-12-31": -63.159, "2013-09-30": -60.987, "2013-06-30": -45.849, "2013-03-31": "-36.46200", "2012-12-31": 4.566, "2012-09-30": -54.561, "2012-06-30": -52.955, "2012-03-31": "-44.87500", "2011-12-31": -70.759, "2011-09-30": -60.693, "2011-06-30": -49.521, "2011-03-31": "-35.40800", "2010-12-31": -99.963, "2010-09-30": -71.257, "2010-06-30": -49.188, "2010-03-31": "-23.30400", "2009-12-31": -78.203, "2009-09-30": -50.874, "2009-06-30": -68.731, "2009-03-31": "-59.95000", "2008-12-31": -82.458, "2008-09-30": -69.127, "2008-06-30": -73.693, "2008-03-31": "-60.13900", "2007-12-31": -92.368, "2007-09-30": -59.707, "2007-06-30": -64.894, "2007-03-31": "-73.03800", "2006-12-31": -89.356, "2006-09-30": -62.98, "2006-06-30": -73.67, "2006-03-31": "-58.01600", "2005-12-31": -75.366, "2005-09-30": -66.692, "2005-06-30": -43.935, "2005-03-31": "-28.27900"}, "Net Change In Intangible Assets": {"2020-09-30": 0, "2020-06-30": 0, "2020-03-31": "", "2019-12-31": 0, "2019-09-30": 0, "2019-06-30": 0, "2019-03-31": "", "2018-12-31": 0, "2018-09-30": 0, "2018-06-30": 0, "2018-03-31": "", "2017-12-31": 0, "2017-09-30": 0, "2017-06-30": 0, "2017-03-31": "", "2016-12-31": 0, "2016-09-30": 0, "2016-06-30": 0, "2016-03-31": "", "2015-12-31": 0, "2015-09-30": 0, "2015-06-30": 0, "2015-03-31": "", "2014-12-31": 0, "2014-09-30": 0, "2014-06-30": 0, "2014-03-31": "", "2013-12-31": 0, "2013-09-30": 0, "2013-06-30": 0, "2013-03-31": "", "2012-12-31": 0, "2012-09-30": 0, "2012-06-30": 0, "2012-03-31": "", "2011-12-31": 0, "2011-09-30": 0, "2011-06-30": 0, "2011-03-31": "", "2010-12-31": 0, "2010-09-30": 0, "2010-06-30": 0, "2010-03-31": "", "2009-12-31": 0, "2009-09-30": 0, "2009-06-30": 0, "2009-03-31": "", "2008-12-31": 0, "2008-09-30": 0, "2008-06-30": 0, "2008-03-31": "", "2007-12-31": 0, "2007-09-30": 0, "2007-06-30": 0, "2007-03-31": "", "2006-12-31": 0, "2006-09-30": 0, "2006-06-30": 0, "2006-03-31": "", "2005-12-31": 0, "2005-09-30": 0, "2005-06-30": 0, "2005-03-31": ""}, "Net Acquisitions/Divestitures": {"2020-09-30": -0.862, "2020-06-30": 0.644, "2020-03-31": "0.21800", "2019-12-31": 54.495, "2019-09-30": -53.414, "2019-06-30": 18.696, "2019-03-31": "34.71800", "2018-12-31": -10.344, "2018-09-30": 13.332, "2018-06-30": -13.332, "2018-03-31": "", "2017-12-31": 3.265, "2017-09-30": -1.76, "2017-06-30": 1.76, "2017-03-31": "", "2016-12-31": 0, "2016-09-30": -36.771, "2016-06-30": 36.771, "2016-03-31": "", "2015-12-31": 0, "2015-09-30": 0, "2015-06-30": 0, "2015-03-31": "", "2014-12-31": -248.938, "2014-09-30": 248.938, "2014-06-30": -157.314, "2014-03-31": "157.31400", "2013-12-31": 242.305, "2013-09-30": 5.8, "2013-06-30": -3.636, "2013-03-31": "3.63600", "2012-12-31": -75.106, "2012-09-30": 1.147, "2012-06-30": 66.257, "2012-03-31": "7.70200", "2011-12-31": 20.315, "2011-09-30": 28.842, "2011-06-30": 0, "2011-03-31": "", "2010-12-31": 15.943, "2010-09-30": -0.112, "2010-06-30": 23.176, "2010-03-31": "", "2009-12-31": 0.121, "2009-09-30": 0, "2009-06-30": 4.667, "2009-03-31": "", "2008-12-31": 0, "2008-09-30": 0, "2008-06-30": 0, "2008-03-31": "", "2007-12-31": -18.914, "2007-09-30": 0, "2007-06-30": 0, "2007-03-31": "", "2006-12-31": 76.389, "2006-09-30": 0, "2006-06-30": 0, "2006-03-31": "", "2005-12-31": 0, "2005-09-30": 0, "2005-06-30": 0, "2005-03-31": ""}, "Net Change In Short-term Investments": {"2020-09-30": 0, "2020-06-30": 45.759, "2020-03-31": "48.01600", "2019-12-31": 1.717, "2019-09-30": 0.424, "2019-06-30": 0, "2019-03-31": "9.66300", "2018-12-31": -42.659, "2018-09-30": 0, "2018-06-30": 17.106, "2018-03-31": "49.63500", "2017-12-31": 0, "2017-09-30": 0, "2017-06-30": 0, "2017-03-31": "", "2016-12-31": 6.865, "2016-09-30": -29.991, "2016-06-30": 13.442, "2016-03-31": "-8.87900", "2015-12-31": -10.683, "2015-09-30": -135.124, "2015-06-30": 0, "2015-03-31": "", "2014-12-31": 100.022, "2014-09-30": -199.985, "2014-06-30": -98.589, "2014-03-31": "-101.24100", "2013-12-31": -2.968, "2013-09-30": -12.029, "2013-06-30": 8.623, "2013-03-31": "-8.62300", "2012-12-31": -1.707, "2012-09-30": -0.191, "2012-06-30": -23.13, "2012-03-31": "-23.00300", "2011-12-31": -2.905, "2011-09-30": -0.332, "2011-06-30": -4.928, "2011-03-31": "", "2010-12-31": -8.07, "2010-09-30": 0, "2010-06-30": 0, "2010-03-31": "", "2009-12-31": -10.52, "2009-09-30": 0, "2009-06-30": 10.836, "2009-03-31": "-10.83600", "2008-12-31": 46.191, "2008-09-30": 0, "2008-06-30": 65.768, "2008-03-31": "-65.76800", "2007-12-31": -0.156, "2007-09-30": 0, "2007-06-30": 0, "2007-03-31": "", "2006-12-31": -49.591, "2006-09-30": 7.389, "2006-06-30": 73.802, "2006-03-31": "", "2005-12-31": 9.342, "2005-09-30": 47.335, "2005-06-30": 0, "2005-03-31": "8.12400"}, "Net Change In Long-Term Investments": {"2020-09-30": 1.275, "2020-06-30": -14.339, "2020-03-31": "-13.43800", "2019-12-31": -18.92, "2019-09-30": -79.335, "2019-06-30": -21.268, "2019-03-31": "-86.50700", "2018-12-31": -0.84, "2018-09-30": -88.638, "2018-06-30": -23.202, "2018-03-31": "-5.76900", "2017-12-31": -15.647, "2017-09-30": -55.57, "2017-06-30": -220.858, "2017-03-31": "-86.08000", "2016-12-31": -4.335, "2016-09-30": -44.299, "2016-06-30": -4.155, "2016-03-31": "-198.56800", "2015-12-31": -165.609, "2015-09-30": -2.144, "2015-06-30": -15.929, "2015-03-31": "-0.90500", "2014-12-31": -102.095, "2014-09-30": 169.011, "2014-06-30": -27.831, "2014-03-31": "-5.60800", "2013-12-31": -14.489, "2013-09-30": -7.984, "2013-06-30": -11.243, "2013-03-31": "-0.70000", "2012-12-31": -32.845, "2012-09-30": -0.146, "2012-06-30": -4.803, "2012-03-31": "-2.54500", "2011-12-31": -2.877, "2011-09-30": -1.757, "2011-06-30": -69.392, "2011-03-31": "-9.67300", "2010-12-31": -2.955, "2010-09-30": -4.065, "2010-06-30": -2.791, "2010-03-31": "-3.53400", "2009-12-31": -11.215, "2009-09-30": -3.132, "2009-06-30": -15.288, "2009-03-31": "3.50200", "2008-12-31": 51.673, "2008-09-30": -9.982, "2008-06-30": -78.833, "2008-03-31": "-53.53900", "2007-12-31": -98.435, "2007-09-30": -39.773, "2007-06-30": -43.71, "2007-03-31": "-107.32000", "2006-12-31": -30.115, "2006-09-30": -14.37, "2006-06-30": -62.502, "2006-03-31": "-50.05800", "2005-12-31": -4.05, "2005-09-30": -38.251, "2005-06-30": -89.302, "2005-03-31": "-25.56500"}, "Net Change In Investments - Total": {"2020-09-30": 1.275, "2020-06-30": 31.42, "2020-03-31": "34.57800", "2019-12-31": -17.203, "2019-09-30": -78.911, "2019-06-30": -21.268, "2019-03-31": "-76.84400", "2018-12-31": -43.499, "2018-09-30": -88.638, "2018-06-30": -6.096, "2018-03-31": "43.86600", "2017-12-31": -15.647, "2017-09-30": -55.57, "2017-06-30": -220.858, "2017-03-31": "-86.08000", "2016-12-31": 2.53, "2016-09-30": -74.29, "2016-06-30": 9.287, "2016-03-31": "-207.44700", "2015-12-31": -176.292, "2015-09-30": -137.268, "2015-06-30": -15.929, "2015-03-31": "-0.90500", "2014-12-31": -2.073, "2014-09-30": -30.974, "2014-06-30": -126.42, "2014-03-31": "-106.84900", "2013-12-31": -17.457, "2013-09-30": -20.013, "2013-06-30": -2.62, "2013-03-31": "-9.32300", "2012-12-31": -34.552, "2012-09-30": -0.337, "2012-06-30": -27.933, "2012-03-31": "-25.54800", "2011-12-31": -5.782, "2011-09-30": -2.089, "2011-06-30": -74.32, "2011-03-31": "-9.67300", "2010-12-31": -11.025, "2010-09-30": -4.065, "2010-06-30": -2.791, "2010-03-31": "-3.53400", "2009-12-31": -21.735, "2009-09-30": -3.132, "2009-06-30": -4.452, "2009-03-31": "-7.33400", "2008-12-31": 97.864, "2008-09-30": -9.982, "2008-06-30": -13.065, "2008-03-31": "-119.30700", "2007-12-31": -98.591, "2007-09-30": -39.773, "2007-06-30": -43.71, "2007-03-31": "-107.32000", "2006-12-31": -79.706, "2006-09-30": -6.981, "2006-06-30": 11.3, "2006-03-31": "-50.05800", "2005-12-31": 5.292, "2005-09-30": 9.084, "2005-06-30": -89.302, "2005-03-31": "-17.44100"}, "Investing Activities - Other": {"2020-09-30": 0, "2020-06-30": 0, "2020-03-31": "", "2019-12-31": 0, "2019-09-30": 0, "2019-06-30": 0, "2019-03-31": "-3.50000", "2018-12-31": 0, "2018-09-30": 0, "2018-06-30": -8.061, "2018-03-31": "-20.00000", "2017-12-31": 0, "2017-09-30": -6.771, "2017-06-30": 0, "2017-03-31": "", "2016-12-31": -6.514, "2016-09-30": -7.73, "2016-06-30": 0, "2016-03-31": "", "2015-12-31": 0, "2015-09-30": 0, "2015-06-30": 0, "2015-03-31": "", "2014-12-31": -5.2, "2014-09-30": 5.024, "2014-06-30": 88.457, "2014-03-31": "", "2013-12-31": 0.003, "2013-09-30": -0.003, "2013-06-30": 0.018, "2013-03-31": "-0.01800", "2012-12-31": 1.459, "2012-09-30": 0, "2012-06-30": -1.571, "2012-03-31": "1.57100", "2011-12-31": -1.64, "2011-09-30": 0.036, "2011-06-30": -0.305, "2011-03-31": "0.26900", "2010-12-31": 15.543, "2010-09-30": -0.076, "2010-06-30": 1.351, "2010-03-31": "-0.57000", "2009-12-31": 7.784, "2009-09-30": 0.835, "2009-06-30": -0.39, "2009-03-31": "0.26700", "2008-12-31": 1.66, "2008-09-30": -2.659, "2008-06-30": 0.643, "2008-03-31": "0.16400", "2007-12-31": 16.553, "2007-09-30": -2.813, "2007-06-30": 3.464, "2007-03-31": "", "2006-12-31": 11.808, "2006-09-30": -0.484, "2006-06-30": 0.484, "2006-03-31": "", "2005-12-31": 0, "2005-09-30": 0, "2005-06-30": 0, "2005-03-31": ""}, "Cash Flow From Investing Activities": {"2020-09-30": -13.929, "2020-06-30": 17.09, "2020-03-31": "9.56100", "2019-12-31": -34.285, "2019-09-30": -101.549, "2019-06-30": -27.023, "2019-03-31": "-73.87800", "2018-12-31": -79.702, "2018-09-30": -107.133, "2018-06-30": -32.599, "2018-03-31": "-11.53000", "2017-12-31": -31.549, "2017-09-30": -75.345, "2017-06-30": -235.129, "2017-03-31": "-99.99600", "2016-12-31": -26.51, "2016-09-30": -101.185, "2016-06-30": 13.261, "2016-03-31": "-196.85200", "2015-12-31": -150.643, "2015-09-30": -160.872, "2015-06-30": -61.224, "2015-03-31": "-52.83100", "2014-12-31": 323.273, "2014-09-30": -1.358, "2014-06-30": -84.237, "2014-03-31": "-8.66300", "2013-12-31": 161.692, "2013-09-30": -75.203, "2013-06-30": -52.087, "2013-03-31": "-42.16700", "2012-12-31": -103.633, "2012-09-30": -53.751, "2012-06-30": -16.202, "2012-03-31": "-61.15000", "2011-12-31": -57.866, "2011-09-30": -33.904, "2011-06-30": -124.146, "2011-03-31": "-44.81200", "2010-12-31": -79.502, "2010-09-30": -75.51, "2010-06-30": -27.452, "2010-03-31": "-27.40800", "2009-12-31": -92.033, "2009-09-30": -53.171, "2009-06-30": -68.906, "2009-03-31": "-67.01700", "2008-12-31": 17.066, "2008-09-30": -81.768, "2008-06-30": -86.115, "2008-03-31": "-179.28200", "2007-12-31": -193.32, "2007-09-30": -102.293, "2007-06-30": -105.14, "2007-03-31": "-180.35800", "2006-12-31": -80.865, "2006-09-30": -70.445, "2006-06-30": -61.886, "2006-03-31": "-108.07400", "2005-12-31": -70.074, "2005-09-30": -57.608, "2005-06-30": -133.237, "2005-03-31": "-45.72000"}, "Net Long-Term Debt": {"2020-09-30": -80.772, "2020-06-30": -12.786, "2020-03-31": "3.50100", "2019-12-31": -4.657, "2019-09-30": -16.407, "2019-06-30": 14.083, "2019-03-31": "39.52900", "2018-12-31": -0.047, "2018-09-30": -6.543, "2018-06-30": -10.569, "2018-03-31": "", "2017-12-31": -0.003, "2017-09-30": -6.498, "2017-06-30": -1.214, "2017-03-31": "", "2016-12-31": 0, "2016-09-30": 98.61, "2016-06-30": 0, "2016-03-31": "", "2015-12-31": -3, "2015-09-30": -2.472, "2015-06-30": 550, "2015-03-31": "-39.34300", "2014-12-31": 0.91, "2014-09-30": 0.395, "2014-06-30": -1.296, "2014-03-31": "-0.00900", "2013-12-31": 0, "2013-09-30": 0, "2013-06-30": 0, "2013-03-31": "", "2012-12-31": 0, "2012-09-30": 0, "2012-06-30": 0, "2012-03-31": "", "2011-12-31": 0, "2011-09-30": 52.476, "2011-06-30": 0, "2011-03-31": "", "2010-12-31": 0, "2010-09-30": 0, "2010-06-30": 0, "2010-03-31": "", "2009-12-31": -0.185, "2009-09-30": -0.029, "2009-06-30": -0.063, "2009-03-31": "-5.36600", "2008-12-31": -0.501, "2008-09-30": 0, "2008-06-30": -0.075, "2008-03-31": "-1.28800", "2007-12-31": -0.54, "2007-09-30": 0, "2007-06-30": -1.049, "2007-03-31": "-1.98900", "2006-12-31": -0.135, "2006-09-30": -18.836, "2006-06-30": -3.904, "2006-03-31": "-4.97100", "2005-12-31": -3.353, "2005-09-30": -0.778, "2005-06-30": -0.898, "2005-03-31": "-1.93500"}, "Net Current Debt": {"2020-09-30": 73.224, "2020-06-30": 9.135, "2020-03-31": "", "2019-12-31": -2.574, "2019-09-30": 6.322, "2019-06-30": -3.933, "2019-03-31": "", "2018-12-31": -5.717, "2018-09-30": 0, "2018-06-30": 0, "2018-03-31": "", "2017-12-31": -9.505, "2017-09-30": 0, "2017-06-30": 0, "2017-03-31": "", "2016-12-31": 14.429, "2016-09-30": 0, "2016-06-30": 0, "2016-03-31": "", "2015-12-31": 1.095, "2015-09-30": 0, "2015-06-30": 0, "2015-03-31": "", "2014-12-31": -1.538, "2014-09-30": 0, "2014-06-30": 0, "2014-03-31": "", "2013-12-31": 0.182, "2013-09-30": -0.182, "2013-06-30": 0, "2013-03-31": "-240.12100", "2012-12-31": 240.121, "2012-09-30": 0, "2012-06-30": 0, "2012-03-31": "-109.67100", "2011-12-31": 109.671, "2011-09-30": 0, "2011-06-30": 0, "2011-03-31": "", "2010-12-31": 0, "2010-09-30": 0, "2010-06-30": 0, "2010-03-31": "", "2009-12-31": 0, "2009-09-30": 0, "2009-06-30": 0, "2009-03-31": "-149.98300", "2008-12-31": 44.986, "2008-09-30": 9.997, "2008-06-30": 32, "2008-03-31": "-21.80000", "2007-12-31": 78.771, "2007-09-30": 3.093, "2007-06-30": -11.475, "2007-03-31": "14.41100", "2006-12-31": -8.972, "2006-09-30": -4.759, "2006-06-30": 9.358, "2006-03-31": "4.37300", "2005-12-31": 0.917, "2005-09-30": -29.404, "2005-06-30": 21.956, "2005-03-31": "-37.13600"}, "Debt Issuance/Retirement Net - Total": {"2020-09-30": -7.548, "2020-06-30": -3.651, "2020-03-31": "3.50100", "2019-12-31": -7.231, "2019-09-30": -10.085, "2019-06-30": 10.15, "2019-03-31": "39.52900", "2018-12-31": -5.764, "2018-09-30": -6.543, "2018-06-30": -10.569, "2018-03-31": "", "2017-12-31": -9.508, "2017-09-30": -6.498, "2017-06-30": -1.214, "2017-03-31": "", "2016-12-31": 14.429, "2016-09-30": 98.61, "2016-06-30": 0, "2016-03-31": "", "2015-12-31": -1.905, "2015-09-30": -2.472, "2015-06-30": 550, "2015-03-31": "-39.34300", "2014-12-31": -0.628, "2014-09-30": 0.395, "2014-06-30": -1.296, "2014-03-31": "-0.00900", "2013-12-31": 0.182, "2013-09-30": -0.182, "2013-06-30": 0, "2013-03-31": "-240.12100", "2012-12-31": 240.121, "2012-09-30": 0, "2012-06-30": 0, "2012-03-31": "-109.67100", "2011-12-31": 109.671, "2011-09-30": 52.476, "2011-06-30": 0, "2011-03-31": "", "2010-12-31": 0, "2010-09-30": 0, "2010-06-30": 0, "2010-03-31": "", "2009-12-31": -0.185, "2009-09-30": -0.029, "2009-06-30": -0.063, "2009-03-31": "-155.34900", "2008-12-31": 44.485, "2008-09-30": 9.997, "2008-06-30": 31.925, "2008-03-31": "-23.08800", "2007-12-31": 78.231, "2007-09-30": 3.093, "2007-06-30": -12.524, "2007-03-31": "12.42200", "2006-12-31": -9.107, "2006-09-30": -23.595, "2006-06-30": 5.454, "2006-03-31": "-0.59800", "2005-12-31": -2.436, "2005-09-30": -30.182, "2005-06-30": 21.058, "2005-03-31": "-39.07100"}, "Net Common Equity Issued/Repurchased": {"2020-09-30": -60.25, "2020-06-30": -29.295, "2020-03-31": "-28.27500", "2019-12-31": -2.639, "2019-09-30": 0.536, "2019-06-30": 0, "2019-03-31": "6.00000", "2018-12-31": -7.182, "2018-09-30": -16.756, "2018-06-30": -15.091, "2018-03-31": "-79.00100", "2017-12-31": -15.376, "2017-09-30": -34.999, "2017-06-30": 0, "2017-03-31": "-0.39500", "2016-12-31": -18.62, "2016-09-30": -1.266, "2016-06-30": -7.716, "2016-03-31": "-81.34600", "2015-12-31": -18.975, "2015-09-30": 11.308, "2015-06-30": 0, "2015-03-31": "", "2014-12-31": 2.406, "2014-09-30": 0.368, "2014-06-30": -323.03, "2014-03-31": "", "2013-12-31": 5.682, "2013-09-30": 0, "2013-06-30": 0, "2013-03-31": "-4.19600", "2012-12-31": -5.651, "2012-09-30": -23.073, "2012-06-30": -74.336, "2012-03-31": "-0.13600", "2011-12-31": -68.601, "2011-09-30": -47.934, "2011-06-30": -10.125, "2011-03-31": "-121.39500", "2010-12-31": -127.763, "2010-09-30": -233.571, "2010-06-30": -15.654, "2010-03-31": "-27.82800", "2009-12-31": -59.585, "2009-09-30": 0, "2009-06-30": 0, "2009-03-31": "-1.37100", "2008-12-31": 0, "2008-09-30": -34.673, "2008-06-30": -64.287, "2008-03-31": "", "2007-12-31": -5.584, "2007-09-30": -22.962, "2007-06-30": 1.504, "2007-03-31": "-14.98900", "2006-12-31": -61.82, "2006-09-30": 1.476, "2006-06-30": 3.493, "2006-03-31": "0.29200", "2005-12-31": 1.715, "2005-09-30": 1.442, "2005-06-30": 2.072, "2005-03-31": "1.60300"}, "Net Total Equity Issued/Repurchased": {"2020-09-30": -60.25, "2020-06-30": -29.295, "2020-03-31": "-28.27500", "2019-12-31": -2.639, "2019-09-30": 0.536, "2019-06-30": 0, "2019-03-31": "6.00000", "2018-12-31": -7.182, "2018-09-30": -16.756, "2018-06-30": -15.091, "2018-03-31": "-79.00100", "2017-12-31": -15.376, "2017-09-30": -34.999, "2017-06-30": 0, "2017-03-31": "-0.39500", "2016-12-31": -18.62, "2016-09-30": -1.266, "2016-06-30": -7.716, "2016-03-31": "-81.34600", "2015-12-31": -29.485, "2015-09-30": 11.308, "2015-06-30": 0, "2015-03-31": "", "2014-12-31": 2.406, "2014-09-30": 0.368, "2014-06-30": -323.03, "2014-03-31": "", "2013-12-31": 5.682, "2013-09-30": 0, "2013-06-30": 0, "2013-03-31": "-4.19600", "2012-12-31": -5.651, "2012-09-30": -23.073, "2012-06-30": -74.336, "2012-03-31": "-0.13600", "2011-12-31": -68.601, "2011-09-30": -47.934, "2011-06-30": -10.125, "2011-03-31": "-121.39500", "2010-12-31": -127.763, "2010-09-30": -233.571, "2010-06-30": -15.654, "2010-03-31": "-27.82800", "2009-12-31": -59.585, "2009-09-30": 0, "2009-06-30": 0, "2009-03-31": "-1.37100", "2008-12-31": 0, "2008-09-30": -34.673, "2008-06-30": -64.287, "2008-03-31": "", "2007-12-31": -5.584, "2007-09-30": -22.962, "2007-06-30": 1.504, "2007-03-31": "-14.98900", "2006-12-31": -61.82, "2006-09-30": 1.476, "2006-06-30": 3.493, "2006-03-31": "0.29200", "2005-12-31": 1.715, "2005-09-30": 1.442, "2005-06-30": 2.072, "2005-03-31": "1.60300"}, "Total Common And Preferred Stock Dividends Paid": {"2020-09-30": -7.581, "2020-06-30": -7.586, "2020-03-31": "-7.70300", "2019-12-31": -7.386, "2019-09-30": -7.388, "2019-06-30": -7.388, "2019-03-31": "-7.39100", "2018-12-31": -7.053, "2018-09-30": -7.111, "2018-06-30": -7.134, "2018-03-31": "-7.31900", "2017-12-31": -7.025, "2017-09-30": -7.103, "2017-06-30": -7.099, "2017-03-31": "-7.10200", "2016-12-31": -6.793, "2016-09-30": -6.796, "2016-06-30": -6.798, "2016-03-31": "-6.93800", "2015-12-31": -6.715, "2015-09-30": -15.69, "2015-06-30": -15.671, "2015-03-31": "-15.64500", "2014-12-31": -14.983, "2014-09-30": -14.983, "2014-06-30": -19.097, "2014-03-31": "-19.05100", "2013-12-31": -0.214, "2013-09-30": -0.212, "2013-06-30": -0.215, "2013-03-31": "-0.22200", "2012-12-31": -91.092, "2012-09-30": -18.46, "2012-06-30": -18.886, "2012-03-31": "-18.88900", "2011-12-31": -18.367, "2011-09-30": -18.864, "2011-06-30": -18.872, "2011-03-31": "-19.39000", "2010-12-31": -19.235, "2010-09-30": -20.858, "2010-06-30": -20.93, "2010-03-31": "-21.06700", "2009-12-31": -20.44, "2009-09-30": -20.44, "2009-06-30": -20.445, "2009-03-31": "-20.44700", "2008-12-31": -20.373, "2008-09-30": -20.371, "2008-06-30": -20.72, "2008-03-31": "-20.69700", "2007-12-31": -19.726, "2007-09-30": -19.711, "2007-06-30": -19.774, "2007-03-31": "-19.81300", "2006-12-31": -18.985, "2006-09-30": -18.98, "2006-06-30": -18.969, "2006-03-31": "-18.96900", "2005-12-31": -18.003, "2005-09-30": -18, "2005-06-30": -17.992, "2005-03-31": "-17.98400"}, "Financial Activities - Other": {"2020-09-30": -0.276, "2020-06-30": -10.802, "2020-03-31": "5.79200", "2019-12-31": 10.355, "2019-09-30": 2.255, "2019-06-30": 0.521, "2019-03-31": "-1.10400", "2018-12-31": -5.149, "2018-09-30": -9.919, "2018-06-30": -3.115, "2018-03-31": "-4.65300", "2017-12-31": 6.362, "2017-09-30": -6.82, "2017-06-30": -1.237, "2017-03-31": "-2.09200", "2016-12-31": -14.803, "2016-09-30": -3.936, "2016-06-30": -14.531, "2016-03-31": "13.42700", "2015-12-31": 6.494, "2015-09-30": -105.394, "2015-06-30": 2.063, "2015-03-31": "4.60600", "2014-12-31": 0.725, "2014-09-30": -0.073, "2014-06-30": 0.612, "2014-03-31": "0.02800", "2013-12-31": -1.535, "2013-09-30": -22.498, "2013-06-30": 16.79, "2013-03-31": "3.31100", "2012-12-31": -21.333, "2012-09-30": 8.123, "2012-06-30": -5.021, "2012-03-31": "16.45900", "2011-12-31": -24.17, "2011-09-30": -17.688, "2011-06-30": -8.949, "2011-03-31": "25.24700", "2010-12-31": -29.482, "2010-09-30": 15.623, "2010-06-30": 16.809, "2010-03-31": "-7.21600", "2009-12-31": -1.381, "2009-09-30": 2.554, "2009-06-30": 1.441, "2009-03-31": "2.46500", "2008-12-31": -6.474, "2008-09-30": -7.757, "2008-06-30": 12.309, "2008-03-31": "2.06900", "2007-12-31": 7.164, "2007-09-30": 0.845, "2007-06-30": 0.234, "2007-03-31": "-0.16700", "2006-12-31": 10.335, "2006-09-30": 0.252, "2006-06-30": 0.862, "2006-03-31": "0.11600", "2005-12-31": 0, "2005-09-30": 0, "2005-06-30": 0, "2005-03-31": ""}, "Cash Flow From Financial Activities": {"2020-09-30": -75.655, "2020-06-30": -51.334, "2020-03-31": "-26.68500", "2019-12-31": -6.901, "2019-09-30": -14.682, "2019-06-30": 3.283, "2019-03-31": "37.03400", "2018-12-31": -25.148, "2018-09-30": -40.329, "2018-06-30": -35.909, "2018-03-31": "-90.97300", "2017-12-31": -25.547, "2017-09-30": -55.42, "2017-06-30": -9.55, "2017-03-31": "-9.58900", "2016-12-31": -25.787, "2016-09-30": 86.612, "2016-06-30": -29.045, "2016-03-31": "-74.85700", "2015-12-31": -31.611, "2015-09-30": -112.248, "2015-06-30": 536.392, "2015-03-31": "-50.38200", "2014-12-31": -12.48, "2014-09-30": -14.293, "2014-06-30": -342.811, "2014-03-31": "-19.03200", "2013-12-31": 4.115, "2013-09-30": -22.892, "2013-06-30": 16.575, "2013-03-31": "-241.22800", "2012-12-31": 122.045, "2012-09-30": -33.41, "2012-06-30": -98.243, "2012-03-31": "-112.23700", "2011-12-31": -1.467, "2011-09-30": -32.01, "2011-06-30": -37.946, "2011-03-31": "-115.53800", "2010-12-31": -176.48, "2010-09-30": -238.806, "2010-06-30": -19.775, "2010-03-31": "-56.11100", "2009-12-31": -81.591, "2009-09-30": -17.915, "2009-06-30": -19.067, "2009-03-31": "-174.70200", "2008-12-31": 17.638, "2008-09-30": -52.804, "2008-06-30": -40.773, "2008-03-31": "-41.71600", "2007-12-31": 60.085, "2007-09-30": -38.735, "2007-06-30": -30.56, "2007-03-31": "-22.54700", "2006-12-31": -79.577, "2006-09-30": -40.847, "2006-06-30": -9.16, "2006-03-31": "-19.15900", "2005-12-31": -18.724, "2005-09-30": -46.74, "2005-06-30": 5.138, "2005-03-31": "-55.45200"}, "Net Cash Flow": {"2020-09-30": 32.179, "2020-06-30": 77.435, "2020-03-31": "-12.40500", "2019-12-31": 56.637, "2019-09-30": -30.227, "2019-06-30": -3.491, "2019-03-31": "-72.99000", "2018-12-31": -12.62, "2018-09-30": -26.006, "2018-06-30": -25.444, "2018-03-31": "-79.38100", "2017-12-31": -8.846, "2017-09-30": -38.734, "2017-06-30": -202.196, "2017-03-31": "-13.47400", "2016-12-31": 49.622, "2016-09-30": -11.024, "2016-06-30": 66.998, "2016-03-31": "-209.73200", "2015-12-31": -227.937, "2015-09-30": -241.343, "2015-06-30": 599.967, "2015-03-31": "-154.61900", "2014-12-31": 271.856, "2014-09-30": 118.236, "2014-06-30": -317.81, "2014-03-31": "73.11400", "2013-12-31": 128.06, "2013-09-30": 55.092, "2013-06-30": 85.915, "2013-03-31": "-211.77900", "2012-12-31": 206.777, "2012-09-30": 41.535, "2012-06-30": -30.872, "2012-03-31": "-86.10800", "2011-12-31": 69.94, "2011-09-30": 11.797, "2011-06-30": -29.808, "2011-03-31": "-108.57000", "2010-12-31": -105.021, "2010-09-30": -81.152, "2010-06-30": 90.043, "2010-03-31": "91.31100", "2009-12-31": -24.569, "2009-09-30": 151.347, "2009-06-30": 90.867, "2009-03-31": "-132.08800", "2008-12-31": 142.875, "2008-09-30": 51.659, "2008-06-30": -31.855, "2008-03-31": "-93.33800", "2007-12-31": -9.084, "2007-09-30": 94.426, "2007-06-30": -56.22, "2007-03-31": "-55.80400", "2006-12-31": 26.635, "2006-09-30": 56.623, "2006-06-30": 14.925, "2006-03-31": "34.10400", "2005-12-31": 45.551, "2005-09-30": 64.586, "2005-06-30": -34.307, "2005-03-31": "20.63100"}, "Stock-Based Compensation": {"2020-09-30": 1.623, "2020-06-30": 1.567, "2020-03-31": "1.56800", "2019-12-31": 1.526, "2019-09-30": 1.525, "2019-06-30": 1.616, "2019-03-31": "1.61100", "2018-12-31": 1.24, "2018-09-30": 1.91, "2018-06-30": 1.151, "2018-03-31": "2.11100", "2017-12-31": 2.641, "2017-09-30": 2.324, "2017-06-30": 2.338, "2017-03-31": "2.86600", "2016-12-31": 3.099, "2016-09-30": 3.167, "2016-06-30": 3.898, "2016-03-31": "3.25400", "2015-12-31": 9.61, "2015-09-30": 24.58, "2015-06-30": 8.826, "2015-03-31": "5.01700", "2014-12-31": 4.454, "2014-09-30": 7.023, "2014-06-30": 6.1, "2014-03-31": "", "2013-12-31": -9.266, "2013-09-30": 34.429, "2013-06-30": 0, "2013-03-31": "", "2012-12-31": 4.092, "2012-09-30": 10.57, "2012-06-30": 0, "2012-03-31": "", "2011-12-31": 11.789, "2011-09-30": 0, "2011-06-30": 0, "2011-03-31": "", "2010-12-31": 0, "2010-09-30": 0, "2010-06-30": 0, "2010-03-31": "", "2009-12-31": 0, "2009-09-30": 0, "2009-06-30": 0, "2009-03-31": "", "2008-12-31": 0, "2008-09-30": 0, "2008-06-30": 0, "2008-03-31": "", "2007-12-31": 0, "2007-09-30": 0, "2007-06-30": 0, "2007-03-31": "", "2006-12-31": 0, "2006-09-30": 0, "2006-06-30": 0, "2006-03-31": "", "2005-12-31": 0, "2005-09-30": 0, "2005-06-30": 0, "2005-03-31": ""}, "Common Stock Dividends Paid": {"2020-09-30": -7.581, "2020-06-30": -7.586, "2020-03-31": "-7.70300", "2019-12-31": -7.386, "2019-09-30": -7.388, "2019-06-30": -7.388, "2019-03-31": "-7.39100", "2018-12-31": -7.053, "2018-09-30": -7.111, "2018-06-30": -7.134, "2018-03-31": "-7.31900", "2017-12-31": -7.025, "2017-09-30": -7.103, "2017-06-30": -7.099, "2017-03-31": "-7.10200", "2016-12-31": -6.793, "2016-09-30": -6.796, "2016-06-30": -6.798, "2016-03-31": "-6.93800", "2015-12-31": -6.715, "2015-09-30": -15.69, "2015-06-30": -15.671, "2015-03-31": "-15.64500", "2014-12-31": -14.983, "2014-09-30": -14.983, "2014-06-30": -19.097, "2014-03-31": "-19.05100", "2013-12-31": -0.214, "2013-09-30": -0.212, "2013-06-30": -0.215, "2013-03-31": "-0.22200", "2012-12-31": -91.092, "2012-09-30": -18.46, "2012-06-30": -18.886, "2012-03-31": "-18.88900", "2011-12-31": -18.367, "2011-09-30": -18.864, "2011-06-30": -18.872, "2011-03-31": "-19.39000", "2010-12-31": -19.235, "2010-09-30": -20.858, "2010-06-30": -20.93, "2010-03-31": "-21.06700", "2009-12-31": -20.44, "2009-09-30": -20.44, "2009-06-30": -20.445, "2009-03-31": "-20.44700", "2008-12-31": -20.373, "2008-09-30": -20.371, "2008-06-30": -20.72, "2008-03-31": "-20.69700", "2007-12-31": -19.726, "2007-09-30": -19.711, "2007-06-30": -19.774, "2007-03-31": "-19.81300", "2006-12-31": -18.985, "2006-09-30": -18.98, "2006-06-30": -18.969, "2006-03-31": "-18.96900", "2005-12-31": -18.003, "2005-09-30": -18, "2005-06-30": -17.992, "2005-03-31": "-17.98400"}}, "financial ratios": {"Current Ratio": {"2019-12-31": "1.59660", "2018-12-31": "1.88670", "2017-12-31": "1.97560", "2016-12-31": "2.28500", "2015-12-31": "2.56600", "2014-12-31": "1.60900", "2013-12-31": "1.82250", "2012-12-31": "1.29080", "2011-12-31": "1.25120", "2010-12-31": "1.35070", "2009-12-31": "1.40270", "2008-12-31": "1.23510", "2007-12-31": "0.98170", "2006-12-31": "1.15180", "2005-12-31": "1.17790"}, "Long-term Debt / Capital": {"2019-12-31": "0.11460", "2018-12-31": "0.13900", "2017-12-31": "0.14300", "2016-12-31": "0.16530", "2015-12-31": "0.13830", "2014-12-31": "0.11290", "2013-12-31": "0.11940", "2012-12-31": "0.14920", "2011-12-31": "0.14810", "2010-12-31": "0.12350", "2009-12-31": "0.11840", "2008-12-31": "0.12230", "2007-12-31": "0.10340", "2006-12-31": "0.11240", "2005-12-31": "0.13220"}, "Debt/Equity Ratio": {"2019-12-31": "0.15420", "2018-12-31": "0.16360", "2017-12-31": "0.16920", "2016-12-31": "0.20050", "2015-12-31": "0.16050", "2014-12-31": "0.14200", "2013-12-31": "0.13660", "2012-12-31": "0.26940", "2011-12-31": "0.21720", "2010-12-31": "0.14200", "2009-12-31": "0.13530", "2008-12-31": "0.19300", "2007-12-31": "0.14110", "2006-12-31": "0.12840", "2005-12-31": "0.16160"}, "Gross Margin": {"2019-12-31": "30.99810", "2018-12-31": "37.40900", "2017-12-31": "43.88780", "2016-12-31": "48.82810", "2015-12-31": "53.36040", "2014-12-31": "53.90070", "2013-12-31": "53.43910", "2012-12-31": "54.47890", "2011-12-31": "55.68300", "2010-12-31": "59.65470", "2009-12-31": "56.56040", "2008-12-31": "55.72980", "2007-12-31": "54.95690", "2006-12-31": "55.46860", "2005-12-31": "54.46590"}, "Operating Margin": {"2019-12-31": "4.92980", "2018-12-31": "9.13070", "2017-12-31": "5.26280", "2016-12-31": "8.97980", "2015-12-31": "-3.12530", "2014-12-31": "8.50260", "2013-12-31": "5.74610", "2012-12-31": "4.40650", "2011-12-31": "9.47580", "2010-12-31": "13.14460", "2009-12-31": "6.71280", "2008-12-31": "5.50650", "2007-12-31": "11.41080", "2006-12-31": "11.77500", "2005-12-31": "14.48880"}, "EBIT Margin": {"2019-12-31": "4.92980", "2018-12-31": "9.13070", "2017-12-31": "5.26280", "2016-12-31": "8.97980", "2015-12-31": "-3.12530", "2014-12-31": "8.50260", "2013-12-31": "5.74610", "2012-12-31": "4.40650", "2011-12-31": "9.47580", "2010-12-31": "13.14460", "2009-12-31": "6.71280", "2008-12-31": "5.50650", "2007-12-31": "11.41080", "2006-12-31": "11.77500", "2005-12-31": "14.48880"}, "EBITDA Margin": {"2019-12-31": "11.94980", "2018-12-31": "13.29420", "2017-12-31": "9.63460", "2016-12-31": "12.72270", "2015-12-31": "13.44150", "2014-12-31": "17.61680", "2013-12-31": "16.05570", "2012-12-31": "13.04780", "2011-12-31": "17.93390", "2010-12-31": "19.84100", "2009-12-31": "14.16800", "2008-12-31": "12.34770", "2007-12-31": "17.12340", "2006-12-31": "17.46530", "2005-12-31": "20.06070"}, "Pre-Tax Profit Margin": {"2019-12-31": "14.54520", "2018-12-31": "11.99970", "2017-12-31": "7.05250", "2016-12-31": "10.09950", "2015-12-31": "-4.67460", "2014-12-31": "39.37490", "2013-12-31": "4.04640", "2012-12-31": "3.69720", "2011-12-31": "7.25430", "2010-12-31": "12.60940", "2009-12-31": "5.66820", "2008-12-31": "4.81770", "2007-12-31": "11.51720", "2006-12-31": "13.29430", "2005-12-31": "14.05910"}, "Net Profit Margin": {"2019-12-31": "11.18160", "2018-12-31": "10.05970", "2017-12-31": "11.65360", "2016-12-31": "6.79280", "2015-12-31": "-3.91650", "2014-12-31": "47.24080", "2013-12-31": "9.07520", "2012-12-31": "3.89070", "2011-12-31": "3.29650", "2010-12-31": "6.04380", "2009-12-31": "2.12310", "2008-12-31": "1.53800", "2007-12-31": "6.88100", "2006-12-31": "8.28380", "2005-12-31": "8.81750"}, "Asset Turnover": {"2019-12-31": "0.49430", "2018-12-31": "0.56590", "2017-12-31": "0.52490", "2016-12-31": "0.55990", "2015-12-31": "0.59410", "2014-12-31": "0.47580", "2013-12-31": "0.44750", "2012-12-31": "0.66060", "2011-12-31": "0.70280", "2010-12-31": "0.88910", "2009-12-31": "0.83410", "2008-12-31": "0.81650", "2007-12-31": "0.69620", "2006-12-31": "0.72560", "2005-12-31": "0.77520"}, "Inventory Turnover Ratio": {"2019-12-31": "18.57380", "2018-12-31": "24.28760", "2017-12-31": "23.99430", "2016-12-31": "36.47630", "2015-12-31": "37.61240", "2014-12-31": "111.57070", "2013-12-31": "414.11180", "2012-12-31": "192.26510", "2011-12-31": "237.80470", "2010-12-31": "371.26840", "2009-12-31": "117.31160", "2008-12-31": "46.36640", "2007-12-31": "81.18410", "2006-12-31": "87.06340", "2005-12-31": "107.31690"}, "Receiveable Turnover": {"2019-12-31": "4.61780", "2018-12-31": "4.48250", "2017-12-31": "4.02320", "2016-12-31": "3.77910", "2015-12-31": "4.16570", "2014-12-31": "4.79040", "2013-12-31": "5.82250", "2012-12-31": "8.44830", "2011-12-31": "8.60600", "2010-12-31": "10.65790", "2009-12-31": "10.04490", "2008-12-31": "8.78610", "2007-12-31": "8.69570", "2006-12-31": "9.22270", "2005-12-31": "8.35810"}, "Days Sales In Receivables": {"2019-12-31": "79.04140", "2018-12-31": "81.42830", "2017-12-31": "90.72310", "2016-12-31": "96.58310", "2015-12-31": "87.62130", "2014-12-31": "76.19400", "2013-12-31": "62.68740", "2012-12-31": "43.20410", "2011-12-31": "42.41240", "2010-12-31": "34.24700", "2009-12-31": "36.33670", "2008-12-31": "41.54290", "2007-12-31": "41.97470", "2006-12-31": "39.57620", "2005-12-31": "43.67020"}, "ROE - Return On Equity": {"2019-12-31": "9.85570", "2018-12-31": "9.30500", "2017-12-31": "10.37650", "2016-12-31": "6.90840", "2015-12-31": "-5.67670", "2014-12-31": "24.36990", "2013-12-31": "1.96140", "2012-12-31": "1.98330", "2011-12-31": "5.81840", "2010-12-31": "12.64650", "2009-12-31": "5.31310", "2008-12-31": "3.36930", "2007-12-31": "8.34880", "2006-12-31": "10.42990", "2005-12-31": "11.91410"}, "Return On Tangible Equity": {"2019-12-31": "20.95290", "2018-12-31": "21.59590", "2017-12-31": "23.71970", "2016-12-31": "14.65870", "2015-12-31": "-10.51920", "2014-12-31": "64.95470", "2013-12-31": "4.52410", "2012-12-31": "7.50980", "2011-12-31": "25.16270", "2010-12-31": "42.07330", "2009-12-31": "17.03910", "2008-12-31": "11.27050", "2007-12-31": "20.88790", "2006-12-31": "23.84740", "2005-12-31": "31.19690"}, "ROA - Return On Assets": {"2019-12-31": "5.52800", "2018-12-31": "5.69700", "2017-12-31": "6.12600", "2016-12-31": "3.82290", "2015-12-31": "-3.24820", "2014-12-31": "13.30600", "2013-12-31": "1.11390", "2012-12-31": "1.00470", "2011-12-31": "3.01750", "2010-12-31": "6.89980", "2009-12-31": "3.01200", "2008-12-31": "1.86700", "2007-12-31": "4.81250", "2006-12-31": "6.12360", "2005-12-31": "6.85630"}, "ROI - Return On Investment": {"2019-12-31": "8.72610", "2018-12-31": "8.01190", "2017-12-31": "8.89230", "2016-12-31": "5.76650", "2015-12-31": "-4.89150", "2014-12-31": "21.61960", "2013-12-31": "1.72710", "2012-12-31": "1.68750", "2011-12-31": "4.95680", "2010-12-31": "11.08430", "2009-12-31": "4.66600", "2008-12-31": "2.94500", "2007-12-31": "7.46000", "2006-12-31": "9.22240", "2005-12-31": "10.29180"}, "Book Value Per Share": {"2019-12-31": "626.27920", "2018-12-31": "550.23230", "2017-12-31": "529.64120", "2016-12-31": "439.91050", "2015-12-31": "429.13470", "2014-12-31": "541.60630", "2013-12-31": "446.76970", "2012-12-31": "348.21840", "2011-12-31": "342.76060", "2010-12-31": "343.46640", "2009-12-31": "318.50080", "2008-12-31": "306.45430", "2007-12-31": "364.96270", "2006-12-31": "332.59590", "2005-12-31": "276.08480"}, "Operating Cash Flow Per Share": {"2019-12-31": -22.4435, "2018-12-31": 5.1678, "2017-12-31": 1.5361, "2016-12-31": 34.4082, "2015-12-31": -35.4603, "2014-12-31": 5.4911, "2013-12-31": -23.0518, "2012-12-31": 15.6053, "2011-12-31": -27.9229, "2010-12-31": 8.3197, "2009-12-31": 12.5086, "2008-12-31": -4.151, "2007-12-31": -0.9166, "2006-12-31": 7.5496, "2005-12-31": 54.3648}, "Free Cash Flow Per Share": {"2019-12-31": -21.7111, "2018-12-31": -2.2461, "2017-12-31": -4.4825, "2016-12-31": 46.1742, "2015-12-31": -114.1388, "2014-12-31": 95.7053, "2013-12-31": -31.2408, "2012-12-31": 23.0125, "2011-12-31": -28.0073, "2010-12-31": 8.4758, "2009-12-31": 15.3311, "2008-12-31": -3.9806, "2007-12-31": -1.7868, "2006-12-31": 0.2654, "2005-12-31": 32.0819}}, "financial ratios, quarterly": {"Current Ratio": {"2020-09-30": "1.65930", "2020-06-30": "1.72150", "2020-03-31": "1.54580", "2019-12-31": "1.59660", "2019-09-30": "1.55140", "2019-06-30": "1.82340", "2019-03-31": "1.78070", "2018-12-31": "1.88670", "2018-09-30": "1.90980", "2018-06-30": "2.00320", "2018-03-31": "1.32000", "2017-12-31": "1.97560", "2017-09-30": "1.98950", "2017-06-30": "2.11520", "2017-03-31": "2.25920", "2016-12-31": "2.28500", "2016-09-30": "2.27510", "2016-06-30": "2.18640", "2016-03-31": "2.18190", "2015-12-31": "2.56600", "2015-09-30": "2.55790", "2015-06-30": "2.33810", "2015-03-31": "1.75210", "2014-12-31": "1.60900", "2014-09-30": "1.24600", "2014-06-30": "1.24000", "2014-03-31": "1.86550", "2013-12-31": "1.82250", "2013-09-30": "1.51990", "2013-06-30": "1.58180", "2013-03-31": "1.46660", "2012-12-31": "1.29080", "2012-09-30": "1.41220", "2012-06-30": "1.33210", "2012-03-31": "1.28660", "2011-12-31": "1.25120", "2011-09-30": "1.18430", "2011-06-30": "1.15390", "2011-03-31": "1.22260", "2010-12-31": "1.35070", "2010-09-30": "1.31740", "2010-06-30": "1.50400", "2010-03-31": "1.46080", "2009-12-31": "1.40270", "2009-09-30": "1.34770", "2009-06-30": "1.28080", "2009-03-31": "1.25890", "2008-12-31": "1.23510", "2008-09-30": "0.71620", "2008-06-30": "0.66220", "2008-03-31": "0.65330", "2007-12-31": "0.98170", "2007-09-30": "0.98790", "2007-06-30": "1.02240", "2007-03-31": "0.99790", "2006-12-31": "1.15180", "2006-09-30": "1.25030", "2006-06-30": "1.20530", "2006-03-31": "1.21220", "2005-12-31": "1.17790", "2005-09-30": "1.03220", "2005-06-30": "1.08310", "2005-03-31": "1.12890"}, "Long-term Debt / Capital": {"2020-09-30": "0.13560", "2020-06-30": "0.13600", "2020-03-31": "0.11810", "2019-12-31": "0.11460", "2019-09-30": "0.12090", "2019-06-30": "0.14060", "2019-03-31": "0.14290", "2018-12-31": "0.13900", "2018-09-30": "0.13720", "2018-06-30": "0.14270", "2018-03-31": "0.03060", "2017-12-31": "0.14300", "2017-09-30": "0.15960", "2017-06-30": "0.16180", "2017-03-31": "0.16420", "2016-12-31": "0.16530", "2016-09-30": "0.16370", "2016-06-30": "0.13930", "2016-03-31": "0.14080", "2015-12-31": "0.13830", "2015-09-30": "0.13500", "2015-06-30": "0.22960", "2015-03-31": "0.11350", "2014-12-31": "0.11290", "2014-09-30": "0.12080", "2014-06-30": "0.12330", "2014-03-31": "0.10570", "2013-12-31": "0.11940", "2013-09-30": "0.14090", "2013-06-30": "0.14270", "2013-03-31": "0.14780", "2012-12-31": "0.14920", "2012-09-30": "0.14590", "2012-06-30": "0.14900", "2012-03-31": "0.14710", "2011-12-31": "0.14810", "2011-09-30": "0.14740", "2011-06-30": "0.12880", "2011-03-31": "0.12770", "2010-12-31": "0.12350", "2010-09-30": "0.12400", "2010-06-30": "0.11770", "2010-03-31": "0.11760", "2009-12-31": "0.11840", "2009-09-30": "0.12120", "2009-06-30": "0.12270", "2009-03-31": "0.12290", "2008-12-31": "0.12230", "2008-09-30": "0.00000", "2008-06-30": "0.00000", "2008-03-31": "0.00000", "2007-12-31": "0.10340", "2007-09-30": "0.10810", "2007-06-30": "0.10990", "2007-03-31": "0.11170", "2006-12-31": "0.11240", "2006-09-30": "0.12410", "2006-06-30": "0.12710", "2006-03-31": "0.12950", "2005-12-31": "0.13220", "2005-09-30": "0.13780", "2005-06-30": "0.14430", "2005-03-31": "0.14700"}, "Debt/Equity Ratio": {"2020-09-30": "0.15870", "2020-06-30": "0.15920", "2020-03-31": "0.15840", "2019-12-31": "0.15420", "2019-09-30": "0.16420", "2019-06-30": "0.16670", "2019-03-31": "0.17000", "2018-12-31": "0.16360", "2018-09-30": "0.16120", "2018-06-30": "0.16870", "2018-03-31": "0.17250", "2017-12-31": "0.16920", "2017-09-30": "0.19250", "2017-06-30": "0.19560", "2017-03-31": "0.19890", "2016-12-31": "0.20050", "2016-09-30": "0.19830", "2016-06-30": "0.16180", "2016-03-31": "0.16390", "2015-12-31": "0.16050", "2015-09-30": "0.15720", "2015-06-30": "0.30030", "2015-03-31": "0.12970", "2014-12-31": "0.14200", "2014-09-30": "0.15470", "2014-06-30": "0.15960", "2014-03-31": "0.13260", "2013-12-31": "0.13660", "2013-09-30": "0.16510", "2013-06-30": "0.16760", "2013-03-31": "0.17470", "2012-12-31": "0.26940", "2012-09-30": "0.17200", "2012-06-30": "0.17630", "2012-03-31": "0.17370", "2011-12-31": "0.21720", "2011-09-30": "0.17400", "2011-06-30": "0.14910", "2011-03-31": "0.14750", "2010-12-31": "0.14200", "2010-09-30": "0.14260", "2010-06-30": "0.13440", "2010-03-31": "0.13420", "2009-12-31": "0.13530", "2009-09-30": "0.13900", "2009-06-30": "0.14100", "2009-03-31": "0.14120", "2008-12-31": "0.19300", "2008-09-30": "0.15160", "2008-06-30": "0.14780", "2008-03-31": "0.13530", "2007-12-31": "0.14110", "2007-09-30": "0.12270", "2007-06-30": "0.12490", "2007-03-31": "0.12730", "2006-12-31": "0.12840", "2006-09-30": "0.14410", "2006-06-30": "0.15420", "2006-03-31": "0.15680", "2005-12-31": "0.16160", "2005-09-30": "0.16860", "2005-06-30": "0.17800", "2005-03-31": "0.17590"}, "Gross Margin": {"2020-09-30": "33.33720", "2020-06-30": "33.56010", "2020-03-31": "32.06930", "2019-12-31": "25.01570", "2019-09-30": "29.86020", "2019-06-30": "34.76780", "2019-03-31": "34.79400", "2018-12-31": "37.20590", "2018-09-30": "33.47030", "2018-06-30": "34.49230", "2018-03-31": "44.62680", "2017-12-31": "44.96710", "2017-09-30": "42.94390", "2017-06-30": "43.53580", "2017-03-31": "44.10890", "2016-12-31": "38.18550", "2016-09-30": "52.83530", "2016-06-30": "52.93090", "2016-03-31": "51.53520", "2015-12-31": "53.95930", "2015-09-30": "52.91330", "2015-06-30": "54.30670", "2015-03-31": "52.23800", "2014-12-31": "49.43300", "2014-09-30": "53.58470", "2014-06-30": "54.75500", "2014-03-31": "54.99770", "2013-12-31": "12.99130", "2013-09-30": "54.09300", "2013-06-30": "54.64230", "2013-03-31": "54.11300", "2012-12-31": "62.60800", "2012-09-30": "53.58400", "2012-06-30": "53.31250", "2012-03-31": "51.82630", "2011-12-31": "75.83570", "2011-09-30": "51.93920", "2011-06-30": "52.81390", "2011-03-31": "54.30700", "2010-12-31": "59.59090", "2010-09-30": "59.48360", "2010-06-30": "60.62130", "2010-03-31": "58.87820", "2009-12-31": "58.90230", "2009-09-30": "58.34510", "2009-06-30": "55.83190", "2009-03-31": "53.03260", "2008-12-31": "61.77300", "2008-09-30": "54.27180", "2008-06-30": "54.07910", "2008-03-31": "53.80170", "2007-12-31": "55.54570", "2007-09-30": "54.23730", "2007-06-30": "55.66950", "2007-03-31": "54.27440", "2006-12-31": "53.89140", "2006-09-30": "54.90190", "2006-06-30": "57.39060", "2006-03-31": "55.80150", "2005-12-31": "78.24460", "2005-09-30": "44.32630", "2005-06-30": "47.30470", "2005-03-31": "45.74450"}, "Operating Margin": {"2020-09-30": "5.61300", "2020-06-30": "0.90020", "2020-03-31": "1.10410", "2019-12-31": "3.97030", "2019-09-30": "2.20190", "2019-06-30": "7.85830", "2019-03-31": "5.77910", "2018-12-31": "10.96850", "2018-09-30": "9.00150", "2018-06-30": "9.75590", "2018-03-31": "6.70480", "2017-12-31": "7.31840", "2017-09-30": "4.10060", "2017-06-30": "7.35720", "2017-03-31": "1.75950", "2016-12-31": "4.57830", "2016-09-30": "10.94420", "2016-06-30": "11.78820", "2016-03-31": "8.62030", "2015-12-31": "11.00170", "2015-09-30": "-33.31970", "2015-06-30": "8.25760", "2015-03-31": "1.36880", "2014-12-31": "3.43220", "2014-09-30": "5.86020", "2014-06-30": "11.61470", "2014-03-31": "9.42800", "2013-12-31": "-136.50970", "2013-09-30": "9.21490", "2013-06-30": "11.06270", "2013-03-31": "5.74550", "2012-12-31": "-5.25890", "2012-09-30": "10.62350", "2012-06-30": "6.37150", "2012-03-31": "2.22900", "2011-12-31": "30.51870", "2011-09-30": "6.93720", "2011-06-30": "7.73600", "2011-03-31": "5.42780", "2010-12-31": "18.37330", "2010-09-30": "11.61550", "2010-06-30": "13.93830", "2010-03-31": "9.02800", "2009-12-31": "19.99410", "2009-09-30": "6.73050", "2009-06-30": "1.79590", "2009-03-31": "-1.85990", "2008-12-31": "13.12990", "2008-09-30": "3.56770", "2008-06-30": "0.43540", "2008-03-31": "6.28980", "2007-12-31": "13.26450", "2007-09-30": "10.80350", "2007-06-30": "11.96630", "2007-03-31": "9.33380", "2006-12-31": "11.16490", "2006-09-30": "11.47390", "2006-06-30": "10.03110", "2006-03-31": "14.52730", "2005-12-31": "16.53250", "2005-09-30": "12.86360", "2005-06-30": "15.34080", "2005-03-31": "12.94940"}, "EBIT Margin": {"2020-09-30": "5.61300", "2020-06-30": "0.90020", "2020-03-31": "1.10410", "2019-12-31": "3.97030", "2019-09-30": "2.20190", "2019-06-30": "7.85830", "2019-03-31": "5.77910", "2018-12-31": "10.96850", "2018-09-30": "9.00150", "2018-06-30": "9.75590", "2018-03-31": "6.70480", "2017-12-31": "7.31840", "2017-09-30": "4.10060", "2017-06-30": "7.35720", "2017-03-31": "1.75950", "2016-12-31": "4.57830", "2016-09-30": "10.94420", "2016-06-30": "11.78820", "2016-03-31": "8.62030", "2015-12-31": "11.00170", "2015-09-30": "-33.31970", "2015-06-30": "8.25760", "2015-03-31": "1.36880", "2014-12-31": "3.43230", "2014-09-30": "5.86020", "2014-06-30": "11.61470", "2014-03-31": "9.42800", "2013-12-31": "-136.50960", "2013-09-30": "9.21490", "2013-06-30": "11.06270", "2013-03-31": "5.74550", "2012-12-31": "-5.25890", "2012-09-30": "10.62350", "2012-06-30": "6.37150", "2012-03-31": "2.22900", "2011-12-31": "30.51870", "2011-09-30": "6.93720", "2011-06-30": "7.73600", "2011-03-31": "5.42780", "2010-12-31": "18.37330", "2010-09-30": "11.61550", "2010-06-30": "13.93830", "2010-03-31": "9.02800", "2009-12-31": "19.99410", "2009-09-30": "6.73050", "2009-06-30": "1.79590", "2009-03-31": "-1.85990", "2008-12-31": "13.12990", "2008-09-30": "3.56770", "2008-06-30": "0.43540", "2008-03-31": "6.28980", "2007-12-31": "13.26450", "2007-09-30": "10.80350", "2007-06-30": "11.96630", "2007-03-31": "9.33380", "2006-12-31": "11.16490", "2006-09-30": "11.47390", "2006-06-30": "10.03110", "2006-03-31": "14.52730", "2005-12-31": "16.53240", "2005-09-30": "12.86360", "2005-06-30": "15.34080", "2005-03-31": "12.94940"}, "EBITDA Margin": {"2020-09-30": "", "2020-06-30": "", "2020-03-31": "", "2019-12-31": "", "2019-09-30": "", "2019-06-30": "", "2019-03-31": "", "2018-12-31": "", "2018-09-30": "", "2018-06-30": "", "2018-03-31": "", "2017-12-31": "", "2017-09-30": "", "2017-06-30": "", "2017-03-31": "", "2016-12-31": "", "2016-09-30": "", "2016-06-30": "", "2016-03-31": "", "2015-12-31": "", "2015-09-30": "", "2015-06-30": "", "2015-03-31": "", "2014-12-31": "", "2014-09-30": "", "2014-06-30": "", "2014-03-31": "", "2013-12-31": "", "2013-09-30": "", "2013-06-30": "", "2013-03-31": "", "2012-12-31": "", "2012-09-30": "", "2012-06-30": "", "2012-03-31": "", "2011-12-31": "", "2011-09-30": "", "2011-06-30": "", "2011-03-31": "", "2010-12-31": "", "2010-09-30": "", "2010-06-30": "", "2010-03-31": "", "2009-12-31": "", "2009-09-30": "", "2009-06-30": "", "2009-03-31": "", "2008-12-31": "", "2008-09-30": "", "2008-06-30": "", "2008-03-31": "", "2007-12-31": "", "2007-09-30": "", "2007-06-30": "", "2007-03-31": "", "2006-12-31": "", "2006-09-30": "", "2006-06-30": "", "2006-03-31": "", "2005-12-31": "", "2005-09-30": "", "2005-06-30": "", "2005-03-31": ""}, "Pre-Tax Profit Margin": {"2020-09-30": "15.07070", "2020-06-30": "9.30690", "2020-03-31": "-10.82830", "2019-12-31": "24.24650", "2019-09-30": "7.87270", "2019-06-30": "10.01830", "2019-03-31": "15.79060", "2018-12-31": "10.03330", "2018-09-30": "20.01730", "2018-06-30": "9.32620", "2018-03-31": "8.57780", "2017-12-31": "8.11760", "2017-09-30": "5.81900", "2017-06-30": "9.74710", "2017-03-31": "4.08190", "2016-12-31": "10.18430", "2016-09-30": "6.58360", "2016-06-30": "13.51480", "2016-03-31": "10.07330", "2015-12-31": "13.24030", "2015-09-30": "-40.75800", "2015-06-30": "8.74220", "2015-03-31": "-0.09100", "2014-12-31": "120.83290", "2014-09-30": "3.74430", "2014-06-30": "51.83620", "2014-03-31": "24.86110", "2013-12-31": "-179.56760", "2013-09-30": "9.84840", "2013-06-30": "9.05050", "2013-03-31": "4.63470", "2012-12-31": "-9.42900", "2012-09-30": "10.64310", "2012-06-30": "5.81290", "2012-03-31": "2.68760", "2011-12-31": "29.09960", "2011-09-30": "3.10340", "2011-06-30": "7.13140", "2011-03-31": "2.81010", "2010-12-31": "17.93360", "2010-09-30": "12.25710", "2010-06-30": "13.20510", "2010-03-31": "7.39210", "2009-12-31": "18.92590", "2009-09-30": "3.65800", "2009-06-30": "2.93030", "2009-03-31": "-2.98670", "2008-12-31": "14.17010", "2008-09-30": "1.13990", "2008-06-30": "-0.24880", "2008-03-31": "5.95610", "2007-12-31": "12.37270", "2007-09-30": "11.43880", "2007-06-30": "12.03850", "2007-03-31": "10.06790", "2006-12-31": "14.47520", "2006-09-30": "11.54260", "2006-06-30": "13.04840", "2006-03-31": "13.99890", "2005-12-31": "15.93100", "2005-09-30": "12.74610", "2005-06-30": "14.32250", "2005-03-31": "13.02160"}, "Net Profit Margin": {"2020-09-30": "10.82520", "2020-06-30": "2.88790", "2020-03-31": "-4.54010", "2019-12-31": "19.10740", "2019-09-30": "5.83970", "2019-06-30": "7.73870", "2019-03-31": "11.80990", "2018-12-31": "8.22610", "2018-09-30": "18.53440", "2018-06-30": "6.92250", "2018-03-31": "6.50420", "2017-12-31": "31.69170", "2017-09-30": "3.77100", "2017-06-30": "6.21160", "2017-03-31": "3.61860", "2016-12-31": "8.04920", "2016-09-30": "5.32880", "2016-06-30": "9.66180", "2016-03-31": "3.99210", "2015-12-31": "8.30170", "2015-09-30": "-35.98870", "2015-06-30": "8.48620", "2015-03-31": "3.18280", "2014-12-31": "103.57260", "2014-09-30": "10.85760", "2014-06-30": "85.78770", "2014-03-31": "15.79100", "2013-12-31": "292.99330", "2013-09-30": "3.52110", "2013-06-30": "5.13210", "2013-03-31": "0.57500", "2012-12-31": "-8.25650", "2012-09-30": "10.68730", "2012-06-30": "5.23850", "2012-03-31": "3.24930", "2011-12-31": "15.04010", "2011-09-30": "-0.61310", "2011-06-30": "4.29420", "2011-03-31": "1.45440", "2010-12-31": "7.42750", "2010-09-30": "5.14750", "2010-06-30": "7.67520", "2010-03-31": "3.97350", "2009-12-31": "7.56660", "2009-09-30": "1.53770", "2009-06-30": "1.13080", "2009-03-31": "-1.81840", "2008-12-31": "2.06050", "2008-09-30": "0.89420", "2008-06-30": "-0.26560", "2008-03-31": "3.64900", "2007-12-31": "7.36540", "2007-09-30": "7.06350", "2007-06-30": "6.55210", "2007-03-31": "6.48790", "2006-12-31": "9.18070", "2006-09-30": "7.71480", "2006-06-30": "8.10070", "2006-03-31": "8.05490", "2005-12-31": "10.79770", "2005-09-30": "7.59020", "2005-06-30": "8.74690", "2005-03-31": "7.92630"}, "Asset Turnover": {"2020-09-30": "0.12340", "2020-06-30": "0.11510", "2020-03-31": "0.12970", "2019-12-31": "0.12870", "2019-09-30": "0.13460", "2019-06-30": "0.14150", "2019-03-31": "0.13320", "2018-12-31": "0.14460", "2018-09-30": "0.13840", "2018-06-30": "0.14220", "2018-03-31": "0.13850", "2017-12-31": "0.13690", "2017-09-30": "0.14230", "2017-06-30": "0.15000", "2017-03-31": "0.13200", "2016-12-31": "0.14200", "2016-09-30": "0.14010", "2016-06-30": "0.14530", "2016-03-31": "0.13950", "2015-12-31": "0.14160", "2015-09-30": "0.14180", "2015-06-30": "0.11010", "2015-03-31": "0.11720", "2014-12-31": "0.05610", "2014-09-30": "0.12810", "2014-06-30": "0.16530", "2014-03-31": "0.14130", "2013-12-31": "0.00920", "2013-09-30": "0.16800", "2013-06-30": "0.17680", "2013-03-31": "0.16830", "2012-12-31": "0.10780", "2012-09-30": "0.17670", "2012-06-30": "0.20280", "2012-03-31": "0.19340", "2011-12-31": "0.08180", "2011-09-30": "0.20310", "2011-06-30": "0.20840", "2011-03-31": "0.20820", "2010-12-31": "0.20620", "2010-09-30": "0.23110", "2010-06-30": "0.22890", "2010-03-31": "0.21670", "2009-12-31": "0.20820", "2009-09-30": "0.21860", "2009-06-30": "0.21930", "2009-03-31": "0.21300", "2008-12-31": "0.17710", "2008-09-30": "0.18990", "2008-06-30": "0.18790", "2008-03-31": "0.17850", "2007-12-31": "0.18740", "2007-09-30": "0.17890", "2007-06-30": "0.19110", "2007-03-31": "0.18050", "2006-12-31": "0.19340", "2006-09-30": "0.19650", "2006-06-30": "0.20540", "2006-03-31": "0.20260", "2005-12-31": "0.20690", "2005-09-30": "0.19660", "2005-06-30": "0.20540", "2005-03-31": "0.19330"}, "Inventory Turnover Ratio": {"2020-09-30": "3.84650", "2020-06-30": "3.57040", "2020-03-31": "4.23560", "2019-12-31": "4.73780", "2019-09-30": "4.57800", "2019-06-30": "3.99580", "2019-03-31": "4.20480", "2018-12-31": "6.22800", "2018-09-30": "6.09150", "2018-06-30": "5.79770", "2018-03-31": "5.45420", "2017-12-31": "6.13610", "2017-09-30": "5.99680", "2017-06-30": "6.49670", "2017-03-31": "9.11370", "2016-12-31": "11.17730", "2016-09-30": "8.30980", "2016-06-30": "9.17050", "2016-03-31": "9.19130", "2015-12-31": "8.84930", "2015-09-30": "24.74430", "2015-06-30": "25.88580", "2015-03-31": "26.57930", "2014-12-31": "14.43700", "2014-09-30": "30.29470", "2014-06-30": "44.34290", "2014-03-31": "116.40790", "2013-12-31": "15.89160", "2013-09-30": "158.21660", "2013-06-30": "86.95020", "2013-03-31": "95.83740", "2012-12-31": "25.77150", "2012-09-30": "92.08050", "2012-06-30": "69.20250", "2012-03-31": "101.05380", "2011-12-31": "15.08950", "2011-09-30": "67.10080", "2011-06-30": "61.50410", "2011-03-31": "108.69430", "2010-12-31": "86.22130", "2010-09-30": "85.05250", "2010-06-30": "52.02170", "2010-03-31": "42.19440", "2009-12-31": "27.70670", "2009-09-30": "18.43050", "2009-06-30": "17.05780", "2009-03-31": "15.28680", "2008-12-31": "8.68570", "2008-09-30": "13.97630", "2008-06-30": "13.86840", "2008-03-31": "14.80400", "2007-12-31": "21.57210", "2007-09-30": "23.69970", "2007-06-30": "31.32020", "2007-03-31": "24.52120", "2006-12-31": "24.02530", "2006-09-30": "14.03460", "2006-06-30": "15.37070", "2006-03-31": "18.24510", "2005-12-31": "13.68770", "2005-09-30": "19.67640", "2005-06-30": "16.28670", "2005-03-31": "16.73090"}, "Receiveable Turnover": {"2020-09-30": "1.41310", "2020-06-30": "1.33490", "2020-03-31": "1.28380", "2019-12-31": "1.20240", "2019-09-30": "1.18860", "2019-06-30": "1.33720", "2019-03-31": "1.24900", "2018-12-31": "1.14570", "2018-09-30": "1.14440", "2018-06-30": "1.19360", "2018-03-31": "1.20800", "2017-12-31": "1.04900", "2017-09-30": "1.18660", "2017-06-30": "1.23940", "2017-03-31": "1.07600", "2016-12-31": "0.95860", "2016-09-30": "1.05850", "2016-06-30": "1.18400", "2016-03-31": "1.06430", "2015-12-31": "0.99280", "2015-09-30": "1.18840", "2015-06-30": "1.27710", "2015-03-31": "1.30630", "2014-12-31": "0.56510", "2014-09-30": "1.52670", "2014-06-30": "2.15910", "2014-03-31": "2.05900", "2013-12-31": "0.11960", "2013-09-30": "2.28160", "2013-06-30": "2.38520", "2013-03-31": "2.20310", "2012-12-31": "1.37860", "2012-09-30": "1.98490", "2012-06-30": "2.68710", "2012-03-31": "2.62560", "2011-12-31": "1.00150", "2011-09-30": "2.49310", "2011-06-30": "2.56130", "2011-03-31": "2.70000", "2010-12-31": "2.47120", "2010-09-30": "2.94370", "2010-06-30": "3.19390", "2010-03-31": "2.83390", "2009-12-31": "2.50760", "2009-09-30": "2.66850", "2009-06-30": "2.73260", "2009-03-31": "2.39570", "2008-12-31": "1.90610", "2008-09-30": "2.28410", "2008-06-30": "2.37880", "2008-03-31": "2.34520", "2007-12-31": "2.34120", "2007-09-30": "2.26120", "2007-06-30": "2.50990", "2007-03-31": "2.43590", "2006-12-31": "2.45800", "2006-09-30": "2.18730", "2006-06-30": "2.28420", "2006-03-31": "2.39470", "2005-12-31": "2.23120", "2005-09-30": "2.25260", "2005-06-30": "2.44270", "2005-03-31": "2.38650"}, "Days Sales In Receivables": {"2020-09-30": "63.68830", "2020-06-30": "67.42080", "2020-03-31": "70.10360", "2019-12-31": "74.84900", "2019-09-30": "75.71840", "2019-06-30": "67.30430", "2019-03-31": "72.05840", "2018-12-31": "78.55340", "2018-09-30": "78.64660", "2018-06-30": "75.40350", "2018-03-31": "74.50420", "2017-12-31": "85.79220", "2017-09-30": "75.84900", "2017-06-30": "72.61790", "2017-03-31": "83.64000", "2016-12-31": "93.88220", "2016-09-30": "85.02400", "2016-06-30": "76.01270", "2016-03-31": "84.56480", "2015-12-31": "90.64990", "2015-09-30": "75.73220", "2015-06-30": "70.47090", "2015-03-31": "68.89880", "2014-12-31": "159.26330", "2014-09-30": "58.95010", "2014-06-30": "41.68410", "2014-03-31": "43.71140", "2013-12-31": "752.70070", "2013-09-30": "39.44640", "2013-06-30": "37.73290", "2013-03-31": "40.85090", "2012-12-31": "65.28340", "2012-09-30": "45.34300", "2012-06-30": "33.49360", "2012-03-31": "34.27760", "2011-12-31": "89.86530", "2011-09-30": "36.09900", "2011-06-30": "35.13900", "2011-03-31": "33.33300", "2010-12-31": "36.41930", "2010-09-30": "30.57400", "2010-06-30": "28.17840", "2010-03-31": "31.75800", "2009-12-31": "35.89080", "2009-09-30": "33.72710", "2009-06-30": "32.93620", "2009-03-31": "37.56750", "2008-12-31": "47.21740", "2008-09-30": "39.40350", "2008-06-30": "37.83480", "2008-03-31": "38.37690", "2007-12-31": "38.44160", "2007-09-30": "39.80180", "2007-06-30": "35.85790", "2007-03-31": "36.94780", "2006-12-31": "36.61560", "2006-09-30": "41.14690", "2006-06-30": "39.40030", "2006-03-31": "37.58370", "2005-12-31": "40.33680", "2005-09-30": "39.95410", "2005-06-30": "36.84520", "2005-03-31": "37.71270"}, "ROE - Return On Equity": {"2020-09-30": "2.40410", "2020-06-30": "0.58700", "2020-03-31": "-1.05490", "2019-12-31": "4.38910", "2019-09-30": "1.40460", "2019-06-30": "1.88210", "2019-03-31": "2.72380", "2018-12-31": "1.94520", "2018-09-30": "4.20350", "2018-06-30": "1.62070", "2018-03-31": "1.48930", "2017-12-31": "7.36020", "2017-09-30": "0.97020", "2017-06-30": "1.65590", "2017-03-31": "0.85000", "2016-12-31": "1.50510", "2016-09-30": "1.32040", "2016-06-30": "2.47520", "2016-03-31": "1.56610", "2015-12-31": "2.05200", "2015-09-30": "-9.01240", "2015-06-30": "1.25600", "2015-03-31": "-0.04770", "2014-12-31": "7.95790", "2014-09-30": "0.35280", "2014-06-30": "13.22860", "2014-03-31": "3.82640", "2013-12-31": "-1.78770", "2013-09-30": "1.99160", "2013-06-30": "1.75360", "2013-03-31": "0.85000", "2012-12-31": "-2.14180", "2012-09-30": "2.13440", "2012-06-30": "1.40420", "2012-03-31": "0.53220", "2011-12-31": "2.78270", "2011-09-30": "0.49240", "2011-06-30": "1.76400", "2011-03-31": "0.68120", "2010-12-31": "4.13990", "2010-09-30": "3.06950", "2010-06-30": "3.43530", "2010-03-31": "1.75540", "2009-12-31": "4.40100", "2009-09-30": "0.90960", "2009-06-30": "0.72140", "2009-03-31": "-0.69220", "2008-12-31": "1.72370", "2008-09-30": "0.30970", "2008-06-30": "-0.07880", "2008-03-31": "1.14310", "2007-12-31": "2.40550", "2007-09-30": "2.19910", "2007-06-30": "2.12630", "2007-03-31": "2.03060", "2006-12-31": "3.02400", "2006-09-30": "2.60520", "2006-06-30": "2.86770", "2006-03-31": "3.04850", "2005-12-31": "3.88260", "2005-09-30": "2.62820", "2005-06-30": "3.15920", "2005-03-31": "2.72670"}, "Return On Tangible Equity": {"2020-09-30": "5.37380", "2020-06-30": "1.32340", "2020-03-31": "-2.26020", "2019-12-31": "9.33110", "2019-09-30": "3.24600", "2019-06-30": "4.27390", "2019-03-31": "6.37850", "2018-12-31": "4.51460", "2018-09-30": "9.69180", "2018-06-30": "3.70120", "2018-03-31": "3.44040", "2017-12-31": "16.82480", "2017-09-30": "2.72290", "2017-06-30": "4.67650", "2017-03-31": "2.00050", "2016-12-31": "3.19350", "2016-09-30": "2.81940", "2016-06-30": "5.33250", "2016-03-31": "3.54330", "2015-12-31": "3.80240", "2015-09-30": "-15.20700", "2015-06-30": "3.18050", "2015-03-31": "-0.12350", "2014-12-31": "21.21070", "2014-09-30": "1.14110", "2014-06-30": "42.26860", "2014-03-31": "8.08560", "2013-12-31": "-4.12340", "2013-09-30": "6.37510", "2013-06-30": "5.75310", "2013-03-31": "3.07030", "2012-12-31": "-8.11010", "2012-09-30": "8.36500", "2012-06-30": "5.99860", "2012-03-31": "2.18930", "2011-12-31": "12.03450", "2011-09-30": "2.13050", "2011-06-30": "7.22760", "2011-03-31": "2.52750", "2010-12-31": "13.77310", "2010-09-30": "10.23730", "2010-06-30": "10.15180", "2010-03-31": "5.49040", "2009-12-31": "14.11390", "2009-09-30": "3.05670", "2009-06-30": "2.55640", "2009-03-31": "-2.35030", "2008-12-31": "5.76610", "2008-09-30": "0.79750", "2008-06-30": "-0.21620", "2008-03-31": "2.99370", "2007-12-31": "6.01830", "2007-09-30": "5.45120", "2007-06-30": "5.20010", "2007-03-31": "5.02330", "2006-12-31": "6.91430", "2006-09-30": "6.59070", "2006-06-30": "7.54810", "2006-03-31": "7.82840", "2005-12-31": "10.16660", "2005-09-30": "7.33470", "2005-06-30": "8.71240", "2005-03-31": "7.32310"}, "ROA - Return On Assets": {"2020-09-30": "1.34310", "2020-06-30": "0.33250", "2020-03-31": "-0.60030", "2019-12-31": "2.46180", "2019-09-30": "0.78290", "2019-06-30": "1.09720", "2019-03-31": "1.57200", "2018-12-31": "1.19100", "2018-09-30": "2.56620", "2018-06-30": "0.98570", "2018-03-31": "0.90240", "2017-12-31": "4.34520", "2017-09-30": "0.53780", "2017-06-30": "0.93160", "2017-03-31": "0.47750", "2016-12-31": "0.83290", "2016-09-30": "0.74630", "2016-06-30": "1.41380", "2016-03-31": "0.88610", "2015-12-31": "1.17420", "2015-09-30": "-5.10430", "2015-06-30": "0.64580", "2015-03-31": "-0.02690", "2014-12-31": "4.34500", "2014-09-30": "0.18640", "2014-06-30": "7.08280", "2014-03-31": "2.20540", "2013-12-31": "-1.01530", "2013-09-30": "1.06780", "2013-06-30": "0.95620", "2013-03-31": "0.45590", "2012-12-31": "-1.08500", "2012-09-30": "1.13580", "2012-06-30": "0.74410", "2012-03-31": "0.28300", "2011-12-31": "1.44320", "2011-09-30": "0.25720", "2011-06-30": "0.93830", "2011-03-31": "0.36720", "2010-12-31": "2.25870", "2010-09-30": "1.67250", "2010-06-30": "1.94490", "2010-03-31": "0.98700", "2009-12-31": "2.49490", "2009-09-30": "0.51180", "2009-06-30": "0.41180", "2009-03-31": "-0.39380", "2008-12-31": "0.95520", "2008-09-30": "0.17440", "2008-06-30": "-0.04500", "2008-03-31": "0.66020", "2007-12-31": "1.38660", "2007-09-30": "1.26790", "2007-06-30": "1.25650", "2007-03-31": "1.18020", "2006-12-31": "1.77550", "2006-09-30": "1.52130", "2006-06-30": "1.66940", "2006-03-31": "1.75110", "2005-12-31": "2.23440", "2005-09-30": "1.49740", "2005-06-30": "1.80200", "2005-03-31": "1.54340"}, "ROI - Return On Investment": {"2020-09-30": "2.07810", "2020-06-30": "0.50720", "2020-03-31": "-0.93030", "2019-12-31": "3.88610", "2019-09-30": "1.23480", "2019-06-30": "1.61750", "2019-03-31": "2.33450", "2018-12-31": "1.67490", "2018-09-30": "3.62690", "2018-06-30": "1.38950", "2018-03-31": "1.44370", "2017-12-31": "6.30740", "2017-09-30": "0.81540", "2017-06-30": "1.38790", "2017-03-31": "0.71050", "2016-12-31": "1.25630", "2016-09-30": "1.10430", "2016-06-30": "2.13050", "2016-03-31": "1.34560", "2015-12-31": "1.76820", "2015-09-30": "-7.79590", "2015-06-30": "0.96760", "2015-03-31": "-0.04230", "2014-12-31": "7.05980", "2014-09-30": "0.31020", "2014-06-30": "11.59800", "2014-03-31": "3.42210", "2013-12-31": "-1.57420", "2013-09-30": "1.71100", "2013-06-30": "1.50330", "2013-03-31": "0.72430", "2012-12-31": "-1.82230", "2012-09-30": "1.81530", "2012-06-30": "1.19500", "2012-03-31": "0.45390", "2011-12-31": "2.37070", "2011-09-30": "0.41980", "2011-06-30": "1.53030", "2011-03-31": "0.59170", "2010-12-31": "3.62850", "2010-09-30": "2.67790", "2010-06-30": "3.01930", "2010-03-31": "1.54300", "2009-12-31": "3.86490", "2009-09-30": "0.79420", "2009-06-30": "0.63020", "2009-03-31": "-0.60460", "2008-12-31": "1.50670", "2008-09-30": "0.30860", "2008-06-30": "-0.07850", "2008-03-31": "1.13910", "2007-12-31": "2.14940", "2007-09-30": "1.95430", "2007-06-30": "1.88580", "2007-03-31": "1.79710", "2006-12-31": "2.67390", "2006-09-30": "2.27200", "2006-06-30": "2.49210", "2006-03-31": "2.64170", "2005-12-31": "3.35390", "2005-09-30": "2.25510", "2005-06-30": "2.69020", "2005-03-31": "2.31430"}, "Book Value Per Share": {"2020-09-30": "648.55340", "2020-06-30": "628.60250", "2020-03-31": "613.37150", "2019-12-31": "626.27930", "2019-09-30": "575.63240", "2019-06-30": "571.75050", "2019-03-31": "564.45910", "2018-12-31": "550.23230", "2018-09-30": "561.17630", "2018-06-30": "538.13170", "2018-03-31": "537.82870", "2017-12-31": "529.64120", "2017-09-30": "462.88450", "2017-06-30": "453.57150", "2017-03-31": "443.67340", "2016-12-31": "439.91050", "2016-09-30": "446.88260", "2016-06-30": "440.25640", "2016-03-31": "434.34190", "2015-12-31": "429.13470", "2015-09-30": "438.77110", "2015-06-30": "544.23220", "2015-03-31": "535.12170", "2014-12-31": "541.60630", "2014-09-30": "500.25770", "2014-06-30": "488.90020", "2014-03-31": "460.83240", "2013-12-31": "446.76970", "2013-09-30": "369.99090", "2013-06-30": "361.77730", "2013-03-31": "352.45170", "2012-12-31": "348.21840", "2012-09-30": "359.70280", "2012-06-30": "347.24220", "2012-03-31": "344.81810", "2011-12-31": "342.76060", "2011-09-30": "337.36830", "2011-06-30": "342.97520", "2011-03-31": "341.63560", "2010-12-31": "343.46640", "2010-09-30": "331.76850", "2010-06-30": "324.22940", "2010-03-31": "323.37170", "2009-12-31": "318.50080", "2009-09-30": "305.58970", "2009-06-30": "301.19480", "2009-03-31": "300.70300", "2008-12-31": "306.45430", "2008-09-30": "358.59770", "2008-06-30": "360.58050", "2008-03-31": "362.31770", "2007-12-31": "364.96270", "2007-09-30": "347.84120", "2007-06-30": "341.95730", "2007-03-31": "334.11270", "2006-12-31": "332.59590", "2006-09-30": "293.99370", "2006-06-30": "286.96300", "2006-03-31": "281.23360", "2005-12-31": "276.08480", "2005-09-30": "265.02370", "2005-06-30": "261.11270", "2005-03-31": "255.88370"}, "Operating Cash Flow Per Share": {"2020-09-30": 24.1619, "2020-06-30": 20.9805, "2020-03-31": "2.35170", "2019-12-31": 17.4408, "2019-09-30": 16.6934, "2019-06-30": 3.9911, "2019-03-31": "-7.12020", "2018-12-31": 17.4999, "2018-09-30": 22.7935, "2018-06-30": 9.6926, "2018-03-31": "3.46260", "2017-12-31": 8.5154, "2017-09-30": 16.1742, "2017-06-30": 7.089, "2017-03-31": "16.50220", "2016-12-31": 19.573, "2016-09-30": 0.8708, "2016-06-30": 15.5291, "2016-03-31": "10.77180", "2015-12-31": -7.5551, "2015-09-30": 6.5772, "2015-06-30": 21.2355, "2015-03-31": "-7.92110", "2014-12-31": -12.4551, "2014-09-30": 32.0055, "2014-06-30": 14.6962, "2014-03-31": "13.55020", "2013-12-31": -5.0742, "2013-09-30": 20.2604, "2013-06-30": 16.9326, "2013-03-31": "10.18690", "2012-12-31": 25.2938, "2012-09-30": 17.5711, "2012-06-30": 11.4596, "2012-03-31": "11.03300", "2011-12-31": 16.3177, "2011-09-30": 10.7427, "2011-06-30": 16.6124, "2011-03-31": "6.07940", "2010-12-31": 16.6388, "2010-09-30": 26.5189, "2010-06-30": 15.1758, "2010-03-31": "19.34160", "2009-12-31": 15.7827, "2009-09-30": 23.5271, "2009-06-30": 17.8425, "2009-03-31": "12.20310", "2008-12-31": 12.8484, "2008-09-30": 21.0942, "2008-06-30": 9.9246, "2008-03-31": "12.97960", "2007-12-31": 12.9001, "2007-09-30": 24.4918, "2007-06-30": 8.241, "2007-03-31": "15.36490", "2006-12-31": 19.2147, "2006-09-30": 17.2906, "2006-06-30": 8.7363, "2006-03-31": "16.67280", "2005-12-31": 14.0795, "2005-09-30": 17.619, "2005-06-30": 9.9011, "2005-03-31": "12.76520"}, "Free Cash Flow Per Share": {"2020-09-30": 21.1376, "2020-06-30": 18.0343, "2020-03-31": "-2.43310", "2019-12-31": 4.0026, "2019-09-30": 22.4686, "2019-06-30": -0.5943, "2019-03-31": "-12.42470", "2018-12-31": 12.7678, "2018-09-30": 16.7946, "2018-06-30": 8.6057, "2018-03-31": "-3.00480", "2017-12-31": 5.0605, "2017-09-30": 14.1275, "2017-06-30": 4.218, "2017-03-31": "14.00340", "2016-12-31": 15.5447, "2016-09-30": 4.0295, "2016-06-30": 9.6714, "2016-03-31": "12.64630", "2015-12-31": -3.474, "2015-09-30": 2.6251, "2015-06-30": 13.4544, "2015-03-31": "-16.88780", "2014-12-31": 79.5567, "2014-09-30": -4.997, "2014-06-30": 29.789, "2014-03-31": "5.50780", "2013-12-31": -13.6978, "2013-09-30": 12.0313, "2013-06-30": 10.649, "2013-03-31": "5.16870", "2012-12-31": 25.9887, "2012-09-30": 9.8769, "2012-06-30": 4.3864, "2012-03-31": "5.14000", "2011-12-31": 7.4179, "2011-09-30": 2.9756, "2011-06-30": 10.2677, "2011-03-31": "1.71830", "2010-12-31": 5.4948, "2010-09-30": 18.2602, "2010-06-30": 9.812, "2010-03-31": "16.81980", "2009-12-31": 7.4379, "2009-09-30": 18.1169, "2009-06-30": 10.5724, "2009-03-31": "5.78380", "2008-12-31": 4.2698, "2008-09-30": 13.5232, "2008-06-30": 2.1291, "2008-03-31": "6.65780", "2007-12-31": 3.2472, "2007-09-30": 18.1717, "2007-06-30": 1.427, "2007-03-31": "7.71460", "2006-12-31": 9.8895, "2006-09-30": 10.7474, "2006-06-30": 1.0771, "2006-03-31": "10.63330", "2005-12-31": 6.2389, "2005-09-30": 10.685, "2005-06-30": 5.3333, "2005-03-31": "9.82470"}}, "revenue": {"Graham Holdings Annual Revenue (Millions of US $)": {"2019": "$2,932", "2018": "$2,696", "2017": "$2,592", "2016": "$2,482", "2015": "$2,586", "2014": "$2,737", "2013": "$2,601", "2012": "$3,373", "2011": "$3,526", "2010": "$4,586", "2009": "$4,326", "2008": "$4,212", "2007": "$4,180", "2006": "$3,905", "2005": "$3,554"}, "Graham Holdings Quarterly Revenue (Millions of US $)": {"2020-09-30": "$717", "2020-06-30": "$653", "2020-03-31": "$732", "2019-12-31": "$763", "2019-09-30": "$739", "2019-06-30": "$738", "2019-03-31": "$692", "2018-12-31": "$689", "2018-09-30": "$675", "2018-06-30": "$673", "2018-03-31": "$659", "2017-12-31": "$676", "2017-09-30": "$657", "2017-06-30": "$676", "2017-03-31": "$583", "2016-12-31": "$630", "2016-09-30": "$622", "2016-06-30": "$629", "2016-03-31": "$602", "2015-12-31": "$616", "2015-09-30": "$641", "2015-06-30": "$681", "2015-03-31": "$647", "2014-12-31": "$323", "2014-09-30": "$703", "2014-06-30": "$874", "2014-03-31": "$837", "2013-12-31": "$53", "2013-09-30": "$856", "2013-06-30": "$871", "2013-03-31": "$821", "2012-12-31": "$550", "2012-09-30": "$878", "2012-06-30": "$989", "2012-03-31": "$956", "2011-12-31": "$410", "2011-09-30": "$1,012", "2011-06-30": "$1,061", "2011-03-31": "$1,042", "2010-12-31": "$1,063", "2010-09-30": "$1,184", "2010-06-30": "$1,197", "2010-03-31": "$1,142", "2009-12-31": "$1,080", "2009-09-30": "$1,109", "2009-06-30": "$1,083", "2009-03-31": "$1,054", "2008-12-31": "$914", "2008-09-30": "$1,129", "2008-06-30": "$1,106", "2008-03-31": "$1,063", "2007-12-31": "$1,126", "2007-09-30": "$1,023", "2007-06-30": "$1,047", "2007-03-31": "$986", "2006-12-31": "$1,041", "2006-09-30": "$947", "2006-06-30": "$969", "2006-03-31": "$948", "2005-12-31": "$949", "2005-09-30": "$874", "2005-06-30": "$898", "2005-03-31": "$834"}}, "gross-profit": {"Graham Holdings Annual Gross Profit (Millions of US $)": {"2019": "$909", "2018": "$1,009", "2017": "$1,138", "2016": "$1,212", "2015": "$1,380", "2014": "$1,475", "2013": "$1,390", "2012": "$1,837", "2011": "$1,963", "2010": "$2,736", "2009": "$2,447", "2008": "$2,347", "2007": "$2,297", "2006": "$2,166", "2005": "$1,936"}, "Graham Holdings Quarterly Gross Profit (Millions of US $)": {"2020-09-30": "$239", "2020-06-30": "$219", "2020-03-31": "$235", "2019-12-31": "$191", "2019-09-30": "$221", "2019-06-30": "$256", "2019-03-31": "$241", "2018-12-31": "$256", "2018-09-30": "$226", "2018-06-30": "$232", "2018-03-31": "$294", "2017-12-31": "$304", "2017-09-30": "$282", "2017-06-30": "$294", "2017-03-31": "$257", "2016-12-31": "$240", "2016-09-30": "$328", "2016-06-30": "$333", "2016-03-31": "$310", "2015-12-31": "$333", "2015-09-30": "$339", "2015-06-30": "$370", "2015-03-31": "$338", "2014-12-31": "$160", "2014-09-30": "$377", "2014-06-30": "$479", "2014-03-31": "$460", "2013-12-31": "$7", "2013-09-30": "$463", "2013-06-30": "$476", "2013-03-31": "$444", "2012-12-31": "$345", "2012-09-30": "$470", "2012-06-30": "$527", "2012-03-31": "$495", "2011-12-31": "$311", "2011-09-30": "$526", "2011-06-30": "$560", "2011-03-31": "$566", "2010-12-31": "$634", "2010-09-30": "$704", "2010-06-30": "$726", "2010-03-31": "$672", "2009-12-31": "$636", "2009-09-30": "$647", "2009-06-30": "$605", "2009-03-31": "$559", "2008-12-31": "$564", "2008-09-30": "$613", "2008-06-30": "$598", "2008-03-31": "$572", "2007-12-31": "$625", "2007-09-30": "$555", "2007-06-30": "$583", "2007-03-31": "$535", "2006-12-31": "$561", "2006-09-30": "$520", "2006-06-30": "$556", "2006-03-31": "$529", "2005-12-31": "$742", "2005-09-30": "$387", "2005-06-30": "$425", "2005-03-31": "$381"}}, "operating-income": {"Graham Holdings Annual Operating Income (Millions of US $)": {"2019": "$145", "2018": "$246", "2017": "$136", "2016": "$223", "2015": "$-81", "2014": "$233", "2013": "$149", "2012": "$149", "2011": "$334", "2010": "$603", "2009": "$290", "2008": "$232", "2007": "$477", "2006": "$460", "2005": "$515"}, "Graham Holdings Quarterly Operating Income (Millions of US $)": {"2020-09-30": "$40", "2020-06-30": "$6", "2020-03-31": "$8", "2019-12-31": "$30", "2019-09-30": "$16", "2019-06-30": "$58", "2019-03-31": "$40", "2018-12-31": "$76", "2018-09-30": "$61", "2018-06-30": "$66", "2018-03-31": "$44", "2017-12-31": "$49", "2017-09-30": "$27", "2017-06-30": "$50", "2017-03-31": "$10", "2016-12-31": "$29", "2016-09-30": "$68", "2016-06-30": "$74", "2016-03-31": "$52", "2015-12-31": "$68", "2015-09-30": "$-214", "2015-06-30": "$56", "2015-03-31": "$9", "2014-12-31": "$11", "2014-09-30": "$41", "2014-06-30": "$102", "2014-03-31": "$79", "2013-12-31": "$-73", "2013-09-30": "$79", "2013-06-30": "$96", "2013-03-31": "$47", "2012-12-31": "$-29", "2012-09-30": "$93", "2012-06-30": "$63", "2012-03-31": "$21", "2011-12-31": "$125", "2011-09-30": "$70", "2011-06-30": "$82", "2011-03-31": "$57", "2010-12-31": "$195", "2010-09-30": "$137", "2010-06-30": "$167", "2010-03-31": "$103", "2009-12-31": "$216", "2009-09-30": "$75", "2009-06-30": "$19", "2009-03-31": "$-20", "2008-12-31": "$120", "2008-09-30": "$40", "2008-06-30": "$5", "2008-03-31": "$67", "2007-12-31": "$149", "2007-09-30": "$110", "2007-06-30": "$125", "2007-03-31": "$92", "2006-12-31": "$116", "2006-09-30": "$109", "2006-06-30": "$97", "2006-03-31": "$138", "2005-12-31": "$157", "2005-09-30": "$112", "2005-06-30": "$138", "2005-03-31": "$108"}}, "ebitda": {"Graham Holdings Annual EBITDA (Millions of US $)": {"2019": "$350", "2018": "$358", "2017": "$250", "2016": "$316", "2015": "$348", "2014": "$482", "2013": "$418", "2012": "$440", "2011": "$632", "2010": "$910", "2009": "$613", "2008": "$520", "2007": "$716", "2006": "$682", "2005": "$713"}, "Graham Holdings Quarterly EBITDA (Millions of US $)": {"2020-09-30": "$94", "2020-06-30": "$82", "2020-03-31": "$79", "2019-12-31": "$91", "2019-09-30": "$66", "2019-06-30": "$106", "2019-03-31": "$87", "2018-12-31": "$104", "2018-09-30": "$95", "2018-06-30": "$91", "2018-03-31": "$69", "2017-12-31": "$78", "2017-09-30": "$54", "2017-06-30": "$85", "2017-03-31": "$32", "2016-12-31": "$54", "2016-09-30": "$91", "2016-06-30": "$96", "2016-03-31": "$75", "2015-12-31": "$93", "2015-09-30": "$54", "2015-06-30": "$129", "2015-03-31": "$72", "2014-12-31": "$87", "2014-09-30": "$94", "2014-06-30": "$165", "2014-03-31": "$136", "2013-12-31": "$-6", "2013-09-30": "$143", "2013-06-30": "$163", "2013-03-31": "$117", "2012-12-31": "$59", "2012-09-30": "$162", "2012-06-30": "$131", "2012-03-31": "$89", "2011-12-31": "$196", "2011-09-30": "$154", "2011-06-30": "$155", "2011-03-31": "$127", "2010-12-31": "$266", "2010-09-30": "$234", "2010-06-30": "$237", "2010-03-31": "$172", "2009-12-31": "$261", "2009-09-30": "$177", "2009-06-30": "$110", "2009-03-31": "$65", "2008-12-31": "$197", "2008-09-30": "$119", "2008-06-30": "$73", "2008-03-31": "$132", "2007-12-31": "$214", "2007-09-30": "$170", "2007-06-30": "$184", "2007-03-31": "$148", "2006-12-31": "$176", "2006-09-30": "$170", "2006-06-30": "$148", "2006-03-31": "$188", "2005-12-31": "$209", "2005-09-30": "$162", "2005-06-30": "$187", "2005-03-31": "$155"}}, "net-income": {"Graham Holdings Annual Net Income (Millions of US $)": {"2019": "$328", "2018": "$271", "2017": "$302", "2016": "$169", "2015": "$-101", "2014": "$1,293", "2013": "$236", "2012": "$131", "2011": "$116", "2010": "$277", "2009": "$92", "2008": "$65", "2007": "$288", "2006": "$323", "2005": "$313"}, "Graham Holdings Quarterly Net Income (Millions of US $)": {"2020-09-30": "$78", "2020-06-30": "$19", "2020-03-31": "$-33", "2019-12-31": "$146", "2019-09-30": "$43", "2019-06-30": "$57", "2019-03-31": "$82", "2018-12-31": "$57", "2018-09-30": "$125", "2018-06-30": "$47", "2018-03-31": "$43", "2017-12-31": "$214", "2017-09-30": "$25", "2017-06-30": "$42", "2017-03-31": "$21", "2016-12-31": "$51", "2016-09-30": "$33", "2016-06-30": "$61", "2016-03-31": "$24", "2015-12-31": "$51", "2015-09-30": "$-231", "2015-06-30": "$58", "2015-03-31": "$21", "2014-12-31": "$334", "2014-09-30": "$76", "2014-06-30": "$750", "2014-03-31": "$132", "2013-12-31": "$156", "2013-09-30": "$30", "2013-06-30": "$45", "2013-03-31": "$5", "2012-12-31": "$-45", "2012-09-30": "$94", "2012-06-30": "$52", "2012-03-31": "$31", "2011-12-31": "$62", "2011-09-30": "$-6", "2011-06-30": "$46", "2011-03-31": "$15", "2010-12-31": "$79", "2010-09-30": "$61", "2010-06-30": "$92", "2010-03-31": "$45", "2009-12-31": "$82", "2009-09-30": "$17", "2009-06-30": "$12", "2009-03-31": "$-19", "2008-12-31": "$19", "2008-09-30": "$10", "2008-06-30": "$-3", "2008-03-31": "$39", "2007-12-31": "$83", "2007-09-30": "$72", "2007-06-30": "$69", "2007-03-31": "$64", "2006-12-31": "$96", "2006-09-30": "$73", "2006-06-30": "$78", "2006-03-31": "$76", "2005-12-31": "$102", "2005-09-30": "$66", "2005-06-30": "$79", "2005-03-31": "$66"}}, "eps-earnings-per-share-diluted": {"Graham Holdings Annual EPS": {"2019": "$61.21", "2018": "$50.20", "2017": "$53.89", "2016": "$29.80", "2015": "$-17.87", "2014": "$195.03", "2013": "$32.05", "2012": "$17.39", "2011": "$14.70", "2010": "$31.04", "2009": "$9.78", "2008": "$6.87", "2007": "$30.19", "2006": "$33.68", "2005": "$32.59"}, "Graham Holdings Quarterly EPS": {"2020-09-30": "$15.22", "2020-06-30": "$3.60", "2020-03-31": "$-6.32", "2019-12-31": "$27.25", "2019-09-30": "$8.05", "2019-06-30": "$10.65", "2019-03-31": "$15.26", "2018-12-31": "$10.51", "2018-09-30": "$23.28", "2018-06-30": "$8.63", "2018-03-31": "$7.78", "2017-12-31": "$38.26", "2017-09-30": "$4.42", "2017-06-30": "$7.46", "2017-03-31": "$3.75", "2016-12-31": "$6.58", "2016-09-30": "$5.87", "2016-06-30": "$10.76", "2016-03-31": "$6.59", "2015-12-31": "$9.03", "2015-09-30": "$-40.25", "2015-06-30": "$9.87", "2015-03-31": "$3.48", "2014-12-31": "$63.64", "2014-09-30": "$13.12", "2014-06-30": "$100.48", "2014-03-31": "$17.79", "2013-12-31": "$21.34", "2013-09-30": "$4.05", "2013-06-30": "$6.02", "2013-03-31": "$0.64", "2012-12-31": "$-6.16", "2012-09-30": "$12.64", "2012-06-30": "$6.84", "2012-03-31": "$4.07", "2011-12-31": "$7.91", "2011-09-30": "$-0.82", "2011-06-30": "$5.74", "2011-03-31": "$1.87", "2010-12-31": "$9.29", "2010-09-30": "$6.84", "2010-06-30": "$10.00", "2010-03-31": "$4.91", "2009-12-31": "$8.71", "2009-09-30": "$1.81", "2009-06-30": "$1.30", "2009-03-31": "$-2.04", "2008-12-31": "$2.02", "2008-09-30": "$1.08", "2008-06-30": "$-0.31", "2008-03-31": "$4.08", "2007-12-31": "$8.70", "2007-09-30": "$7.60", "2007-06-30": "$7.19", "2007-03-31": "$6.70", "2006-12-31": "$9.96", "2006-09-30": "$7.60", "2006-06-30": "$8.17", "2006-03-31": "$7.95", "2005-12-31": "$10.67", "2005-09-30": "$6.89", "2005-06-30": "$8.16", "2005-03-31": "$6.87"}}, "shares-outstanding": {"Graham Holdings Annual Shares Outstanding (Millions of Shares)": {"2019": "5", "2018": "5", "2017": "6", "2016": "6", "2015": "6", "2014": "7", "2013": "7", "2012": "7", "2011": "8", "2010": "9", "2009": "9", "2008": "9", "2007": "10", "2006": "10", "2005": "10"}, "Graham Holdings Quarterly Shares Outstanding (Millions of Shares)": {"2020-09-30": "5", "2020-06-30": "5", "2020-03-31": "5", "2019-12-31": "5", "2019-09-30": "5", "2019-06-30": "5", "2019-03-31": "5", "2018-12-31": "5", "2018-09-30": "5", "2018-06-30": "5", "2018-03-31": "5", "2017-12-31": "6", "2017-09-30": "6", "2017-06-30": "6", "2017-03-31": "6", "2016-12-31": "6", "2016-09-30": "6", "2016-06-30": "6", "2016-03-31": "6", "2015-12-31": "6", "2015-09-30": "6", "2015-06-30": "6", "2015-03-31": "6", "2014-12-31": "7", "2014-09-30": "6", "2014-06-30": "7", "2014-03-31": "7", "2013-12-31": "7", "2013-09-30": "7", "2013-06-30": "7", "2013-03-31": "7", "2012-12-31": "7", "2012-09-30": "7", "2012-06-30": "8", "2012-03-31": "8", "2011-12-31": "8", "2011-09-30": "8", "2011-06-30": "8", "2011-03-31": "8", "2010-12-31": "9", "2010-09-30": "9", "2010-06-30": "9", "2010-03-31": "9", "2009-12-31": "9", "2009-09-30": "9", "2009-06-30": "9", "2009-03-31": "9", "2008-12-31": "9", "2008-09-30": "9", "2008-06-30": "9", "2008-03-31": "10", "2007-12-31": "10", "2007-09-30": "10", "2007-06-30": "10", "2007-03-31": "10", "2006-12-31": "10", "2006-09-30": "10", "2006-06-30": "10", "2006-03-31": "10", "2005-12-31": "10", "2005-09-30": "10", "2005-06-30": "10", "2005-03-31": "10"}}, "total-assets": {"Graham Holdings Annual Total Assets (Millions of US $)": {"2019": "$5,931", "2018": "$4,764", "2017": "$4,938", "2016": "$4,433", "2015": "$4,353", "2014": "$5,752", "2013": "$5,811", "2012": "$5,105", "2011": "$5,017", "2010": "$5,158", "2009": "$5,186", "2008": "$5,158", "2007": "$6,005", "2006": "$5,381", "2005": "$4,585"}, "Graham Holdings Quarterly Total Assets (Millions of US $)": {"2020-09-30": "$5,812", "2020-06-30": "$5,672", "2020-03-31": "$5,646", "2019-12-31": "$5,931", "2019-09-30": "$5,488", "2019-06-30": "$5,213", "2019-03-31": "$5,197", "2018-12-31": "$4,764", "2018-09-30": "$4,874", "2018-06-30": "$4,731", "2018-03-31": "$4,761", "2017-12-31": "$4,938", "2017-09-30": "$4,620", "2017-06-30": "$4,508", "2017-03-31": "$4,416", "2016-12-31": "$4,433", "2016-09-30": "$4,439", "2016-06-30": "$4,329", "2016-03-31": "$4,313", "2015-12-31": "$4,353", "2015-09-30": "$4,524", "2015-06-30": "$6,182", "2015-03-31": "$5,525", "2014-12-31": "$5,752", "2014-09-30": "$5,488", "2014-06-30": "$5,290", "2014-03-31": "$5,921", "2013-12-31": "$5,811", "2013-09-30": "$5,096", "2013-06-30": "$4,924", "2013-03-31": "$4,877", "2012-12-31": "$5,105", "2012-09-30": "$4,966", "2012-06-30": "$4,878", "2012-03-31": "$4,940", "2011-12-31": "$5,017", "2011-09-30": "$4,986", "2011-06-30": "$5,092", "2011-03-31": "$5,005", "2010-12-31": "$5,158", "2010-09-30": "$5,122", "2010-06-30": "$5,230", "2010-03-31": "$5,271", "2009-12-31": "$5,186", "2009-09-30": "$5,072", "2009-06-30": "$4,939", "2009-03-31": "$4,948", "2008-12-31": "$5,158", "2008-09-30": "$5,944", "2008-06-30": "$5,887", "2008-03-31": "$5,956", "2007-12-31": "$6,005", "2007-09-30": "$5,715", "2007-06-30": "$5,477", "2007-03-31": "$5,459", "2006-12-31": "$5,381", "2006-09-30": "$4,818", "2006-06-30": "$4,717", "2006-03-31": "$4,680", "2005-12-31": "$4,585", "2005-09-30": "$4,445", "2005-06-30": "$4,370", "2005-03-31": "$4,315"}}, "cash-on-hand": {"Graham Holdings Annual Cash on Hand (Millions of US $)": {"2019": "$814", "2018": "$779", "2017": "$965", "2016": "$1,119", "2015": "$1,154", "2014": "$1,024", "2013": "$1,176", "2012": "$960", "2011": "$745", "2010": "$843", "2009": "$863", "2008": "$748", "2007": "$373", "2006": "$377", "2005": "$283"}, "Graham Holdings Quarterly Cash on Hand (Millions of US $)": {"2020-09-30": "$813", "2020-06-30": "$721", "2020-03-31": "$653", "2019-12-31": "$814", "2019-09-30": "$712", "2019-06-30": "$725", "2019-03-31": "$719", "2018-12-31": "$779", "2018-09-30": "$795", "2018-06-30": "$777", "2018-03-31": "$820", "2017-12-31": "$965", "2017-09-30": "$936", "2017-06-30": "$925", "2017-03-31": "$1,114", "2016-12-31": "$1,119", "2016-09-30": "$1,030", "2016-06-30": "$1,000", "2016-03-31": "$949", "2015-12-31": "$1,154", "2015-09-30": "$1,346", "2015-06-30": "$1,446", "2015-03-31": "$866", "2014-12-31": "$1,024", "2014-09-30": "$687", "2014-06-30": "$610", "2014-03-31": "$1,340", "2013-12-31": "$1,176", "2013-09-30": "$986", "2013-06-30": "$912", "2013-03-31": "$808", "2012-12-31": "$960", "2012-09-30": "$751", "2012-06-30": "$708", "2012-03-31": "$721", "2011-12-31": "$745", "2011-09-30": "$653", "2011-06-30": "$686", "2011-03-31": "$737", "2010-12-31": "$843", "2010-09-30": "$977", "2010-06-30": "$1,052", "2010-03-31": "$1,047", "2009-12-31": "$863", "2009-09-30": "$904", "2009-06-30": "$714", "2009-03-31": "$659", "2008-12-31": "$748", "2008-09-30": "$416", "2008-06-30": "$326", "2008-03-31": "$314", "2007-12-31": "$373", "2007-09-30": "$375", "2007-06-30": "$279", "2007-03-31": "$325", "2006-12-31": "$377", "2006-09-30": "$360", "2006-06-30": "$313", "2006-03-31": "$365", "2005-12-31": "$283", "2005-09-30": "$238", "2005-06-30": "$231", "2005-03-31": "$273"}}, "long-term-debt": {"Graham Holdings Annual Long Term Debt (Millions of US $)": {"2019": "$431", "2018": "$471", "2017": "$487", "2016": "$486", "2015": "$400", "2014": "$400", "2013": "$448", "2012": "$453", "2011": "$452", "2010": "$397", "2009": "$396", "2008": "$400", "2007": "$401", "2006": "$402", "2005": "$404"}, "Graham Holdings Quarterly Long Term Debt (Millions of US $)": {"2020-09-30": "$509", "2020-06-30": "$506", "2020-03-31": "$430", "2019-12-31": "$431", "2019-09-30": "$421", "2019-06-30": "$497", "2019-03-31": "$500", "2018-12-31": "$471", "2018-09-30": "$473", "2018-06-30": "$479", "2018-03-31": "$91", "2017-12-31": "$487", "2017-09-30": "$486", "2017-06-30": "$490", "2017-03-31": "$487", "2016-12-31": "$486", "2016-09-30": "$491", "2016-06-30": "$400", "2016-03-31": "$400", "2015-12-31": "$400", "2015-09-30": "$400", "2015-06-30": "$947", "2015-03-31": "$400", "2014-12-31": "$400", "2014-09-30": "$398", "2014-06-30": "$398", "2014-03-31": "$403", "2013-12-31": "$448", "2013-09-30": "$448", "2013-06-30": "$447", "2013-03-31": "$454", "2012-12-31": "$453", "2012-09-30": "$453", "2012-06-30": "$453", "2012-03-31": "$453", "2011-12-31": "$452", "2011-09-30": "$450", "2011-06-30": "$402", "2011-03-31": "$397", "2010-12-31": "$397", "2010-09-30": "$397", "2010-06-30": "$396", "2010-03-31": "$396", "2009-12-31": "$396", "2009-09-30": "$396", "2009-06-30": "$396", "2009-03-31": "$396", "2008-12-31": "$400", "2008-09-30": "$0", "2008-06-30": "$0", "2008-03-31": "$0", "2007-12-31": "$401", "2007-09-30": "$401", "2007-06-30": "$401", "2007-03-31": "$400", "2006-12-31": "$402", "2006-09-30": "$400", "2006-06-30": "$402", "2006-03-31": "$402", "2005-12-31": "$404", "2005-09-30": "$407", "2005-06-30": "$422", "2005-03-31": "$423"}}, "total-liabilities": {"Graham Holdings Annual Total Liabilities (Millions of US $)": {"2019": "$2,604", "2018": "$1,847", "2017": "$2,023", "2016": "$1,980", "2015": "$1,862", "2014": "$2,612", "2013": "$2,511", "2012": "$2,519", "2011": "$2,415", "2010": "$2,344", "2009": "$2,235", "2008": "$2,288", "2007": "$2,532", "2006": "$2,210", "2005": "$1,934"}, "Graham Holdings Quarterly Total Liabilities (Millions of US $)": {"2020-09-30": "$2,565", "2020-06-30": "$2,459", "2020-03-31": "$2,433", "2019-12-31": "$2,604", "2019-09-30": "$2,429", "2019-06-30": "$2,174", "2019-03-31": "$2,198", "2018-12-31": "$1,847", "2018-09-30": "$1,898", "2018-06-30": "$1,854", "2018-03-31": "$1,876", "2017-12-31": "$2,023", "2017-09-30": "$2,059", "2017-06-30": "$1,972", "2017-03-31": "$1,936", "2016-12-31": "$1,980", "2016-09-30": "$1,930", "2016-06-30": "$1,856", "2016-03-31": "$1,872", "2015-12-31": "$1,862", "2015-09-30": "$1,962", "2015-06-30": "$3,003", "2015-03-31": "$2,404", "2014-12-31": "$2,612", "2014-09-30": "$2,588", "2014-06-30": "$2,458", "2014-03-31": "$2,508", "2013-12-31": "$2,511", "2013-09-30": "$2,364", "2013-06-30": "$2,239", "2013-03-31": "$2,261", "2012-12-31": "$2,519", "2012-09-30": "$2,313", "2012-06-30": "$2,293", "2012-03-31": "$2,313", "2011-12-31": "$2,415", "2011-09-30": "$2,382", "2011-06-30": "$2,372", "2011-03-31": "$2,296", "2010-12-31": "$2,344", "2010-09-30": "$2,320", "2010-06-30": "$2,258", "2010-03-31": "$2,296", "2009-12-31": "$2,235", "2009-09-30": "$2,200", "2009-06-30": "$2,108", "2009-03-31": "$2,121", "2008-12-31": "$2,288", "2008-09-30": "$2,585", "2008-06-30": "$2,510", "2008-03-31": "$2,504", "2007-12-31": "$2,532", "2007-09-30": "$2,408", "2007-06-30": "$2,228", "2007-03-31": "$2,274", "2006-12-31": "$2,210", "2006-09-30": "$1,992", "2006-06-30": "$1,959", "2006-03-31": "$1,979", "2005-12-31": "$1,934", "2005-09-30": "$1,900", "2005-06-30": "$1,865", "2005-03-31": "$1,860"}}, "total-share-holder-equity": {"Graham Holdings Annual Share Holder Equity (Millions of US $)": {"2019": "$3,327", "2018": "$2,917", "2017": "$2,915", "2016": "$2,453", "2015": "$2,491", "2014": "$3,141", "2013": "$3,300", "2012": "$2,586", "2011": "$2,602", "2010": "$2,814", "2009": "$2,952", "2008": "$2,870", "2007": "$3,473", "2006": "$3,172", "2005": "$2,651"}, "Graham Holdings Quarterly Share Holder Equity (Millions of US $)": {"2020-09-30": "$3,247", "2020-06-30": "$3,213", "2020-03-31": "$3,213", "2019-12-31": "$3,327", "2019-09-30": "$3,059", "2019-06-30": "$3,039", "2019-03-31": "$3,000", "2018-12-31": "$2,917", "2018-09-30": "$2,975", "2018-06-30": "$2,877", "2018-03-31": "$2,885", "2017-12-31": "$2,915", "2017-09-30": "$2,561", "2017-06-30": "$2,536", "2017-03-31": "$2,481", "2016-12-31": "$2,453", "2016-09-30": "$2,509", "2016-06-30": "$2,472", "2016-03-31": "$2,440", "2015-12-31": "$2,491", "2015-09-30": "$2,562", "2015-06-30": "$3,179", "2015-03-31": "$3,121", "2014-12-31": "$3,141", "2014-09-30": "$2,900", "2014-06-30": "$2,832", "2014-03-31": "$3,412", "2013-12-31": "$3,300", "2013-09-30": "$2,732", "2013-06-30": "$2,685", "2013-03-31": "$2,616", "2012-12-31": "$2,586", "2012-09-30": "$2,654", "2012-06-30": "$2,585", "2012-03-31": "$2,627", "2011-12-31": "$2,602", "2011-09-30": "$2,604", "2011-06-30": "$2,720", "2011-03-31": "$2,710", "2010-12-31": "$2,814", "2010-09-30": "$2,802", "2010-06-30": "$2,973", "2010-03-31": "$2,975", "2009-12-31": "$2,952", "2009-09-30": "$2,873", "2009-06-30": "$2,831", "2009-03-31": "$2,827", "2008-12-31": "$2,870", "2008-09-30": "$3,359", "2008-06-30": "$3,377", "2008-03-31": "$3,452", "2007-12-31": "$3,473", "2007-09-30": "$3,307", "2007-06-30": "$3,248", "2007-03-31": "$3,185", "2006-12-31": "$3,172", "2006-09-30": "$2,826", "2006-06-30": "$2,758", "2006-03-31": "$2,700", "2005-12-31": "$2,651", "2005-09-30": "$2,545", "2005-06-30": "$2,505", "2005-03-31": "$2,454"}}, "profit-margins": {"current": "7.3%"}, "gross margin": {"2020-09-30": "30.86%", "2020-06-30": "30.00%", "2020-03-31": "30.38%", "2019-12-31": "31.00%", "2019-09-30": "34.08%", "2019-06-30": "35.04%", "2019-03-31": "34.99%", "2018-12-31": "37.39%", "2018-09-30": "39.36%", "2018-06-30": "41.73%", "2018-03-31": "44.00%", "2017-12-31": "43.87%", "2017-09-30": "42.14%", "2017-06-30": "44.56%", "2017-03-31": "47.00%", "2016-12-31": "48.77%", "2016-09-30": "52.81%", "2016-06-30": "52.85%", "2016-03-31": "53.23%", "2015-12-31": "53.38%", "2015-09-30": "52.66%", "2015-06-30": "52.89%", "2015-03-31": "53.16%", "2014-12-31": "53.93%", "2014-09-30": "53.63%", "2014-06-30": "53.78%", "2014-03-31": "53.73%", "2013-12-31": "53.44%", "2013-09-30": "55.78%", "2013-06-30": "55.61%", "2013-03-31": "55.16%", "2012-12-31": "54.46%", "2012-09-30": "55.77%", "2012-06-30": "55.21%", "2012-03-31": "55.02%", "2011-12-31": "55.69%", "2011-09-30": "54.72%", "2011-06-30": "56.64%", "2011-03-31": "58.63%", "2010-12-31": "59.66%", "2010-09-30": "59.48%", "2010-06-30": "59.21%", "2010-03-31": "58.00%", "2009-12-31": "56.56%", "2009-09-30": "57.09%", "2009-06-30": "56.00%", "2009-03-31": "55.53%", "2008-12-31": "55.72%", "2008-09-30": "54.43%", "2008-06-30": "54.42%", "2008-03-31": "54.83%", "2007-12-31": "54.95%", "2007-09-30": "54.53%", "2007-06-30": "54.69%", "2007-03-31": "55.08%", "2006-12-31": "55.47%", "2006-09-30": "61.55%", "2006-06-30": "59.20%", "2006-03-31": "56.77%", "2005-12-31": "54.43%"}, "operating margin": {"2020-09-30": "2.93%", "2020-06-30": "2.08%", "2020-03-31": "3.77%", "2019-12-31": "4.91%", "2019-09-30": "6.65%", "2019-06-30": "8.41%", "2019-03-31": "8.90%", "2018-12-31": "9.16%", "2018-09-30": "8.20%", "2018-06-30": "6.98%", "2018-03-31": "6.37%", "2017-12-31": "5.25%", "2017-09-30": "4.56%", "2017-06-30": "6.25%", "2017-03-31": "7.35%", "2016-12-31": "8.98%", "2016-09-30": "10.61%", "2016-06-30": "-0.80%", "2016-03-31": "-1.50%", "2015-12-31": "-3.13%", "2015-09-30": "-6.02%", "2015-06-30": "4.97%", "2015-03-31": "6.40%", "2014-12-31": "8.51%", "2014-09-30": "6.04%", "2014-06-30": "7.14%", "2014-03-31": "6.92%", "2013-12-31": "5.73%", "2013-09-30": "6.23%", "2013-06-30": "6.63%", "2013-03-31": "5.37%", "2012-12-31": "4.39%", "2012-09-30": "9.34%", "2012-06-30": "8.29%", "2012-03-31": "8.67%", "2011-12-31": "9.48%", "2011-09-30": "9.67%", "2011-06-30": "10.83%", "2011-03-31": "12.39%", "2010-12-31": "13.13%", "2010-09-30": "13.53%", "2010-06-30": "12.39%", "2010-03-31": "9.36%", "2009-12-31": "6.70%", "2009-09-30": "4.66%", "2009-06-30": "3.80%", "2009-03-31": "3.45%", "2008-12-31": "5.51%", "2008-09-30": "5.90%", "2008-06-30": "7.67%", "2008-03-31": "10.59%", "2007-12-31": "11.38%", "2007-09-30": "10.81%", "2007-06-30": "10.99%", "2007-03-31": "10.50%", "2006-12-31": "11.78%", "2006-09-30": "13.14%", "2006-06-30": "13.48%", "2006-03-31": "14.85%", "2005-12-31": "14.49%"}, "ebitda margin": {"2020-09-30": "12.08%", "2020-06-30": "11.01%", "2020-03-31": "11.51%", "2019-12-31": "11.94%", "2019-09-30": "12.70%", "2019-06-30": "14.03%", "2019-03-31": "13.81%", "2018-12-31": "13.32%", "2018-09-30": "12.41%", "2018-06-30": "10.96%", "2018-03-31": "10.72%", "2017-12-31": "9.61%", "2017-09-30": "8.84%", "2017-06-30": "10.43%", "2017-03-31": "11.08%", "2016-12-31": "12.73%", "2016-09-30": "14.38%", "2016-06-30": "12.78%", "2016-03-31": "13.82%", "2015-12-31": "13.46%", "2015-09-30": "14.92%", "2015-06-30": "16.23%", "2015-03-31": "16.41%", "2014-12-31": "17.61%", "2014-09-30": "15.77%", "2014-06-30": "16.72%", "2014-03-31": "16.66%", "2013-12-31": "16.03%", "2013-09-30": "15.56%", "2013-06-30": "16.06%", "2013-03-31": "14.48%", "2012-12-31": "13.07%", "2012-09-30": "17.88%", "2012-06-30": "16.93%", "2012-03-31": "17.27%", "2011-12-31": "17.93%", "2011-09-30": "16.80%", "2011-06-30": "17.98%", "2011-03-31": "19.26%", "2010-12-31": "19.82%", "2010-09-30": "19.64%", "2010-06-30": "18.71%", "2010-03-31": "16.31%", "2009-12-31": "14.17%", "2009-09-30": "13.20%", "2009-06-30": "11.75%", "2009-03-31": "10.80%", "2008-12-31": "12.37%", "2008-09-30": "12.16%", "2008-06-30": "13.64%", "2008-03-31": "16.44%", "2007-12-31": "17.12%", "2007-09-30": "16.55%", "2007-06-30": "16.86%", "2007-03-31": "16.28%", "2006-12-31": "17.46%", "2006-09-30": "18.75%", "2006-06-30": "18.90%", "2006-03-31": "20.33%", "2005-12-31": "20.06%"}, "pre tax profit margin": {"2020-09-30": "9.60%", "2020-06-30": "7.79%", "2020-03-31": "8.01%", "2019-12-31": "14.53%", "2019-09-30": "10.85%", "2019-06-30": "13.85%", "2019-03-31": "13.78%", "2018-12-31": "12.02%", "2018-09-30": "11.55%", "2018-06-30": "7.99%", "2018-03-31": "8.10%", "2017-12-31": "7.06%", "2017-09-30": "7.54%", "2017-06-30": "7.77%", "2017-03-31": "8.69%", "2016-12-31": "10.11%", "2016-09-30": "10.90%", "2016-06-30": "-1.33%", "2016-03-31": "-2.28%", "2015-12-31": "-4.64%", "2015-09-30": "8.20%", "2015-06-30": "20.18%", "2015-03-31": "34.08%", "2014-12-31": "39.35%", "2014-09-30": "23.96%", "2014-06-30": "24.77%", "2014-03-31": "10.51%", "2013-12-31": "4.04%", "2013-09-30": "4.81%", "2013-06-30": "5.06%", "2013-03-31": "4.20%", "2012-12-31": "3.68%", "2012-09-30": "9.12%", "2012-06-30": "6.92%", "2012-03-31": "7.33%", "2011-12-31": "7.23%", "2011-09-30": "7.83%", "2011-06-30": "10.14%", "2011-03-31": "11.66%", "2010-12-31": "12.60%", "2010-09-30": "12.84%", "2010-06-30": "10.76%", "2010-03-31": "8.18%", "2009-12-31": "5.69%", "2009-09-30": "4.11%", "2009-06-30": "3.42%", "2009-03-31": "2.57%", "2008-12-31": "4.80%", "2008-09-30": "4.79%", "2008-06-30": "7.32%", "2008-03-31": "10.45%", "2007-12-31": "11.50%", "2007-09-30": "12.03%", "2007-06-30": "12.06%", "2007-03-31": "12.30%", "2006-12-31": "13.29%", "2006-09-30": "13.61%", "2006-06-30": "13.93%", "2006-03-31": "14.28%", "2005-12-31": "14.06%"}, "net profit margin": {"2020-09-30": "7.33%", "2020-06-30": "6.06%", "2020-03-31": "7.17%", "2019-12-31": "11.19%", "2019-09-30": "8.36%", "2019-06-30": "11.49%", "2019-03-31": "11.40%", "2018-12-31": "10.09%", "2018-09-30": "15.99%", "2018-06-30": "12.35%", "2018-03-31": "12.14%", "2017-12-31": "11.65%", "2017-09-30": "5.46%", "2017-06-30": "5.85%", "2017-03-31": "6.74%", "2016-12-31": "6.81%", "2016-09-30": "6.84%", "2016-06-30": "-3.82%", "2016-03-31": "-3.86%", "2015-12-31": "-3.91%", "2015-09-30": "7.94%", "2015-06-30": "20.77%", "2015-03-31": "46.37%", "2014-12-31": "47.20%", "2014-09-30": "45.16%", "2014-06-30": "40.76%", "2014-03-31": "13.87%", "2013-12-31": "9.07%", "2013-09-30": "1.13%", "2013-06-30": "3.17%", "2013-03-31": "3.27%", "2012-12-31": "3.91%", "2012-09-30": "7.39%", "2012-06-30": "4.13%", "2012-03-31": "3.87%", "2011-12-31": "3.32%", "2011-09-30": "3.21%", "2011-06-30": "4.62%", "2011-03-31": "5.51%", "2010-12-31": "6.04%", "2010-09-30": "6.08%", "2010-06-30": "5.21%", "2010-03-31": "3.53%", "2009-12-31": "2.13%", "2009-09-30": "0.70%", "2009-06-30": "0.53%", "2009-03-31": "0.17%", "2008-12-31": "1.54%", "2008-09-30": "2.92%", "2008-06-30": "4.42%", "2008-03-31": "6.18%", "2007-12-31": "6.89%", "2007-09-30": "7.35%", "2007-06-30": "7.51%", "2007-03-31": "7.89%", "2006-12-31": "8.27%", "2006-09-30": "8.63%", "2006-06-30": "8.61%", "2006-03-31": "8.80%", "2005-12-31": "8.80%"}, "pe ratio": {"current": "20.13", "2021-02-05": "14.75", "2020-09-30": "10.10", "2020-06-30": "10.41", "2020-03-31": "8.49", "2019-12-31": "10.26", "2019-09-30": "14.60", "2019-06-30": "11.30", "2019-03-31": "11.55", "2018-12-31": "12.42", "2018-09-30": "7.21", "2018-06-30": "9.58", "2018-03-31": "10.03", "2017-12-31": "9.96", "2017-09-30": "25.41", "2017-06-30": "24.39", "2017-03-31": "21.36", "2016-12-31": "16.46", "2016-09-30": "14.40", "2016-06-30": "0.00", "2016-03-31": "0.00", "2015-12-31": "0.00", "2015-09-30": "17.89", "2015-06-30": "7.15", "2015-03-31": "3.35", "2014-12-31": "2.54", "2014-09-30": "2.54", "2014-06-30": "2.76", "2014-03-31": "7.87", "2013-12-31": "11.36", "2013-09-30": "79.56", "2013-06-30": "20.77", "2013-03-31": "18.03", "2012-12-31": "11.76", "2012-09-30": "6.08", "2012-06-30": "10.84", "2012-03-31": "11.46", "2011-12-31": "13.19", "2011-09-30": "10.39", "2011-06-30": "8.99", "2011-03-31": "7.92", "2010-12-31": "7.15", "2010-09-30": "6.60", "2010-06-30": "8.09", "2010-03-31": "13.25", "2009-12-31": "22.31", "2009-09-30": "75.10", "2009-06-30": "73.66", "2009-03-31": "235.97", "2008-12-31": "27.68", "2008-09-30": "19.86", "2008-06-30": "14.08", "2008-03-31": "11.52", "2007-12-31": "12.55", "2007-09-30": "12.19", "2007-06-30": "11.75", "2007-03-31": "11.18", "2006-12-31": "10.49"}, "price sales": {"2021-02-05": "1.07", "2020-09-30": "0.73", "2020-06-30": "0.62", "2020-03-31": "0.60", "2019-12-31": "1.14", "2019-09-30": "1.22", "2019-06-30": "1.29", "2019-03-31": "1.31", "2018-12-31": "1.25", "2018-09-30": "1.14", "2018-06-30": "1.17", "2018-03-31": "1.21", "2017-12-31": "1.16", "2017-09-30": "1.23", "2017-06-30": "1.28", "2017-03-31": "1.30", "2016-12-31": "1.11", "2016-09-30": "1.05", "2016-06-30": "1.07", "2016-03-31": "1.03", "2015-12-31": "1.03", "2015-09-30": "1.41", "2015-06-30": "1.50", "2015-03-31": "1.45", "2014-12-31": "1.19", "2014-09-30": "1.07", "2014-06-30": "1.11", "2014-03-31": "1.08", "2013-12-31": "1.02", "2013-09-30": "0.79", "2013-06-30": "0.62", "2013-03-31": "0.56", "2012-12-31": "0.44", "2012-09-30": "0.45", "2012-06-30": "0.45", "2012-03-31": "0.44", "2011-12-31": "0.44", "2011-09-30": "0.33", "2011-06-30": "0.42", "2011-03-31": "0.44", "2010-12-31": "0.44", "2010-09-30": "0.40", "2010-06-30": "0.42", "2010-03-31": "0.47", "2009-12-31": "0.47", "2009-09-30": "0.52", "2009-06-30": "0.39", "2009-03-31": "0.39", "2008-12-31": "0.43", "2008-09-30": "0.58", "2008-06-30": "0.62", "2008-03-31": "0.71", "2007-12-31": "0.86", "2007-09-30": "0.89", "2007-06-30": "0.88", "2007-03-31": "0.88", "2006-12-31": "0.87"}, "price book": {"current": "0.90", "2021-02-05": "0.90", "2020-09-30": "0.62", "2020-06-30": "0.54", "2020-03-31": "0.55", "2019-12-31": "1.00", "2019-09-30": "1.13", "2019-06-30": "1.18", "2019-03-31": "1.18", "2018-12-31": "1.14", "2018-09-30": "1.00", "2018-06-30": "1.06", "2018-03-31": "1.08", "2017-12-31": "1.02", "2017-09-30": "1.22", "2017-06-30": "1.27", "2017-03-31": "1.30", "2016-12-31": "1.11", "2016-09-30": "1.03", "2016-06-30": "1.06", "2016-03-31": "1.05", "2015-12-31": "1.07", "2015-09-30": "1.24", "2015-06-30": "1.10", "2015-03-31": "1.09", "2014-12-31": "0.88", "2014-09-30": "0.77", "2014-06-30": "0.81", "2014-03-31": "0.84", "2013-12-31": "0.81", "2013-09-30": "0.90", "2013-06-30": "0.73", "2013-03-31": "0.69", "2012-12-31": "0.57", "2012-09-30": "0.53", "2012-06-30": "0.57", "2012-03-31": "0.57", "2011-12-31": "0.57", "2011-09-30": "0.50", "2011-06-30": "0.63", "2011-03-31": "0.65", "2010-12-31": "0.65", "2010-09-30": "0.61", "2010-06-30": "0.63", "2010-03-31": "0.69", "2009-12-31": "0.69", "2009-09-30": "0.76", "2009-06-30": "0.57", "2009-03-31": "0.58", "2008-12-31": "0.62", "2008-09-30": "0.75", "2008-06-30": "0.78", "2008-03-31": "0.88", "2007-12-31": "1.04", "2007-09-30": "1.10", "2007-06-30": "1.08", "2007-03-31": "1.09", "2006-12-31": "1.06", "2006-09-30": "1.18", "2006-06-30": "1.28", "2006-03-31": "1.30"}, "price fcf": {"2021-02-05": "", "2020-09-30": "$40.74", "2020-06-30": "$42.07", "2020-03-31": "$23.44", "2019-12-31": "$13.45", "2019-09-30": "$22.22", "2019-06-30": "$16.54", "2019-03-31": "$25.74", "2018-12-31": "$35.16", "2018-09-30": "$27.46", "2018-06-30": "$24.79", "2018-03-31": "$20.40", "2017-12-31": "$37.41", "2017-09-30": "$47.89", "2017-06-30": "$37.80", "2017-03-31": "$43.25", "2016-12-31": "$41.89", "2016-09-30": "$22.87", "2016-06-30": "$21.47", "2016-03-31": "$25.25", "2015-12-31": "$-4.28", "2015-09-30": "$78.75", "2015-06-30": "$71.13", "2015-03-31": "$87.46", "2014-12-31": "$109.86", "2014-09-30": "$16.60", "2014-06-30": "$33.63", "2014-03-31": "$14.49", "2013-12-31": "$14.15", "2013-09-30": "$53.84", "2013-06-30": "$51.68", "2013-03-31": "$45.42", "2012-12-31": "$45.39", "2012-09-30": "$26.82", "2012-06-30": "$19.92", "2012-03-31": "$25.80", "2011-12-31": "$22.38", "2011-09-30": "$20.46", "2011-06-30": "$35.74", "2011-03-31": "$35.29", "2010-12-31": "$50.39", "2010-09-30": "$52.33", "2010-06-30": "$52.19", "2010-03-31": "$52.95", "2009-12-31": "$41.91", "2009-09-30": "$38.74", "2009-06-30": "$34.15", "2009-03-31": "$25.71", "2008-12-31": "$26.58", "2008-09-30": "$25.56", "2008-06-30": "$30.21", "2008-03-31": "$29.50", "2007-12-31": "$30.56", "2007-09-30": "$37.20", "2007-06-30": "$29.78", "2007-03-31": "$29.43", "2006-12-31": "$32.35"}, "net worth": {"value": "$2.93B"}, "current ratio": {"2020-09-30": "1.66", "2020-06-30": "1.72", "2020-03-31": "1.55", "2019-12-31": "1.60", "2019-09-30": "1.55", "2019-06-30": "1.82", "2019-03-31": "1.78", "2018-12-31": "1.89", "2018-09-30": "1.91", "2018-06-30": "2.00", "2018-03-31": "1.32", "2017-12-31": "1.98", "2017-09-30": "1.99", "2017-06-30": "2.12", "2017-03-31": "2.26", "2016-12-31": "2.29", "2016-09-30": "2.28", "2016-06-30": "2.19", "2016-03-31": "2.18", "2015-12-31": "2.57", "2015-09-30": "2.56", "2015-06-30": "2.34", "2015-03-31": "1.75", "2014-12-31": "1.61", "2014-09-30": "1.25", "2014-06-30": "1.24", "2014-03-31": "1.87", "2013-12-31": "1.82", "2013-09-30": "1.52", "2013-06-30": "1.58", "2013-03-31": "1.47", "2012-12-31": "1.29", "2012-09-30": "1.41", "2012-06-30": "1.33", "2012-03-31": "1.29", "2011-12-31": "1.25", "2011-09-30": "1.18", "2011-06-30": "1.15", "2011-03-31": "1.22", "2010-12-31": "1.35", "2010-09-30": "1.32", "2010-06-30": "1.50", "2010-03-31": "1.46", "2009-12-31": "1.40", "2009-09-30": "1.35", "2009-06-30": "1.28", "2009-03-31": "1.26", "2008-12-31": "1.24", "2008-09-30": "0.72", "2008-06-30": "0.66", "2008-03-31": "0.65", "2007-12-31": "0.98", "2007-09-30": "0.99", "2007-06-30": "1.02", "2007-03-31": "1.00", "2006-12-31": "1.15", "2006-09-30": "1.25", "2006-06-30": "1.21", "2006-03-31": "1.21", "2005-12-31": "1.18", "2005-09-30": "1.03", "2005-06-30": "1.08", "2005-03-31": "1.13"}, "quick ratio": {"2020-09-30": "1.52", "2020-06-30": "1.57", "2020-03-31": "1.42", "2019-12-31": "1.48", "2019-09-30": "1.44", "2019-06-30": "1.68", "2019-03-31": "1.65", "2018-12-31": "1.80", "2018-09-30": "1.82", "2018-06-30": "1.90", "2018-03-31": "1.26", "2017-12-31": "1.91", "2017-09-30": "1.91", "2017-06-30": "2.04", "2017-03-31": "2.21", "2016-12-31": "2.24", "2016-09-30": "2.23", "2016-06-30": "2.14", "2016-03-31": "2.14", "2015-12-31": "2.52", "2015-09-30": "2.54", "2015-06-30": "2.33", "2015-03-31": "1.74", "2014-12-31": "1.60", "2014-09-30": "1.24", "2014-06-30": "1.23", "2014-03-31": "1.86", "2013-12-31": "1.82", "2013-09-30": "1.52", "2013-06-30": "1.58", "2013-03-31": "1.46", "2012-12-31": "1.28", "2012-09-30": "1.41", "2012-06-30": "1.32", "2012-03-31": "1.28", "2011-12-31": "1.25", "2011-09-30": "1.18", "2011-06-30": "1.15", "2011-03-31": "1.22", "2010-12-31": "1.35", "2010-09-30": "1.31", "2010-06-30": "1.50", "2010-03-31": "1.45", "2009-12-31": "1.39", "2009-09-30": "1.32", "2009-06-30": "1.25", "2009-03-31": "1.23", "2008-12-31": "1.20", "2008-09-30": "0.69", "2008-06-30": "0.64", "2008-03-31": "0.63", "2007-12-31": "0.96", "2007-09-30": "0.97", "2007-06-30": "1.00", "2007-03-31": "0.98", "2006-12-31": "1.13", "2006-09-30": "1.21", "2006-06-30": "1.17", "2006-03-31": "1.18", "2005-12-31": "1.16", "2005-09-30": "1.00", "2005-06-30": "1.04", "2005-03-31": "1.09"}, "debt equity ratio": {"current": "0.16", "2020-09-30": "0.79", "2020-06-30": "0.77", "2020-03-31": "0.76", "2019-12-31": "0.78", "2019-09-30": "0.79", "2019-06-30": "0.72", "2019-03-31": "0.73", "2018-12-31": "0.63", "2018-09-30": "0.64", "2018-06-30": "0.64", "2018-03-31": "0.65", "2017-12-31": "0.69", "2017-09-30": "0.80", "2017-06-30": "0.78", "2017-03-31": "0.78", "2016-12-31": "0.81", "2016-09-30": "0.77", "2016-06-30": "0.75", "2016-03-31": "0.77", "2015-12-31": "0.75", "2015-09-30": "0.77", "2015-06-30": "0.95", "2015-03-31": "0.77", "2014-12-31": "0.83", "2014-09-30": "0.89", "2014-06-30": "0.87", "2014-03-31": "0.74", "2013-12-31": "0.76", "2013-09-30": "0.87", "2013-06-30": "0.83", "2013-03-31": "0.86", "2012-12-31": "0.97", "2012-09-30": "0.87", "2012-06-30": "0.89", "2012-03-31": "0.88", "2011-12-31": "0.93", "2011-09-30": "0.92", "2011-06-30": "0.87", "2011-03-31": "0.85", "2010-12-31": "0.83", "2010-09-30": "0.83", "2010-06-30": "0.76", "2010-03-31": "0.77", "2009-12-31": "0.76", "2009-09-30": "0.77", "2009-06-30": "0.74", "2009-03-31": "0.75", "2008-12-31": "0.80", "2008-09-30": "0.77", "2008-06-30": "0.74", "2008-03-31": "0.73", "2007-12-31": "0.73", "2007-09-30": "0.73", "2007-06-30": "0.69", "2007-03-31": "0.71", "2006-12-31": "0.70", "2006-09-30": "0.71", "2006-06-30": "0.71", "2006-03-31": "0.73", "2005-12-31": "0.73", "2005-09-30": "0.75", "2005-06-30": "0.75", "2005-03-31": "0.76"}, "return on equity": {"2020-09-30": "6.46%", "2020-06-30": "5.46%", "2020-03-31": "6.74%", "2019-12-31": "10.56%", "2019-09-30": "7.96%", "2019-06-30": "10.76%", "2019-03-31": "10.57%", "2018-12-31": "9.34%", "2018-09-30": "14.73%", "2018-06-30": "11.71%", "2018-03-31": "11.89%", "2017-12-31": "11.51%", "2017-09-30": "5.54%", "2017-06-30": "5.89%", "2017-03-31": "6.70%", "2016-12-31": "6.85%", "2016-09-30": "6.82%", "2016-06-30": "-3.81%", "2016-03-31": "-3.67%", "2015-12-31": "-3.56%", "2015-09-30": "6.07%", "2015-06-30": "15.85%", "2015-03-31": "39.39%", "2014-12-31": "42.07%", "2014-09-30": "35.81%", "2014-06-30": "34.80%", "2014-03-31": "11.97%", "2013-12-31": "8.33%", "2013-09-30": "1.32%", "2013-06-30": "3.76%", "2013-03-31": "4.06%", "2012-12-31": "5.05%", "2012-09-30": "9.13%", "2012-06-30": "5.34%", "2012-03-31": "5.04%", "2011-12-31": "4.40%", "2011-09-30": "4.94%", "2011-06-30": "7.28%", "2011-03-31": "8.74%", "2010-12-31": "9.58%", "2010-09-30": "9.57%", "2010-06-30": "8.02%", "2010-03-31": "5.36%", "2009-12-31": "3.20%", "2009-09-30": "1.02%", "2009-06-30": "0.74%", "2009-03-31": "0.23%", "2008-12-31": "1.99%", "2008-09-30": "3.78%", "2008-06-30": "5.61%", "2008-03-31": "7.80%", "2007-12-31": "8.72%", "2007-09-30": "9.32%", "2007-06-30": "9.72%", "2007-03-31": "10.42%", "2006-12-31": "11.28%", "2006-09-30": "12.03%", "2006-06-30": "12.09%", "2006-03-31": "12.42%", "2005-12-31": "12.33%"}, "return on assets": {"2020-09-30": "3.64%", "2020-06-30": "3.08%", "2020-03-31": "3.82%", "2019-12-31": "6.01%", "2019-09-30": "4.63%", "2019-06-30": "6.40%", "2019-03-31": "6.36%", "2018-12-31": "5.69%", "2018-09-30": "8.89%", "2018-06-30": "6.91%", "2018-03-31": "6.88%", "2017-12-31": "6.54%", "2017-09-30": "3.09%", "2017-06-30": "3.30%", "2017-03-31": "3.77%", "2016-12-31": "3.86%", "2016-09-30": "3.88%", "2016-06-30": "-2.17%", "2016-03-31": "-2.02%", "2015-12-31": "-1.96%", "2015-09-30": "3.31%", "2015-06-30": "8.52%", "2015-03-31": "21.42%", "2014-12-31": "23.02%", "2014-09-30": "19.80%", "2014-06-30": "19.31%", "2014-03-31": "6.68%", "2013-12-31": "4.56%", "2013-09-30": "0.70%", "2013-06-30": "1.99%", "2013-03-31": "2.14%", "2012-12-31": "2.65%", "2012-09-30": "4.83%", "2012-06-30": "2.81%", "2012-03-31": "2.66%", "2011-12-31": "2.33%", "2011-09-30": "2.65%", "2011-06-30": "3.95%", "2011-03-31": "4.82%", "2010-12-31": "5.33%", "2010-09-30": "5.38%", "2010-06-30": "4.55%", "2010-03-31": "3.05%", "2009-12-31": "1.83%", "2009-09-30": "0.58%", "2009-06-30": "0.42%", "2009-03-31": "0.13%", "2008-12-31": "1.13%", "2008-09-30": "2.17%", "2008-06-30": "3.24%", "2008-03-31": "4.54%", "2007-12-31": "5.08%", "2007-09-30": "5.46%", "2007-06-30": "5.72%", "2007-03-31": "6.11%", "2006-12-31": "6.59%", "2006-09-30": "7.00%", "2006-06-30": "6.99%", "2006-03-31": "7.15%", "2005-12-31": "7.07%"}, "return on investments": {"2020-09-30": "2.26%", "2020-06-30": "1.64%", "2020-03-31": "3.11%", "2019-12-31": "4.04%", "2019-09-30": "5.47%", "2019-06-30": "6.78%", "2019-03-31": "7.10%", "2018-12-31": "7.50%", "2018-09-30": "6.68%", "2018-06-30": "5.82%", "2018-03-31": "5.46%", "2017-12-31": "4.37%", "2017-09-30": "3.87%", "2017-06-30": "5.26%", "2017-03-31": "6.15%", "2016-12-31": "7.66%", "2016-09-30": "9.03%", "2016-06-30": "-0.69%", "2016-03-31": "-1.19%", "2015-12-31": "-2.40%", "2015-09-30": "-3.90%", "2015-06-30": "3.23%", "2015-03-31": "4.80%", "2014-12-31": "6.71%", "2014-09-30": "4.23%", "2014-06-30": "5.35%", "2014-03-31": "5.22%", "2013-12-31": "4.54%", "2013-09-30": "6.22%", "2013-06-30": "6.71%", "2013-03-31": "5.68%", "2012-12-31": "4.83%", "2012-09-30": "9.84%", "2012-06-30": "9.13%", "2012-03-31": "9.68%", "2011-12-31": "10.83%", "2011-09-30": "12.94%", "2011-06-30": "14.91%", "2011-03-31": "17.26%", "2010-12-31": "18.31%", "2010-09-30": "18.76%", "2010-06-30": "16.80%", "2010-03-31": "12.50%", "2009-12-31": "8.88%", "2009-09-30": "5.97%", "2009-06-30": "4.86%", "2009-03-31": "4.38%", "2008-12-31": "6.90%", "2008-09-30": "7.42%", "2008-06-30": "9.19%", "2008-03-31": "12.29%", "2007-12-31": "12.85%", "2007-09-30": "12.21%", "2007-06-30": "12.60%", "2007-03-31": "12.23%", "2006-12-31": "14.09%", "2006-09-30": "15.98%", "2006-06-30": "16.43%", "2006-03-31": "18.11%", "2005-12-31": "17.44%"}, "return on tangible equity": {"2020-09-30": "14.14%", "2020-06-30": "12.04%", "2020-03-31": "14.88%", "2019-12-31": "23.82%", "2019-09-30": "18.38%", "2019-06-30": "24.85%", "2019-03-31": "24.45%", "2018-12-31": "21.52%", "2018-09-30": "33.82%", "2018-06-30": "28.02%", "2018-03-31": "29.90%", "2017-12-31": "29.19%", "2017-09-30": "13.83%", "2017-06-30": "13.73%", "2017-03-31": "14.65%", "2016-12-31": "14.83%", "2016-09-30": "14.24%", "2016-06-30": "-7.47%", "2016-03-31": "-7.54%", "2015-12-31": "-7.59%", "2015-09-30": "14.12%", "2015-06-30": "43.14%", "2015-03-31": "113.42%", "2014-12-31": "112.96%", "2014-09-30": "92.29%", "2014-06-30": "89.26%", "2014-03-31": "30.78%", "2013-12-31": "24.67%", "2013-09-30": "4.55%", "2013-06-30": "13.66%", "2013-03-31": "15.79%", "2012-12-31": "20.30%", "2012-09-30": "37.94%", "2012-06-30": "22.71%", "2012-03-31": "21.25%", "2011-12-31": "18.06%", "2011-09-30": "18.90%", "2011-06-30": "26.18%", "2011-03-31": "28.96%", "2010-12-31": "30.51%", "2010-09-30": "30.25%", "2010-06-30": "25.41%", "2010-03-31": "17.78%", "2009-12-31": "10.85%", "2009-09-30": "3.48%", "2009-06-30": "2.33%", "2009-03-31": "0.66%", "2008-12-31": "5.54%", "2008-09-30": "9.88%", "2008-06-30": "14.55%", "2008-03-31": "19.67%", "2007-12-31": "21.66%", "2007-09-30": "22.64%", "2007-06-30": "23.69%", "2007-03-31": "25.81%", "2006-12-31": "28.18%", "2006-09-30": "31.26%", "2006-06-30": "32.16%", "2006-03-31": "33.42%", "2005-12-31": "33.58%"}, "dividend yield history": {"last payout": "$6.04", "last yield": "1.03%"}}