{"ticker": "LOPE", "price": {"title": "Grand Canyon Education Historical Annual Stock Price Data", "value": 94.09, "historical": {"2020": {"Average Stock Price": "86.8104", "Year Open": "96.3600", "Year High": "103.0000", "Year Low": "59.3300", "Year Close": "93.1100", "Annual % Change": "-2.80%"}, "2019": {"Average Stock Price": "108.5124", "Year Open": "93.4600", "Year High": "131.2800", "Year Low": "84.4200", "Year Close": "95.7900", "Annual % Change": "-0.36%"}, "2018": {"Average Stock Price": "109.9265", "Year Open": "89.3400", "Year High": "129.6700", "Year Low": "87.2000", "Year Close": "96.1400", "Annual % Change": "7.38%"}, "2017": {"Average Stock Price": "77.3754", "Year Open": "58.3800", "Year High": "95.4000", "Year Low": "56.8700", "Year Close": "89.5300", "Annual % Change": "53.17%"}, "2016": {"Average Stock Price": "43.3871", "Year Open": "38.5800", "Year High": "60.7800", "Year Low": "33.6300", "Year Close": "58.4500", "Annual % Change": "45.69%"}, "2015": {"Average Stock Price": "41.8786", "Year Open": "45.5800", "Year High": "46.9500", "Year Low": "35.9000", "Year Close": "40.1200", "Annual % Change": "-14.02%"}, "2014": {"Average Stock Price": "44.8535", "Year Open": "43.2100", "Year High": "50.7300", "Year Low": "37.3100", "Year Close": "46.6600", "Annual % Change": "7.02%"}, "2013": {"Average Stock Price": "33.2503", "Year Open": "23.5300", "Year High": "47.8900", "Year Low": "22.2400", "Year Close": "43.6000", "Annual % Change": "85.77%"}, "2012": {"Average Stock Price": "19.7651", "Year Open": "15.9800", "Year High": "24.4400", "Year Low": "15.9500", "Year Close": "23.4700", "Annual % Change": "47.06%"}, "2011": {"Average Stock Price": "15.4495", "Year Open": "19.7500", "Year High": "20.5900", "Year Low": "12.3800", "Year Close": "15.9600", "Annual % Change": "-18.53%"}, "2010": {"Average Stock Price": "21.5765", "Year Open": "18.9200", "Year High": "27.3500", "Year Low": "15.6700", "Year Close": "19.5900", "Annual % Change": "3.05%"}, "2009": {"Average Stock Price": "17.1310", "Year Open": "18.9800", "Year High": "20.1900", "Year Low": "12.9900", "Year Close": "19.0100", "Annual % Change": "1.22%"}, "2008": {"Average Stock Price": "15.6929", "Year Open": "11.8500", "Year High": "18.7800", "Year Low": "11.8500", "Year Close": "18.7800", "Annual % Change": "0.00%"}}}, "market cap": {"value": "$4.41B"}, "income statement": {"Revenue": {"2019-12-31": "778.64300", "2018-12-31": "845.50100", "2017-12-31": "974.13400", "2016-12-31": "873.34400", "2015-12-31": "778.20000", "2014-12-31": "691.05500", "2013-12-31": "598.33500", "2012-12-31": "511.25700", "2011-12-31": "426.74100", "2010-12-31": "385.62500", "2009-12-31": "261.90200", "2008-12-31": "161.30900", "2007-12-31": "99.32600", "2006-12-31": "72.11100"}, "Cost Of Goods Sold": {"2019-12-31": "314.11000", "2018-12-31": "248.26400", "2017-12-31": "230.42900", "2016-12-31": "214.14600", "2015-12-31": "329.65100", "2014-12-31": "288.79100", "2013-12-31": "254.41900", "2012-12-31": "220.40300", "2011-12-31": "194.80100", "2010-12-31": "178.84400", "2009-12-31": "101.90400", "2008-12-31": "54.45000", "2007-12-31": "39.05000", "2006-12-31": "31.28700"}, "Gross Profit": {"2019-12-31": "464.53300", "2018-12-31": "597.23690", "2017-12-31": "743.70500", "2016-12-31": "659.19800", "2015-12-31": "448.54900", "2014-12-31": "402.26400", "2013-12-31": "343.91600", "2012-12-31": "290.85400", "2011-12-31": "231.94000", "2010-12-31": "206.78100", "2009-12-31": "159.99800", "2008-12-31": "106.85900", "2007-12-31": "60.27600", "2006-12-31": "40.82400"}, "Research And Development Expenses": {"2019-12-31": "", "2018-12-31": "", "2017-12-31": "", "2016-12-31": "", "2015-12-31": "", "2014-12-31": "", "2013-12-31": "", "2012-12-31": "", "2011-12-31": "", "2010-12-31": "", "2009-12-31": "", "2008-12-31": "", "2007-12-31": "", "2006-12-31": ""}, "SG&A Expenses": {"2019-12-31": "187.21300", "2018-12-31": "147.38800", "2017-12-31": "136.24900", "2016-12-31": "126.67100", "2015-12-31": "238.18800", "2014-12-31": "221.44900", "2013-12-31": "200.64000", "2012-12-31": "176.80200", "2011-12-31": "148.99800", "2010-12-31": "139.11400", "2009-12-31": "107.00800", "2008-12-31": "92.37600", "2007-12-31": "52.14900", "2006-12-31": "35.10400"}, "Other Operating Income Or Expenses": {"2019-12-31": "-3.96600", "2018-12-31": "-191.70000", "2017-12-31": "-324.70200", "2016-12-31": "-295.32400", "2015-12-31": "", "2014-12-31": "0.00000", "2013-12-31": "", "2012-12-31": "", "2011-12-31": "-0.78200", "2010-12-31": "-9.49100", "2009-12-31": "-6.41800", "2008-12-31": "-1.68600", "2007-12-31": "-3.78200", "2006-12-31": "-2.67800"}, "Operating Expenses": {"2019-12-31": "513.51200", "2018-12-31": "587.35200", "2017-12-31": "691.38000", "2016-12-31": "636.14100", "2015-12-31": "567.83900", "2014-12-31": "510.24000", "2013-12-31": "455.05900", "2012-12-31": "397.20500", "2011-12-31": "344.58100", "2010-12-31": "327.44900", "2009-12-31": "215.33000", "2008-12-31": "148.51200", "2007-12-31": "94.98100", "2006-12-31": "69.06900"}, "Operating Income": {"2019-12-31": "265.13100", "2018-12-31": "258.14900", "2017-12-31": "282.75400", "2016-12-31": "237.20300", "2015-12-31": "210.36100", "2014-12-31": "180.81500", "2013-12-31": "143.27600", "2012-12-31": "114.05200", "2011-12-31": "82.16000", "2010-12-31": "58.17600", "2009-12-31": "46.57200", "2008-12-31": "12.79700", "2007-12-31": "4.34500", "2006-12-31": "3.04200"}, "Total Non-Operating Income/Expense": {"2019-12-31": "52.37100", "2018-12-31": "28.85100", "2017-12-31": "0.77400", "2016-12-31": "-1.07900", "2015-12-31": "-1.35400", "2014-12-31": "-1.11700", "2013-12-31": "1.61900", "2012-12-31": "-0.62800", "2011-12-31": "-0.63200", "2010-12-31": "-0.72100", "2009-12-31": "-1.28900", "2008-12-31": "-2.25700", "2007-12-31": "-1.80300", "2006-12-31": "-1.91500"}, "Pre-Tax Income": {"2019-12-31": "317.50200", "2018-12-31": "287.00000", "2017-12-31": "283.52800", "2016-12-31": "236.12400", "2015-12-31": "209.00700", "2014-12-31": "179.69800", "2013-12-31": "144.89500", "2012-12-31": "113.42400", "2011-12-31": "81.52800", "2010-12-31": "57.45500", "2009-12-31": "45.28300", "2008-12-31": "10.54000", "2007-12-31": "2.54200", "2006-12-31": "1.12700"}, "Income Taxes": {"2019-12-31": "58.32700", "2018-12-31": "57.98900", "2017-12-31": "80.20900", "2016-12-31": "87.61000", "2015-12-31": "77.59600", "2014-12-31": "68.23200", "2013-12-31": "56.18400", "2012-12-31": "43.97700", "2011-12-31": "30.98200", "2010-12-31": "22.24900", "2009-12-31": "17.97900", "2008-12-31": "3.85500", "2007-12-31": "1.01600", "2006-12-31": "0.52900"}, "Income After Taxes": {"2019-12-31": "259.17500", "2018-12-31": "229.01100", "2017-12-31": "203.31900", "2016-12-31": "148.51400", "2015-12-31": "131.41100", "2014-12-31": "111.46600", "2013-12-31": "88.71100", "2012-12-31": "69.44700", "2011-12-31": "50.54600", "2010-12-31": "35.20600", "2009-12-31": "27.30400", "2008-12-31": "6.68500", "2007-12-31": "1.52600", "2006-12-31": "0.59800"}, "Other Income": {"2019-12-31": "", "2018-12-31": "", "2017-12-31": "", "2016-12-31": "", "2015-12-31": "", "2014-12-31": "", "2013-12-31": "", "2012-12-31": "", "2011-12-31": "", "2010-12-31": "", "2009-12-31": "", "2008-12-31": "", "2007-12-31": "", "2006-12-31": ""}, "Income From Continuous Operations": {"2019-12-31": "259.17500", "2018-12-31": "229.01100", "2017-12-31": "203.31900", "2016-12-31": "148.51400", "2015-12-31": "131.41100", "2014-12-31": "111.46600", "2013-12-31": "88.71100", "2012-12-31": "69.44700", "2011-12-31": "50.54600", "2010-12-31": "35.20600", "2009-12-31": "27.30400", "2008-12-31": "6.68500", "2007-12-31": "1.52600", "2006-12-31": "0.59800"}, "Income From Discontinued Operations": {"2019-12-31": "", "2018-12-31": "", "2017-12-31": "", "2016-12-31": "", "2015-12-31": "", "2014-12-31": "", "2013-12-31": "", "2012-12-31": "", "2011-12-31": "", "2010-12-31": "", "2009-12-31": "", "2008-12-31": "", "2007-12-31": "", "2006-12-31": ""}, "Net Income": {"2019-12-31": "259.17500", "2018-12-31": "229.01100", "2017-12-31": "203.31900", "2016-12-31": "148.51400", "2015-12-31": "131.41100", "2014-12-31": "111.46600", "2013-12-31": "88.71100", "2012-12-31": "69.44700", "2011-12-31": "50.54600", "2010-12-31": "35.20600", "2009-12-31": "27.30400", "2008-12-31": "5.74700", "2007-12-31": "1.17700", "2006-12-31": "0.07100"}, "EBITDA": {"2019-12-31": "292.05000", "2018-12-31": "293.82200", "2017-12-31": "336.98200", "2016-12-31": "282.88600", "2015-12-31": "246.03600", "2014-12-31": "210.28800", "2013-12-31": "168.71300", "2012-12-31": "136.21900", "2011-12-31": "99.27400", "2010-12-31": "70.34700", "2009-12-31": "54.57400", "2008-12-31": "17.89200", "2007-12-31": "7.64500", "2006-12-31": "5.43800"}, "EBIT": {"2019-12-31": "265.13100", "2018-12-31": "258.14900", "2017-12-31": "282.75400", "2016-12-31": "237.20300", "2015-12-31": "210.36100", "2014-12-31": "180.81500", "2013-12-31": "143.27600", "2012-12-31": "114.05200", "2011-12-31": "82.16000", "2010-12-31": "58.17600", "2009-12-31": "46.57200", "2008-12-31": "12.79700", "2007-12-31": "4.34500", "2006-12-31": "3.04200"}, "Basic Shares Outstanding": {"2019-12-31": "47.81400", "2018-12-31": "47.60800", "2017-12-31": "47.14000", "2016-12-31": "46.08300", "2015-12-31": "45.97500", "2014-12-31": "45.53800", "2013-12-31": "44.73100", "2012-12-31": "44.33200", "2011-12-31": "44.63100", "2010-12-31": "45.72200", "2009-12-31": "45.18400", "2008-12-31": "22.18500", "2007-12-31": "18.92300", "2006-12-31": "18.85300"}, "Shares Outstanding": {"2019-12-31": "48.26600", "2018-12-31": "48.41400", "2017-12-31": "48.23500", "2016-12-31": "47.12100", "2015-12-31": "47.28100", "2014-12-31": "47.00600", "2013-12-31": "46.13100", "2012-12-31": "45.25100", "2011-12-31": "45.10500", "2010-12-31": "46.39600", "2009-12-31": "45.50300", "2008-12-31": "33.43000", "2007-12-31": "35.14300", "2006-12-31": "36.85800"}, "Basic EPS": {"2019-12-31": "5.42000", "2018-12-31": "4.81000", "2017-12-31": "4.31000", "2016-12-31": "3.22000", "2015-12-31": "2.86000", "2014-12-31": "2.45000", "2013-12-31": "1.98000", "2012-12-31": "1.57000", "2011-12-31": "1.13000", "2010-12-31": "0.77000", "2009-12-31": "0.60000", "2008-12-31": "0.26000", "2007-12-31": "0.06000", "2006-12-31": "0.00000"}, "EPS - Earnings Per Share": {"2019-12-31": "5.37000", "2018-12-31": "4.73000", "2017-12-31": "4.22000", "2016-12-31": "3.15000", "2015-12-31": "2.78000", "2014-12-31": "2.37000", "2013-12-31": "1.92000", "2012-12-31": "1.53000", "2011-12-31": "1.12000", "2010-12-31": "0.76000", "2009-12-31": "0.60000", "2008-12-31": "0.17000", "2007-12-31": "0.03000", "2006-12-31": "0.00000"}}, "income statement, quarterly": {"Revenue": {"2020-09-30": "198.38400", "2020-06-30": "185.76800", "2020-03-31": "221.65500", "2019-12-31": "213.24700", "2019-09-30": "193.28900", "2019-06-30": "174.82000", "2019-03-31": "197.28700", "2018-12-31": "177.54800", "2018-09-30": "155.45400", "2018-06-30": "236.81800", "2018-03-31": "275.68100", "2017-12-31": "271.41800", "2017-09-30": "236.20900", "2017-06-30": "218.30100", "2017-03-31": "248.20600", "2016-12-31": "244.66300", "2016-09-30": "210.44400", "2016-06-30": "191.27900", "2016-03-31": "226.95800", "2015-12-31": "215.95400", "2015-09-30": "193.39300", "2015-06-30": "174.72600", "2015-03-31": "194.12700", "2014-12-31": "189.97300", "2014-09-30": "175.05600", "2014-06-30": "158.59400", "2014-03-31": "167.43200", "2013-12-31": "162.44300", "2013-09-30": "152.39900", "2013-06-30": "141.46300", "2013-03-31": "142.03000", "2012-12-31": "141.29800", "2012-09-30": "133.56800", "2012-06-30": "119.26000", "2012-03-31": "117.13100", "2011-12-31": "113.00500", "2011-09-30": "108.90900", "2011-06-30": "103.11800", "2011-03-31": "101.70900", "2010-12-31": "99.83100", "2010-09-30": "98.94600", "2010-06-30": "97.52200", "2010-03-31": "89.32600", "2009-12-31": "77.45400", "2009-09-30": "66.08400", "2009-06-30": "62.90500", "2009-03-31": "55.45900", "2008-12-31": "51.68300", "2008-09-30": "39.35100", "2008-06-30": "34.56600", "2008-03-31": "35.70900"}, "Cost Of Goods Sold": {"2020-09-30": "88.96500", "2020-06-30": "84.74700", "2020-03-31": "86.49600", "2019-12-31": "85.08500", "2019-09-30": "80.48000", "2019-06-30": "76.82700", "2019-03-31": "71.71800", "2018-12-31": "63.08700", "2018-09-30": "62.21700", "2018-06-30": "61.51600", "2018-03-31": "61.44400", "2017-12-31": "-23.76900", "2017-09-30": "56.59400", "2017-06-30": "95.03000", "2017-03-31": "102.57400", "2016-12-31": "-56.85500", "2016-09-30": "91.74800", "2016-06-30": "84.59900", "2016-03-31": "94.65400", "2015-12-31": "92.42700", "2015-09-30": "83.18000", "2015-06-30": "75.35700", "2015-03-31": "78.68700", "2014-12-31": "78.55200", "2014-09-30": "71.71400", "2014-06-30": "67.84700", "2014-03-31": "70.67800", "2013-12-31": "67.97100", "2013-09-30": "64.70400", "2013-06-30": "61.74700", "2013-03-31": "59.99700", "2012-12-31": "58.81900", "2012-09-30": "57.35400", "2012-06-30": "53.40600", "2012-03-31": "50.82400", "2011-12-31": "50.63900", "2011-09-30": "48.93300", "2011-06-30": "46.35400", "2011-03-31": "48.87500", "2010-12-31": "54.72500", "2010-09-30": "45.71700", "2010-06-30": "41.74200", "2010-03-31": "36.66000", "2009-12-31": "40.05900", "2009-09-30": "23.46600", "2009-06-30": "20.41100", "2009-03-31": "17.96800", "2008-12-31": "17.45500", "2008-09-30": "12.96700", "2008-06-30": "12.40800", "2008-03-31": "11.62000"}, "Gross Profit": {"2020-09-30": "109.41900", "2020-06-30": "101.02100", "2020-03-31": "135.15900", "2019-12-31": "128.16200", "2019-09-30": "112.80900", "2019-06-30": "97.99300", "2019-03-31": "125.56900", "2018-12-31": "114.46100", "2018-09-30": "93.23700", "2018-06-30": "175.30200", "2018-03-31": "214.23700", "2017-12-31": "295.18700", "2017-09-30": "179.61500", "2017-06-30": "123.27100", "2017-03-31": "145.63200", "2016-12-31": "301.51800", "2016-09-30": "118.69600", "2016-06-30": "106.68000", "2016-03-31": "132.30400", "2015-12-31": "123.52700", "2015-09-30": "110.21300", "2015-06-30": "99.36900", "2015-03-31": "115.44000", "2014-12-31": "111.42100", "2014-09-30": "103.34200", "2014-06-30": "90.74700", "2014-03-31": "96.75400", "2013-12-31": "94.47200", "2013-09-30": "87.69500", "2013-06-30": "79.71600", "2013-03-31": "82.03300", "2012-12-31": "82.47900", "2012-09-30": "76.21400", "2012-06-30": "65.85400", "2012-03-31": "66.30700", "2011-12-31": "62.36600", "2011-09-30": "59.97600", "2011-06-30": "56.76400", "2011-03-31": "52.83400", "2010-12-31": "45.10600", "2010-09-30": "53.22900", "2010-06-30": "55.78000", "2010-03-31": "52.66600", "2009-12-31": "37.39500", "2009-09-30": "42.61800", "2009-06-30": "42.49400", "2009-03-31": "37.49100", "2008-12-31": "34.22800", "2008-09-30": "26.38400", "2008-06-30": "22.15800", "2008-03-31": "24.08900"}, "Research And Development Expenses": {"2020-09-30": "", "2020-06-30": "", "2020-03-31": "", "2019-12-31": "", "2019-09-30": "", "2019-06-30": "", "2019-03-31": "", "2018-12-31": "", "2018-09-30": "", "2018-06-30": "", "2018-03-31": "", "2017-12-31": "", "2017-09-30": "", "2017-06-30": "", "2017-03-31": "", "2016-12-31": "", "2016-09-30": "", "2016-06-30": "", "2016-03-31": "", "2015-12-31": "", "2015-09-30": "", "2015-06-30": "", "2015-03-31": "", "2014-12-31": "", "2014-09-30": "", "2014-06-30": "", "2014-03-31": "", "2013-12-31": "", "2013-09-30": "", "2013-06-30": "", "2013-03-31": "", "2012-12-31": "", "2012-09-30": "", "2012-06-30": "", "2012-03-31": "", "2011-12-31": "", "2011-09-30": "", "2011-06-30": "", "2011-03-31": "", "2010-12-31": "", "2010-09-30": "", "2010-06-30": "", "2010-03-31": "", "2009-12-31": "", "2009-09-30": "", "2009-06-30": "", "2009-03-31": "", "2008-12-31": "", "2008-09-30": "", "2008-06-30": "", "2008-03-31": ""}, "SG&A Expenses": {"2020-09-30": "56.27500", "2020-06-30": "50.60600", "2020-03-31": "52.25800", "2019-12-31": "44.01100", "2019-09-30": "50.89600", "2019-06-30": "44.94200", "2019-03-31": "47.36400", "2018-12-31": "33.94700", "2018-09-30": "41.63800", "2018-06-30": "35.85700", "2018-03-31": "35.94600", "2017-12-31": "-37.41100", "2017-09-30": "36.47300", "2017-06-30": "68.18300", "2017-03-31": "69.00400", "2016-12-31": "-67.14100", "2016-09-30": "68.26700", "2016-06-30": "61.93200", "2016-03-31": "63.61300", "2015-12-31": "60.39200", "2015-09-30": "61.22900", "2015-06-30": "57.11300", "2015-03-31": "59.45400", "2014-12-31": "57.88500", "2014-09-30": "57.38600", "2014-06-30": "52.86000", "2014-03-31": "53.31800", "2013-12-31": "53.59500", "2013-09-30": "50.41000", "2013-06-30": "48.22700", "2013-03-31": "48.40800", "2012-12-31": "49.23200", "2012-09-30": "45.01100", "2012-06-30": "40.45600", "2012-03-31": "42.10300", "2011-12-31": "39.19400", "2011-09-30": "38.39300", "2011-06-30": "34.74700", "2011-03-31": "36.66400", "2010-12-31": "36.27100", "2010-09-30": "34.71100", "2010-06-30": "35.15200", "2010-03-31": "32.98000", "2009-12-31": "18.53500", "2009-09-30": "30.65100", "2009-06-30": "29.41400", "2009-03-31": "28.40800", "2008-12-31": "30.34900", "2008-09-30": "23.59400", "2008-06-30": "21.30600", "2008-03-31": "17.12700"}, "Other Operating Income Or Expenses": {"2020-09-30": "", "2020-06-30": "", "2020-03-31": "", "2019-12-31": "0.00000", "2019-09-30": "", "2019-06-30": "0.12200", "2019-03-31": "-4.08800", "2018-12-31": "-0.36500", "2018-09-30": "-22.17900", "2018-06-30": "-80.95700", "2018-03-31": "-88.19900", "2017-12-31": "-241.25200", "2017-09-30": "-83.45000", "2017-06-30": "", "2017-03-31": "", "2016-12-31": "-291.96100", "2016-09-30": "-3.36300", "2016-06-30": "", "2016-03-31": "", "2015-12-31": "", "2015-09-30": "0.00000", "2015-06-30": "", "2015-03-31": "", "2014-12-31": "", "2014-09-30": "", "2014-06-30": "", "2014-03-31": "", "2013-12-31": "", "2013-09-30": "", "2013-06-30": "", "2013-03-31": "", "2012-12-31": "", "2012-09-30": "", "2012-06-30": "", "2012-03-31": "", "2011-12-31": "0.14000", "2011-09-30": "-0.92200", "2011-06-30": "", "2011-03-31": "", "2010-12-31": "-9.25900", "2010-09-30": "-0.02700", "2010-06-30": "-0.11600", "2010-03-31": "-0.08900", "2009-12-31": "-0.99600", "2009-09-30": "-5.27400", "2009-06-30": "-0.07400", "2009-03-31": "-0.07400", "2008-12-31": "-0.07400", "2008-09-30": "-0.12400", "2008-06-30": "-0.46600", "2008-03-31": "-1.02200"}, "Operating Expenses": {"2020-09-30": "147.34500", "2020-06-30": "137.45800", "2020-03-31": "140.85900", "2019-12-31": "131.27510", "2019-09-30": "133.55500", "2019-06-30": "123.82600", "2019-03-31": "124.85600", "2018-12-31": "97.39900", "2018-09-30": "126.03400", "2018-06-30": "178.33000", "2018-03-31": "185.58900", "2017-12-31": "180.07200", "2017-09-30": "176.51700", "2017-06-30": "163.21300", "2017-03-31": "171.57800", "2016-12-31": "167.96500", "2016-09-30": "163.37800", "2016-06-30": "146.53100", "2016-03-31": "158.26700", "2015-12-31": "152.81900", "2015-09-30": "144.40900", "2015-06-30": "132.47000", "2015-03-31": "138.14100", "2014-12-31": "136.43700", "2014-09-30": "129.10000", "2014-06-30": "120.70700", "2014-03-31": "123.99600", "2013-12-31": "121.56600", "2013-09-30": "115.11400", "2013-06-30": "109.97400", "2013-03-31": "108.40500", "2012-12-31": "108.05100", "2012-09-30": "102.36500", "2012-06-30": "93.86200", "2012-03-31": "92.92700", "2011-12-31": "89.69300", "2011-09-30": "88.24800", "2011-06-30": "81.10100", "2011-03-31": "85.53900", "2010-12-31": "100.25500", "2010-09-30": "80.45500", "2010-06-30": "77.01000", "2010-03-31": "69.72900", "2009-12-31": "59.59000", "2009-09-30": "59.39100", "2009-06-30": "49.89900", "2009-03-31": "46.45000", "2008-12-31": "47.87800", "2008-09-30": "36.68500", "2008-06-30": "34.18000", "2008-03-31": "29.76900"}, "Operating Income": {"2020-09-30": "51.03900", "2020-06-30": "48.31000", "2020-03-31": "80.79600", "2019-12-31": "81.97190", "2019-09-30": "59.73400", "2019-06-30": "50.99400", "2019-03-31": "72.43100", "2018-12-31": "80.14900", "2018-09-30": "29.42000", "2018-06-30": "58.48800", "2018-03-31": "90.09200", "2017-12-31": "91.34600", "2017-09-30": "59.69200", "2017-06-30": "55.08800", "2017-03-31": "76.62800", "2016-12-31": "76.69800", "2016-09-30": "47.06600", "2016-06-30": "44.74800", "2016-03-31": "68.69100", "2015-12-31": "63.13500", "2015-09-30": "48.98400", "2015-06-30": "42.25600", "2015-03-31": "55.98600", "2014-12-31": "53.53600", "2014-09-30": "45.95600", "2014-06-30": "37.88700", "2014-03-31": "43.43600", "2013-12-31": "40.87700", "2013-09-30": "37.28500", "2013-06-30": "31.48900", "2013-03-31": "33.62500", "2012-12-31": "33.24700", "2012-09-30": "31.20300", "2012-06-30": "25.39800", "2012-03-31": "24.20400", "2011-12-31": "23.31200", "2011-09-30": "20.66100", "2011-06-30": "22.01700", "2011-03-31": "16.17000", "2010-12-31": "-0.42400", "2010-09-30": "18.49100", "2010-06-30": "20.51200", "2010-03-31": "19.59700", "2009-12-31": "17.86400", "2009-09-30": "6.69300", "2009-06-30": "13.00600", "2009-03-31": "9.00900", "2008-12-31": "51.68300", "2008-09-30": "2.66600", "2008-06-30": "0.38600", "2008-03-31": "5.94000"}, "Total Non-Operating Income/Expense": {"2020-09-30": "14.14800", "2020-06-30": "14.04600", "2020-03-31": "13.38000", "2019-12-31": "12.27200", "2019-09-30": "13.58800", "2019-06-30": "14.24300", "2019-03-31": "12.26800", "2018-12-31": "13.64500", "2018-09-30": "13.06100", "2018-06-30": "1.51000", "2018-03-31": "0.63500", "2017-12-31": "0.23000", "2017-09-30": "0.87800", "2017-06-30": "0.24400", "2017-03-31": "-0.57800", "2016-12-31": "-0.29800", "2016-09-30": "-2.63500", "2016-06-30": "0.13500", "2016-03-31": "1.71900", "2015-12-31": "-1.10500", "2015-09-30": "-0.11200", "2015-06-30": "-0.01900", "2015-03-31": "-0.11800", "2014-12-31": "-0.03900", "2014-09-30": "-0.53300", "2014-06-30": "-0.15900", "2014-03-31": "-0.38600", "2013-12-31": "-0.50500", "2013-09-30": "0.97400", "2013-06-30": "-0.37700", "2013-03-31": "1.52700", "2012-12-31": "-0.24100", "2012-09-30": "-0.13800", "2012-06-30": "-0.05200", "2012-03-31": "-0.19700", "2011-12-31": "-0.40400", "2011-09-30": "-0.15000", "2011-06-30": "-0.00300", "2011-03-31": "-0.07500", "2010-12-31": "-0.17000", "2010-09-30": "-0.14300", "2010-06-30": "-0.12500", "2010-03-31": "-0.28300", "2009-12-31": "-0.19800", "2009-09-30": "-0.23300", "2009-06-30": "-0.30000", "2009-03-31": "-0.55800", "2008-12-31": "-0.60800", "2008-09-30": "-0.57300", "2008-06-30": "-0.51500", "2008-03-31": "-0.56100"}, "Pre-Tax Income": {"2020-09-30": "65.18700", "2020-06-30": "62.35600", "2020-03-31": "94.17600", "2019-12-31": "94.24400", "2019-09-30": "73.32200", "2019-06-30": "65.23700", "2019-03-31": "84.69900", "2018-12-31": "93.79400", "2018-09-30": "42.48100", "2018-06-30": "59.99800", "2018-03-31": "90.72700", "2017-12-31": "91.57600", "2017-09-30": "60.57000", "2017-06-30": "55.33200", "2017-03-31": "76.05000", "2016-12-31": "76.40000", "2016-09-30": "44.43100", "2016-06-30": "44.88300", "2016-03-31": "70.41000", "2015-12-31": "62.03000", "2015-09-30": "48.87200", "2015-06-30": "42.23700", "2015-03-31": "55.86800", "2014-12-31": "53.49700", "2014-09-30": "45.42300", "2014-06-30": "37.72800", "2014-03-31": "43.05000", "2013-12-31": "40.37200", "2013-09-30": "38.25900", "2013-06-30": "31.11200", "2013-03-31": "35.15200", "2012-12-31": "33.00600", "2012-09-30": "31.06500", "2012-06-30": "25.34600", "2012-03-31": "24.00700", "2011-12-31": "22.90800", "2011-09-30": "20.51100", "2011-06-30": "22.01400", "2011-03-31": "16.09500", "2010-12-31": "-0.59400", "2010-09-30": "18.34800", "2010-06-30": "20.38700", "2010-03-31": "19.31400", "2009-12-31": "17.66600", "2009-09-30": "6.46000", "2009-06-30": "12.70600", "2009-03-31": "8.45100", "2008-12-31": "51.68300", "2008-09-30": "2.09300", "2008-06-30": "-0.12900", "2008-03-31": "5.37900"}, "Income Taxes": {"2020-09-30": "13.14100", "2020-06-30": "15.34600", "2020-03-31": "22.79100", "2019-12-31": "17.57500", "2019-09-30": "15.17100", "2019-06-30": "14.12500", "2019-03-31": "11.45600", "2018-12-31": "18.26300", "2018-09-30": "8.72000", "2018-06-30": "13.96000", "2018-03-31": "17.04600", "2017-12-31": "23.32000", "2017-09-30": "21.26600", "2017-06-30": "15.48500", "2017-03-31": "20.13800", "2016-12-31": "28.42100", "2016-09-30": "15.18700", "2016-06-30": "17.25700", "2016-03-31": "26.74500", "2015-12-31": "23.91600", "2015-09-30": "15.53000", "2015-06-30": "16.46100", "2015-03-31": "21.68900", "2014-12-31": "20.40400", "2014-09-30": "16.40700", "2014-06-30": "14.65900", "2014-03-31": "16.76200", "2013-12-31": "14.21500", "2013-09-30": "15.71400", "2013-06-30": "12.04800", "2013-03-31": "14.20700", "2012-12-31": "12.09700", "2012-09-30": "12.59400", "2012-06-30": "9.74800", "2012-03-31": "9.53800", "2011-12-31": "7.58400", "2011-09-30": "7.64300", "2011-06-30": "9.14100", "2011-03-31": "6.61400", "2010-12-31": "-1.18200", "2010-09-30": "7.60600", "2010-06-30": "7.99100", "2010-03-31": "7.83400", "2009-12-31": "6.57100", "2009-09-30": "2.96900", "2009-06-30": "5.06300", "2009-03-31": "3.37600", "2008-12-31": "0.98700", "2008-09-30": "0.84100", "2008-06-30": "-0.04900", "2008-03-31": "2.07600"}, "Income After Taxes": {"2020-09-30": "52.04600", "2020-06-30": "47.01000", "2020-03-31": "71.38500", "2019-12-31": "76.66900", "2019-09-30": "58.15100", "2019-06-30": "51.11200", "2019-03-31": "73.24300", "2018-12-31": "75.53100", "2018-09-30": "33.76100", "2018-06-30": "46.03800", "2018-03-31": "73.68100", "2017-12-31": "68.25600", "2017-09-30": "39.30400", "2017-06-30": "39.84700", "2017-03-31": "55.91200", "2016-12-31": "47.97900", "2016-09-30": "29.24400", "2016-06-30": "27.62600", "2016-03-31": "43.66500", "2015-12-31": "38.11400", "2015-09-30": "33.34200", "2015-06-30": "25.77600", "2015-03-31": "34.17900", "2014-12-31": "33.09300", "2014-09-30": "29.01600", "2014-06-30": "23.06900", "2014-03-31": "26.28800", "2013-12-31": "26.15700", "2013-09-30": "22.54500", "2013-06-30": "19.06400", "2013-03-31": "20.94500", "2012-12-31": "20.90900", "2012-09-30": "18.47100", "2012-06-30": "15.59800", "2012-03-31": "14.46900", "2011-12-31": "15.32400", "2011-09-30": "12.86800", "2011-06-30": "12.87300", "2011-03-31": "9.48100", "2010-12-31": "0.58800", "2010-09-30": "10.74200", "2010-06-30": "12.39600", "2010-03-31": "11.48000", "2009-12-31": "11.09500", "2009-09-30": "3.49100", "2009-06-30": "7.64300", "2009-03-31": "5.07500", "2008-12-31": "51.68300", "2008-09-30": "1.25200", "2008-06-30": "-0.08000", "2008-03-31": "3.30300"}, "Other Income": {"2020-09-30": "", "2020-06-30": "", "2020-03-31": "", "2019-12-31": "", "2019-09-30": "", "2019-06-30": "", "2019-03-31": "", "2018-12-31": "", "2018-09-30": "", "2018-06-30": "", "2018-03-31": "", "2017-12-31": "", "2017-09-30": "", "2017-06-30": "", "2017-03-31": "", "2016-12-31": "", "2016-09-30": "", "2016-06-30": "", "2016-03-31": "", "2015-12-31": "", "2015-09-30": "", "2015-06-30": "", "2015-03-31": "", "2014-12-31": "", "2014-09-30": "", "2014-06-30": "", "2014-03-31": "", "2013-12-31": "", "2013-09-30": "", "2013-06-30": "", "2013-03-31": "", "2012-12-31": "", "2012-09-30": "", "2012-06-30": "", "2012-03-31": "", "2011-12-31": "", "2011-09-30": "", "2011-06-30": "", "2011-03-31": "", "2010-12-31": "", "2010-09-30": "", "2010-06-30": "", "2010-03-31": "", "2009-12-31": "", "2009-09-30": "", "2009-06-30": "", "2009-03-31": "", "2008-12-31": "", "2008-09-30": "", "2008-06-30": "", "2008-03-31": ""}, "Income From Continuous Operations": {"2020-09-30": "52.04600", "2020-06-30": "47.01000", "2020-03-31": "71.38500", "2019-12-31": "76.66900", "2019-09-30": "58.15100", "2019-06-30": "51.11200", "2019-03-31": "73.24300", "2018-12-31": "75.53100", "2018-09-30": "33.76100", "2018-06-30": "46.03800", "2018-03-31": "73.68100", "2017-12-31": "68.25600", "2017-09-30": "39.30400", "2017-06-30": "39.84700", "2017-03-31": "55.91200", "2016-12-31": "47.97900", "2016-09-30": "29.24400", "2016-06-30": "27.62600", "2016-03-31": "43.66500", "2015-12-31": "38.11400", "2015-09-30": "33.34200", "2015-06-30": "25.77600", "2015-03-31": "34.17900", "2014-12-31": "33.09300", "2014-09-30": "29.01600", "2014-06-30": "23.06900", "2014-03-31": "26.28800", "2013-12-31": "26.15700", "2013-09-30": "22.54500", "2013-06-30": "19.06400", "2013-03-31": "20.94500", "2012-12-31": "20.90900", "2012-09-30": "18.47100", "2012-06-30": "15.59800", "2012-03-31": "14.46900", "2011-12-31": "15.32400", "2011-09-30": "12.86800", "2011-06-30": "12.87300", "2011-03-31": "9.48100", "2010-12-31": "0.58800", "2010-09-30": "10.74200", "2010-06-30": "12.39600", "2010-03-31": "11.48000", "2009-12-31": "11.09500", "2009-09-30": "3.49100", "2009-06-30": "7.64300", "2009-03-31": "5.07500", "2008-12-31": "2.20900", "2008-09-30": "1.25200", "2008-06-30": "-0.08000", "2008-03-31": "3.30300"}, "Income From Discontinued Operations": {"2020-09-30": "", "2020-06-30": "", "2020-03-31": "", "2019-12-31": "", "2019-09-30": "", "2019-06-30": "", "2019-03-31": "", "2018-12-31": "", "2018-09-30": "", "2018-06-30": "", "2018-03-31": "", "2017-12-31": "", "2017-09-30": "", "2017-06-30": "", "2017-03-31": "", "2016-12-31": "", "2016-09-30": "", "2016-06-30": "", "2016-03-31": "", "2015-12-31": "", "2015-09-30": "", "2015-06-30": "", "2015-03-31": "", "2014-12-31": "", "2014-09-30": "", "2014-06-30": "", "2014-03-31": "", "2013-12-31": "", "2013-09-30": "", "2013-06-30": "", "2013-03-31": "", "2012-12-31": "", "2012-09-30": "", "2012-06-30": "", "2012-03-31": "", "2011-12-31": "", "2011-09-30": "", "2011-06-30": "", "2011-03-31": "", "2010-12-31": "", "2010-09-30": "", "2010-06-30": "", "2010-03-31": "", "2009-12-31": "", "2009-09-30": "", "2009-06-30": "", "2009-03-31": "", "2008-12-31": "0.00000", "2008-09-30": "", "2008-06-30": "", "2008-03-31": ""}, "Net Income": {"2020-09-30": "52.04600", "2020-06-30": "47.01000", "2020-03-31": "71.38500", "2019-12-31": "76.66900", "2019-09-30": "58.15100", "2019-06-30": "51.11200", "2019-03-31": "73.24300", "2018-12-31": "75.53100", "2018-09-30": "33.76100", "2018-06-30": "46.03800", "2018-03-31": "73.68100", "2017-12-31": "68.25600", "2017-09-30": "39.30400", "2017-06-30": "39.84700", "2017-03-31": "55.91200", "2016-12-31": "47.97900", "2016-09-30": "29.24400", "2016-06-30": "27.62600", "2016-03-31": "43.66500", "2015-12-31": "38.11400", "2015-09-30": "33.34200", "2015-06-30": "25.77600", "2015-03-31": "34.17900", "2014-12-31": "33.09300", "2014-09-30": "29.01600", "2014-06-30": "23.06900", "2014-03-31": "26.28800", "2013-12-31": "26.15700", "2013-09-30": "22.54500", "2013-06-30": "19.06400", "2013-03-31": "20.94500", "2012-12-31": "20.90900", "2012-09-30": "18.47100", "2012-06-30": "15.59800", "2012-03-31": "14.46900", "2011-12-31": "15.32400", "2011-09-30": "12.86800", "2011-06-30": "12.87300", "2011-03-31": "9.48100", "2010-12-31": "0.58800", "2010-09-30": "10.74200", "2010-06-30": "12.39600", "2010-03-31": "11.48000", "2009-12-31": "11.09500", "2009-09-30": "3.49100", "2009-06-30": "7.64300", "2009-03-31": "5.07500", "2008-12-31": "2.20900", "2008-09-30": "0.98200", "2008-06-30": "-0.34800", "2008-03-31": "3.05000"}, "EBITDA": {"2020-09-30": "58.68300", "2020-06-30": "55.72600", "2020-03-31": "87.89000", "2019-12-31": "89.02590", "2019-09-30": "66.66900", "2019-06-30": "57.82400", "2019-03-31": "78.53100", "2018-12-31": "84.03900", "2018-09-30": "33.23200", "2018-06-30": "72.51200", "2018-03-31": "104.03900", "2017-12-31": "105.10700", "2017-09-30": "73.30300", "2017-06-30": "68.67700", "2017-03-31": "89.89500", "2016-12-31": "89.63700", "2016-09-30": "58.56500", "2016-06-30": "55.52600", "2016-03-31": "79.15800", "2015-12-31": "73.45000", "2015-09-30": "57.95700", "2015-06-30": "50.48900", "2015-03-31": "64.14000", "2014-12-31": "61.59100", "2014-09-30": "53.37400", "2014-06-30": "44.95800", "2014-03-31": "50.36500", "2013-12-31": "47.71200", "2013-09-30": "43.74600", "2013-06-30": "37.67900", "2013-03-31": "39.57600", "2012-12-31": "39.58200", "2012-09-30": "36.83900", "2012-06-30": "30.54700", "2012-03-31": "29.25100", "2011-12-31": "28.33000", "2011-09-30": "24.90100", "2011-06-30": "26.03200", "2011-03-31": "20.01100", "2010-12-31": "3.14800", "2010-09-30": "21.74900", "2010-06-30": "23.17600", "2010-03-31": "22.27400", "2009-12-31": "20.04800", "2009-09-30": "9.12500", "2009-06-30": "14.76000", "2009-03-31": "10.64100", "2008-12-31": "5.21900", "2008-09-30": "4.07300", "2008-06-30": "1.56500", "2008-03-31": "7.03000"}, "EBIT": {"2020-09-30": "51.03900", "2020-06-30": "48.31000", "2020-03-31": "80.79600", "2019-12-31": "81.97200", "2019-09-30": "59.73400", "2019-06-30": "50.99400", "2019-03-31": "72.43100", "2018-12-31": "80.14900", "2018-09-30": "29.42000", "2018-06-30": "58.48800", "2018-03-31": "90.09200", "2017-12-31": "91.34600", "2017-09-30": "59.69200", "2017-06-30": "55.08800", "2017-03-31": "76.62800", "2016-12-31": "76.69800", "2016-09-30": "47.06600", "2016-06-30": "44.74800", "2016-03-31": "68.69100", "2015-12-31": "63.13500", "2015-09-30": "48.98400", "2015-06-30": "42.25600", "2015-03-31": "55.98600", "2014-12-31": "53.53600", "2014-09-30": "45.95600", "2014-06-30": "37.88700", "2014-03-31": "43.43600", "2013-12-31": "40.87700", "2013-09-30": "37.28500", "2013-06-30": "31.48900", "2013-03-31": "33.62500", "2012-12-31": "33.24700", "2012-09-30": "31.20300", "2012-06-30": "25.39800", "2012-03-31": "24.20400", "2011-12-31": "23.31200", "2011-09-30": "20.66100", "2011-06-30": "22.01700", "2011-03-31": "16.17000", "2010-12-31": "-0.42400", "2010-09-30": "18.49100", "2010-06-30": "20.51200", "2010-03-31": "19.59700", "2009-12-31": "17.86400", "2009-09-30": "6.69300", "2009-06-30": "13.00600", "2009-03-31": "9.00900", "2008-12-31": "51.68300", "2008-09-30": "2.66600", "2008-06-30": "0.38600", "2008-03-31": "5.94000"}, "Basic Shares Outstanding": {"2020-09-30": "46.80800", "2020-06-30": "46.89300", "2020-03-31": "47.45500", "2019-12-31": "47.81400", "2019-09-30": "47.92000", "2019-06-30": "47.85100", "2019-03-31": "47.69900", "2018-12-31": "47.60800", "2018-09-30": "47.68200", "2018-06-30": "47.60400", "2018-03-31": "47.43200", "2017-12-31": "47.14000", "2017-09-30": "47.31600", "2017-06-30": "47.15100", "2017-03-31": "46.74800", "2016-12-31": "46.08300", "2016-09-30": "46.23100", "2016-06-30": "46.00400", "2016-03-31": "45.62200", "2015-12-31": "45.97500", "2015-09-30": "46.06300", "2015-06-30": "46.01200", "2015-03-31": "45.78900", "2014-12-31": "45.53800", "2014-09-30": "45.65100", "2014-06-30": "45.59800", "2014-03-31": "45.20500", "2013-12-31": "44.73100", "2013-09-30": "44.96300", "2013-06-30": "44.68100", "2013-03-31": "44.24200", "2012-12-31": "44.33200", "2012-09-30": "44.36500", "2012-06-30": "44.44700", "2012-03-31": "44.37100", "2011-12-31": "44.63100", "2011-09-30": "44.30200", "2011-06-30": "44.65800", "2011-03-31": "45.59000", "2010-12-31": "45.72200", "2010-09-30": "45.74600", "2010-06-30": "45.72400", "2010-03-31": "45.67400", "2009-12-31": "45.18400", "2009-09-30": "44.78300", "2009-06-30": "44.84600", "2009-03-31": "45.47400", "2008-12-31": "31.24000", "2008-09-30": "19.21900", "2008-06-30": "19.14200", "2008-03-31": "19.03600"}, "Shares Outstanding": {"2020-09-30": "47.09500", "2020-06-30": "47.15100", "2020-03-31": "47.76400", "2019-12-31": "48.26600", "2019-09-30": "48.33700", "2019-06-30": "48.31300", "2019-03-31": "48.27400", "2018-12-31": "48.41400", "2018-09-30": "48.42200", "2018-06-30": "48.41100", "2018-03-31": "48.39700", "2017-12-31": "48.23500", "2017-09-30": "48.29200", "2017-06-30": "48.19200", "2017-03-31": "48.07000", "2016-12-31": "47.12100", "2016-09-30": "47.17500", "2016-06-30": "46.99000", "2016-03-31": "46.86000", "2015-12-31": "47.28100", "2015-09-30": "47.32000", "2015-06-30": "47.26300", "2015-03-31": "47.20100", "2014-12-31": "47.00600", "2014-09-30": "47.05100", "2014-06-30": "46.99000", "2014-03-31": "46.84100", "2013-12-31": "46.13100", "2013-09-30": "46.42400", "2013-06-30": "45.92900", "2013-03-31": "45.44900", "2012-12-31": "45.25100", "2012-09-30": "45.33900", "2012-06-30": "45.16900", "2012-03-31": "45.15100", "2011-12-31": "45.10500", "2011-09-30": "44.78700", "2011-06-30": "45.01800", "2011-03-31": "46.08900", "2010-12-31": "46.39600", "2010-09-30": "46.35100", "2010-06-30": "46.55700", "2010-03-31": "46.32500", "2009-12-31": "45.50300", "2009-09-30": "45.09900", "2009-06-30": "45.05100", "2009-03-31": "45.82100", "2008-12-31": "37.48800", "2008-09-30": "30.97000", "2008-06-30": "19.14200", "2008-03-31": "33.84900"}, "Basic EPS": {"2020-09-30": "1.11000", "2020-06-30": "1.00000", "2020-03-31": "1.50000", "2019-12-31": "1.60000", "2019-09-30": "1.21000", "2019-06-30": "1.07000", "2019-03-31": "1.54000", "2018-12-31": "1.58000", "2018-09-30": "0.71000", "2018-06-30": "0.97000", "2018-03-31": "1.55000", "2017-12-31": "1.43000", "2017-09-30": "0.83000", "2017-06-30": "0.85000", "2017-03-31": "1.20000", "2016-12-31": "1.03000", "2016-09-30": "0.63000", "2016-06-30": "0.60000", "2016-03-31": "0.96000", "2015-12-31": "0.83000", "2015-09-30": "0.72000", "2015-06-30": "0.56000", "2015-03-31": "0.75000", "2014-12-31": "0.72000", "2014-09-30": "0.64000", "2014-06-30": "0.51000", "2014-03-31": "0.58000", "2013-12-31": "0.58000", "2013-09-30": "0.50000", "2013-06-30": "0.43000", "2013-03-31": "0.47000", "2012-12-31": "0.47000", "2012-09-30": "0.42000", "2012-06-30": "0.35000", "2012-03-31": "0.33000", "2011-12-31": "0.34000", "2011-09-30": "0.29000", "2011-06-30": "0.29000", "2011-03-31": "0.21000", "2010-12-31": "0.02000", "2010-09-30": "0.23000", "2010-06-30": "0.27000", "2010-03-31": "0.25000", "2009-12-31": "0.24000", "2009-09-30": "0.08000", "2009-06-30": "0.17000", "2009-03-31": "0.11000", "2008-12-31": "0.07000", "2008-09-30": "0.05000", "2008-06-30": "-0.02000", "2008-03-31": "0.16000"}, "EPS - Earnings Per Share": {"2020-09-30": "1.11000", "2020-06-30": "1.00000", "2020-03-31": "1.49000", "2019-12-31": "1.59000", "2019-09-30": "1.20000", "2019-06-30": "1.06000", "2019-03-31": "1.52000", "2018-12-31": "1.56000", "2018-09-30": "0.70000", "2018-06-30": "0.95000", "2018-03-31": "1.52000", "2017-12-31": "1.42000", "2017-09-30": "0.81000", "2017-06-30": "0.83000", "2017-03-31": "1.16000", "2016-12-31": "1.01000", "2016-09-30": "0.62000", "2016-06-30": "0.59000", "2016-03-31": "0.93000", "2015-12-31": "0.81000", "2015-09-30": "0.70000", "2015-06-30": "0.55000", "2015-03-31": "0.72000", "2014-12-31": "0.70000", "2014-09-30": "0.62000", "2014-06-30": "0.49000", "2014-03-31": "0.56000", "2013-12-31": "0.55000", "2013-09-30": "0.49000", "2013-06-30": "0.42000", "2013-03-31": "0.46000", "2012-12-31": "0.45000", "2012-09-30": "0.41000", "2012-06-30": "0.35000", "2012-03-31": "0.32000", "2011-12-31": "0.33000", "2011-09-30": "0.29000", "2011-06-30": "0.29000", "2011-03-31": "0.21000", "2010-12-31": "0.01000", "2010-09-30": "0.23000", "2010-06-30": "0.27000", "2010-03-31": "0.25000", "2009-12-31": "0.24000", "2009-09-30": "0.08000", "2009-06-30": "0.17000", "2009-03-31": "0.11000", "2008-12-31": "0.06000", "2008-09-30": "0.03000", "2008-06-30": "-0.02000", "2008-03-31": "0.09000"}}, "balance sheet": {"Cash On Hand": {"2019-12-31": "144.17300", "2018-12-31": "251.01500", "2017-12-31": "337.27900", "2016-12-31": "193.50300", "2015-12-31": "181.78400", "2014-12-31": "233.86200", "2013-12-31": "228.61200", "2012-12-31": "161.07500", "2011-12-31": "77.30400", "2010-12-31": "85.81500", "2009-12-31": "65.97400", "2008-12-31": "37.34900", "2007-12-31": "23.21000", "2006-12-31": ""}, "Receivables": {"2019-12-31": "56.13600", "2018-12-31": "51.48800", "2017-12-31": "12.99400", "2016-12-31": "14.22400", "2015-12-31": "12.25000", "2014-12-31": "7.60600", "2013-12-31": "10.81600", "2012-12-31": "7.95100", "2011-12-31": "23.67600", "2010-12-31": "26.39800", "2009-12-31": "13.80200", "2008-12-31": "11.01800", "2007-12-31": "7.11400", "2006-12-31": ""}, "Inventory": {"2019-12-31": "", "2018-12-31": "", "2017-12-31": "", "2016-12-31": "", "2015-12-31": "", "2014-12-31": "", "2013-12-31": "", "2012-12-31": "", "2011-12-31": "", "2010-12-31": "", "2009-12-31": "", "2008-12-31": "", "2007-12-31": "", "2006-12-31": ""}, "Pre-Paid Expenses": {"2019-12-31": "", "2018-12-31": "", "2017-12-31": "", "2016-12-31": "", "2015-12-31": "", "2014-12-31": "", "2013-12-31": "", "2012-12-31": "", "2011-12-31": "", "2010-12-31": "", "2009-12-31": "", "2008-12-31": "", "2007-12-31": "", "2006-12-31": ""}, "Other Current Assets": {"2019-12-31": "8.03500", "2018-12-31": "6.96300", "2017-12-31": "24.58900", "2016-12-31": "22.34100", "2015-12-31": "20.86300", "2014-12-31": "19.42800", "2013-12-31": "19.11600", "2012-12-31": "12.66700", "2011-12-31": "11.08100", "2010-12-31": "4.83400", "2009-12-31": "3.78500", "2008-12-31": "2.62900", "2007-12-31": "7.35000", "2006-12-31": ""}, "Total Current Assets": {"2019-12-31": "208.34400", "2018-12-31": "309.46600", "2017-12-31": "374.86200", "2016-12-31": "230.06800", "2015-12-31": "214.89700", "2014-12-31": "267.04500", "2013-12-31": "263.70300", "2012-12-31": "214.17400", "2011-12-31": "115.41400", "2010-12-31": "133.12500", "2009-12-31": "90.24600", "2008-12-31": "53.59900", "2007-12-31": "42.31400", "2006-12-31": ""}, "Property, Plant, And Equipment": {"2019-12-31": "119.73400", "2018-12-31": "111.03900", "2017-12-31": "922.28400", "2016-12-31": "855.52800", "2015-12-31": "667.48300", "2014-12-31": "478.17000", "2013-12-31": "339.59600", "2012-12-31": "269.16200", "2011-12-31": "189.94700", "2010-12-31": "123.99900", "2009-12-31": "67.37000", "2008-12-31": "41.39900", "2007-12-31": "33.84900", "2006-12-31": ""}, "Long-Term Investments": {"2019-12-31": "", "2018-12-31": "", "2017-12-31": "", "2016-12-31": "", "2015-12-31": "", "2014-12-31": "", "2013-12-31": "", "2012-12-31": "", "2011-12-31": "", "2010-12-31": "", "2009-12-31": "0.36000", "2008-12-31": "", "2007-12-31": "", "2006-12-31": ""}, "Goodwill And Intangible Assets": {"2019-12-31": "362.82300", "2018-12-31": "2.94100", "2017-12-31": "2.94100", "2016-12-31": "2.94100", "2015-12-31": "2.94100", "2014-12-31": "2.94100", "2013-12-31": "2.94100", "2012-12-31": "2.94100", "2011-12-31": "2.94100", "2010-12-31": "2.94100", "2009-12-31": "2.94100", "2008-12-31": "2.94100", "2007-12-31": "2.94100", "2006-12-31": ""}, "Other Long-Term Assets": {"2019-12-31": "1.70600", "2018-12-31": "0.47800", "2017-12-31": "3.48600", "2016-12-31": "3.95600", "2015-12-31": "6.66100", "2014-12-31": "7.55700", "2013-12-31": "9.86000", "2012-12-31": "8.64600", "2011-12-31": "9.54500", "2010-12-31": "12.23100", "2009-12-31": "7.86500", "2008-12-31": "11.64700", "2007-12-31": "6.65800", "2006-12-31": ""}, "Total Long-Term Assets": {"2019-12-31": "1481.94500", "2018-12-31": "1014.55100", "2017-12-31": "928.71100", "2016-12-31": "862.42500", "2015-12-31": "677.08500", "2014-12-31": "488.66800", "2013-12-31": "352.39700", "2012-12-31": "280.74900", "2011-12-31": "202.43300", "2010-12-31": "141.97100", "2009-12-31": "84.49200", "2008-12-31": "63.39100", "2007-12-31": "46.25400", "2006-12-31": ""}, "Total Assets": {"2019-12-31": "1690.28900", "2018-12-31": "1324.01700", "2017-12-31": "1303.57300", "2016-12-31": "1092.49300", "2015-12-31": "891.98200", "2014-12-31": "755.71300", "2013-12-31": "616.10000", "2012-12-31": "494.92300", "2011-12-31": "317.84700", "2010-12-31": "275.09600", "2009-12-31": "174.73800", "2008-12-31": "116.99000", "2007-12-31": "88.56800", "2006-12-31": "0.00000"}, "Total Current Liabilities": {"2019-12-31": "95.23000", "2018-12-31": "80.51800", "2017-12-31": "238.13500", "2016-12-31": "226.79400", "2015-12-31": "188.53400", "2014-12-31": "178.71100", "2013-12-31": "165.62300", "2012-12-31": "152.72700", "2011-12-31": "121.50500", "2010-12-31": "122.84800", "2009-12-31": "62.39200", "2008-12-31": "32.55700", "2007-12-31": "37.16600", "2006-12-31": ""}, "Long Term Debt": {"2019-12-31": "107.77400", "2018-12-31": "23.43700", "2017-12-31": "59.92500", "2016-12-31": "66.61600", "2015-12-31": "74.04000", "2014-12-31": "80.28300", "2013-12-31": "86.99000", "2012-12-31": "93.68700", "2011-12-31": "20.57500", "2010-12-31": "22.03200", "2009-12-31": "24.85100", "2008-12-31": "30.84300", "2007-12-31": "29.84000", "2006-12-31": ""}, "Other Non-Current Liabilities": {"2019-12-31": "0.01300", "2018-12-31": "", "2017-12-31": "1.20000", "2016-12-31": "1.68900", "2015-12-31": "4.30200", "2014-12-31": "4.51300", "2013-12-31": "6.81100", "2012-12-31": "7.40500", "2011-12-31": "7.14000", "2010-12-31": "2.71500", "2009-12-31": "1.46700", "2008-12-31": "", "2007-12-31": "", "2006-12-31": ""}, "Total Long Term Liabilities": {"2019-12-31": "151.62600", "2018-12-31": "29.90200", "2017-12-31": "79.48700", "2016-12-31": "92.01300", "2015-12-31": "93.19700", "2014-12-31": "100.77000", "2013-12-31": "105.63300", "2012-12-31": "108.13700", "2011-12-31": "33.04900", "2010-12-31": "24.74700", "2009-12-31": "26.31800", "2008-12-31": "30.84300", "2007-12-31": "61.78800", "2006-12-31": ""}, "Total Liabilities": {"2019-12-31": "246.85600", "2018-12-31": "110.42000", "2017-12-31": "317.62200", "2016-12-31": "318.80700", "2015-12-31": "281.73100", "2014-12-31": "279.48100", "2013-12-31": "271.25600", "2012-12-31": "260.86400", "2011-12-31": "154.55400", "2010-12-31": "147.59500", "2009-12-31": "88.71000", "2008-12-31": "63.40000", "2007-12-31": "98.95400", "2006-12-31": ""}, "Common Stock Net": {"2019-12-31": "0.53100", "2018-12-31": "0.52700", "2017-12-31": "0.52300", "2016-12-31": "0.51500", "2015-12-31": "0.50300", "2014-12-31": "0.49700", "2013-12-31": "0.48900", "2012-12-31": "0.47100", "2011-12-31": "0.46000", "2010-12-31": "0.45800", "2009-12-31": "0.45700", "2008-12-31": "0.45500", "2007-12-31": "0.19000", "2006-12-31": ""}, "Retained Earnings (Accumulated Deficit)": {"2019-12-31": "1341.34400", "2018-12-31": "1082.16900", "2017-12-31": "854.17600", "2016-12-31": "650.91600", "2015-12-31": "502.40200", "2014-12-31": "370.99100", "2013-12-31": "259.52500", "2012-12-31": "170.81400", "2011-12-31": "101.36700", "2010-12-31": "50.82100", "2009-12-31": "15.61500", "2008-12-31": "-11.68900", "2007-12-31": "-18.37400", "2006-12-31": ""}, "Comprehensive Income": {"2019-12-31": "", "2018-12-31": "-0.45300", "2017-12-31": "-0.72400", "2016-12-31": "-0.91000", "2015-12-31": "-0.48900", "2014-12-31": "-0.03500", "2013-12-31": "0.35800", "2012-12-31": "-0.22300", "2011-12-31": "-0.36000", "2010-12-31": "-0.44500", "2009-12-31": "-0.14400", "2008-12-31": "0.01600", "2007-12-31": "0.07900", "2006-12-31": ""}, "Other Share Holders Equity": {"2019-12-31": "", "2018-12-31": "", "2017-12-31": "", "2016-12-31": "", "2015-12-31": "", "2014-12-31": "", "2013-12-31": "", "2012-12-31": "", "2011-12-31": "", "2010-12-31": "", "2009-12-31": "", "2008-12-31": "", "2007-12-31": "", "2006-12-31": ""}, "Share Holder Equity": {"2019-12-31": "1443.43300", "2018-12-31": "1213.59700", "2017-12-31": "985.95100", "2016-12-31": "773.68600", "2015-12-31": "610.25100", "2014-12-31": "476.23200", "2013-12-31": "344.84400", "2012-12-31": "234.05900", "2011-12-31": "163.29300", "2010-12-31": "127.50100", "2009-12-31": "86.02800", "2008-12-31": "53.59000", "2007-12-31": "-10.38600", "2006-12-31": ""}, "Total Liabilities And Share Holders Equity": {"2019-12-31": "1690.28900", "2018-12-31": "1324.01700", "2017-12-31": "1303.57300", "2016-12-31": "1092.49300", "2015-12-31": "891.98200", "2014-12-31": "755.71300", "2013-12-31": "616.10000", "2012-12-31": "494.92300", "2011-12-31": "317.84700", "2010-12-31": "275.09600", "2009-12-31": "174.73800", "2008-12-31": "116.99000", "2007-12-31": "88.56800", "2006-12-31": ""}}, "balance sheet, quarterly": {"Cash On Hand": {"2020-09-30": "179.76200", "2020-06-30": "187.22300", "2020-03-31": "149.54200", "2019-12-31": "144.17300", "2019-09-30": "134.16100", "2019-06-30": "80.30600", "2019-03-31": "103.01000", "2018-12-31": "251.01500", "2018-09-30": "175.30000", "2018-06-30": "298.15400", "2018-03-31": "407.57200", "2017-12-31": "337.27900", "2017-09-30": "345.35500", "2017-06-30": "235.13600", "2017-03-31": "240.44000", "2016-12-31": "193.50300", "2016-09-30": "194.12500", "2016-06-30": "164.83400", "2016-03-31": "195.40200", "2015-12-31": "181.78400", "2015-09-30": "226.93000", "2015-06-30": "197.93900", "2015-03-31": "245.04600", "2014-12-31": "233.86200", "2014-09-30": "242.40900", "2014-06-30": "229.93900", "2014-03-31": "247.42900", "2013-12-31": "228.61200", "2013-09-30": "220.10800", "2013-06-30": "190.78100", "2013-03-31": "201.22100", "2012-12-31": "161.07500", "2012-09-30": "126.67100", "2012-06-30": "105.24200", "2012-03-31": "107.15400", "2011-12-31": "77.30400", "2011-09-30": "66.17600", "2011-06-30": "60.04200", "2011-03-31": "79.98300", "2010-12-31": "85.81500", "2010-09-30": "106.34600", "2010-06-30": "74.07800", "2010-03-31": "104.08600", "2009-12-31": "65.97400", "2009-09-30": "77.51400", "2009-06-30": "30.97200", "2009-03-31": "72.22100", "2008-12-31": "37.34900", "2008-09-30": "", "2008-06-30": "", "2008-03-31": ""}, "Receivables": {"2020-09-30": "98.04200", "2020-06-30": "22.25100", "2020-03-31": "84.08600", "2019-12-31": "56.13600", "2019-09-30": "92.12800", "2019-06-30": "17.08300", "2019-03-31": "82.86100", "2018-12-31": "51.48800", "2018-09-30": "71.29200", "2018-06-30": "0.31500", "2018-03-31": "10.79800", "2017-12-31": "12.99400", "2017-09-30": "16.78900", "2017-06-30": "15.47900", "2017-03-31": "13.85500", "2016-12-31": "14.22400", "2016-09-30": "16.28500", "2016-06-30": "17.57200", "2016-03-31": "10.66900", "2015-12-31": "12.25000", "2015-09-30": "9.50000", "2015-06-30": "8.15800", "2015-03-31": "6.68900", "2014-12-31": "7.60600", "2014-09-30": "8.31100", "2014-06-30": "8.51500", "2014-03-31": "7.38400", "2013-12-31": "10.81600", "2013-09-30": "7.99900", "2013-06-30": "11.17800", "2013-03-31": "7.65100", "2012-12-31": "7.95100", "2012-09-30": "9.15800", "2012-06-30": "8.36300", "2012-03-31": "8.77900", "2011-12-31": "23.67600", "2011-09-30": "24.71600", "2011-06-30": "37.91600", "2011-03-31": "34.58200", "2010-12-31": "26.39800", "2010-09-30": "32.72200", "2010-06-30": "42.63600", "2010-03-31": "13.89000", "2009-12-31": "13.80200", "2009-09-30": "15.99100", "2009-06-30": "12.01000", "2009-03-31": "11.44700", "2008-12-31": "11.01800", "2008-09-30": "", "2008-06-30": "", "2008-03-31": ""}, "Inventory": {"2020-09-30": "", "2020-06-30": "", "2020-03-31": "", "2019-12-31": "", "2019-09-30": "", "2019-06-30": "", "2019-03-31": "", "2018-12-31": "", "2018-09-30": "", "2018-06-30": "", "2018-03-31": "", "2017-12-31": "", "2017-09-30": "", "2017-06-30": "", "2017-03-31": "", "2016-12-31": "", "2016-09-30": "", "2016-06-30": "", "2016-03-31": "", "2015-12-31": "", "2015-09-30": "", "2015-06-30": "", "2015-03-31": "", "2014-12-31": "", "2014-09-30": "", "2014-06-30": "", "2014-03-31": "", "2013-12-31": "", "2013-09-30": "", "2013-06-30": "", "2013-03-31": "", "2012-12-31": "", "2012-09-30": "", "2012-06-30": "", "2012-03-31": "", "2011-12-31": "", "2011-09-30": "", "2011-06-30": "", "2011-03-31": "", "2010-12-31": "", "2010-09-30": "", "2010-06-30": "", "2010-03-31": "", "2009-12-31": "", "2009-09-30": "", "2009-06-30": "", "2009-03-31": "", "2008-12-31": "", "2008-09-30": "", "2008-06-30": "", "2008-03-31": ""}, "Pre-Paid Expenses": {"2020-09-30": "", "2020-06-30": "", "2020-03-31": "", "2019-12-31": "", "2019-09-30": "", "2019-06-30": "", "2019-03-31": "", "2018-12-31": "", "2018-09-30": "", "2018-06-30": "", "2018-03-31": "", "2017-12-31": "", "2017-09-30": "", "2017-06-30": "", "2017-03-31": "", "2016-12-31": "", "2016-09-30": "", "2016-06-30": "", "2016-03-31": "", "2015-12-31": "", "2015-09-30": "", "2015-06-30": "", "2015-03-31": "", "2014-12-31": "", "2014-09-30": "", "2014-06-30": "", "2014-03-31": "", "2013-12-31": "", "2013-09-30": "", "2013-06-30": "", "2013-03-31": "", "2012-12-31": "", "2012-09-30": "", "2012-06-30": "", "2012-03-31": "", "2011-12-31": "", "2011-09-30": "", "2011-06-30": "", "2011-03-31": "", "2010-12-31": "", "2010-09-30": "", "2010-06-30": "", "2010-03-31": "", "2009-12-31": "", "2009-09-30": "", "2009-06-30": "", "2009-03-31": "", "2008-12-31": "", "2008-09-30": "", "2008-06-30": "", "2008-03-31": ""}, "Other Current Assets": {"2020-09-30": "13.95300", "2020-06-30": "13.14500", "2020-03-31": "14.69600", "2019-12-31": "8.03500", "2019-09-30": "11.25500", "2019-06-30": "11.32800", "2019-03-31": "12.33700", "2018-12-31": "6.96300", "2018-09-30": "8.60700", "2018-06-30": "983.10100", "2018-03-31": "16.99400", "2017-12-31": "24.58900", "2017-09-30": "24.70200", "2017-06-30": "22.15600", "2017-03-31": "23.62700", "2016-12-31": "22.34100", "2016-09-30": "21.71300", "2016-06-30": "17.80600", "2016-03-31": "20.02600", "2015-12-31": "20.86300", "2015-09-30": "21.15200", "2015-06-30": "18.53900", "2015-03-31": "20.24000", "2014-12-31": "19.42800", "2014-09-30": "19.51100", "2014-06-30": "17.20800", "2014-03-31": "17.87900", "2013-12-31": "19.11600", "2013-09-30": "17.91300", "2013-06-30": "14.53900", "2013-03-31": "13.84700", "2012-12-31": "12.66700", "2012-09-30": "13.30200", "2012-06-30": "12.27500", "2012-03-31": "11.99000", "2011-12-31": "11.08100", "2011-09-30": "9.10400", "2011-06-30": "5.61900", "2011-03-31": "4.57800", "2010-12-31": "4.83400", "2010-09-30": "4.80200", "2010-06-30": "4.86400", "2010-03-31": "4.26900", "2009-12-31": "3.78500", "2009-09-30": "2.62300", "2009-06-30": "2.33000", "2009-03-31": "2.66000", "2008-12-31": "2.62900", "2008-09-30": "", "2008-06-30": "", "2008-03-31": ""}, "Total Current Assets": {"2020-09-30": "291.75700", "2020-06-30": "222.61900", "2020-03-31": "248.32400", "2019-12-31": "208.34400", "2019-09-30": "237.54400", "2019-06-30": "108.71700", "2019-03-31": "198.20800", "2018-12-31": "309.46600", "2018-09-30": "255.19900", "2018-06-30": "1281.57000", "2018-03-31": "435.36400", "2017-12-31": "374.86200", "2017-09-30": "386.84600", "2017-06-30": "272.77100", "2017-03-31": "277.92200", "2016-12-31": "230.06800", "2016-09-30": "232.12300", "2016-06-30": "200.21200", "2016-03-31": "226.09700", "2015-12-31": "214.89700", "2015-09-30": "263.23300", "2015-06-30": "231.07700", "2015-03-31": "278.08100", "2014-12-31": "267.04500", "2014-09-30": "275.17100", "2014-06-30": "261.13400", "2014-03-31": "277.93900", "2013-12-31": "263.70300", "2013-09-30": "252.46400", "2013-06-30": "223.59700", "2013-03-31": "227.99800", "2012-12-31": "214.17400", "2012-09-30": "154.34700", "2012-06-30": "129.22900", "2012-03-31": "130.29900", "2011-12-31": "115.41400", "2011-09-30": "106.78400", "2011-06-30": "109.80700", "2011-03-31": "128.28600", "2010-12-31": "133.12500", "2010-09-30": "153.07400", "2010-06-30": "132.93300", "2010-03-31": "129.39100", "2009-12-31": "90.24600", "2009-09-30": "101.08000", "2009-06-30": "48.39900", "2009-03-31": "88.50300", "2008-12-31": "53.59900", "2008-09-30": "", "2008-06-30": "", "2008-03-31": ""}, "Property, Plant, And Equipment": {"2020-09-30": "126.67900", "2020-06-30": "124.06600", "2020-03-31": "121.34900", "2019-12-31": "119.73400", "2019-09-30": "118.63700", "2019-06-30": "116.77200", "2019-03-31": "116.23900", "2018-12-31": "111.03900", "2018-09-30": "110.90800", "2018-06-30": "112.18500", "2018-03-31": "950.15600", "2017-12-31": "922.28400", "2017-09-30": "897.54000", "2017-06-30": "888.18400", "2017-03-31": "870.28900", "2016-12-31": "855.52800", "2016-09-30": "832.66500", "2016-06-30": "794.03700", "2016-03-31": "725.09100", "2015-12-31": "667.48300", "2015-09-30": "639.63100", "2015-06-30": "588.27500", "2015-03-31": "527.72900", "2014-12-31": "478.17000", "2014-09-30": "469.29400", "2014-06-30": "416.24200", "2014-03-31": "365.49900", "2013-12-31": "339.59600", "2013-09-30": "328.42300", "2013-06-30": "304.32700", "2013-03-31": "283.58400", "2012-12-31": "269.16200", "2012-09-30": "256.52800", "2012-06-30": "233.27300", "2012-03-31": "207.16900", "2011-12-31": "189.94700", "2011-09-30": "179.54500", "2011-06-30": "161.53200", "2011-03-31": "140.65500", "2010-12-31": "123.99900", "2010-09-30": "107.16900", "2010-06-30": "85.01200", "2010-03-31": "75.12700", "2009-12-31": "67.37000", "2009-09-30": "63.42500", "2009-06-30": "58.14600", "2009-03-31": "45.92200", "2008-12-31": "41.39900", "2008-09-30": "", "2008-06-30": "", "2008-03-31": ""}, "Long-Term Investments": {"2020-09-30": "", "2020-06-30": "", "2020-03-31": "", "2019-12-31": "", "2019-09-30": "", "2019-06-30": "", "2019-03-31": "", "2018-12-31": "", "2018-09-30": "", "2018-06-30": "", "2018-03-31": "", "2017-12-31": "", "2017-09-30": "", "2017-06-30": "", "2017-03-31": "", "2016-12-31": "", "2016-09-30": "", "2016-06-30": "", "2016-03-31": "", "2015-12-31": "", "2015-09-30": "", "2015-06-30": "", "2015-03-31": "", "2014-12-31": "", "2014-09-30": "", "2014-06-30": "", "2014-03-31": "", "2013-12-31": "", "2013-09-30": "", "2013-06-30": "", "2013-03-31": "", "2012-12-31": "", "2012-09-30": "", "2012-06-30": "", "2012-03-31": "", "2011-12-31": "", "2011-09-30": "", "2011-06-30": "", "2011-03-31": "", "2010-12-31": "", "2010-09-30": "", "2010-06-30": "", "2010-03-31": "", "2009-12-31": "0.36000", "2009-09-30": "", "2009-06-30": "", "2009-03-31": "", "2008-12-31": "", "2008-09-30": "", "2008-06-30": "", "2008-03-31": ""}, "Goodwill And Intangible Assets": {"2020-09-30": "356.50800", "2020-06-30": "358.61300", "2020-03-31": "360.71800", "2019-12-31": "362.82300", "2019-09-30": "365.10700", "2019-06-30": "367.28600", "2019-03-31": "359.82200", "2018-12-31": "2.94100", "2018-09-30": "2.94100", "2018-06-30": "2.94100", "2018-03-31": "2.94100", "2017-12-31": "2.94100", "2017-09-30": "2.94100", "2017-06-30": "2.94100", "2017-03-31": "2.94100", "2016-12-31": "2.94100", "2016-09-30": "2.94100", "2016-06-30": "2.94100", "2016-03-31": "2.94100", "2015-12-31": "2.94100", "2015-09-30": "2.94100", "2015-06-30": "2.94100", "2015-03-31": "2.94100", "2014-12-31": "2.94100", "2014-09-30": "2.94100", "2014-06-30": "2.94100", "2014-03-31": "2.94100", "2013-12-31": "2.94100", "2013-09-30": "2.94100", "2013-06-30": "2.94100", "2013-03-31": "2.94100", "2012-12-31": "2.94100", "2012-09-30": "2.94100", "2012-06-30": "2.94100", "2012-03-31": "2.94100", "2011-12-31": "2.94100", "2011-09-30": "2.94100", "2011-06-30": "2.94100", "2011-03-31": "2.94100", "2010-12-31": "2.94100", "2010-09-30": "2.94100", "2010-06-30": "2.94100", "2010-03-31": "2.94100", "2009-12-31": "2.94100", "2009-09-30": "2.94100", "2009-06-30": "2.94100", "2009-03-31": "2.94100", "2008-12-31": "2.94100", "2008-09-30": "0.00000", "2008-06-30": "", "2008-03-31": ""}, "Other Long-Term Assets": {"2020-09-30": "1.76300", "2020-06-30": "1.79400", "2020-03-31": "1.75400", "2019-12-31": "1.70600", "2019-09-30": "1.74200", "2019-06-30": "1.94000", "2019-03-31": "2.02000", "2018-12-31": "0.47800", "2018-09-30": "0.74300", "2018-06-30": "3.27200", "2018-03-31": "3.52200", "2017-12-31": "3.48600", "2017-09-30": "3.60300", "2017-06-30": "4.66700", "2017-03-31": "4.10800", "2016-12-31": "3.95600", "2016-09-30": "4.53700", "2016-06-30": "7.76300", "2016-03-31": "6.57400", "2015-12-31": "6.66100", "2015-09-30": "6.80600", "2015-06-30": "6.64800", "2015-03-31": "6.81900", "2014-12-31": "7.55700", "2014-09-30": "8.09200", "2014-06-30": "8.22700", "2014-03-31": "8.87300", "2013-12-31": "9.86000", "2013-09-30": "10.24700", "2013-06-30": "10.80100", "2013-03-31": "9.37100", "2012-12-31": "8.64600", "2012-09-30": "9.27300", "2012-06-30": "9.65500", "2012-03-31": "9.56000", "2011-12-31": "9.54500", "2011-09-30": "11.87800", "2011-06-30": "12.09900", "2011-03-31": "12.09500", "2010-12-31": "12.23100", "2010-09-30": "10.41000", "2010-06-30": "9.41800", "2010-03-31": "8.87700", "2009-12-31": "7.86500", "2009-09-30": "8.41000", "2009-06-30": "8.80400", "2009-03-31": "8.50900", "2008-12-31": "11.64700", "2008-09-30": "", "2008-06-30": "", "2008-03-31": ""}, "Total Long-Term Assets": {"2020-09-30": "1508.80500", "2020-06-30": "1567.66500", "2020-03-31": "1483.27800", "2019-12-31": "1481.94500", "2019-09-30": "1523.12800", "2019-06-30": "1568.80500", "2019-03-31": "1421.26500", "2018-12-31": "1014.55100", "2018-09-30": "997.49200", "2018-06-30": "118.39800", "2018-03-31": "956.61900", "2017-12-31": "928.71100", "2017-09-30": "904.08400", "2017-06-30": "895.79200", "2017-03-31": "877.33800", "2016-12-31": "862.42500", "2016-09-30": "840.14290", "2016-06-30": "804.74100", "2016-03-31": "734.60600", "2015-12-31": "677.08500", "2015-09-30": "649.37800", "2015-06-30": "597.86400", "2015-03-31": "537.48900", "2014-12-31": "488.66800", "2014-09-30": "480.32700", "2014-06-30": "427.41000", "2014-03-31": "377.31300", "2013-12-31": "352.39700", "2013-09-30": "341.61100", "2013-06-30": "318.06900", "2013-03-31": "295.89600", "2012-12-31": "280.74900", "2012-09-30": "268.74200", "2012-06-30": "245.86900", "2012-03-31": "219.67000", "2011-12-31": "202.43300", "2011-09-30": "196.27600", "2011-06-30": "180.13600", "2011-03-31": "158.17800", "2010-12-31": "141.97100", "2010-09-30": "128.46800", "2010-06-30": "104.88000", "2010-03-31": "92.57800", "2009-12-31": "84.49200", "2009-09-30": "82.52800", "2009-06-30": "78.10700", "2009-03-31": "69.39000", "2008-12-31": "63.39100", "2008-09-30": "", "2008-06-30": "", "2008-03-31": ""}, "Total Assets": {"2020-09-30": "1800.56200", "2020-06-30": "1790.28400", "2020-03-31": "1731.60200", "2019-12-31": "1690.28900", "2019-09-30": "1760.67200", "2019-06-30": "1677.52200", "2019-03-31": "1619.47300", "2018-12-31": "1324.01700", "2018-09-30": "1252.69100", "2018-06-30": "1399.96800", "2018-03-31": "1391.98300", "2017-12-31": "1303.57300", "2017-09-30": "1290.93000", "2017-06-30": "1168.56300", "2017-03-31": "1155.26000", "2016-12-31": "1092.49300", "2016-09-30": "1072.26600", "2016-06-30": "1004.95300", "2016-03-31": "960.70300", "2015-12-31": "891.98200", "2015-09-30": "912.61100", "2015-06-30": "828.94100", "2015-03-31": "815.57000", "2014-12-31": "755.71300", "2014-09-30": "755.49800", "2014-06-30": "688.54400", "2014-03-31": "655.25200", "2013-12-31": "616.10000", "2013-09-30": "594.07500", "2013-06-30": "541.66600", "2013-03-31": "523.89400", "2012-12-31": "494.92300", "2012-09-30": "423.08900", "2012-06-30": "375.09800", "2012-03-31": "349.96900", "2011-12-31": "317.84700", "2011-09-30": "303.06000", "2011-06-30": "289.94300", "2011-03-31": "286.46400", "2010-12-31": "275.09600", "2010-09-30": "281.54200", "2010-06-30": "237.81300", "2010-03-31": "221.96900", "2009-12-31": "174.73800", "2009-09-30": "183.60800", "2009-06-30": "126.50600", "2009-03-31": "157.89300", "2008-12-31": "116.99000", "2008-09-30": "0.00000", "2008-06-30": "0.00000", "2008-03-31": "0.00000"}, "Total Current Liabilities": {"2020-09-30": "122.66300", "2020-06-30": "150.58600", "2020-03-31": "133.08400", "2019-12-31": "95.23000", "2019-09-30": "124.01600", "2019-06-30": "113.26600", "2019-03-31": "126.00200", "2018-12-31": "80.51800", "2018-09-30": "54.93600", "2018-06-30": "223.83100", "2018-03-31": "261.66600", "2017-12-31": "238.13500", "2017-09-30": "285.06300", "2017-06-30": "204.86800", "2017-03-31": "235.14500", "2016-12-31": "226.79400", "2016-09-30": "266.06800", "2016-06-30": "233.10600", "2016-03-31": "222.69300", "2015-12-31": "188.53400", "2015-09-30": "238.78300", "2015-06-30": "189.45700", "2015-03-31": "202.36600", "2014-12-31": "178.71100", "2014-09-30": "218.25600", "2014-06-30": "179.87000", "2014-03-31": "169.31200", "2013-12-31": "165.62300", "2013-09-30": "174.39600", "2013-06-30": "146.48600", "2013-03-31": "157.67400", "2012-12-31": "152.72700", "2012-09-30": "173.86900", "2012-06-30": "145.79400", "2012-03-31": "136.13400", "2011-12-31": "121.50500", "2011-09-30": "128.59200", "2011-06-30": "121.12300", "2011-03-31": "127.03000", "2010-12-31": "122.84800", "2010-09-30": "128.98200", "2010-06-30": "98.97300", "2010-03-31": "96.95300", "2009-12-31": "62.39200", "2009-09-30": "83.03800", "2009-06-30": "45.75600", "2009-03-31": "60.22200", "2008-12-31": "32.55700", "2008-09-30": "", "2008-06-30": "", "2008-03-31": ""}, "Long Term Debt": {"2020-09-30": "82.91600", "2020-06-30": "91.20200", "2020-03-31": "99.48800", "2019-12-31": "107.77400", "2019-09-30": "211.06000", "2019-06-30": "207.88800", "2019-03-31": "199.99400", "2018-12-31": "23.43700", "2018-09-30": "54.97600", "2018-06-30": "56.61900", "2018-03-31": "58.27400", "2017-12-31": "59.92500", "2017-09-30": "61.59600", "2017-06-30": "63.27000", "2017-03-31": "64.94300", "2016-12-31": "66.61600", "2016-09-30": "68.57600", "2016-06-30": "70.27500", "2016-03-31": "71.97500", "2015-12-31": "74.04000", "2015-09-30": "75.91200", "2015-06-30": "76.73500", "2015-03-31": "78.60400", "2014-12-31": "80.28300", "2014-09-30": "81.96100", "2014-06-30": "83.63900", "2014-03-31": "85.31500", "2013-12-31": "86.99000", "2013-09-30": "88.65700", "2013-06-30": "90.34800", "2013-03-31": "92.01400", "2012-12-31": "93.68700", "2012-09-30": "19.29000", "2012-06-30": "19.75500", "2012-03-31": "20.12000", "2011-12-31": "20.57500", "2011-09-30": "21.02400", "2011-06-30": "20.76900", "2011-03-31": "21.44200", "2010-12-31": "22.03200", "2010-09-30": "25.45500", "2010-06-30": "25.53300", "2010-03-31": "25.88000", "2009-12-31": "24.85100", "2009-09-30": "27.08100", "2009-06-30": "26.78500", "2009-03-31": "32.04500", "2008-12-31": "30.84300", "2008-09-30": "", "2008-06-30": "", "2008-03-31": ""}, "Other Non-Current Liabilities": {"2020-09-30": "0.00600", "2020-06-30": "0.00800", "2020-03-31": "0.01100", "2019-12-31": "0.01300", "2019-09-30": "0.01600", "2019-06-30": "", "2019-03-31": "", "2018-12-31": "", "2018-09-30": "", "2018-06-30": "", "2018-03-31": "1.13100", "2017-12-31": "1.20000", "2017-09-30": "1.34100", "2017-06-30": "1.43300", "2017-03-31": "1.60600", "2016-12-31": "1.68900", "2016-09-30": "3.51200", "2016-06-30": "3.76700", "2016-03-31": "4.06600", "2015-12-31": "4.30200", "2015-09-30": "3.68900", "2015-06-30": "3.95300", "2015-03-31": "4.24500", "2014-12-31": "4.51300", "2014-09-30": "4.07500", "2014-06-30": "6.14600", "2014-03-31": "6.55100", "2013-12-31": "6.81100", "2013-09-30": "6.29300", "2013-06-30": "6.56900", "2013-03-31": "7.14100", "2012-12-31": "7.40500", "2012-09-30": "7.58900", "2012-06-30": "7.71600", "2012-03-31": "7.71900", "2011-12-31": "7.14000", "2011-09-30": "6.77200", "2011-06-30": "5.39200", "2011-03-31": "2.67900", "2010-12-31": "2.71500", "2010-09-30": "", "2010-06-30": "", "2010-03-31": "", "2009-12-31": "1.46700", "2009-09-30": "", "2009-06-30": "", "2009-03-31": "", "2008-12-31": "", "2008-09-30": "", "2008-06-30": "", "2008-03-31": ""}, "Total Long Term Liabilities": {"2020-09-30": "156.91600", "2020-06-30": "150.31100", "2020-03-31": "150.51000", "2019-12-31": "151.62600", "2019-09-30": "254.82600", "2019-06-30": "236.44900", "2019-03-31": "220.59800", "2018-12-31": "29.90200", "2018-09-30": "59.39700", "2018-06-30": "75.83700", "2018-03-31": "79.30500", "2017-12-31": "79.48700", "2017-09-30": "90.14600", "2017-06-30": "91.48100", "2017-03-31": "93.59200", "2016-12-31": "92.01300", "2016-09-30": "89.40900", "2016-06-30": "91.56400", "2016-03-31": "93.80500", "2015-12-31": "93.19700", "2015-09-30": "94.19100", "2015-06-30": "96.15700", "2015-03-31": "100.01500", "2014-12-31": "100.77000", "2014-09-30": "97.75200", "2014-06-30": "101.38100", "2014-03-31": "105.04500", "2013-12-31": "105.63300", "2013-09-30": "105.36200", "2013-06-30": "106.63000", "2013-03-31": "107.75600", "2012-12-31": "108.13700", "2012-09-30": "31.99200", "2012-06-30": "30.65800", "2012-03-31": "31.96500", "2011-12-31": "33.04900", "2011-09-30": "27.79600", "2011-06-30": "26.16100", "2011-03-31": "24.12100", "2010-12-31": "24.74700", "2010-09-30": "25.45500", "2010-06-30": "25.53300", "2010-03-31": "25.88000", "2009-12-31": "26.31800", "2009-09-30": "27.08100", "2009-06-30": "26.78500", "2009-03-31": "32.04500", "2008-12-31": "30.84300", "2008-09-30": "", "2008-06-30": "", "2008-03-31": ""}, "Total Liabilities": {"2020-09-30": "279.57900", "2020-06-30": "300.89700", "2020-03-31": "283.59400", "2019-12-31": "246.85600", "2019-09-30": "378.84200", "2019-06-30": "349.71500", "2019-03-31": "346.60000", "2018-12-31": "110.42000", "2018-09-30": "114.33300", "2018-06-30": "299.66800", "2018-03-31": "340.97100", "2017-12-31": "317.62200", "2017-09-30": "375.20900", "2017-06-30": "296.34900", "2017-03-31": "328.73700", "2016-12-31": "318.80700", "2016-09-30": "355.47700", "2016-06-30": "324.67000", "2016-03-31": "316.49800", "2015-12-31": "281.73100", "2015-09-30": "332.97400", "2015-06-30": "285.61400", "2015-03-31": "302.38100", "2014-12-31": "279.48100", "2014-09-30": "316.00800", "2014-06-30": "281.25100", "2014-03-31": "274.35700", "2013-12-31": "271.25600", "2013-09-30": "279.75800", "2013-06-30": "253.11600", "2013-03-31": "265.43000", "2012-12-31": "260.86400", "2012-09-30": "205.86100", "2012-06-30": "176.45200", "2012-03-31": "168.09900", "2011-12-31": "154.55400", "2011-09-30": "156.38800", "2011-06-30": "147.28400", "2011-03-31": "151.15100", "2010-12-31": "147.59500", "2010-09-30": "154.43700", "2010-06-30": "124.50600", "2010-03-31": "122.83300", "2009-12-31": "88.71000", "2009-09-30": "110.11900", "2009-06-30": "72.54100", "2009-03-31": "92.26700", "2008-12-31": "63.40000", "2008-09-30": "0.00000", "2008-06-30": "", "2008-03-31": ""}, "Common Stock Net": {"2020-09-30": "0.53200", "2020-06-30": "0.53200", "2020-03-31": "0.53200", "2019-12-31": "0.53100", "2019-09-30": "0.53000", "2019-06-30": "0.53000", "2019-03-31": "0.52900", "2018-12-31": "0.52700", "2018-09-30": "0.52600", "2018-06-30": "0.52600", "2018-03-31": "0.52500", "2017-12-31": "0.52300", "2017-09-30": "0.52200", "2017-06-30": "0.52200", "2017-03-31": "0.51900", "2016-12-31": "0.51500", "2016-09-30": "0.51300", "2016-06-30": "0.51100", "2016-03-31": "0.50500", "2015-12-31": "0.50300", "2015-09-30": "0.50200", "2015-06-30": "0.50200", "2015-03-31": "0.50200", "2014-12-31": "0.49700", "2014-09-30": "0.49700", "2014-06-30": "0.49700", "2014-03-31": "0.49600", "2013-12-31": "0.48900", "2013-09-30": "0.48800", "2013-06-30": "0.48700", "2013-03-31": "0.48200", "2012-12-31": "0.47100", "2012-09-30": "0.46900", "2012-06-30": "0.46800", "2012-03-31": "0.46100", "2011-12-31": "0.46000", "2011-09-30": "0.45900", "2011-06-30": "0.45900", "2011-03-31": "0.45800", "2010-12-31": "0.45800", "2010-09-30": "0.45800", "2010-06-30": "0.45700", "2010-03-31": "0.45700", "2009-12-31": "0.45700", "2009-09-30": "0.45600", "2009-06-30": "0.44600", "2009-03-31": "0.45500", "2008-12-31": "0.45500", "2008-09-30": "0.00000", "2008-06-30": "", "2008-03-31": ""}, "Retained Earnings (Accumulated Deficit)": {"2020-09-30": "1507.95300", "2020-06-30": "1455.90700", "2020-03-31": "1408.89700", "2019-12-31": "1341.34400", "2019-09-30": "1264.67500", "2019-06-30": "1206.52400", "2019-03-31": "1155.41200", "2018-12-31": "1082.16900", "2018-09-30": "1006.63800", "2018-06-30": "972.87700", "2018-03-31": "926.68300", "2017-12-31": "854.17600", "2017-09-30": "785.92000", "2017-06-30": "746.61600", "2017-03-31": "706.76900", "2016-12-31": "650.91600", "2016-09-30": "602.93700", "2016-06-30": "573.69300", "2016-03-31": "546.06700", "2015-12-31": "502.40200", "2015-09-30": "464.28800", "2015-06-30": "430.94600", "2015-03-31": "405.17000", "2014-12-31": "370.99100", "2014-09-30": "337.89800", "2014-06-30": "308.88200", "2014-03-31": "285.81300", "2013-12-31": "259.52500", "2013-09-30": "233.36800", "2013-06-30": "210.82300", "2013-03-31": "191.75900", "2012-12-31": "170.81400", "2012-09-30": "149.90500", "2012-06-30": "131.43400", "2012-03-31": "115.83600", "2011-12-31": "101.36700", "2011-09-30": "86.04300", "2011-06-30": "84.53600", "2011-03-31": "71.27800", "2010-12-31": "50.82100", "2010-09-30": "52.40900", "2010-06-30": "39.49100", "2010-03-31": "27.09500", "2009-12-31": "15.61500", "2009-09-30": "4.52000", "2009-06-30": "1.02900", "2009-03-31": "-4.78500", "2008-12-31": "-11.68900", "2008-09-30": "", "2008-06-30": "", "2008-03-31": ""}, "Comprehensive Income": {"2020-09-30": "", "2020-06-30": "", "2020-03-31": "", "2019-12-31": "", "2019-09-30": "-0.78200", "2019-06-30": "-0.72400", "2019-03-31": "-0.56000", "2018-12-31": "-0.45300", "2018-09-30": "-0.65200", "2018-06-30": "-0.51500", "2018-03-31": "-0.52600", "2017-12-31": "-0.72400", "2017-09-30": "-0.59800", "2017-06-30": "-0.60800", "2017-03-31": "-0.52200", "2016-12-31": "-0.91000", "2016-09-30": "-0.82300", "2016-06-30": "-0.67800", "2016-03-31": "-0.68800", "2015-12-31": "-0.48900", "2015-09-30": "-0.45400", "2015-06-30": "-0.31500", "2015-03-31": "-0.26900", "2014-12-31": "-0.03500", "2014-09-30": "0.22900", "2014-06-30": "0.15600", "2014-03-31": "0.31600", "2013-12-31": "0.35800", "2013-09-30": "0.24000", "2013-06-30": "0.28900", "2013-03-31": "-0.19100", "2012-12-31": "-0.22300", "2012-09-30": "-0.26500", "2012-06-30": "-0.29800", "2012-03-31": "-0.33300", "2011-12-31": "-0.36000", "2011-09-30": "-0.49800", "2011-06-30": "-0.44600", "2011-03-31": "-0.39200", "2010-12-31": "-0.44500", "2010-09-30": "-0.58700", "2010-06-30": "-0.52100", "2010-03-31": "-0.31400", "2009-12-31": "-0.14400", "2009-09-30": "-0.15700", "2009-06-30": "0.02100", "2009-03-31": "0.02100", "2008-12-31": "0.01600", "2008-09-30": "", "2008-06-30": "", "2008-03-31": ""}, "Other Share Holders Equity": {"2020-09-30": "", "2020-06-30": "", "2020-03-31": "", "2019-12-31": "", "2019-09-30": "", "2019-06-30": "", "2019-03-31": "", "2018-12-31": "", "2018-09-30": "", "2018-06-30": "", "2018-03-31": "", "2017-12-31": "", "2017-09-30": "", "2017-06-30": "", "2017-03-31": "", "2016-12-31": "", "2016-09-30": "", "2016-06-30": "", "2016-03-31": "", "2015-12-31": "", "2015-09-30": "", "2015-06-30": "", "2015-03-31": "", "2014-12-31": "", "2014-09-30": "", "2014-06-30": "", "2014-03-31": "", "2013-12-31": "", "2013-09-30": "", "2013-06-30": "", "2013-03-31": "", "2012-12-31": "", "2012-09-30": "", "2012-06-30": "", "2012-03-31": "", "2011-12-31": "", "2011-09-30": "", "2011-06-30": "", "2011-03-31": "", "2010-12-31": "", "2010-09-30": "", "2010-06-30": "", "2010-03-31": "", "2009-12-31": "", "2009-09-30": "", "2009-06-30": "", "2009-03-31": "", "2008-12-31": "", "2008-09-30": "0.00000", "2008-06-30": "", "2008-03-31": ""}, "Share Holder Equity": {"2020-09-30": "1520.98300", "2020-06-30": "1489.38700", "2020-03-31": "1448.00800", "2019-12-31": "1443.43300", "2019-09-30": "1381.83000", "2019-06-30": "1327.80700", "2019-03-31": "1272.87300", "2018-12-31": "1213.59700", "2018-09-30": "1138.35800", "2018-06-30": "1100.30000", "2018-03-31": "1051.01200", "2017-12-31": "985.95100", "2017-09-30": "915.72100", "2017-06-30": "872.21400", "2017-03-31": "826.52300", "2016-12-31": "773.68600", "2016-09-30": "716.78900", "2016-06-30": "680.28300", "2016-03-31": "644.20500", "2015-12-31": "610.25100", "2015-09-30": "579.63700", "2015-06-30": "543.32700", "2015-03-31": "513.18900", "2014-12-31": "476.23200", "2014-09-30": "439.49000", "2014-06-30": "407.29300", "2014-03-31": "380.89500", "2013-12-31": "344.84400", "2013-09-30": "314.31700", "2013-06-30": "288.55000", "2013-03-31": "258.46400", "2012-12-31": "234.05900", "2012-09-30": "217.22800", "2012-06-30": "198.64600", "2012-03-31": "181.87000", "2011-12-31": "163.29300", "2011-09-30": "146.67200", "2011-06-30": "142.65900", "2011-03-31": "135.31300", "2010-12-31": "127.50100", "2010-09-30": "127.10500", "2010-06-30": "113.30700", "2010-03-31": "99.13600", "2009-12-31": "86.02800", "2009-09-30": "73.48900", "2009-06-30": "53.96500", "2009-03-31": "65.62600", "2008-12-31": "53.59000", "2008-09-30": "0.00000", "2008-06-30": "", "2008-03-31": ""}, "Total Liabilities And Share Holders Equity": {"2020-09-30": "1800.56200", "2020-06-30": "1790.28400", "2020-03-31": "1731.60200", "2019-12-31": "1690.28900", "2019-09-30": "1760.67200", "2019-06-30": "1677.52200", "2019-03-31": "1619.47300", "2018-12-31": "1324.01700", "2018-09-30": "1252.69100", "2018-06-30": "1399.96800", "2018-03-31": "1391.98300", "2017-12-31": "1303.57300", "2017-09-30": "1290.93000", "2017-06-30": "1168.56300", "2017-03-31": "1155.26000", "2016-12-31": "1092.49300", "2016-09-30": "1072.26600", "2016-06-30": "1004.95300", "2016-03-31": "960.70300", "2015-12-31": "891.98200", "2015-09-30": "912.61100", "2015-06-30": "828.94100", "2015-03-31": "815.57000", "2014-12-31": "755.71300", "2014-09-30": "755.49800", "2014-06-30": "688.54400", "2014-03-31": "655.25200", "2013-12-31": "616.10000", "2013-09-30": "594.07500", "2013-06-30": "541.66600", "2013-03-31": "523.89400", "2012-12-31": "494.92300", "2012-09-30": "423.08900", "2012-06-30": "375.09800", "2012-03-31": "349.96900", "2011-12-31": "317.84700", "2011-09-30": "303.06000", "2011-06-30": "289.94300", "2011-03-31": "286.46400", "2010-12-31": "275.09600", "2010-09-30": "281.54200", "2010-06-30": "237.81300", "2010-03-31": "221.96900", "2009-12-31": "174.73800", "2009-09-30": "183.60800", "2009-06-30": "126.50600", "2009-03-31": "157.89300", "2008-12-31": "116.99000", "2008-09-30": "0.00000", "2008-06-30": "", "2008-03-31": ""}}, "cash flow statement": {"Net Income/Loss": {"2019-12-31": "259.17500", "2018-12-31": "229.01100", "2017-12-31": "203.31900", "2016-12-31": "148.51400", "2015-12-31": "131.41100", "2014-12-31": "111.46600", "2013-12-31": "88.71100", "2012-12-31": "69.44700", "2011-12-31": "50.54600", "2010-12-31": "35.20600", "2009-12-31": "27.30400", "2008-12-31": "6.68500", "2007-12-31": "1.52600", "2006-12-31": "0.59800"}, "Total Depreciation And Amortization - Cash Flow": {"2019-12-31": "26.91900", "2018-12-31": "35.67300", "2017-12-31": "54.22800", "2016-12-31": "45.68300", "2015-12-31": "35.67500", "2014-12-31": "29.47300", "2013-12-31": "25.43700", "2012-12-31": "22.16700", "2011-12-31": "17.11400", "2010-12-31": "12.17100", "2009-12-31": "8.00200", "2008-12-31": "5.09500", "2007-12-31": "3.30000", "2006-12-31": "2.39600"}, "Other Non-Cash Items": {"2019-12-31": "15.60100", "2018-12-31": "31.37600", "2017-12-31": "29.88900", "2016-12-31": "40.50800", "2015-12-31": "36.16600", "2014-12-31": "23.44500", "2013-12-31": "27.19000", "2012-12-31": "24.98400", "2011-12-31": "62.32800", "2010-12-31": "40.05600", "2009-12-31": "20.69700", "2008-12-31": "13.19000", "2007-12-31": "4.60100", "2006-12-31": "2.51600"}, "Total Non-Cash Items": {"2019-12-31": "42.52000", "2018-12-31": "67.04900", "2017-12-31": "84.11700", "2016-12-31": "86.19100", "2015-12-31": "71.84100", "2014-12-31": "52.91800", "2013-12-31": "52.62700", "2012-12-31": "47.15100", "2011-12-31": "79.44200", "2010-12-31": "52.22700", "2009-12-31": "28.69900", "2008-12-31": "18.28500", "2007-12-31": "7.90100", "2006-12-31": "4.91200"}, "Change In Accounts Receivable": {"2019-12-31": "0.76600", "2018-12-31": "-59.26400", "2017-12-31": "-19.84800", "2016-12-31": "-20.59800", "2015-12-31": "-17.13900", "2014-12-31": "-15.43300", "2013-12-31": "-19.16300", "2012-12-31": "-14.14800", "2011-12-31": "-28.19600", "2010-12-31": "-46.70500", "2009-12-31": "-18.37600", "2008-12-31": "-10.79300", "2007-12-31": "-8.57300", "2006-12-31": "-5.97400"}, "Change In Inventories": {"2019-12-31": "", "2018-12-31": "", "2017-12-31": "", "2016-12-31": "", "2015-12-31": "", "2014-12-31": "", "2013-12-31": "", "2012-12-31": "", "2011-12-31": "", "2010-12-31": "", "2009-12-31": "", "2008-12-31": "", "2007-12-31": "", "2006-12-31": ""}, "Change In Accounts Payable": {"2019-12-31": "-3.09500", "2018-12-31": "-14.30600", "2017-12-31": "5.37800", "2016-12-31": "-4.79300", "2015-12-31": "5.00200", "2014-12-31": "-2.44800", "2013-12-31": "8.56300", "2012-12-31": "-0.63000", "2011-12-31": "3.15500", "2010-12-31": "2.51000", "2009-12-31": "2.15500", "2008-12-31": "0.92700", "2007-12-31": "0.25300", "2006-12-31": "1.66300"}, "Change In Assets/Liabilities": {"2019-12-31": "2.94400", "2018-12-31": "0.95700", "2017-12-31": "12.80500", "2016-12-31": "9.81200", "2015-12-31": "4.43000", "2014-12-31": "1.12400", "2013-12-31": "-2.76400", "2012-12-31": "6.06400", "2011-12-31": "-4.97800", "2010-12-31": "1.41700", "2009-12-31": "8.15700", "2008-12-31": "-6.73800", "2007-12-31": "4.46900", "2006-12-31": "3.96700"}, "Total Change In Assets/Liabilities": {"2019-12-31": "4.64900", "2018-12-31": "-96.97500", "2017-12-31": "17.46200", "2016-12-31": "3.05600", "2015-12-31": "-18.17200", "2014-12-31": "2.61200", "2013-12-31": "-22.88900", "2012-12-31": "27.59800", "2011-12-31": "-42.11800", "2010-12-31": "-47.05800", "2009-12-31": "5.17800", "2008-12-31": "-14.63200", "2007-12-31": "-2.34300", "2006-12-31": "1.29000"}, "Cash Flow From Operating Activities": {"2019-12-31": "306.34400", "2018-12-31": "199.08500", "2017-12-31": "304.89800", "2016-12-31": "237.76100", "2015-12-31": "185.08000", "2014-12-31": "166.99600", "2013-12-31": "118.44900", "2012-12-31": "144.19600", "2011-12-31": "87.96200", "2010-12-31": "40.39800", "2009-12-31": "61.16700", "2008-12-31": "10.23200", "2007-12-31": "7.10300", "2006-12-31": "6.80000"}, "Net Change In Property, Plant, And Equipment": {"2019-12-31": "77.60900", "2018-12-31": "-94.85700", "2017-12-31": "-123.95400", "2016-12-31": "-239.01900", "2015-12-31": "-218.30100", "2014-12-31": "-168.64600", "2013-12-31": "-93.49000", "2012-12-31": "-104.87600", "2011-12-31": "-80.54500", "2010-12-31": "-62.62700", "2009-12-31": "-60.26500", "2008-12-31": "-8.37400", "2007-12-31": "-7.40600", "2006-12-31": "-2.38700"}, "Net Change In Intangible Assets": {"2019-12-31": "", "2018-12-31": "", "2017-12-31": "", "2016-12-31": "", "2015-12-31": "", "2014-12-31": "", "2013-12-31": "", "2012-12-31": "", "2011-12-31": "", "2010-12-31": "", "2009-12-31": "", "2008-12-31": "", "2007-12-31": "", "2006-12-31": ""}, "Net Acquisitions/Divestitures": {"2019-12-31": "-361.18400", "2018-12-31": "", "2017-12-31": "", "2016-12-31": "", "2015-12-31": "", "2014-12-31": "", "2013-12-31": "", "2012-12-31": "", "2011-12-31": "", "2010-12-31": "", "2009-12-31": "", "2008-12-31": "", "2007-12-31": "", "2006-12-31": ""}, "Net Change In Short-term Investments": {"2019-12-31": "", "2018-12-31": "", "2017-12-31": "", "2016-12-31": "", "2015-12-31": "", "2014-12-31": "", "2013-12-31": "", "2012-12-31": "", "2011-12-31": "", "2010-12-31": "", "2009-12-31": "", "2008-12-31": "", "2007-12-31": "", "2006-12-31": ""}, "Net Change In Long-Term Investments": {"2019-12-31": "47.77900", "2018-12-31": "18.16800", "2017-12-31": "-28.11000", "2016-12-31": "22.51700", "2015-12-31": "17.42000", "2014-12-31": "7.63600", "2013-12-31": "-108.42000", "2012-12-31": "-27.00000", "2011-12-31": "", "2010-12-31": "0.48700", "2009-12-31": "", "2008-12-31": "-0.05700", "2007-12-31": "-0.14900", "2006-12-31": "9.04500"}, "Net Change In Investments - Total": {"2019-12-31": "47.77900", "2018-12-31": "18.16800", "2017-12-31": "-28.11000", "2016-12-31": "22.51700", "2015-12-31": "17.42000", "2014-12-31": "7.63600", "2013-12-31": "-108.42000", "2012-12-31": "-27.00000", "2011-12-31": "", "2010-12-31": "0.48700", "2009-12-31": "", "2008-12-31": "-0.05700", "2007-12-31": "-0.14900", "2006-12-31": "9.04500"}, "Investing Activities - Other": {"2019-12-31": "-170.07900", "2018-12-31": "-161.54600", "2017-12-31": "", "2016-12-31": "0.50100", "2015-12-31": "", "2014-12-31": "", "2013-12-31": "29.41200", "2012-12-31": "0.33000", "2011-12-31": "5.40500", "2010-12-31": "-5.96000", "2009-12-31": "1.84400", "2008-12-31": "2.08300", "2007-12-31": "-1.45400", "2006-12-31": "-0.79100"}, "Cash Flow From Investing Activities": {"2019-12-31": "-405.87500", "2018-12-31": "-238.23500", "2017-12-31": "-152.06400", "2016-12-31": "-216.00100", "2015-12-31": "-200.88100", "2014-12-31": "-161.01000", "2013-12-31": "-172.49800", "2012-12-31": "-131.54600", "2011-12-31": "-75.14000", "2010-12-31": "-68.10000", "2009-12-31": "-58.42100", "2008-12-31": "-6.34800", "2007-12-31": "-9.00900", "2006-12-31": "5.86700"}, "Net Long-Term Debt": {"2019-12-31": "82.56700", "2018-12-31": "-6.71900", "2017-12-31": "-31.80500", "2016-12-31": "17.77600", "2015-12-31": "-6.78400", "2014-12-31": "-6.69600", "2013-12-31": "-6.68900", "2012-12-31": "77.46600", "2011-12-31": "-3.74800", "2010-12-31": "-2.93300", "2009-12-31": "23.13200", "2008-12-31": "-8.60700", "2007-12-31": "4.77000", "2006-12-31": "-1.17900"}, "Net Current Debt": {"2019-12-31": "", "2018-12-31": "", "2017-12-31": "", "2016-12-31": "", "2015-12-31": "", "2014-12-31": "", "2013-12-31": "", "2012-12-31": "", "2011-12-31": "", "2010-12-31": "", "2009-12-31": "", "2008-12-31": "", "2007-12-31": "", "2006-12-31": ""}, "Debt Issuance/Retirement Net - Total": {"2019-12-31": "82.56700", "2018-12-31": "-6.71900", "2017-12-31": "-31.80500", "2016-12-31": "17.77600", "2015-12-31": "-6.78400", "2014-12-31": "-6.69600", "2013-12-31": "-6.68900", "2012-12-31": "77.46600", "2011-12-31": "-3.74800", "2010-12-31": "-2.93300", "2009-12-31": "23.13200", "2008-12-31": "-8.60700", "2007-12-31": "4.77000", "2006-12-31": "-1.17900"}, "Net Common Equity Issued/Repurchased": {"2019-12-31": "-40.09200", "2018-12-31": "-20.12600", "2017-12-31": "-3.92800", "2016-12-31": "-6.85500", "2015-12-31": "-12.07300", "2014-12-31": "2.48700", "2013-12-31": "6.98200", "2012-12-31": "-7.19300", "2011-12-31": "-21.43100", "2010-12-31": "0.96500", "2009-12-31": "1.61100", "2008-12-31": "123.87400", "2007-12-31": "", "2006-12-31": ""}, "Net Total Equity Issued/Repurchased": {"2019-12-31": "-40.09200", "2018-12-31": "-20.12600", "2017-12-31": "-3.92800", "2016-12-31": "-6.85500", "2015-12-31": "-12.07300", "2014-12-31": "2.48700", "2013-12-31": "6.98200", "2012-12-31": "-7.19300", "2011-12-31": "-21.43100", "2010-12-31": "0.96500", "2009-12-31": "1.61100", "2008-12-31": "123.87400", "2007-12-31": "4.68400", "2006-12-31": "-4.20000"}, "Total Common And Preferred Stock Dividends Paid": {"2019-12-31": "", "2018-12-31": "", "2017-12-31": "", "2016-12-31": "", "2015-12-31": "", "2014-12-31": "", "2013-12-31": "", "2012-12-31": "", "2011-12-31": "", "2010-12-31": "", "2009-12-31": "", "2008-12-31": "-108.67500", "2007-12-31": "-0.15300", "2006-12-31": "-0.49700"}, "Financial Activities - Other": {"2019-12-31": "-2.38500", "2018-12-31": "", "2017-12-31": "", "2016-12-31": "-0.19400", "2015-12-31": "", "2014-12-31": "7.63700", "2013-12-31": "4.46900", "2012-12-31": "0.99900", "2011-12-31": "-0.09100", "2010-12-31": "0.73600", "2009-12-31": "-0.07000", "2008-12-31": "5.74600", "2007-12-31": "", "2006-12-31": "4.20000"}, "Cash Flow From Financial Activities": {"2019-12-31": "40.09000", "2018-12-31": "-26.84500", "2017-12-31": "-35.73300", "2016-12-31": "10.72700", "2015-12-31": "-18.85700", "2014-12-31": "3.42800", "2013-12-31": "4.76200", "2012-12-31": "71.27200", "2011-12-31": "-25.27000", "2010-12-31": "-1.23200", "2009-12-31": "24.67300", "2008-12-31": "12.33800", "2007-12-31": "9.30100", "2006-12-31": "-1.67600"}, "Net Cash Flow": {"2019-12-31": "-59.44100", "2018-12-31": "-65.99500", "2017-12-31": "117.10100", "2016-12-31": "32.48700", "2015-12-31": "-34.65800", "2014-12-31": "9.41400", "2013-12-31": "-49.28700", "2012-12-31": "83.92200", "2011-12-31": "-12.44800", "2010-12-31": "-28.93400", "2009-12-31": "27.41900", "2008-12-31": "16.22200", "2007-12-31": "7.39500", "2006-12-31": "10.99100"}, "Stock-Based Compensation": {"2019-12-31": "10.30000", "2018-12-31": "19.50800", "2017-12-31": "12.68800", "2016-12-31": "12.27600", "2015-12-31": "11.25700", "2014-12-31": "9.94500", "2013-12-31": "9.93600", "2012-12-31": "7.81100", "2011-12-31": "6.45200", "2010-12-31": "5.04900", "2009-12-31": "3.41900", "2008-12-31": "4.99100", "2007-12-31": "", "2006-12-31": ""}, "Common Stock Dividends Paid": {"2019-12-31": "", "2018-12-31": "", "2017-12-31": "", "2016-12-31": "", "2015-12-31": "", "2014-12-31": "", "2013-12-31": "", "2012-12-31": "", "2011-12-31": "", "2010-12-31": "", "2009-12-31": "", "2008-12-31": "-108.67500", "2007-12-31": "", "2006-12-31": ""}}, "cash flow statement, quarterly": {"Net Income/Loss": {"2020-09-30": 52.046, "2020-06-30": 47.01, "2020-03-31": "71.38500", "2019-12-31": 76.669, "2019-09-30": 58.151, "2019-06-30": 51.112, "2019-03-31": "73.24300", "2018-12-31": 75.531, "2018-09-30": 33.761, "2018-06-30": 46.038, "2018-03-31": "73.68100", "2017-12-31": 68.256, "2017-09-30": 39.304, "2017-06-30": 39.847, "2017-03-31": "55.91200", "2016-12-31": 47.979, "2016-09-30": 29.244, "2016-06-30": 27.626, "2016-03-31": "43.66500", "2015-12-31": 38.114, "2015-09-30": 33.342, "2015-06-30": 25.776, "2015-03-31": "34.17900", "2014-12-31": 33.093, "2014-09-30": 29.016, "2014-06-30": 23.069, "2014-03-31": "26.28800", "2013-12-31": 26.157, "2013-09-30": 22.545, "2013-06-30": 19.064, "2013-03-31": "20.94500", "2012-12-31": 20.909, "2012-09-30": 18.471, "2012-06-30": 15.598, "2012-03-31": "14.46900", "2011-12-31": 15.324, "2011-09-30": 12.868, "2011-06-30": 12.873, "2011-03-31": "9.48100", "2010-12-31": 6.25, "2010-09-30": 5.08, "2010-06-30": 12.396, "2010-03-31": "11.48000", "2009-12-31": 11.095, "2009-09-30": 3.491, "2009-06-30": 7.643, "2009-03-31": "5.07500", "2008-12-31": 2.204, "2008-09-30": 1.252, "2008-06-30": -0.079, "2008-03-31": "3.30300"}, "Total Depreciation And Amortization - Cash Flow": {"2020-09-30": 7.644, "2020-06-30": 7.416, "2020-03-31": "7.09400", "2019-12-31": 7.054, "2019-09-30": 6.935, "2019-06-30": 6.83, "2019-03-31": "6.10000", "2018-12-31": 3.89, "2018-09-30": 3.812, "2018-06-30": 14.024, "2018-03-31": "13.94700", "2017-12-31": 13.761, "2017-09-30": 13.611, "2017-06-30": 13.589, "2017-03-31": "13.26700", "2016-12-31": 12.939, "2016-09-30": 11.499, "2016-06-30": 10.778, "2016-03-31": "10.46700", "2015-12-31": 10.315, "2015-09-30": 8.973, "2015-06-30": 8.233, "2015-03-31": "8.15400", "2014-12-31": 8.055, "2014-09-30": 7.418, "2014-06-30": 7.071, "2014-03-31": "6.92900", "2013-12-31": 6.835, "2013-09-30": 6.461, "2013-06-30": 6.19, "2013-03-31": "5.95100", "2012-12-31": 6.335, "2012-09-30": 5.636, "2012-06-30": 5.149, "2012-03-31": "5.04700", "2011-12-31": 5.018, "2011-09-30": 4.24, "2011-06-30": 4.015, "2011-03-31": "3.84100", "2010-12-31": 3.572, "2010-09-30": 3.258, "2010-06-30": 2.664, "2010-03-31": "2.67700", "2009-12-31": 2.184, "2009-09-30": 2.432, "2009-06-30": 1.754, "2009-03-31": "1.63200", "2008-12-31": 1.414, "2008-09-30": 1.407, "2008-06-30": 1.179, "2008-03-31": "1.09000"}, "Other Non-Cash Items": {"2020-09-30": 3.616, "2020-06-30": 2.278, "2020-03-31": "4.63300", "2019-12-31": 2.391, "2019-09-30": 2.971, "2019-06-30": 0.846, "2019-03-31": "9.39300", "2018-12-31": 6.587, "2018-09-30": 5.132, "2018-06-30": 8.724, "2018-03-31": "10.93300", "2017-12-31": 3.163, "2017-09-30": 9.295, "2017-06-30": 6.394, "2017-03-31": "11.03700", "2016-12-31": 16.53, "2016-09-30": 7.706, "2016-06-30": 6.144, "2016-03-31": "10.12800", "2015-12-31": 18.881, "2015-09-30": 7.927, "2015-06-30": 4.602, "2015-03-31": "4.75600", "2014-12-31": 9.126, "2014-09-30": 7.312, "2014-06-30": 5.311, "2014-03-31": "1.69600", "2013-12-31": 9.561, "2013-09-30": 7.841, "2013-06-30": 6.624, "2013-03-31": "3.16400", "2012-12-31": 8.03, "2012-09-30": 7.493, "2012-06-30": 3.775, "2012-03-31": "5.68600", "2011-12-31": 23.785, "2011-09-30": 15.808, "2011-06-30": 11.519, "2011-03-31": "11.21600", "2010-12-31": 13.756, "2010-09-30": 16.667, "2010-06-30": 4.82, "2010-03-31": "4.81300", "2009-12-31": 5.766, "2009-09-30": 8.072, "2009-06-30": 2.888, "2009-03-31": "3.97100", "2008-12-31": 11.116, "2008-09-30": -1.792, "2008-06-30": 2.184, "2008-03-31": "1.68200"}, "Total Non-Cash Items": {"2020-09-30": 11.26, "2020-06-30": 9.694, "2020-03-31": "11.72700", "2019-12-31": 9.445, "2019-09-30": 9.906, "2019-06-30": 7.676, "2019-03-31": "15.49300", "2018-12-31": 10.477, "2018-09-30": 8.944, "2018-06-30": 22.748, "2018-03-31": "24.88000", "2017-12-31": 16.924, "2017-09-30": 22.906, "2017-06-30": 19.983, "2017-03-31": "24.30400", "2016-12-31": 29.469, "2016-09-30": 19.205, "2016-06-30": 16.922, "2016-03-31": "20.59500", "2015-12-31": 29.196, "2015-09-30": 16.9, "2015-06-30": 12.835, "2015-03-31": "12.91000", "2014-12-31": 17.181, "2014-09-30": 14.73, "2014-06-30": 12.382, "2014-03-31": "8.62500", "2013-12-31": 16.396, "2013-09-30": 14.302, "2013-06-30": 12.814, "2013-03-31": "9.11500", "2012-12-31": 14.365, "2012-09-30": 13.129, "2012-06-30": 8.924, "2012-03-31": "10.73300", "2011-12-31": 28.803, "2011-09-30": 20.048, "2011-06-30": 15.534, "2011-03-31": "15.05700", "2010-12-31": 17.328, "2010-09-30": 19.925, "2010-06-30": 7.484, "2010-03-31": "7.49000", "2009-12-31": 7.95, "2009-09-30": 10.504, "2009-06-30": 4.642, "2009-03-31": "5.60300", "2008-12-31": -0.66, "2008-09-30": -0.385, "2008-06-30": 3.363, "2008-03-31": "2.77200"}, "Change In Accounts Receivable": {"2020-09-30": -73.496, "2020-06-30": 61.835, "2020-03-31": "-28.45100", "2019-12-31": 34.619, "2019-09-30": -74.909, "2019-06-30": 65.778, "2019-03-31": "-24.72200", "2018-12-31": 18.021, "2018-09-30": -69.501, "2018-06-30": -4.226, "2018-03-31": "-3.55800", "2017-12-31": -5.021, "2017-09-30": -6.369, "2017-06-30": -5.193, "2017-03-31": "-3.26500", "2016-12-31": -5.722, "2016-09-30": -6.131, "2016-06-30": -5.069, "2016-03-31": "-3.67600", "2015-12-31": -3.832, "2015-09-30": -5.342, "2015-06-30": -4.913, "2015-03-31": "-3.05200", "2014-12-31": -3.526, "2014-09-30": -3.548, "2014-06-30": -4.397, "2014-03-31": "-3.96200", "2013-12-31": -4.247, "2013-09-30": -4.737, "2013-06-30": -5.538, "2013-03-31": "-4.64100", "2012-12-31": -3.596, "2012-09-30": -6.133, "2012-06-30": -4.269, "2012-03-31": "-0.15000", "2011-12-31": -1.943, "2011-09-30": -12.881, "2011-06-30": -7.349, "2011-03-31": "-6.02300", "2010-12-31": -7.625, "2010-09-30": 4.04, "2010-06-30": -38.258, "2010-03-31": "-4.86200", "2009-12-31": -2.31, "2009-09-30": -8.309, "2009-06-30": -3.395, "2009-03-31": "-4.36200", "2008-12-31": -2.509, "2008-09-30": -4.416, "2008-06-30": -1.403, "2008-03-31": "-2.46500"}, "Change In Inventories": {"2020-09-30": 0, "2020-06-30": 0, "2020-03-31": "", "2019-12-31": 0, "2019-09-30": 0, "2019-06-30": 0, "2019-03-31": "", "2018-12-31": 0, "2018-09-30": 0, "2018-06-30": 0, "2018-03-31": "", "2017-12-31": 0, "2017-09-30": 0, "2017-06-30": 0, "2017-03-31": "", "2016-12-31": 0, "2016-09-30": 0, "2016-06-30": 0, "2016-03-31": "", "2015-12-31": 0, "2015-09-30": 0, "2015-06-30": 0, "2015-03-31": "", "2014-12-31": 0, "2014-09-30": 0, "2014-06-30": 0, "2014-03-31": "", "2013-12-31": 0, "2013-09-30": 0, "2013-06-30": 0, "2013-03-31": "", "2012-12-31": 0, "2012-09-30": 0, "2012-06-30": 0, "2012-03-31": "", "2011-12-31": 0, "2011-09-30": 0, "2011-06-30": 0, "2011-03-31": "", "2010-12-31": 0, "2010-09-30": 0, "2010-06-30": 0, "2010-03-31": "", "2009-12-31": 0, "2009-09-30": 0, "2009-06-30": 0, "2009-03-31": "", "2008-12-31": 0, "2008-09-30": 0, "2008-06-30": 0, "2008-03-31": ""}, "Change In Accounts Payable": {"2020-09-30": -2.896, "2020-06-30": -1.111, "2020-03-31": "3.95700", "2019-12-31": -4.58, "2019-09-30": 1.587, "2019-06-30": 4.801, "2019-03-31": "-4.90300", "2018-12-31": -2.368, "2018-09-30": -10.565, "2018-06-30": -1.936, "2018-03-31": "0.56300", "2017-12-31": 1.371, "2017-09-30": 5.715, "2017-06-30": -2.75, "2017-03-31": "1.04200", "2016-12-31": -1.037, "2016-09-30": -1.37, "2016-06-30": 4.628, "2016-03-31": "-7.01400", "2015-12-31": 3.602, "2015-09-30": 2.483, "2015-06-30": -0.918, "2015-03-31": "-0.16500", "2014-12-31": 0.508, "2014-09-30": -1.805, "2014-06-30": 0.551, "2014-03-31": "-1.70200", "2013-12-31": 6.704, "2013-09-30": 1.74, "2013-06-30": -1.993, "2013-03-31": "2.11200", "2012-12-31": 0.332, "2012-09-30": 0.665, "2012-06-30": -2.369, "2012-03-31": "0.74200", "2011-12-31": 1.398, "2011-09-30": -3.239, "2011-06-30": -0.752, "2011-03-31": "5.74800", "2010-12-31": -2.807, "2010-09-30": 2.255, "2010-06-30": 1.15, "2010-03-31": "1.91200", "2009-12-31": -2.085, "2009-09-30": 1.298, "2009-06-30": 0.507, "2009-03-31": "2.43500", "2008-12-31": 0.822, "2008-09-30": -0.514, "2008-06-30": -1.048, "2008-03-31": "1.66700"}, "Change In Assets/Liabilities": {"2020-09-30": 2.332, "2020-06-30": 1.579, "2020-03-31": "1.95500", "2019-12-31": -4.444, "2019-09-30": -0.535, "2019-06-30": 6.145, "2019-03-31": "1.77800", "2018-12-31": 2.108, "2018-09-30": -0.476, "2018-06-30": -1.643, "2018-03-31": "0.96800", "2017-12-31": -49.069, "2017-09-30": 58.911, "2017-06-30": -8.543, "2017-03-31": "11.50600", "2016-12-31": -47.469, "2016-09-30": 53.128, "2016-06-30": -2.109, "2016-03-31": "6.26200", "2015-12-31": -42.517, "2015-09-30": 41.14, "2015-06-30": -9.528, "2015-03-31": "15.33500", "2014-12-31": -39.199, "2014-09-30": 30.78, "2014-06-30": -6.073, "2014-03-31": "15.61600", "2013-12-31": -26.63, "2013-09-30": 26.046, "2013-06-30": -9.989, "2013-03-31": "7.80900", "2012-12-31": -17.35, "2012-09-30": 15.824, "2012-06-30": -3.698, "2012-03-31": "11.28800", "2011-12-31": -12.765, "2011-09-30": 8.735, "2011-06-30": 6.054, "2011-03-31": "-7.00200", "2010-12-31": -43.366, "2010-09-30": 24.912, "2010-06-30": -1.953, "2010-03-31": "21.82400", "2009-12-31": -22.916, "2009-09-30": 24.35, "2009-06-30": -15.814, "2009-03-31": "22.53700", "2008-12-31": -12.938, "2008-09-30": 15.922, "2008-06-30": -20.312, "2008-03-31": "10.59000"}, "Total Change In Assets/Liabilities": {"2020-09-30": -104.275, "2020-06-30": 78.629, "2020-03-31": "2.60700", "2019-12-31": 25.096, "2019-09-30": -62.258, "2019-06-30": 54.21, "2019-03-31": "-12.39900", "2018-12-31": 17.952, "2018-09-30": -91.242, "2018-06-30": -44.132, "2018-03-31": "20.44700", "2017-12-31": -48.458, "2017-09-30": 72.52, "2017-06-30": -35.918, "2017-03-31": "29.31800", "2016-12-31": -52.035, "2016-09-30": 49.753, "2016-06-30": -19.006, "2016-03-31": "24.34400", "2015-12-31": -51.24, "2015-09-30": 37.101, "2015-06-30": -25.133, "2015-03-31": "21.10000", "2014-12-31": -40.02, "2014-09-30": 23.556, "2014-06-30": 0.439, "2014-03-31": "18.63700", "2013-12-31": -25.89, "2013-09-30": 20.903, "2013-06-30": -19.555, "2013-03-31": "1.65300", "2012-12-31": -15.812, "2012-09-30": 13.559, "2012-06-30": 4.213, "2012-03-31": "25.63800", "2011-12-31": -21.549, "2011-09-30": -5.238, "2011-06-30": -14.206, "2011-03-31": "-1.12500", "2010-12-31": -63.804, "2010-09-30": 25.41, "2010-06-30": -38.813, "2010-03-31": "30.14900", "2009-12-31": -24.689, "2009-09-30": 25.834, "2009-06-30": -21.878, "2009-03-31": "25.91100", "2008-12-31": -22.456, "2008-09-30": 18.816, "2008-06-30": -23.455, "2008-03-31": "12.46500"}, "Cash Flow From Operating Activities": {"2020-09-30": -40.969, "2020-06-30": 135.333, "2020-03-31": "85.71900", "2019-12-31": 111.21, "2019-09-30": 5.799, "2019-06-30": 112.998, "2019-03-31": "76.33700", "2018-12-31": 102.549, "2018-09-30": -47.126, "2018-06-30": 24.654, "2018-03-31": "119.00800", "2017-12-31": 34.971, "2017-09-30": 136.267, "2017-06-30": 24.004, "2017-03-31": "109.65600", "2016-12-31": 24.496, "2016-09-30": 100.801, "2016-06-30": 25.554, "2016-03-31": "86.91000", "2015-12-31": 16.07, "2015-09-30": 87.343, "2015-06-30": 13.478, "2015-03-31": "68.18900", "2014-12-31": 10.254, "2014-09-30": 67.302, "2014-06-30": 35.769, "2014-03-31": "53.67100", "2013-12-31": 16.663, "2013-09-30": 57.75, "2013-06-30": 12.323, "2013-03-31": "31.71300", "2012-12-31": 19.462, "2012-09-30": 45.159, "2012-06-30": 28.735, "2012-03-31": "50.84000", "2011-12-31": 22.67, "2011-09-30": 27.678, "2011-06-30": 14.201, "2011-03-31": "23.41300", "2010-12-31": -40.136, "2010-09-30": 50.407, "2010-06-30": -18.953, "2010-03-31": "49.08000", "2009-12-31": -5.644, "2009-09-30": 39.829, "2009-06-30": -9.593, "2009-03-31": "36.57500", "2008-12-31": -7.716, "2008-09-30": 19.689, "2008-06-30": -20.283, "2008-03-31": "18.54000"}, "Net Change In Property, Plant, And Equipment": {"2020-09-30": 65.073, "2020-06-30": -6.144, "2020-03-31": "-6.08500", "2019-12-31": 32.787, "2019-09-30": 54.478, "2019-06-30": -5.07, "2019-03-31": "-4.58600", "2018-12-31": -4.375, "2018-09-30": -11.316, "2018-06-30": -43.819, "2018-03-31": "-35.34700", "2017-12-31": -38.198, "2017-09-30": -25.891, "2017-06-30": -30.238, "2017-03-31": "-29.62700", "2016-12-31": -39.559, "2016-09-30": -59.076, "2016-06-30": -82.885, "2016-03-31": "-57.49900", "2015-12-31": -48.595, "2015-09-30": -57.803, "2015-06-30": -66.166, "2015-03-31": "-45.73700", "2014-12-31": -27.429, "2014-09-30": -59.204, "2014-06-30": -54.799, "2014-03-31": "-27.21400", "2013-12-31": -23.113, "2013-09-30": -25.433, "2013-06-30": -28.802, "2013-03-31": "-16.14200", "2012-12-31": -30.439, "2012-09-30": -23.983, "2012-06-30": -33.578, "2012-03-31": "-16.87600", "2011-12-31": -19.03, "2011-09-30": -23.239, "2011-06-30": -23.608, "2011-03-31": "-14.66800", "2010-12-31": -23.032, "2010-09-30": -17.24, "2010-06-30": -10.764, "2010-03-31": "-11.59100", "2009-12-31": -5.879, "2009-09-30": -7.77, "2009-06-30": -42.116, "2009-03-31": "-4.50000", "2008-12-31": -2.549, "2008-09-30": -2.317, "2008-06-30": -1.921, "2008-03-31": "-1.58300"}, "Net Change In Intangible Assets": {"2020-09-30": 0, "2020-06-30": 0, "2020-03-31": "", "2019-12-31": 0, "2019-09-30": 0, "2019-06-30": 0, "2019-03-31": "", "2018-12-31": 0, "2018-09-30": 0, "2018-06-30": 0, "2018-03-31": "", "2017-12-31": 0, "2017-09-30": 0, "2017-06-30": 0, "2017-03-31": "", "2016-12-31": 0, "2016-09-30": 0, "2016-06-30": 0, "2016-03-31": "", "2015-12-31": 0, "2015-09-30": 0, "2015-06-30": 0, "2015-03-31": "", "2014-12-31": 0, "2014-09-30": 0, "2014-06-30": 0, "2014-03-31": "", "2013-12-31": 0, "2013-09-30": 0, "2013-06-30": 0, "2013-03-31": "", "2012-12-31": 0, "2012-09-30": 0, "2012-06-30": 0, "2012-03-31": "", "2011-12-31": 0, "2011-09-30": 0, "2011-06-30": 0, "2011-03-31": "", "2010-12-31": 0, "2010-09-30": 0, "2010-06-30": 0, "2010-03-31": "", "2009-12-31": 0, "2009-09-30": 0, "2009-06-30": 0, "2009-03-31": "", "2008-12-31": 0, "2008-09-30": 0, "2008-06-30": 0, "2008-03-31": ""}, "Net Acquisitions/Divestitures": {"2020-09-30": 0, "2020-06-30": 0, "2020-03-31": "", "2019-12-31": 0, "2019-09-30": 0, "2019-06-30": 0, "2019-03-31": "-361.18400", "2018-12-31": 0, "2018-09-30": 0, "2018-06-30": 0, "2018-03-31": "", "2017-12-31": 0, "2017-09-30": 0, "2017-06-30": 0, "2017-03-31": "", "2016-12-31": 0, "2016-09-30": 0, "2016-06-30": 0, "2016-03-31": "", "2015-12-31": 0, "2015-09-30": 0, "2015-06-30": 0, "2015-03-31": "", "2014-12-31": 0, "2014-09-30": 0, "2014-06-30": 0, "2014-03-31": "", "2013-12-31": 0, "2013-09-30": 0, "2013-06-30": 0, "2013-03-31": "", "2012-12-31": 0, "2012-09-30": 0, "2012-06-30": 0, "2012-03-31": "", "2011-12-31": 0, "2011-09-30": 0, "2011-06-30": 0, "2011-03-31": "", "2010-12-31": 0, "2010-09-30": 0, "2010-06-30": 0, "2010-03-31": "", "2009-12-31": 0, "2009-09-30": 0, "2009-06-30": 0, "2009-03-31": "", "2008-12-31": 0, "2008-09-30": 0, "2008-06-30": 0, "2008-03-31": ""}, "Net Change In Short-term Investments": {"2020-09-30": 0, "2020-06-30": 0, "2020-03-31": "", "2019-12-31": 0, "2019-09-30": 0, "2019-06-30": 0, "2019-03-31": "", "2018-12-31": 0, "2018-09-30": 0, "2018-06-30": 0, "2018-03-31": "", "2017-12-31": 0, "2017-09-30": 0, "2017-06-30": 0, "2017-03-31": "", "2016-12-31": 0, "2016-09-30": 0, "2016-06-30": 0, "2016-03-31": "", "2015-12-31": 0, "2015-09-30": 0, "2015-06-30": 0, "2015-03-31": "", "2014-12-31": 0, "2014-09-30": 0, "2014-06-30": 0, "2014-03-31": "", "2013-12-31": 0, "2013-09-30": 0, "2013-06-30": 0, "2013-03-31": "", "2012-12-31": 0, "2012-09-30": 0, "2012-06-30": 0, "2012-03-31": "", "2011-12-31": 0, "2011-09-30": 0, "2011-06-30": 0, "2011-03-31": "", "2010-12-31": 0, "2010-09-30": 0, "2010-06-30": 0, "2010-03-31": "", "2009-12-31": 0, "2009-09-30": 0, "2009-06-30": 0, "2009-03-31": "", "2008-12-31": 0, "2008-09-30": 0, "2008-06-30": 0, "2008-03-31": ""}, "Net Change In Long-Term Investments": {"2020-09-30": 1.854, "2020-06-30": 2.536, "2020-03-31": "4.26300", "2019-12-31": -7.483, "2019-09-30": 0.137, "2019-06-30": 0.145, "2019-03-31": "54.98000", "2018-12-31": -0.938, "2018-09-30": 7.375, "2018-06-30": 14.909, "2018-03-31": "-3.17800", "2017-12-31": -1.782, "2017-09-30": 0.49, "2017-06-30": -7.857, "2017-03-31": "-18.96100", "2016-12-31": -12.942, "2016-09-30": -0.214, "2016-06-30": 34.688, "2016-03-31": "0.98500", "2015-12-31": 0.652, "2015-09-30": -0.483, "2015-06-30": 17.482, "2015-03-31": "-0.23100", "2014-12-31": 26.342, "2014-09-30": 29.366, "2014-06-30": 0.974, "2014-03-31": "-49.04600", "2013-12-31": -44.928, "2013-09-30": -15.053, "2013-06-30": -24.629, "2013-03-31": "-23.81000", "2012-12-31": -27, "2012-09-30": 0, "2012-06-30": 0, "2012-03-31": "", "2011-12-31": 0, "2011-09-30": 0, "2011-06-30": 0, "2011-03-31": "", "2010-12-31": 0, "2010-09-30": 0, "2010-06-30": 0, "2010-03-31": "0.48700", "2009-12-31": 0, "2009-09-30": 0, "2009-06-30": 0.011, "2009-03-31": "-0.01100", "2008-12-31": -0.007, "2008-09-30": -0.021, "2008-06-30": 0.028, "2008-03-31": "-0.05700"}, "Net Change In Investments - Total": {"2020-09-30": 1.854, "2020-06-30": 2.536, "2020-03-31": "4.26300", "2019-12-31": -7.483, "2019-09-30": 0.137, "2019-06-30": 0.145, "2019-03-31": "54.98000", "2018-12-31": -0.938, "2018-09-30": 7.375, "2018-06-30": 14.909, "2018-03-31": "-3.17800", "2017-12-31": -1.782, "2017-09-30": 0.49, "2017-06-30": -7.857, "2017-03-31": "-18.96100", "2016-12-31": -12.942, "2016-09-30": -0.214, "2016-06-30": 34.688, "2016-03-31": "0.98500", "2015-12-31": 0.652, "2015-09-30": -0.483, "2015-06-30": 17.482, "2015-03-31": "-0.23100", "2014-12-31": 26.342, "2014-09-30": 29.366, "2014-06-30": 0.974, "2014-03-31": "-49.04600", "2013-12-31": -44.928, "2013-09-30": -15.053, "2013-06-30": -24.629, "2013-03-31": "-23.81000", "2012-12-31": -27, "2012-09-30": 0, "2012-06-30": 0, "2012-03-31": "", "2011-12-31": 0, "2011-09-30": 0, "2011-06-30": 0, "2011-03-31": "", "2010-12-31": 0, "2010-09-30": 0, "2010-06-30": 0, "2010-03-31": "0.48700", "2009-12-31": 0, "2009-09-30": 0, "2009-06-30": 0.011, "2009-03-31": "-0.01100", "2008-12-31": 0, "2008-09-30": -0.021, "2008-06-30": 0.028, "2008-03-31": "-0.05700"}, "Investing Activities - Other": {"2020-09-30": -0.091, "2020-06-30": -75.091, "2020-03-31": "-0.05600", "2019-12-31": -0.069, "2019-09-30": 0.037, "2019-06-30": -139.985, "2019-03-31": "-30.06200", "2018-12-31": -17.193, "2018-09-30": -144.353, "2018-06-30": 0, "2018-03-31": "", "2017-12-31": 0, "2017-09-30": 0, "2017-06-30": 0, "2017-03-31": "", "2016-12-31": 0, "2016-09-30": 0, "2016-06-30": 0, "2016-03-31": "0.50100", "2015-12-31": 0, "2015-09-30": 0, "2015-06-30": 0, "2015-03-31": "", "2014-12-31": 0, "2014-09-30": 0, "2014-06-30": 0, "2014-03-31": "", "2013-12-31": 0.085, "2013-09-30": 0, "2013-06-30": 0.14, "2013-03-31": "29.18700", "2012-12-31": 0.15, "2012-09-30": 0, "2012-06-30": 0.18, "2012-03-31": "", "2011-12-31": 0, "2011-09-30": 0, "2011-06-30": 2.652, "2011-03-31": "2.75300", "2010-12-31": 46.643, "2010-09-30": -25.217, "2010-06-30": -24.455, "2010-03-31": "-2.93100", "2009-12-31": 0.441, "2009-09-30": 2.511, "2009-06-30": -2.295, "2009-03-31": "1.18700", "2008-12-31": 0.997, "2008-09-30": -0.981, "2008-06-30": 3.454, "2008-03-31": "-1.39000"}, "Cash Flow From Investing Activities": {"2020-09-30": 66.836, "2020-06-30": -78.699, "2020-03-31": "-1.87800", "2019-12-31": 25.235, "2019-09-30": 54.652, "2019-06-30": -144.91, "2019-03-31": "-340.85200", "2018-12-31": -22.506, "2018-09-30": -148.294, "2018-06-30": -28.91, "2018-03-31": "-38.52500", "2017-12-31": -39.98, "2017-09-30": -25.401, "2017-06-30": -38.095, "2017-03-31": "-48.58800", "2016-12-31": -52.501, "2016-09-30": -59.29, "2016-06-30": -48.197, "2016-03-31": "-56.01300", "2015-12-31": -47.943, "2015-09-30": -58.286, "2015-06-30": -48.684, "2015-03-31": "-45.96800", "2014-12-31": -1.087, "2014-09-30": -29.838, "2014-06-30": -53.825, "2014-03-31": "-76.26000", "2013-12-31": -67.956, "2013-09-30": -40.486, "2013-06-30": -53.291, "2013-03-31": "-10.76500", "2012-12-31": -57.289, "2012-09-30": -23.983, "2012-06-30": -33.398, "2012-03-31": "-16.87600", "2011-12-31": -19.03, "2011-09-30": -23.239, "2011-06-30": -20.956, "2011-03-31": "-11.91500", "2010-12-31": 23.611, "2010-09-30": -42.457, "2010-06-30": -35.219, "2010-03-31": "-14.03500", "2009-12-31": -5.438, "2009-09-30": -5.259, "2009-06-30": -44.4, "2009-03-31": "-3.32400", "2008-12-31": -1.552, "2008-09-30": -3.319, "2008-06-30": 1.561, "2008-03-31": "-3.03000"}, "Net Long-Term Debt": {"2020-09-30": -8.286, "2020-06-30": -8.286, "2020-03-31": "-8.28600", "2019-12-31": -115.474, "2019-09-30": 0.082, "2019-06-30": 7.809, "2019-03-31": "190.15000", "2018-12-31": -1.643, "2018-09-30": -1.643, "2018-06-30": -1.717, "2018-03-31": "-1.71600", "2017-12-31": -1.703, "2017-09-30": -1.702, "2017-06-30": -1.702, "2017-03-31": "-26.69800", "2016-12-31": 11.303, "2016-09-30": -14.696, "2016-06-30": 23.302, "2016-03-31": "-2.13300", "2015-12-31": -1.667, "2015-09-30": -1.743, "2015-06-30": -1.698, "2015-03-31": "-1.67600", "2014-12-31": -1.675, "2014-09-30": -1.675, "2014-06-30": -1.674, "2014-03-31": "-1.67200", "2013-12-31": -1.665, "2013-09-30": -1.688, "2013-06-30": -1.664, "2013-03-31": "-1.67200", "2012-12-31": 79.238, "2012-09-30": -0.473, "2012-06-30": -0.47, "2012-03-31": "-0.82900", "2011-12-31": -0.892, "2011-09-30": -0.964, "2011-06-30": -1.198, "2011-03-31": "-0.69400", "2010-12-31": -0.724, "2010-09-30": -0.694, "2010-06-30": -0.788, "2010-03-31": "-0.72700", "2009-12-31": -0.722, "2009-09-30": -0.717, "2009-06-30": 24.955, "2009-03-31": "-0.38400", "2008-12-31": -0.192, "2008-09-30": -0.446, "2008-06-30": -1.648, "2008-03-31": "-6.32100"}, "Net Current Debt": {"2020-09-30": 0, "2020-06-30": 0, "2020-03-31": "", "2019-12-31": 0, "2019-09-30": 0, "2019-06-30": 0, "2019-03-31": "", "2018-12-31": 0, "2018-09-30": 0, "2018-06-30": 0, "2018-03-31": "", "2017-12-31": 0, "2017-09-30": 0, "2017-06-30": 0, "2017-03-31": "", "2016-12-31": 0, "2016-09-30": 0, "2016-06-30": 0, "2016-03-31": "", "2015-12-31": 0, "2015-09-30": 0, "2015-06-30": 0, "2015-03-31": "", "2014-12-31": 0, "2014-09-30": 0, "2014-06-30": 0, "2014-03-31": "", "2013-12-31": 0, "2013-09-30": 0, "2013-06-30": 0, "2013-03-31": "", "2012-12-31": 0, "2012-09-30": 0, "2012-06-30": 0, "2012-03-31": "", "2011-12-31": 0, "2011-09-30": 0, "2011-06-30": 0, "2011-03-31": "", "2010-12-31": 0, "2010-09-30": 0, "2010-06-30": 0, "2010-03-31": "", "2009-12-31": 0, "2009-09-30": 0, "2009-06-30": 0, "2009-03-31": "", "2008-12-31": 0, "2008-09-30": 0, "2008-06-30": 0, "2008-03-31": ""}, "Debt Issuance/Retirement Net - Total": {"2020-09-30": -8.286, "2020-06-30": -8.286, "2020-03-31": "-8.28600", "2019-12-31": -115.474, "2019-09-30": 0.082, "2019-06-30": 7.809, "2019-03-31": "190.15000", "2018-12-31": -1.643, "2018-09-30": -1.643, "2018-06-30": -1.717, "2018-03-31": "-1.71600", "2017-12-31": -1.703, "2017-09-30": -1.702, "2017-06-30": -1.702, "2017-03-31": "-26.69800", "2016-12-31": 11.303, "2016-09-30": -14.696, "2016-06-30": 23.302, "2016-03-31": "-2.13300", "2015-12-31": -1.667, "2015-09-30": -1.743, "2015-06-30": -1.698, "2015-03-31": "-1.67600", "2014-12-31": -1.675, "2014-09-30": -1.675, "2014-06-30": -1.674, "2014-03-31": "-1.67200", "2013-12-31": -1.665, "2013-09-30": -1.688, "2013-06-30": -1.664, "2013-03-31": "-1.67200", "2012-12-31": 79.238, "2012-09-30": -0.473, "2012-06-30": -0.47, "2012-03-31": "-0.82900", "2011-12-31": -0.892, "2011-09-30": -0.964, "2011-06-30": -1.198, "2011-03-31": "-0.69400", "2010-12-31": -0.724, "2010-09-30": -0.694, "2010-06-30": -0.788, "2010-03-31": "-0.72700", "2009-12-31": -0.722, "2009-09-30": -0.717, "2009-06-30": 24.955, "2009-03-31": "-0.38400", "2008-12-31": -0.185, "2008-09-30": -0.446, "2008-06-30": -1.648, "2008-03-31": "-6.32100"}, "Net Common Equity Issued/Repurchased": {"2020-09-30": -23.163, "2020-06-30": -8.309, "2020-03-31": "-65.63400", "2019-12-31": -18.408, "2019-09-30": -6.625, "2019-06-30": 1.437, "2019-03-31": "-16.49600", "2018-12-31": -2.933, "2018-09-30": -5.898, "2018-06-30": -0.182, "2018-03-31": "-11.11300", "2017-12-31": -1.026, "2017-09-30": 0.86, "2017-06-30": 2.632, "2017-03-31": "-6.39400", "2016-12-31": 3.138, "2016-09-30": 2.262, "2016-06-30": 3.461, "2016-03-31": "-15.71600", "2015-12-31": -10.714, "2015-09-30": 0.171, "2015-06-30": 0.913, "2015-03-31": "-2.44300", "2014-12-31": 0.859, "2014-09-30": 0.332, "2014-06-30": 0.149, "2014-03-31": "1.14700", "2013-12-31": 1.175, "2013-09-30": 0.226, "2013-06-30": 5.728, "2013-03-31": "-0.14700", "2012-12-31": -6.607, "2012-09-30": -2.034, "2012-06-30": -0.863, "2012-03-31": "2.31100", "2011-12-31": -0.537, "2011-09-30": 0.872, "2011-06-30": -7.568, "2011-03-31": "-14.19800", "2010-12-31": 0.354, "2010-09-30": -0.344, "2010-06-30": 0.453, "2010-03-31": "0.50200", "2009-12-31": 0.522, "2009-09-30": 15.337, "2009-06-30": -14.495, "2009-03-31": "0.24700", "2008-12-31": 129.874, "2008-09-30": 0, "2008-06-30": -6, "2008-03-31": ""}, "Net Total Equity Issued/Repurchased": {"2020-09-30": -23.163, "2020-06-30": -8.309, "2020-03-31": "-65.63400", "2019-12-31": -18.408, "2019-09-30": -6.625, "2019-06-30": 1.437, "2019-03-31": "-16.49600", "2018-12-31": -2.933, "2018-09-30": -5.898, "2018-06-30": -0.182, "2018-03-31": "-11.11300", "2017-12-31": -1.026, "2017-09-30": 0.86, "2017-06-30": 2.632, "2017-03-31": "-6.39400", "2016-12-31": 3.138, "2016-09-30": 2.262, "2016-06-30": 3.461, "2016-03-31": "-15.71600", "2015-12-31": -10.714, "2015-09-30": 0.171, "2015-06-30": 0.913, "2015-03-31": "-2.44300", "2014-12-31": 0.859, "2014-09-30": 0.332, "2014-06-30": 0.149, "2014-03-31": "1.14700", "2013-12-31": 1.175, "2013-09-30": 0.226, "2013-06-30": 5.728, "2013-03-31": "-0.14700", "2012-12-31": -6.607, "2012-09-30": -2.034, "2012-06-30": -0.863, "2012-03-31": "2.31100", "2011-12-31": -0.537, "2011-09-30": 0.872, "2011-06-30": -7.568, "2011-03-31": "-14.19800", "2010-12-31": 0.354, "2010-09-30": -0.344, "2010-06-30": 0.453, "2010-03-31": "0.50200", "2009-12-31": 0.522, "2009-09-30": 15.337, "2009-06-30": -14.495, "2009-03-31": "0.24700", "2008-12-31": 129.87, "2008-09-30": 0, "2008-06-30": -6, "2008-03-31": ""}, "Total Common And Preferred Stock Dividends Paid": {"2020-09-30": 0, "2020-06-30": 0, "2020-03-31": "", "2019-12-31": 0, "2019-09-30": 0, "2019-06-30": 0, "2019-03-31": "", "2018-12-31": 0, "2018-09-30": 0, "2018-06-30": 0, "2018-03-31": "", "2017-12-31": 0, "2017-09-30": 0, "2017-06-30": 0, "2017-03-31": "", "2016-12-31": 0, "2016-09-30": 0, "2016-06-30": 0, "2016-03-31": "", "2015-12-31": 0, "2015-09-30": 0, "2015-06-30": 0, "2015-03-31": "", "2014-12-31": 0, "2014-09-30": 0, "2014-06-30": 0, "2014-03-31": "", "2013-12-31": 0, "2013-09-30": 0, "2013-06-30": 0, "2013-03-31": "", "2012-12-31": 0, "2012-09-30": 0, "2012-06-30": 0, "2012-03-31": "", "2011-12-31": 0, "2011-09-30": 0, "2011-06-30": 0, "2011-03-31": "", "2010-12-31": 0, "2010-09-30": 0, "2010-06-30": 0, "2010-03-31": "", "2009-12-31": 0, "2009-09-30": 0, "2009-06-30": 0, "2009-03-31": "", "2008-12-31": -108.67, "2008-09-30": 0, "2008-06-30": 0, "2008-03-31": ""}, "Financial Activities - Other": {"2020-09-30": 0, "2020-06-30": 0, "2020-03-31": "", "2019-12-31": 0, "2019-09-30": 0, "2019-06-30": 0, "2019-03-31": "-2.38500", "2018-12-31": 0, "2018-09-30": 0, "2018-06-30": 0, "2018-03-31": "", "2017-12-31": 0, "2017-09-30": 0, "2017-06-30": 0, "2017-03-31": "", "2016-12-31": 0, "2016-09-30": 0, "2016-06-30": 0, "2016-03-31": "-0.19400", "2015-12-31": -3.343, "2015-09-30": -0.018, "2015-06-30": 0.545, "2015-03-31": "2.81600", "2014-12-31": 0.405, "2014-09-30": 0.147, "2014-06-30": 0.666, "2014-03-31": "6.41900", "2013-12-31": 0.791, "2013-09-30": 0.213, "2013-06-30": -0.034, "2013-03-31": "3.49900", "2012-12-31": 0.663, "2012-09-30": 0.215, "2012-06-30": 0.056, "2012-03-31": "0.06500", "2011-12-31": -0.021, "2011-09-30": 0, "2011-06-30": -0.07, "2011-03-31": "", "2010-12-31": 0.061, "2010-09-30": 0.139, "2010-06-30": 0.044, "2010-03-31": "0.49200", "2009-12-31": 0.183, "2009-09-30": -0.262, "2009-06-30": 0, "2009-03-31": "0.00900", "2008-12-31": 4.383, "2008-09-30": -1.884, "2008-06-30": -2.484, "2008-03-31": "5.72500"}, "Cash Flow From Financial Activities": {"2020-09-30": -31.449, "2020-06-30": -16.595, "2020-03-31": "-73.92000", "2019-12-31": -133.882, "2019-09-30": -6.543, "2019-06-30": 9.246, "2019-03-31": "171.26900", "2018-12-31": -4.576, "2018-09-30": -7.541, "2018-06-30": -1.899, "2018-03-31": "-12.82900", "2017-12-31": -2.729, "2017-09-30": -0.842, "2017-06-30": 0.93, "2017-03-31": "-33.09200", "2016-12-31": 14.441, "2016-09-30": -12.434, "2016-06-30": 26.763, "2016-03-31": "-18.04300", "2015-12-31": -15.724, "2015-09-30": -1.59, "2015-06-30": -0.24, "2015-03-31": "-1.30300", "2014-12-31": -0.411, "2014-09-30": -1.196, "2014-06-30": -0.859, "2014-03-31": "5.89400", "2013-12-31": 0.301, "2013-09-30": -1.249, "2013-06-30": 4.03, "2013-03-31": "1.68000", "2012-12-31": 73.294, "2012-09-30": -2.292, "2012-06-30": -1.277, "2012-03-31": "1.54700", "2011-12-31": -1.45, "2011-09-30": -0.092, "2011-06-30": -8.836, "2011-03-31": "-14.89200", "2010-12-31": -0.309, "2010-09-30": -0.899, "2010-06-30": -0.291, "2010-03-31": "0.26700", "2009-12-31": -0.017, "2009-09-30": 14.358, "2009-06-30": 10.46, "2009-03-31": "-0.12800", "2008-12-31": 25.388, "2008-09-30": -2.33, "2008-06-30": -10.132, "2008-03-31": "-0.59600"}, "Net Cash Flow": {"2020-09-30": -5.582, "2020-06-30": 40.039, "2020-03-31": "9.92100", "2019-12-31": 2.563, "2019-09-30": 53.908, "2019-06-30": -22.666, "2019-03-31": "-93.24600", "2018-12-31": 75.467, "2018-09-30": -115.086, "2018-06-30": -94.03, "2018-03-31": "67.65400", "2017-12-31": -7.738, "2017-09-30": 110.024, "2017-06-30": -13.161, "2017-03-31": "27.97600", "2016-12-31": -13.564, "2016-09-30": 29.077, "2016-06-30": 4.12, "2016-03-31": "12.85400", "2015-12-31": -47.597, "2015-09-30": 27.467, "2015-06-30": -35.446, "2015-03-31": "20.91800", "2014-12-31": 8.756, "2014-09-30": 36.268, "2014-06-30": -18.915, "2014-03-31": "-16.69500", "2013-12-31": -50.992, "2013-09-30": 16.015, "2013-06-30": -36.938, "2013-03-31": "22.62800", "2012-12-31": 35.467, "2012-09-30": 18.884, "2012-06-30": -5.94, "2012-03-31": "35.51100", "2011-12-31": 2.19, "2011-09-30": 4.347, "2011-06-30": -15.591, "2011-03-31": "-3.39400", "2010-12-31": -16.834, "2010-09-30": 7.051, "2010-06-30": -54.463, "2010-03-31": "35.31200", "2009-12-31": -11.099, "2009-09-30": 48.928, "2009-06-30": -43.533, "2009-03-31": "33.12300", "2008-12-31": 16.12, "2008-09-30": 14.04, "2008-06-30": -28.854, "2008-03-31": "14.91400"}, "Stock-Based Compensation": {"2020-09-30": 2.713, "2020-06-30": 2.678, "2020-03-31": "2.65600", "2019-12-31": 2.56, "2019-09-30": 2.555, "2019-06-30": 2.549, "2019-03-31": "2.63600", "2018-12-31": 2.442, "2018-09-30": 10.332, "2018-06-30": 3.265, "2018-03-31": "3.46900", "2017-12-31": 3.126, "2017-09-30": 3.333, "2017-06-30": 3.298, "2017-03-31": "2.93100", "2016-12-31": 3.242, "2016-09-30": 3.203, "2016-06-30": 2.933, "2016-03-31": "2.89800", "2015-12-31": 2.834, "2015-09-30": 2.911, "2015-06-30": 2.909, "2015-03-31": "2.60300", "2014-12-31": 2.533, "2014-09-30": 2.575, "2014-06-30": 2.633, "2014-03-31": "2.20400", "2013-12-31": 2.268, "2013-09-30": 2.763, "2013-06-30": 2.735, "2013-03-31": "2.17000", "2012-12-31": 2.063, "2012-09-30": 2.032, "2012-06-30": 2.022, "2012-03-31": "1.69400", "2011-12-31": 1.655, "2011-09-30": 1.667, "2011-06-30": 1.7, "2011-03-31": "1.43000", "2010-12-31": 1.364, "2010-09-30": 1.347, "2010-06-30": 1.301, "2010-03-31": "1.03700", "2009-12-31": 0.98, "2009-09-30": 0.862, "2009-06-30": 0.813, "2009-03-31": "0.76400", "2008-12-31": 4.991, "2008-09-30": 0, "2008-06-30": 0, "2008-03-31": ""}, "Common Stock Dividends Paid": {"2020-09-30": 0, "2020-06-30": 0, "2020-03-31": "", "2019-12-31": 0, "2019-09-30": 0, "2019-06-30": 0, "2019-03-31": "", "2018-12-31": 0, "2018-09-30": 0, "2018-06-30": 0, "2018-03-31": "", "2017-12-31": 0, "2017-09-30": 0, "2017-06-30": 0, "2017-03-31": "", "2016-12-31": 0, "2016-09-30": 0, "2016-06-30": 0, "2016-03-31": "", "2015-12-31": 0, "2015-09-30": 0, "2015-06-30": 0, "2015-03-31": "", "2014-12-31": 0, "2014-09-30": 0, "2014-06-30": 0, "2014-03-31": "", "2013-12-31": 0, "2013-09-30": 0, "2013-06-30": 0, "2013-03-31": "", "2012-12-31": 0, "2012-09-30": 0, "2012-06-30": 0, "2012-03-31": "", "2011-12-31": 0, "2011-09-30": 0, "2011-06-30": 0, "2011-03-31": "", "2010-12-31": 0, "2010-09-30": 0, "2010-06-30": 0, "2010-03-31": "", "2009-12-31": 0, "2009-09-30": 0, "2009-06-30": 0, "2009-03-31": "", "2008-12-31": -108.675, "2008-09-30": 0, "2008-06-30": 0, "2008-03-31": ""}}, "financial ratios": {"Current Ratio": {"2019-12-31": "2.18780", "2018-12-31": "3.84340", "2017-12-31": "1.57420", "2016-12-31": "1.01440", "2015-12-31": "1.13980", "2014-12-31": "1.49430", "2013-12-31": "1.59220", "2012-12-31": "1.40230", "2011-12-31": "0.94990", "2010-12-31": "1.08370", "2009-12-31": "1.44640", "2008-12-31": "1.64630", "2007-12-31": "1.13850", "2006-12-31": ""}, "Long-term Debt / Capital": {"2019-12-31": "0.06950", "2018-12-31": "0.01890", "2017-12-31": "0.05730", "2016-12-31": "0.07930", "2015-12-31": "0.10820", "2014-12-31": "0.14430", "2013-12-31": "0.20140", "2012-12-31": "0.28590", "2011-12-31": "0.11190", "2010-12-31": "0.14730", "2009-12-31": "0.22410", "2008-12-31": "0.36530", "2007-12-31": "1.53390", "2006-12-31": ""}, "Debt/Equity Ratio": {"2019-12-31": "0.09760", "2018-12-31": "0.04940", "2017-12-31": "0.06760", "2016-12-31": "0.12700", "2015-12-31": "0.13330", "2014-12-31": "0.18270", "2013-12-31": "0.27170", "2012-12-31": "0.42880", "2011-12-31": "0.13950", "2010-12-31": "0.20180", "2009-12-31": "0.32210", "2008-12-31": "0.60320", "2007-12-31": "-3.62370", "2006-12-31": ""}, "Gross Margin": {"2019-12-31": "59.65930", "2018-12-31": "70.63710", "2017-12-31": "76.34520", "2016-12-31": "75.47980", "2015-12-31": "57.63930", "2014-12-31": "58.21010", "2013-12-31": "57.47880", "2012-12-31": "56.89000", "2011-12-31": "54.35150", "2010-12-31": "53.62230", "2009-12-31": "61.09080", "2008-12-31": "66.24490", "2007-12-31": "60.68500", "2006-12-31": "56.61270"}, "Operating Margin": {"2019-12-31": "34.05040", "2018-12-31": "30.53210", "2017-12-31": "29.02620", "2016-12-31": "27.16030", "2015-12-31": "27.03170", "2014-12-31": "26.16510", "2013-12-31": "23.94580", "2012-12-31": "22.30820", "2011-12-31": "19.25290", "2010-12-31": "15.08620", "2009-12-31": "17.78220", "2008-12-31": "7.93320", "2007-12-31": "4.37450", "2006-12-31": "4.21850"}, "EBIT Margin": {"2019-12-31": "34.05040", "2018-12-31": "30.53210", "2017-12-31": "29.02620", "2016-12-31": "27.16030", "2015-12-31": "27.03170", "2014-12-31": "26.16510", "2013-12-31": "23.94580", "2012-12-31": "22.30820", "2011-12-31": "19.25290", "2010-12-31": "15.08620", "2009-12-31": "17.78220", "2008-12-31": "7.93320", "2007-12-31": "4.37450", "2006-12-31": "4.21850"}, "EBITDA Margin": {"2019-12-31": "37.50760", "2018-12-31": "34.75120", "2017-12-31": "34.59300", "2016-12-31": "32.39110", "2015-12-31": "31.61600", "2014-12-31": "30.43000", "2013-12-31": "28.19710", "2012-12-31": "26.64390", "2011-12-31": "23.26330", "2010-12-31": "18.24230", "2009-12-31": "20.83760", "2008-12-31": "11.09180", "2007-12-31": "7.69690", "2006-12-31": "7.54120"}, "Pre-Tax Profit Margin": {"2019-12-31": "40.77630", "2018-12-31": "33.94440", "2017-12-31": "29.10570", "2016-12-31": "27.03680", "2015-12-31": "26.85780", "2014-12-31": "26.00340", "2013-12-31": "24.21640", "2012-12-31": "22.18530", "2011-12-31": "19.10480", "2010-12-31": "14.89920", "2009-12-31": "17.29010", "2008-12-31": "6.53400", "2007-12-31": "2.55920", "2006-12-31": "1.56290"}, "Net Profit Margin": {"2019-12-31": "33.28550", "2018-12-31": "27.08580", "2017-12-31": "20.87180", "2016-12-31": "17.00520", "2015-12-31": "16.88650", "2014-12-31": "16.12980", "2013-12-31": "14.82630", "2012-12-31": "13.58360", "2011-12-31": "11.84470", "2010-12-31": "9.12960", "2009-12-31": "10.42530", "2008-12-31": "3.56270", "2007-12-31": "1.18500", "2006-12-31": "0.09850"}, "Asset Turnover": {"2019-12-31": "0.46070", "2018-12-31": "0.63860", "2017-12-31": "0.74730", "2016-12-31": "0.79940", "2015-12-31": "0.87240", "2014-12-31": "0.91440", "2013-12-31": "0.97120", "2012-12-31": "1.03300", "2011-12-31": "1.34260", "2010-12-31": "1.40180", "2009-12-31": "1.49880", "2008-12-31": "1.37880", "2007-12-31": "1.12150", "2006-12-31": ""}, "Inventory Turnover Ratio": {"2019-12-31": "", "2018-12-31": "", "2017-12-31": "", "2016-12-31": "", "2015-12-31": "", "2014-12-31": "", "2013-12-31": "", "2012-12-31": "", "2011-12-31": "", "2010-12-31": "", "2009-12-31": "", "2008-12-31": "", "2007-12-31": "", "2006-12-31": ""}, "Receiveable Turnover": {"2019-12-31": "13.87070", "2018-12-31": "16.42130", "2017-12-31": "74.96800", "2016-12-31": "61.39930", "2015-12-31": "63.52650", "2014-12-31": "90.85660", "2013-12-31": "55.31940", "2012-12-31": "64.30100", "2011-12-31": "18.02420", "2010-12-31": "14.60810", "2009-12-31": "18.97570", "2008-12-31": "14.64050", "2007-12-31": "13.96210", "2006-12-31": ""}, "Days Sales In Receivables": {"2019-12-31": "26.31460", "2018-12-31": "22.22720", "2017-12-31": "4.86870", "2016-12-31": "5.94470", "2015-12-31": "5.74560", "2014-12-31": "4.01730", "2013-12-31": "6.59800", "2012-12-31": "5.67640", "2011-12-31": "20.25060", "2010-12-31": "24.98610", "2009-12-31": "19.23520", "2008-12-31": "24.93090", "2007-12-31": "26.14230", "2006-12-31": ""}, "ROE - Return On Equity": {"2019-12-31": "17.95550", "2018-12-31": "18.87040", "2017-12-31": "20.62160", "2016-12-31": "19.19560", "2015-12-31": "21.53390", "2014-12-31": "23.40580", "2013-12-31": "25.72500", "2012-12-31": "29.67070", "2011-12-31": "30.95420", "2010-12-31": "27.61230", "2009-12-31": "31.73850", "2008-12-31": "12.47430", "2007-12-31": "-14.69290", "2006-12-31": ""}, "Return On Tangible Equity": {"2019-12-31": "23.98410", "2018-12-31": "18.91630", "2017-12-31": "20.68330", "2016-12-31": "19.26890", "2015-12-31": "21.63820", "2014-12-31": "23.55130", "2013-12-31": "25.94630", "2012-12-31": "30.04830", "2011-12-31": "31.52190", "2010-12-31": "28.26430", "2009-12-31": "32.86190", "2008-12-31": "13.19870", "2007-12-31": "-11.45040", "2006-12-31": ""}, "ROA - Return On Assets": {"2019-12-31": "15.33320", "2018-12-31": "17.29670", "2017-12-31": "15.59710", "2016-12-31": "13.59400", "2015-12-31": "14.73250", "2014-12-31": "14.74980", "2013-12-31": "14.39880", "2012-12-31": "14.03190", "2011-12-31": "15.90260", "2010-12-31": "12.79770", "2009-12-31": "15.62570", "2008-12-31": "5.71420", "2007-12-31": "1.72300", "2006-12-31": ""}, "ROI - Return On Investment": {"2019-12-31": "16.70800", "2018-12-31": "18.51290", "2017-12-31": "19.44010", "2016-12-31": "17.67390", "2015-12-31": "19.20400", "2014-12-31": "20.02930", "2013-12-31": "20.54290", "2012-12-31": "21.18930", "2011-12-31": "27.49040", "2010-12-31": "23.54400", "2009-12-31": "24.62500", "2008-12-31": "7.91750", "2007-12-31": "7.84410", "2006-12-31": ""}, "Book Value Per Share": {"2019-12-31": "30.00590", "2018-12-31": "25.17780", "2017-12-31": "20.48730", "2016-12-31": "16.26790", "2015-12-31": "13.01810", "2014-12-31": "10.18810", "2013-12-31": "7.48930", "2012-12-31": "5.23430", "2011-12-31": "3.68620", "2010-12-31": "2.78620", "2009-12-31": "1.88420", "2008-12-31": "1.17870", "2007-12-31": "-0.54560", "2006-12-31": ""}, "Operating Cash Flow Per Share": {"2019-12-31": 2.2349, "2018-12-31": -2.209, "2017-12-31": 1.2753, "2016-12-31": 1.1313, "2015-12-31": 0.3618, "2014-12-31": 0.985, "2013-12-31": -0.6189, "2012-12-31": 1.2364, "2011-12-31": 1.0795, "2010-12-31": -0.4735, "2009-12-31": 1.0381, "2008-12-31": 0.104, "2007-12-31": 0.0176, "2006-12-31": 0.1845}, "Free Cash Flow Per Share": {"2019-12-31": 5.8021, "2018-12-31": -1.5985, "2017-12-31": 3.778, "2016-12-31": 0.6759, "2015-12-31": -0.6675, "2014-12-31": -0.5761, "2013-12-31": -0.3279, "2012-12-31": 0.7045, "2011-12-31": 0.6435, "2010-12-31": -0.4989, "2009-12-31": -0.0358, "2008-12-31": 0.0642, "2007-12-31": -0.1283, "2006-12-31": 0.1197}}, "financial ratios, quarterly": {"Current Ratio": {"2020-09-30": "2.37850", "2020-06-30": "1.47840", "2020-03-31": "1.86590", "2019-12-31": "2.18780", "2019-09-30": "1.91540", "2019-06-30": "0.95980", "2019-03-31": "1.57310", "2018-12-31": "3.84340", "2018-09-30": "4.64540", "2018-06-30": "5.72560", "2018-03-31": "1.66380", "2017-12-31": "1.57420", "2017-09-30": "1.35710", "2017-06-30": "1.33140", "2017-03-31": "1.18190", "2016-12-31": "1.01440", "2016-09-30": "0.87240", "2016-06-30": "0.85890", "2016-03-31": "1.01530", "2015-12-31": "1.13980", "2015-09-30": "1.10240", "2015-06-30": "1.21970", "2015-03-31": "1.37410", "2014-12-31": "1.49430", "2014-09-30": "1.26080", "2014-06-30": "1.45180", "2014-03-31": "1.64160", "2013-12-31": "1.59220", "2013-09-30": "1.44760", "2013-06-30": "1.52640", "2013-03-31": "1.44600", "2012-12-31": "1.40230", "2012-09-30": "0.88770", "2012-06-30": "0.88640", "2012-03-31": "0.95710", "2011-12-31": "0.94990", "2011-09-30": "0.83040", "2011-06-30": "0.90660", "2011-03-31": "1.00990", "2010-12-31": "1.08370", "2010-09-30": "1.18680", "2010-06-30": "1.34310", "2010-03-31": "1.33460", "2009-12-31": "1.44640", "2009-09-30": "1.21730", "2009-06-30": "1.05780", "2009-03-31": "1.46960", "2008-12-31": "1.64630", "2008-09-30": "", "2008-06-30": "", "2008-03-31": ""}, "Long-term Debt / Capital": {"2020-09-30": "0.05170", "2020-06-30": "0.05770", "2020-03-31": "0.06430", "2019-12-31": "0.06950", "2019-09-30": "0.13250", "2019-06-30": "0.13540", "2019-03-31": "0.13580", "2018-12-31": "0.01890", "2018-09-30": "0.04610", "2018-06-30": "0.04890", "2018-03-31": "0.05250", "2017-12-31": "0.05730", "2017-09-30": "0.06300", "2017-06-30": "0.06760", "2017-03-31": "0.07280", "2016-12-31": "0.07930", "2016-09-30": "0.08730", "2016-06-30": "0.09360", "2016-03-31": "0.10050", "2015-12-31": "0.10820", "2015-09-30": "0.11580", "2015-06-30": "0.12380", "2015-03-31": "0.13280", "2014-12-31": "0.14430", "2014-09-30": "0.15720", "2014-06-30": "0.17040", "2014-03-31": "0.18300", "2013-12-31": "0.20140", "2013-09-30": "0.22000", "2013-06-30": "0.23840", "2013-03-31": "0.26250", "2012-12-31": "0.28590", "2012-09-30": "0.08160", "2012-06-30": "0.09050", "2012-03-31": "0.09960", "2011-12-31": "0.11190", "2011-09-30": "0.12540", "2011-06-30": "0.12710", "2011-03-31": "0.13680", "2010-12-31": "0.14730", "2010-09-30": "0.16690", "2010-06-30": "0.18390", "2010-03-31": "0.20700", "2009-12-31": "0.22410", "2009-09-30": "0.26930", "2009-06-30": "0.33170", "2009-03-31": "0.32810", "2008-12-31": "0.36530", "2008-09-30": "", "2008-06-30": "", "2008-03-31": ""}, "Debt/Equity Ratio": {"2020-09-30": "0.07630", "2020-06-30": "0.08350", "2020-03-31": "0.09160", "2019-12-31": "0.09760", "2019-09-30": "0.18550", "2019-06-30": "0.19300", "2019-03-31": "0.19520", "2018-12-31": "0.04940", "2018-09-30": "0.05410", "2018-06-30": "0.05740", "2018-03-31": "0.06180", "2017-12-31": "0.06760", "2017-09-30": "0.07460", "2017-06-30": "0.08020", "2017-03-31": "0.08660", "2016-12-31": "0.12700", "2016-09-30": "0.12190", "2016-06-30": "0.15000", "2016-03-31": "0.12230", "2015-12-31": "0.13330", "2015-09-30": "0.14340", "2015-06-30": "0.15440", "2015-03-31": "0.16620", "2014-12-31": "0.18270", "2014-09-30": "0.20170", "2014-06-30": "0.22180", "2014-03-31": "0.24160", "2013-12-31": "0.27170", "2013-09-30": "0.30340", "2013-06-30": "0.33630", "2013-03-31": "0.38190", "2012-12-31": "0.42880", "2012-09-30": "0.09730", "2012-06-30": "0.10880", "2012-03-31": "0.12070", "2011-12-31": "0.13950", "2011-09-30": "0.16140", "2011-06-30": "0.16710", "2011-03-31": "0.18500", "2010-12-31": "0.20180", "2010-09-30": "0.22730", "2010-06-30": "0.25010", "2010-03-31": "0.28980", "2009-12-31": "0.32210", "2009-09-30": "0.40770", "2009-06-30": "0.55020", "2009-03-31": "0.52170", "2008-12-31": "0.60320", "2008-09-30": "", "2008-06-30": "", "2008-03-31": ""}, "Gross Margin": {"2020-09-30": "55.15520", "2020-06-30": "54.38020", "2020-03-31": "60.97720", "2019-12-31": "60.10030", "2019-09-30": "58.36290", "2019-06-30": "56.05370", "2019-03-31": "63.64790", "2018-12-31": "64.46760", "2018-09-30": "59.97720", "2018-06-30": "74.02390", "2018-03-31": "77.71190", "2017-12-31": "108.75730", "2017-09-30": "76.04070", "2017-06-30": "56.46840", "2017-03-31": "58.67380", "2016-12-31": "123.23810", "2016-09-30": "56.40270", "2016-06-30": "55.77190", "2016-03-31": "58.29450", "2015-12-31": "57.20060", "2015-09-30": "56.98910", "2015-06-30": "56.87130", "2015-03-31": "59.46620", "2014-12-31": "58.65100", "2014-09-30": "59.03370", "2014-06-30": "57.21970", "2014-03-31": "57.78700", "2013-12-31": "58.15700", "2013-09-30": "57.54300", "2013-06-30": "56.35110", "2013-03-31": "57.75750", "2012-12-31": "58.37240", "2012-09-30": "57.06010", "2012-06-30": "55.21890", "2012-03-31": "56.60930", "2011-12-31": "55.18870", "2011-09-30": "55.06980", "2011-06-30": "55.04760", "2011-03-31": "51.94620", "2010-12-31": "45.18240", "2010-09-30": "53.79600", "2010-06-30": "57.19740", "2010-03-31": "58.95930", "2009-12-31": "48.28030", "2009-09-30": "64.49070", "2009-06-30": "67.55270", "2009-03-31": "67.60130", "2008-12-31": "100.00000", "2008-09-30": "67.04790", "2008-06-30": "64.10350", "2008-03-31": "67.45920"}, "Operating Margin": {"2020-09-30": "25.72740", "2020-06-30": "26.00560", "2020-03-31": "36.45120", "2019-12-31": "38.43990", "2019-09-30": "30.90400", "2019-06-30": "29.16940", "2019-03-31": "36.71350", "2018-12-31": "45.14220", "2018-09-30": "18.92520", "2018-06-30": "24.69740", "2018-03-31": "32.67980", "2017-12-31": "33.65510", "2017-09-30": "25.27080", "2017-06-30": "25.23490", "2017-03-31": "30.87270", "2016-12-31": "31.34840", "2016-09-30": "22.36510", "2016-06-30": "23.39410", "2016-03-31": "30.26600", "2015-12-31": "29.23540", "2015-09-30": "25.32870", "2015-06-30": "24.18420", "2015-03-31": "28.83990", "2014-12-31": "28.18090", "2014-09-30": "26.25220", "2014-06-30": "23.88930", "2014-03-31": "25.94250", "2013-12-31": "25.16390", "2013-09-30": "24.46540", "2013-06-30": "22.25950", "2013-03-31": "23.67460", "2012-12-31": "23.52970", "2012-09-30": "23.36110", "2012-06-30": "21.29630", "2012-03-31": "20.66400", "2011-12-31": "20.62920", "2011-09-30": "18.97090", "2011-06-30": "21.35130", "2011-03-31": "15.89830", "2010-12-31": "-0.42470", "2010-09-30": "18.68800", "2010-06-30": "21.03320", "2010-03-31": "21.93870", "2009-12-31": "23.06400", "2009-09-30": "10.12800", "2009-06-30": "20.67560", "2009-03-31": "16.24440", "2008-12-31": "7.36220", "2008-09-30": "6.77490", "2008-06-30": "1.11670", "2008-03-31": "16.63450"}, "EBIT Margin": {"2020-09-30": "25.72740", "2020-06-30": "26.00560", "2020-03-31": "36.45120", "2019-12-31": "38.43990", "2019-09-30": "30.90400", "2019-06-30": "29.16940", "2019-03-31": "36.71350", "2018-12-31": "45.14220", "2018-09-30": "18.92520", "2018-06-30": "24.69740", "2018-03-31": "32.67980", "2017-12-31": "33.65510", "2017-09-30": "25.27080", "2017-06-30": "25.23490", "2017-03-31": "30.87270", "2016-12-31": "31.34840", "2016-09-30": "22.36510", "2016-06-30": "23.39410", "2016-03-31": "30.26600", "2015-12-31": "29.23540", "2015-09-30": "25.32870", "2015-06-30": "24.18420", "2015-03-31": "28.83990", "2014-12-31": "28.18090", "2014-09-30": "26.25220", "2014-06-30": "23.88930", "2014-03-31": "25.94250", "2013-12-31": "25.16390", "2013-09-30": "24.46540", "2013-06-30": "22.25950", "2013-03-31": "23.67460", "2012-12-31": "23.52970", "2012-09-30": "23.36110", "2012-06-30": "21.29630", "2012-03-31": "20.66400", "2011-12-31": "20.62920", "2011-09-30": "18.97090", "2011-06-30": "21.35130", "2011-03-31": "15.89830", "2010-12-31": "-0.42470", "2010-09-30": "18.68800", "2010-06-30": "21.03320", "2010-03-31": "21.93870", "2009-12-31": "23.06400", "2009-09-30": "10.12800", "2009-06-30": "20.67560", "2009-03-31": "16.24440", "2008-12-31": "100.00000", "2008-09-30": "6.77490", "2008-06-30": "1.11670", "2008-03-31": "16.63450"}, "EBITDA Margin": {"2020-09-30": "", "2020-06-30": "", "2020-03-31": "", "2019-12-31": "", "2019-09-30": "", "2019-06-30": "", "2019-03-31": "", "2018-12-31": "", "2018-09-30": "", "2018-06-30": "", "2018-03-31": "", "2017-12-31": "", "2017-09-30": "", "2017-06-30": "", "2017-03-31": "", "2016-12-31": "", "2016-09-30": "", "2016-06-30": "", "2016-03-31": "", "2015-12-31": "", "2015-09-30": "", "2015-06-30": "", "2015-03-31": "", "2014-12-31": "", "2014-09-30": "", "2014-06-30": "", "2014-03-31": "", "2013-12-31": "", "2013-09-30": "", "2013-06-30": "", "2013-03-31": "", "2012-12-31": "", "2012-09-30": "", "2012-06-30": "", "2012-03-31": "", "2011-12-31": "", "2011-09-30": "", "2011-06-30": "", "2011-03-31": "", "2010-12-31": "", "2010-09-30": "", "2010-06-30": "", "2010-03-31": "", "2009-12-31": "", "2009-09-30": "", "2009-06-30": "", "2009-03-31": "", "2008-12-31": "", "2008-09-30": "", "2008-06-30": "", "2008-03-31": ""}, "Pre-Tax Profit Margin": {"2020-09-30": "32.85900", "2020-06-30": "33.56660", "2020-03-31": "42.48770", "2019-12-31": "44.19480", "2019-09-30": "37.93390", "2019-06-30": "37.31670", "2019-03-31": "42.93190", "2018-12-31": "52.82740", "2018-09-30": "27.32710", "2018-06-30": "25.33510", "2018-03-31": "32.91010", "2017-12-31": "33.73980", "2017-09-30": "25.64250", "2017-06-30": "25.34670", "2017-03-31": "30.63990", "2016-12-31": "31.22660", "2016-09-30": "21.11300", "2016-06-30": "23.46470", "2016-03-31": "31.02340", "2015-12-31": "28.72370", "2015-09-30": "25.27080", "2015-06-30": "24.17330", "2015-03-31": "28.77910", "2014-12-31": "28.16030", "2014-09-30": "25.94770", "2014-06-30": "23.78910", "2014-03-31": "25.71190", "2013-12-31": "24.85300", "2013-09-30": "25.10450", "2013-06-30": "21.99300", "2013-03-31": "24.74970", "2012-12-31": "23.35910", "2012-09-30": "23.25780", "2012-06-30": "21.25270", "2012-03-31": "20.49590", "2011-12-31": "20.27170", "2011-09-30": "18.83320", "2011-06-30": "21.34840", "2011-03-31": "15.82460", "2010-12-31": "-0.59500", "2010-09-30": "18.54350", "2010-06-30": "20.90500", "2010-03-31": "21.62190", "2009-12-31": "22.80840", "2009-09-30": "9.77540", "2009-06-30": "20.19870", "2009-03-31": "15.23830", "2008-12-31": "100.00000", "2008-09-30": "5.31880", "2008-06-30": "-0.37320", "2008-03-31": "15.06340"}, "Net Profit Margin": {"2020-09-30": "26.23500", "2020-06-30": "25.30580", "2020-03-31": "32.20550", "2019-12-31": "35.95310", "2019-09-30": "30.08500", "2019-06-30": "29.23690", "2019-03-31": "37.12510", "2018-12-31": "42.54120", "2018-09-30": "21.71770", "2018-06-30": "19.44030", "2018-03-31": "26.72690", "2017-12-31": "25.14790", "2017-09-30": "16.63950", "2017-06-30": "18.25320", "2017-03-31": "22.52650", "2016-12-31": "19.61020", "2016-09-30": "13.89630", "2016-06-30": "14.44280", "2016-03-31": "19.23920", "2015-12-31": "17.64910", "2015-09-30": "17.24050", "2015-06-30": "14.75220", "2015-03-31": "17.60650", "2014-12-31": "17.41980", "2014-09-30": "16.57530", "2014-06-30": "14.54600", "2014-03-31": "15.70070", "2013-12-31": "16.10230", "2013-09-30": "14.79340", "2013-06-30": "13.47630", "2013-03-31": "14.74690", "2012-12-31": "14.79780", "2012-09-30": "13.82890", "2012-06-30": "13.07900", "2012-03-31": "12.35280", "2011-12-31": "13.56050", "2011-09-30": "11.81540", "2011-06-30": "12.48380", "2011-03-31": "9.32170", "2010-12-31": "0.58900", "2010-09-30": "10.85640", "2010-06-30": "12.71100", "2010-03-31": "12.85180", "2009-12-31": "14.32460", "2009-09-30": "5.28270", "2009-06-30": "12.15010", "2009-03-31": "9.15090", "2008-12-31": "4.27410", "2008-09-30": "2.49550", "2008-06-30": "-1.00680", "2008-03-31": "8.54130"}, "Asset Turnover": {"2020-09-30": "0.11020", "2020-06-30": "0.10380", "2020-03-31": "0.12800", "2019-12-31": "0.12620", "2019-09-30": "0.10980", "2019-06-30": "0.10420", "2019-03-31": "0.12180", "2018-12-31": "0.13410", "2018-09-30": "0.12410", "2018-06-30": "0.16920", "2018-03-31": "0.19800", "2017-12-31": "0.20820", "2017-09-30": "0.18300", "2017-06-30": "0.18680", "2017-03-31": "0.21480", "2016-12-31": "0.22390", "2016-09-30": "0.19630", "2016-06-30": "0.19030", "2016-03-31": "0.23620", "2015-12-31": "0.24210", "2015-09-30": "0.21190", "2015-06-30": "0.21080", "2015-03-31": "0.23800", "2014-12-31": "0.25140", "2014-09-30": "0.23170", "2014-06-30": "0.23030", "2014-03-31": "0.25550", "2013-12-31": "0.26370", "2013-09-30": "0.25650", "2013-06-30": "0.26120", "2013-03-31": "0.27110", "2012-12-31": "0.28550", "2012-09-30": "0.31570", "2012-06-30": "0.31790", "2012-03-31": "0.33470", "2011-12-31": "0.35550", "2011-09-30": "0.35940", "2011-06-30": "0.35560", "2011-03-31": "0.35500", "2010-12-31": "0.36290", "2010-09-30": "0.35140", "2010-06-30": "0.41010", "2010-03-31": "0.40240", "2009-12-31": "0.44330", "2009-09-30": "0.35990", "2009-06-30": "0.49720", "2009-03-31": "0.35120", "2008-12-31": "0.44180", "2008-09-30": "", "2008-06-30": "", "2008-03-31": ""}, "Inventory Turnover Ratio": {"2020-09-30": "", "2020-06-30": "", "2020-03-31": "", "2019-12-31": "", "2019-09-30": "", "2019-06-30": "", "2019-03-31": "", "2018-12-31": "", "2018-09-30": "", "2018-06-30": "", "2018-03-31": "", "2017-12-31": "", "2017-09-30": "", "2017-06-30": "", "2017-03-31": "", "2016-12-31": "", "2016-09-30": "", "2016-06-30": "", "2016-03-31": "", "2015-12-31": "", "2015-09-30": "", "2015-06-30": "", "2015-03-31": "", "2014-12-31": "", "2014-09-30": "", "2014-06-30": "", "2014-03-31": "", "2013-12-31": "", "2013-09-30": "", "2013-06-30": "", "2013-03-31": "", "2012-12-31": "", "2012-09-30": "", "2012-06-30": "", "2012-03-31": "", "2011-12-31": "", "2011-09-30": "", "2011-06-30": "", "2011-03-31": "", "2010-12-31": "", "2010-09-30": "", "2010-06-30": "", "2010-03-31": "", "2009-12-31": "", "2009-09-30": "", "2009-06-30": "", "2009-03-31": "", "2008-12-31": "", "2008-09-30": "", "2008-06-30": "", "2008-03-31": ""}, "Receiveable Turnover": {"2020-09-30": "2.02350", "2020-06-30": "8.34870", "2020-03-31": "2.63610", "2019-12-31": "3.79880", "2019-09-30": "2.09800", "2019-06-30": "10.23360", "2019-03-31": "2.38090", "2018-12-31": "3.44830", "2018-09-30": "2.18050", "2018-06-30": "751.80320", "2018-03-31": "25.53080", "2017-12-31": "20.88800", "2017-09-30": "14.06930", "2017-06-30": "14.10300", "2017-03-31": "17.91450", "2016-12-31": "17.20070", "2016-09-30": "12.92260", "2016-06-30": "10.88540", "2016-03-31": "21.27270", "2015-12-31": "17.62890", "2015-09-30": "20.35720", "2015-06-30": "21.41780", "2015-03-31": "29.02180", "2014-12-31": "24.97670", "2014-09-30": "21.06320", "2014-06-30": "18.62530", "2014-03-31": "22.67500", "2013-12-31": "15.01880", "2013-09-30": "19.05230", "2013-06-30": "12.65550", "2013-03-31": "18.56360", "2012-12-31": "17.77110", "2012-09-30": "14.58480", "2012-06-30": "14.26040", "2012-03-31": "13.34220", "2011-12-31": "4.77300", "2011-09-30": "4.40640", "2011-06-30": "2.71960", "2011-03-31": "2.94110", "2010-12-31": "3.78180", "2010-09-30": "3.02380", "2010-06-30": "2.28730", "2010-03-31": "6.43100", "2009-12-31": "5.61180", "2009-09-30": "4.13260", "2009-06-30": "5.23770", "2009-03-31": "4.84490", "2008-12-31": "4.69080", "2008-09-30": "", "2008-06-30": "", "2008-03-31": ""}, "Days Sales In Receivables": {"2020-09-30": "44.47830", "2020-06-30": "10.78010", "2020-03-31": "34.14200", "2019-12-31": "23.69200", "2019-09-30": "42.89700", "2019-06-30": "8.79460", "2019-03-31": "37.80020", "2018-12-31": "26.09950", "2018-09-30": "41.27450", "2018-06-30": "0.11970", "2018-03-31": "3.52520", "2017-12-31": "4.30870", "2017-09-30": "6.39690", "2017-06-30": "6.38160", "2017-03-31": "5.02390", "2016-12-31": "5.23230", "2016-09-30": "6.96460", "2016-06-30": "8.26790", "2016-03-31": "4.23080", "2015-12-31": "5.10530", "2015-09-30": "4.42100", "2015-06-30": "4.20210", "2015-03-31": "3.10110", "2014-12-31": "3.60340", "2014-09-30": "4.27290", "2014-06-30": "4.83220", "2014-03-31": "3.96910", "2013-12-31": "5.99250", "2013-09-30": "4.72390", "2013-06-30": "7.11150", "2013-03-31": "4.84820", "2012-12-31": "5.06440", "2012-09-30": "6.17080", "2012-06-30": "6.31120", "2012-03-31": "6.74550", "2011-12-31": "18.85620", "2011-09-30": "20.42480", "2011-06-30": "33.09260", "2011-03-31": "30.60080", "2010-12-31": "23.79840", "2010-09-30": "29.76350", "2010-06-30": "39.34740", "2010-03-31": "13.99480", "2009-12-31": "16.03770", "2009-09-30": "21.77820", "2009-06-30": "17.18310", "2009-03-31": "18.57640", "2008-12-31": "19.18660", "2008-09-30": "", "2008-06-30": "", "2008-03-31": ""}, "ROE - Return On Equity": {"2020-09-30": "3.42190", "2020-06-30": "3.15630", "2020-03-31": "4.92990", "2019-12-31": "5.31160", "2019-09-30": "4.20830", "2019-06-30": "3.84940", "2019-03-31": "5.75410", "2018-12-31": "6.22370", "2018-09-30": "2.96580", "2018-06-30": "4.18410", "2018-03-31": "7.01050", "2017-12-31": "6.92290", "2017-09-30": "4.29210", "2017-06-30": "4.56850", "2017-03-31": "6.76470", "2016-12-31": "6.20140", "2016-09-30": "4.07990", "2016-06-30": "4.06100", "2016-03-31": "6.77810", "2015-12-31": "6.24560", "2015-09-30": "5.75220", "2015-06-30": "4.74410", "2015-03-31": "6.66010", "2014-12-31": "6.94890", "2014-09-30": "6.60220", "2014-06-30": "5.66400", "2014-03-31": "6.90160", "2013-12-31": "7.58520", "2013-09-30": "7.17270", "2013-06-30": "6.60680", "2013-03-31": "8.10360", "2012-12-31": "8.93320", "2012-09-30": "8.50300", "2012-06-30": "7.85220", "2012-03-31": "7.95570", "2011-12-31": "9.38440", "2011-09-30": "8.77330", "2011-06-30": "9.02360", "2011-03-31": "7.00670", "2010-12-31": "0.46120", "2010-09-30": "8.45130", "2010-06-30": "10.94020", "2010-03-31": "11.58010", "2009-12-31": "12.89700", "2009-09-30": "4.75040", "2009-06-30": "14.16290", "2009-03-31": "7.73320", "2008-12-31": "4.12200", "2008-09-30": "", "2008-06-30": "", "2008-03-31": ""}, "Return On Tangible Equity": {"2020-09-30": "4.46950", "2020-06-30": "4.15730", "2020-03-31": "6.56540", "2019-12-31": "7.09500", "2019-09-30": "5.71950", "2019-06-30": "5.32130", "2019-03-31": "8.02180", "2018-12-31": "6.23890", "2018-09-30": "2.97340", "2018-06-30": "4.19530", "2018-03-31": "7.03020", "2017-12-31": "6.94360", "2017-09-30": "4.30600", "2017-06-30": "4.58390", "2017-03-31": "6.78890", "2016-12-31": "6.22500", "2016-09-30": "4.09670", "2016-06-30": "4.07860", "2016-03-31": "6.80920", "2015-12-31": "6.27590", "2015-09-30": "5.78160", "2015-06-30": "4.76990", "2015-03-31": "6.69850", "2014-12-31": "6.99210", "2014-09-30": "6.64670", "2014-06-30": "5.70520", "2014-03-31": "6.95530", "2013-12-31": "7.65040", "2013-09-30": "7.24040", "2013-06-30": "6.67490", "2013-03-31": "8.19690", "2012-12-31": "9.04690", "2012-09-30": "8.61970", "2012-06-30": "7.97020", "2012-03-31": "8.08640", "2011-12-31": "9.55650", "2011-09-30": "8.95280", "2011-06-30": "9.21360", "2011-03-31": "7.16240", "2010-12-31": "0.47210", "2010-09-30": "8.65150", "2010-06-30": "11.23170", "2010-03-31": "11.93410", "2009-12-31": "13.35350", "2009-09-30": "4.94840", "2009-06-30": "14.97920", "2009-03-31": "8.09600", "2008-12-31": "4.36140", "2008-09-30": "", "2008-06-30": "", "2008-03-31": ""}, "ROA - Return On Assets": {"2020-09-30": "2.89050", "2020-06-30": "2.62580", "2020-03-31": "4.12250", "2019-12-31": "4.53590", "2019-09-30": "3.30280", "2019-06-30": "3.04690", "2019-03-31": "4.52260", "2018-12-31": "5.70470", "2018-09-30": "2.69510", "2018-06-30": "3.28850", "2018-03-31": "5.29320", "2017-12-31": "5.23610", "2017-09-30": "3.04460", "2017-06-30": "3.40990", "2017-03-31": "4.83980", "2016-12-31": "4.39170", "2016-09-30": "2.72730", "2016-06-30": "2.74900", "2016-03-31": "4.54510", "2015-12-31": "4.27300", "2015-09-30": "3.65350", "2015-06-30": "3.10950", "2015-03-31": "4.19080", "2014-12-31": "4.37900", "2014-09-30": "3.84060", "2014-06-30": "3.35040", "2014-03-31": "4.01190", "2013-12-31": "4.24560", "2013-09-30": "3.79500", "2013-06-30": "3.51950", "2013-03-31": "3.99790", "2012-12-31": "4.22470", "2012-09-30": "4.36570", "2012-06-30": "4.15840", "2012-03-31": "4.13440", "2011-12-31": "4.82120", "2011-09-30": "4.24600", "2011-06-30": "4.43980", "2011-03-31": "3.30970", "2010-12-31": "0.21370", "2010-09-30": "3.81540", "2010-06-30": "5.21250", "2010-03-31": "5.17190", "2009-12-31": "6.34950", "2009-09-30": "1.90130", "2009-06-30": "6.04160", "2009-03-31": "3.21420", "2008-12-31": "1.88820", "2008-09-30": "", "2008-06-30": "", "2008-03-31": ""}, "ROI - Return On Investment": {"2020-09-30": "3.24500", "2020-06-30": "2.97420", "2020-03-31": "4.61290", "2019-12-31": "4.94250", "2019-09-30": "3.65070", "2019-06-30": "3.32830", "2019-03-31": "4.97280", "2018-12-31": "6.10580", "2018-09-30": "2.82910", "2018-06-30": "3.97940", "2018-03-31": "6.64220", "2017-12-31": "6.52620", "2017-09-30": "4.02160", "2017-06-30": "4.25950", "2017-03-31": "6.27190", "2016-12-31": "5.70970", "2016-09-30": "3.72360", "2016-06-30": "3.68070", "2016-03-31": "6.09690", "2015-12-31": "5.56990", "2015-09-30": "5.08610", "2015-06-30": "4.15700", "2015-03-31": "5.77550", "2014-12-31": "5.94650", "2014-09-30": "5.56450", "2014-06-30": "4.69900", "2014-03-31": "5.63870", "2013-12-31": "6.05720", "2013-09-30": "5.59470", "2013-06-30": "5.03140", "2013-03-31": "5.97610", "2012-12-31": "6.37960", "2012-09-30": "7.80960", "2012-06-30": "7.14190", "2012-03-31": "7.16320", "2011-12-31": "8.33420", "2011-09-30": "7.67340", "2011-06-30": "7.87690", "2011-03-31": "6.04830", "2010-12-31": "0.39320", "2010-09-30": "7.04120", "2010-06-30": "8.92830", "2010-03-31": "9.18280", "2009-12-31": "10.00640", "2009-09-30": "3.47120", "2009-06-30": "9.46500", "2009-03-31": "5.19600", "2008-12-31": "2.61630", "2008-09-30": "", "2008-06-30": "", "2008-03-31": ""}, "Book Value Per Share": {"2020-09-30": "32.33040", "2020-06-30": "31.48410", "2020-03-31": "30.54030", "2019-12-31": "30.00590", "2019-09-30": "28.60750", "2019-06-30": "27.46180", "2019-03-31": "26.38300", "2018-12-31": "25.17780", "2018-09-30": "23.64980", "2018-06-30": "22.80080", "2018-03-31": "21.79750", "2017-12-31": "20.48730", "2017-09-30": "19.03000", "2017-06-30": "18.15110", "2017-03-31": "17.28080", "2016-12-31": "16.26790", "2016-09-30": "15.14510", "2016-06-30": "14.43330", "2016-03-31": "13.82000", "2015-12-31": "13.01810", "2015-09-30": "12.29660", "2015-06-30": "11.52750", "2015-03-31": "10.90310", "2014-12-31": "10.18810", "2014-09-30": "9.41150", "2014-06-30": "8.72320", "2014-03-31": "8.16710", "2013-12-31": "7.48930", "2013-09-30": "6.83570", "2013-06-30": "6.27830", "2013-03-31": "5.68150", "2012-12-31": "5.23430", "2012-09-30": "4.83780", "2012-06-30": "4.41270", "2012-03-31": "4.08790", "2011-12-31": "3.68620", "2011-09-30": "3.30860", "2011-06-30": "3.22330", "2011-03-31": "3.01920", "2010-12-31": "2.78620", "2010-09-30": "2.77930", "2010-06-30": "2.47690", "2010-03-31": "2.16920", "2009-12-31": "1.88420", "2009-09-30": "1.61110", "2009-06-30": "1.21060", "2009-03-31": "1.44280", "2008-12-31": "1.17870", "2008-09-30": "", "2008-06-30": "", "2008-03-31": ""}, "Operating Cash Flow Per Share": {"2020-09-30": -0.8644, "2020-06-30": 2.8936, "2020-03-31": "1.79460", "2019-12-31": 2.3101, "2019-09-30": 0.118, "2019-06-30": 2.3376, "2019-03-31": "1.58130", "2018-12-31": 2.1185, "2018-09-30": -0.9739, "2018-06-30": 0.5085, "2018-03-31": "2.45900", "2017-12-31": 0.7316, "2017-09-30": 2.816, "2017-06-30": 0.4923, "2017-03-31": "2.28120", "2016-12-31": 0.5251, "2016-09-30": 2.1273, "2016-06-30": 0.5387, "2016-03-31": "1.85470", "2015-12-31": 0.3429, "2015-09-30": 1.8437, "2015-06-30": 0.2832, "2015-03-31": "1.44470", "2014-12-31": 0.2214, "2014-09-30": 1.4279, "2014-06-30": 0.7576, "2014-03-31": "1.14580", "2013-12-31": 0.3752, "2013-09-30": 1.2337, "2013-06-30": 0.261, "2013-03-31": "0.69780", "2012-12-31": 0.4355, "2012-09-30": 0.9894, "2012-06-30": 0.6357, "2012-03-31": "1.12600", "2011-12-31": 0.4924, "2011-09-30": 0.6223, "2011-06-30": 0.3275, "2011-03-31": "0.50800", "2010-12-31": -0.8668, "2010-09-30": 1.0904, "2010-06-30": -0.4124, "2010-03-31": "1.05950", "2009-12-31": -0.1372, "2009-09-30": 0.8825, "2009-06-30": -0.1993, "2009-03-31": "0.79820", "2008-12-31": -0.3066, "2008-09-30": 0.6706, "2008-06-30": -0.6388, "2008-03-31": "0.54770"}, "Free Cash Flow Per Share": {"2020-09-30": 0.5171, "2020-06-30": 2.7616, "2020-03-31": "1.66720", "2019-12-31": 2.9907, "2019-09-30": 1.2451, "2019-06-30": 2.2328, "2019-03-31": "1.48630", "2018-12-31": 2.0278, "2018-09-30": -1.2073, "2018-06-30": -0.3963, "2018-03-31": "1.72860", "2017-12-31": -0.0624, "2017-09-30": 2.2824, "2017-06-30": -0.1335, "2017-03-31": "1.66480", "2016-12-31": -0.3193, "2016-09-30": 0.8868, "2016-06-30": -1.2218, "2016-03-31": "0.62760", "2015-12-31": -0.6879, "2015-09-30": 0.625, "2015-06-30": -1.1154, "2015-03-31": "0.47570", "2014-12-31": -0.3651, "2014-09-30": 0.1719, "2014-06-30": -0.4067, "2014-03-31": "0.56480", "2013-12-31": -0.1356, "2013-09-30": 0.6964, "2013-06-30": -0.3624, "2013-03-31": "0.34260", "2012-12-31": -0.2405, "2012-09-30": 0.4647, "2012-06-30": -0.1075, "2012-03-31": "0.75220", "2011-12-31": 0.0801, "2011-09-30": 0.099, "2011-06-30": -0.2044, "2011-03-31": "0.18970", "2010-12-31": -1.3623, "2010-09-30": 0.7163, "2010-06-30": -0.6424, "2010-03-31": "0.80930", "2009-12-31": -0.2557, "2009-09-30": 0.7113, "2009-06-30": -1.1358, "2009-03-31": "0.70000", "2008-12-31": -0.3419, "2008-09-30": 0.6656, "2008-06-30": -0.7751, "2008-03-31": "0.50100"}}, "revenue": {"Grand Canyon Education Annual Revenue (Millions of US $)": {"2019": "$779", "2018": "$846", "2017": "$974", "2016": "$873", "2015": "$778", "2014": "$691", "2013": "$598", "2012": "$511", "2011": "$427", "2010": "$386", "2009": "$262", "2008": "$161", "2007": "$99", "2006": "$72"}, "Grand Canyon Education Quarterly Revenue (Millions of US $)": {"2020-09-30": "$198", "2020-06-30": "$186", "2020-03-31": "$222", "2019-12-31": "$213", "2019-09-30": "$193", "2019-06-30": "$175", "2019-03-31": "$197", "2018-12-31": "$178", "2018-09-30": "$155", "2018-06-30": "$237", "2018-03-31": "$276", "2017-12-31": "$271", "2017-09-30": "$236", "2017-06-30": "$218", "2017-03-31": "$248", "2016-12-31": "$245", "2016-09-30": "$210", "2016-06-30": "$191", "2016-03-31": "$227", "2015-12-31": "$216", "2015-09-30": "$193", "2015-06-30": "$175", "2015-03-31": "$194", "2014-12-31": "$190", "2014-09-30": "$175", "2014-06-30": "$159", "2014-03-31": "$167", "2013-12-31": "$162", "2013-09-30": "$152", "2013-06-30": "$141", "2013-03-31": "$142", "2012-12-31": "$141", "2012-09-30": "$134", "2012-06-30": "$119", "2012-03-31": "$117", "2011-12-31": "$113", "2011-09-30": "$109", "2011-06-30": "$103", "2011-03-31": "$102", "2010-12-31": "$100", "2010-09-30": "$99", "2010-06-30": "$98", "2010-03-31": "$89", "2009-12-31": "$77", "2009-09-30": "$66", "2009-06-30": "$63", "2009-03-31": "$55", "2008-12-31": "$52", "2008-09-30": "$39", "2008-06-30": "$35", "2008-03-31": "$36"}}, "gross-profit": {"Grand Canyon Education Annual Gross Profit (Millions of US $)": {"2019": "$465", "2018": "$597", "2017": "$744", "2016": "$659", "2015": "$449", "2014": "$402", "2013": "$344", "2012": "$291", "2011": "$232", "2010": "$207", "2009": "$160", "2008": "$107", "2007": "$60", "2006": "$41"}, "Grand Canyon Education Quarterly Gross Profit (Millions of US $)": {"2020-09-30": "$109", "2020-06-30": "$101", "2020-03-31": "$135", "2019-12-31": "$128", "2019-09-30": "$113", "2019-06-30": "$98", "2019-03-31": "$126", "2018-12-31": "$114", "2018-09-30": "$93", "2018-06-30": "$175", "2018-03-31": "$214", "2017-12-31": "$295", "2017-09-30": "$180", "2017-06-30": "$123", "2017-03-31": "$146", "2016-12-31": "$302", "2016-09-30": "$119", "2016-06-30": "$107", "2016-03-31": "$132", "2015-12-31": "$124", "2015-09-30": "$110", "2015-06-30": "$99", "2015-03-31": "$115", "2014-12-31": "$111", "2014-09-30": "$103", "2014-06-30": "$91", "2014-03-31": "$97", "2013-12-31": "$94", "2013-09-30": "$88", "2013-06-30": "$80", "2013-03-31": "$82", "2012-12-31": "$82", "2012-09-30": "$76", "2012-06-30": "$66", "2012-03-31": "$66", "2011-12-31": "$62", "2011-09-30": "$60", "2011-06-30": "$57", "2011-03-31": "$53", "2010-12-31": "$45", "2010-09-30": "$53", "2010-06-30": "$56", "2010-03-31": "$53", "2009-12-31": "$37", "2009-09-30": "$43", "2009-06-30": "$42", "2009-03-31": "$37", "2008-12-31": "$34", "2008-09-30": "$26", "2008-06-30": "$22", "2008-03-31": "$24"}}, "operating-income": {"Grand Canyon Education Annual Operating Income (Millions of US $)": {"2019": "$265", "2018": "$258", "2017": "$283", "2016": "$237", "2015": "$210", "2014": "$181", "2013": "$143", "2012": "$114", "2011": "$82", "2010": "$58", "2009": "$47", "2008": "$13", "2007": "$4", "2006": "$3"}, "Grand Canyon Education Quarterly Operating Income (Millions of US $)": {"2020-09-30": "$51", "2020-06-30": "$48", "2020-03-31": "$81", "2019-12-31": "$82", "2019-09-30": "$60", "2019-06-30": "$51", "2019-03-31": "$72", "2018-12-31": "$80", "2018-09-30": "$29", "2018-06-30": "$58", "2018-03-31": "$90", "2017-12-31": "$91", "2017-09-30": "$60", "2017-06-30": "$55", "2017-03-31": "$77", "2016-12-31": "$77", "2016-09-30": "$47", "2016-06-30": "$45", "2016-03-31": "$69", "2015-12-31": "$63", "2015-09-30": "$49", "2015-06-30": "$42", "2015-03-31": "$56", "2014-12-31": "$54", "2014-09-30": "$46", "2014-06-30": "$38", "2014-03-31": "$43", "2013-12-31": "$41", "2013-09-30": "$37", "2013-06-30": "$31", "2013-03-31": "$34", "2012-12-31": "$33", "2012-09-30": "$31", "2012-06-30": "$25", "2012-03-31": "$24", "2011-12-31": "$23", "2011-09-30": "$21", "2011-06-30": "$22", "2011-03-31": "$16", "2010-12-31": "$-0", "2010-09-30": "$18", "2010-06-30": "$21", "2010-03-31": "$20", "2009-12-31": "$18", "2009-09-30": "$7", "2009-06-30": "$13", "2009-03-31": "$9", "2008-12-31": "$52", "2008-09-30": "$3", "2008-06-30": "$0", "2008-03-31": "$6"}}, "ebitda": {"Grand Canyon Education Annual EBITDA (Millions of US $)": {"2019": "$292", "2018": "$294", "2017": "$337", "2016": "$283", "2015": "$246", "2014": "$210", "2013": "$169", "2012": "$136", "2011": "$99", "2010": "$70", "2009": "$55", "2008": "$18", "2007": "$8", "2006": "$5"}, "Grand Canyon Education Quarterly EBITDA (Millions of US $)": {"2020-09-30": "$59", "2020-06-30": "$56", "2020-03-31": "$88", "2019-12-31": "$89", "2019-09-30": "$67", "2019-06-30": "$58", "2019-03-31": "$79", "2018-12-31": "$84", "2018-09-30": "$33", "2018-06-30": "$73", "2018-03-31": "$104", "2017-12-31": "$105", "2017-09-30": "$73", "2017-06-30": "$69", "2017-03-31": "$90", "2016-12-31": "$90", "2016-09-30": "$59", "2016-06-30": "$56", "2016-03-31": "$79", "2015-12-31": "$73", "2015-09-30": "$58", "2015-06-30": "$50", "2015-03-31": "$64", "2014-12-31": "$62", "2014-09-30": "$53", "2014-06-30": "$45", "2014-03-31": "$50", "2013-12-31": "$48", "2013-09-30": "$44", "2013-06-30": "$38", "2013-03-31": "$40", "2012-12-31": "$40", "2012-09-30": "$37", "2012-06-30": "$31", "2012-03-31": "$29", "2011-12-31": "$28", "2011-09-30": "$25", "2011-06-30": "$26", "2011-03-31": "$20", "2010-12-31": "$3", "2010-09-30": "$22", "2010-06-30": "$23", "2010-03-31": "$22", "2009-12-31": "$20", "2009-09-30": "$9", "2009-06-30": "$15", "2009-03-31": "$11", "2008-12-31": "$5", "2008-09-30": "$4", "2008-06-30": "$2", "2008-03-31": "$7"}}, "net-income": {"Grand Canyon Education Annual Net Income (Millions of US $)": {"2019": "$259", "2018": "$229", "2017": "$203", "2016": "$149", "2015": "$131", "2014": "$111", "2013": "$89", "2012": "$69", "2011": "$51", "2010": "$35", "2009": "$27", "2008": "$6", "2007": "$1", "2006": "$0"}, "Grand Canyon Education Quarterly Net Income (Millions of US $)": {"2020-09-30": "$52", "2020-06-30": "$47", "2020-03-31": "$71", "2019-12-31": "$77", "2019-09-30": "$58", "2019-06-30": "$51", "2019-03-31": "$73", "2018-12-31": "$76", "2018-09-30": "$34", "2018-06-30": "$46", "2018-03-31": "$74", "2017-12-31": "$68", "2017-09-30": "$39", "2017-06-30": "$40", "2017-03-31": "$56", "2016-12-31": "$48", "2016-09-30": "$29", "2016-06-30": "$28", "2016-03-31": "$44", "2015-12-31": "$38", "2015-09-30": "$33", "2015-06-30": "$26", "2015-03-31": "$34", "2014-12-31": "$33", "2014-09-30": "$29", "2014-06-30": "$23", "2014-03-31": "$26", "2013-12-31": "$26", "2013-09-30": "$23", "2013-06-30": "$19", "2013-03-31": "$21", "2012-12-31": "$21", "2012-09-30": "$18", "2012-06-30": "$16", "2012-03-31": "$14", "2011-12-31": "$15", "2011-09-30": "$13", "2011-06-30": "$13", "2011-03-31": "$9", "2010-12-31": "$1", "2010-09-30": "$11", "2010-06-30": "$12", "2010-03-31": "$11", "2009-12-31": "$11", "2009-09-30": "$3", "2009-06-30": "$8", "2009-03-31": "$5", "2008-12-31": "$2", "2008-09-30": "$1", "2008-06-30": "$-0", "2008-03-31": "$3"}}, "eps-earnings-per-share-diluted": {"Grand Canyon Education Annual EPS": {"2019": "$5.37", "2018": "$4.73", "2017": "$4.22", "2016": "$3.15", "2015": "$2.78", "2014": "$2.37", "2013": "$1.92", "2012": "$1.53", "2011": "$1.12", "2010": "$0.76", "2009": "$0.60", "2008": "$0.17", "2007": "$0.03", "2006": "$0.00"}, "Grand Canyon Education Quarterly EPS": {"2020-09-30": "$1.11", "2020-06-30": "$1.00", "2020-03-31": "$1.49", "2019-12-31": "$1.59", "2019-09-30": "$1.20", "2019-06-30": "$1.06", "2019-03-31": "$1.52", "2018-12-31": "$1.56", "2018-09-30": "$0.70", "2018-06-30": "$0.95", "2018-03-31": "$1.52", "2017-12-31": "$1.42", "2017-09-30": "$0.81", "2017-06-30": "$0.83", "2017-03-31": "$1.16", "2016-12-31": "$1.01", "2016-09-30": "$0.62", "2016-06-30": "$0.59", "2016-03-31": "$0.93", "2015-12-31": "$0.81", "2015-09-30": "$0.70", "2015-06-30": "$0.55", "2015-03-31": "$0.72", "2014-12-31": "$0.70", "2014-09-30": "$0.62", "2014-06-30": "$0.49", "2014-03-31": "$0.56", "2013-12-31": "$0.55", "2013-09-30": "$0.49", "2013-06-30": "$0.42", "2013-03-31": "$0.46", "2012-12-31": "$0.45", "2012-09-30": "$0.41", "2012-06-30": "$0.35", "2012-03-31": "$0.32", "2011-12-31": "$0.33", "2011-09-30": "$0.29", "2011-06-30": "$0.29", "2011-03-31": "$0.21", "2010-12-31": "$0.01", "2010-09-30": "$0.23", "2010-06-30": "$0.27", "2010-03-31": "$0.25", "2009-12-31": "$0.24", "2009-09-30": "$0.08", "2009-06-30": "$0.17", "2009-03-31": "$0.11", "2008-12-31": "$0.06", "2008-09-30": "$0.03", "2008-06-30": "$-0.02", "2008-03-31": "$0.09"}}, "shares-outstanding": {"Grand Canyon Education Annual Shares Outstanding (Millions of Shares)": {"2019": "48", "2018": "48", "2017": "48", "2016": "47", "2015": "47", "2014": "47", "2013": "46", "2012": "45", "2011": "45", "2010": "46", "2009": "46", "2008": "33", "2007": "35", "2006": "37"}, "Grand Canyon Education Quarterly Shares Outstanding (Millions of Shares)": {"2020-09-30": "47", "2020-06-30": "47", "2020-03-31": "48", "2019-12-31": "48", "2019-09-30": "48", "2019-06-30": "48", "2019-03-31": "48", "2018-12-31": "48", "2018-09-30": "48", "2018-06-30": "48", "2018-03-31": "48", "2017-12-31": "48", "2017-09-30": "48", "2017-06-30": "48", "2017-03-31": "48", "2016-12-31": "47", "2016-09-30": "47", "2016-06-30": "47", "2016-03-31": "47", "2015-12-31": "47", "2015-09-30": "47", "2015-06-30": "47", "2015-03-31": "47", "2014-12-31": "47", "2014-09-30": "47", "2014-06-30": "47", "2014-03-31": "47", "2013-12-31": "46", "2013-09-30": "46", "2013-06-30": "46", "2013-03-31": "45", "2012-12-31": "45", "2012-09-30": "45", "2012-06-30": "45", "2012-03-31": "45", "2011-12-31": "45", "2011-09-30": "45", "2011-06-30": "45", "2011-03-31": "46", "2010-12-31": "46", "2010-09-30": "46", "2010-06-30": "47", "2010-03-31": "46", "2009-12-31": "46", "2009-09-30": "45", "2009-06-30": "45", "2009-03-31": "46", "2008-12-31": "37", "2008-09-30": "31", "2008-06-30": "19", "2008-03-31": "34"}}, "total-assets": {"Grand Canyon Education Annual Total Assets (Millions of US $)": {"2019": "$1,690", "2018": "$1,324", "2017": "$1,304", "2016": "$1,092", "2015": "$892", "2014": "$756", "2013": "$616", "2012": "$495", "2011": "$318", "2010": "$275", "2009": "$175", "2008": "$117", "2007": "$89", "2006": "$0"}, "Grand Canyon Education Quarterly Total Assets (Millions of US $)": {"2020-09-30": "$1,801", "2020-06-30": "$1,790", "2020-03-31": "$1,732", "2019-12-31": "$1,690", "2019-09-30": "$1,761", "2019-06-30": "$1,678", "2019-03-31": "$1,619", "2018-12-31": "$1,324", "2018-09-30": "$1,253", "2018-06-30": "$1,400", "2018-03-31": "$1,392", "2017-12-31": "$1,304", "2017-09-30": "$1,291", "2017-06-30": "$1,169", "2017-03-31": "$1,155", "2016-12-31": "$1,092", "2016-09-30": "$1,072", "2016-06-30": "$1,005", "2016-03-31": "$961", "2015-12-31": "$892", "2015-09-30": "$913", "2015-06-30": "$829", "2015-03-31": "$816", "2014-12-31": "$756", "2014-09-30": "$755", "2014-06-30": "$689", "2014-03-31": "$655", "2013-12-31": "$616", "2013-09-30": "$594", "2013-06-30": "$542", "2013-03-31": "$524", "2012-12-31": "$495", "2012-09-30": "$423", "2012-06-30": "$375", "2012-03-31": "$350", "2011-12-31": "$318", "2011-09-30": "$303", "2011-06-30": "$290", "2011-03-31": "$286", "2010-12-31": "$275", "2010-09-30": "$282", "2010-06-30": "$238", "2010-03-31": "$222", "2009-12-31": "$175", "2009-09-30": "$184", "2009-06-30": "$127", "2009-03-31": "$158", "2008-12-31": "$117", "2008-09-30": "$0", "2008-06-30": "$0", "2008-03-31": "$0"}}, "cash-on-hand": {"Grand Canyon Education Annual Cash on Hand (Millions of US $)": {"2019": "$144", "2018": "$251", "2017": "$337", "2016": "$194", "2015": "$182", "2014": "$234", "2013": "$229", "2012": "$161", "2011": "$77", "2010": "$86", "2009": "$66", "2008": "$37", "2007": "$23", "2006": "$"}, "Grand Canyon Education Quarterly Cash on Hand (Millions of US $)": {"2020-09-30": "$180", "2020-06-30": "$187", "2020-03-31": "$150", "2019-12-31": "$144", "2019-09-30": "$134", "2019-06-30": "$80", "2019-03-31": "$103", "2018-12-31": "$251", "2018-09-30": "$175", "2018-06-30": "$298", "2018-03-31": "$408", "2017-12-31": "$337", "2017-09-30": "$345", "2017-06-30": "$235", "2017-03-31": "$240", "2016-12-31": "$194", "2016-09-30": "$194", "2016-06-30": "$165", "2016-03-31": "$195", "2015-12-31": "$182", "2015-09-30": "$227", "2015-06-30": "$198", "2015-03-31": "$245", "2014-12-31": "$234", "2014-09-30": "$242", "2014-06-30": "$230", "2014-03-31": "$247", "2013-12-31": "$229", "2013-09-30": "$220", "2013-06-30": "$191", "2013-03-31": "$201", "2012-12-31": "$161", "2012-09-30": "$127", "2012-06-30": "$105", "2012-03-31": "$107", "2011-12-31": "$77", "2011-09-30": "$66", "2011-06-30": "$60", "2011-03-31": "$80", "2010-12-31": "$86", "2010-09-30": "$106", "2010-06-30": "$74", "2010-03-31": "$104", "2009-12-31": "$66", "2009-09-30": "$78", "2009-06-30": "$31", "2009-03-31": "$72", "2008-12-31": "$37", "2008-09-30": "", "2008-06-30": "", "2008-03-31": ""}}, "long-term-debt": {"Grand Canyon Education Annual Long Term Debt (Millions of US $)": {"2019": "$108", "2018": "$23", "2017": "$60", "2016": "$67", "2015": "$74", "2014": "$80", "2013": "$87", "2012": "$94", "2011": "$21", "2010": "$22", "2009": "$25", "2008": "$31", "2007": "$30", "2006": "$"}, "Grand Canyon Education Quarterly Long Term Debt (Millions of US $)": {"2020-09-30": "$83", "2020-06-30": "$91", "2020-03-31": "$99", "2019-12-31": "$108", "2019-09-30": "$211", "2019-06-30": "$208", "2019-03-31": "$200", "2018-12-31": "$23", "2018-09-30": "$55", "2018-06-30": "$57", "2018-03-31": "$58", "2017-12-31": "$60", "2017-09-30": "$62", "2017-06-30": "$63", "2017-03-31": "$65", "2016-12-31": "$67", "2016-09-30": "$69", "2016-06-30": "$70", "2016-03-31": "$72", "2015-12-31": "$74", "2015-09-30": "$76", "2015-06-30": "$77", "2015-03-31": "$79", "2014-12-31": "$80", "2014-09-30": "$82", "2014-06-30": "$84", "2014-03-31": "$85", "2013-12-31": "$87", "2013-09-30": "$89", "2013-06-30": "$90", "2013-03-31": "$92", "2012-12-31": "$94", "2012-09-30": "$19", "2012-06-30": "$20", "2012-03-31": "$20", "2011-12-31": "$21", "2011-09-30": "$21", "2011-06-30": "$21", "2011-03-31": "$21", "2010-12-31": "$22", "2010-09-30": "$25", "2010-06-30": "$26", "2010-03-31": "$26", "2009-12-31": "$25", "2009-09-30": "$27", "2009-06-30": "$27", "2009-03-31": "$32", "2008-12-31": "$31", "2008-09-30": "", "2008-06-30": "", "2008-03-31": ""}}, "total-liabilities": {"Grand Canyon Education Annual Total Liabilities (Millions of US $)": {"2019": "$247", "2018": "$110", "2017": "$318", "2016": "$319", "2015": "$282", "2014": "$279", "2013": "$271", "2012": "$261", "2011": "$155", "2010": "$148", "2009": "$89", "2008": "$63", "2007": "$99", "2006": "$"}, "Grand Canyon Education Quarterly Total Liabilities (Millions of US $)": {"2020-09-30": "$280", "2020-06-30": "$301", "2020-03-31": "$284", "2019-12-31": "$247", "2019-09-30": "$379", "2019-06-30": "$350", "2019-03-31": "$347", "2018-12-31": "$110", "2018-09-30": "$114", "2018-06-30": "$300", "2018-03-31": "$341", "2017-12-31": "$318", "2017-09-30": "$375", "2017-06-30": "$296", "2017-03-31": "$329", "2016-12-31": "$319", "2016-09-30": "$355", "2016-06-30": "$325", "2016-03-31": "$316", "2015-12-31": "$282", "2015-09-30": "$333", "2015-06-30": "$286", "2015-03-31": "$302", "2014-12-31": "$279", "2014-09-30": "$316", "2014-06-30": "$281", "2014-03-31": "$274", "2013-12-31": "$271", "2013-09-30": "$280", "2013-06-30": "$253", "2013-03-31": "$265", "2012-12-31": "$261", "2012-09-30": "$206", "2012-06-30": "$176", "2012-03-31": "$168", "2011-12-31": "$155", "2011-09-30": "$156", "2011-06-30": "$147", "2011-03-31": "$151", "2010-12-31": "$148", "2010-09-30": "$154", "2010-06-30": "$125", "2010-03-31": "$123", "2009-12-31": "$89", "2009-09-30": "$110", "2009-06-30": "$73", "2009-03-31": "$92", "2008-12-31": "$63", "2008-09-30": "$0", "2008-06-30": "", "2008-03-31": ""}}, "total-share-holder-equity": {"Grand Canyon Education Annual Share Holder Equity (Millions of US $)": {"2019": "$1,443", "2018": "$1,214", "2017": "$986", "2016": "$774", "2015": "$610", "2014": "$476", "2013": "$345", "2012": "$234", "2011": "$163", "2010": "$128", "2009": "$86", "2008": "$54", "2007": "$-10", "2006": "$"}, "Grand Canyon Education Quarterly Share Holder Equity (Millions of US $)": {"2020-09-30": "$1,521", "2020-06-30": "$1,489", "2020-03-31": "$1,448", "2019-12-31": "$1,443", "2019-09-30": "$1,382", "2019-06-30": "$1,328", "2019-03-31": "$1,273", "2018-12-31": "$1,214", "2018-09-30": "$1,138", "2018-06-30": "$1,100", "2018-03-31": "$1,051", "2017-12-31": "$986", "2017-09-30": "$916", "2017-06-30": "$872", "2017-03-31": "$827", "2016-12-31": "$774", "2016-09-30": "$717", "2016-06-30": "$680", "2016-03-31": "$644", "2015-12-31": "$610", "2015-09-30": "$580", "2015-06-30": "$543", "2015-03-31": "$513", "2014-12-31": "$476", "2014-09-30": "$439", "2014-06-30": "$407", "2014-03-31": "$381", "2013-12-31": "$345", "2013-09-30": "$314", "2013-06-30": "$289", "2013-03-31": "$258", "2012-12-31": "$234", "2012-09-30": "$217", "2012-06-30": "$199", "2012-03-31": "$182", "2011-12-31": "$163", "2011-09-30": "$147", "2011-06-30": "$143", "2011-03-31": "$135", "2010-12-31": "$128", "2010-09-30": "$127", "2010-06-30": "$113", "2010-03-31": "$99", "2009-12-31": "$86", "2009-09-30": "$73", "2009-06-30": "$54", "2009-03-31": "$66", "2008-12-31": "$54", "2008-09-30": "$0", "2008-06-30": "", "2008-03-31": ""}}, "profit-margins": {"current": "30.17%"}, "gross margin": {"2020-09-30": "57.75%", "2020-06-30": "58.60%", "2020-03-31": "59.03%", "2019-12-31": "59.77%", "2019-09-30": "60.70%", "2019-06-30": "61.13%", "2019-03-31": "66.23%", "2018-12-31": "70.45%", "2018-09-30": "82.75%", "2018-06-30": "84.71%", "2018-03-31": "81.12%", "2017-12-31": "76.46%", "2017-09-30": "79.30%", "2017-06-30": "74.92%", "2017-03-31": "75.39%", "2016-12-31": "75.60%", "2016-09-30": "57.11%", "2016-06-30": "57.19%", "2016-03-31": "57.34%", "2015-12-31": "57.58%", "2015-09-30": "57.85%", "2015-06-30": "58.31%", "2015-03-31": "58.50%", "2014-12-31": "58.18%", "2014-09-30": "58.07%", "2014-06-30": "57.81%", "2014-03-31": "57.72%", "2013-12-31": "57.62%", "2013-09-30": "57.64%", "2013-06-30": "57.35%", "2013-03-31": "57.09%", "2012-12-31": "56.75%", "2012-09-30": "55.90%", "2012-06-30": "55.46%", "2012-03-31": "55.43%", "2011-12-31": "54.33%", "2011-09-30": "51.93%", "2011-06-30": "51.49%", "2011-03-31": "51.88%", "2010-12-31": "53.63%", "2010-09-30": "54.82%", "2010-06-30": "57.27%", "2010-03-31": "59.32%", "2009-12-31": "60.92%", "2009-09-30": "66.10%", "2009-06-30": "66.51%", "2009-03-31": "65.75%", "2008-12-31": "65.43%"}, "operating margin": {"2020-09-30": "31.99%", "2020-06-30": "33.29%", "2020-03-31": "34.12%", "2019-12-31": "34.06%", "2019-09-30": "35.40%", "2019-06-30": "32.91%", "2019-03-31": "31.16%", "2018-12-31": "30.38%", "2018-09-30": "28.54%", "2018-06-30": "29.31%", "2018-03-31": "29.57%", "2017-12-31": "29.09%", "2017-09-30": "28.41%", "2017-06-30": "27.80%", "2017-03-31": "27.52%", "2016-12-31": "27.26%", "2016-09-30": "26.54%", "2016-06-30": "27.33%", "2016-03-31": "27.50%", "2015-12-31": "26.99%", "2015-09-30": "26.73%", "2015-06-30": "26.98%", "2015-03-31": "27.02%", "2014-12-31": "26.19%", "2014-09-30": "25.34%", "2014-06-30": "24.84%", "2014-03-31": "24.44%", "2013-12-31": "23.95%", "2013-09-30": "23.44%", "2013-06-30": "23.12%", "2013-03-31": "22.95%", "2012-12-31": "22.11%", "2012-09-30": "21.33%", "2012-06-30": "20.31%", "2012-03-31": "20.36%", "2011-12-31": "19.20%", "2011-09-30": "14.25%", "2011-06-30": "13.86%", "2011-03-31": "13.78%", "2010-12-31": "15.28%", "2010-09-30": "21.21%", "2010-06-30": "20.00%", "2010-03-31": "19.66%", "2009-12-31": "18.01%", "2009-09-30": "34.32%", "2009-06-30": "36.84%", "2009-03-31": "35.36%", "2008-12-31": "37.65%"}, "ebitda margin": {"2020-09-30": "35.65%", "2020-06-30": "36.86%", "2020-03-31": "37.61%", "2019-12-31": "37.66%", "2019-09-30": "38.76%", "2019-06-30": "36.03%", "2019-03-31": "35.07%", "2018-12-31": "34.75%", "2018-09-30": "33.55%", "2018-06-30": "34.80%", "2018-03-31": "35.06%", "2017-12-31": "34.64%", "2017-09-30": "34.00%", "2017-06-30": "33.44%", "2017-03-31": "33.00%", "2016-12-31": "32.53%", "2016-09-30": "31.64%", "2016-06-30": "32.16%", "2016-03-31": "32.06%", "2015-12-31": "31.49%", "2015-09-30": "31.12%", "2015-06-30": "31.20%", "2015-03-31": "31.20%", "2014-12-31": "30.39%", "2014-09-30": "29.56%", "2014-06-30": "29.22%", "2014-03-31": "28.94%", "2013-12-31": "28.48%", "2013-09-30": "28.13%", "2013-06-30": "27.78%", "2013-03-31": "27.61%", "2012-12-31": "26.81%", "2012-09-30": "25.88%", "2012-06-30": "24.67%", "2012-03-31": "24.43%", "2011-12-31": "23.19%", "2011-09-30": "17.87%", "2011-06-30": "17.57%", "2011-03-31": "17.04%", "2010-12-31": "18.13%", "2010-09-30": "23.97%", "2010-06-30": "22.42%", "2010-03-31": "22.37%", "2009-12-31": "21.07%", "2009-09-30": "16.95%", "2009-06-30": "16.75%", "2009-03-31": "12.15%", "2008-12-31": "11.11%"}, "pre tax profit margin": {"2020-09-30": "38.46%", "2020-06-30": "39.68%", "2020-03-31": "40.60%", "2019-12-31": "40.75%", "2019-09-30": "42.66%", "2019-06-30": "40.57%", "2019-03-31": "36.64%", "2018-12-31": "33.92%", "2018-09-30": "30.35%", "2018-06-30": "29.80%", "2018-03-31": "29.87%", "2017-12-31": "29.19%", "2017-09-30": "28.30%", "2017-06-30": "27.25%", "2017-03-31": "26.96%", "2016-12-31": "26.92%", "2016-09-30": "26.18%", "2016-06-30": "27.33%", "2016-03-31": "27.50%", "2015-12-31": "26.86%", "2015-09-30": "26.60%", "2015-06-30": "26.70%", "2015-03-31": "26.74%", "2014-12-31": "25.90%", "2014-09-30": "25.04%", "2014-06-30": "24.84%", "2014-03-31": "24.44%", "2013-12-31": "24.12%", "2013-09-30": "23.78%", "2013-06-30": "23.30%", "2013-03-31": "23.13%", "2012-12-31": "22.11%", "2012-09-30": "21.33%", "2012-06-30": "20.31%", "2012-03-31": "20.36%", "2011-12-31": "19.20%", "2011-09-30": "14.01%", "2011-06-30": "13.61%", "2011-03-31": "13.28%", "2010-12-31": "14.51%", "2010-09-30": "20.66%", "2010-06-30": "19.09%", "2010-03-31": "18.98%", "2009-12-31": "17.24%", "2009-09-30": "33.47%", "2009-06-30": "35.89%", "2009-03-31": "34.25%", "2008-12-31": "36.42%"}, "net profit margin": {"2020-09-30": "30.16%", "2020-06-30": "31.08%", "2020-03-31": "32.00%", "2019-12-31": "33.29%", "2019-09-30": "34.72%", "2019-06-30": "33.19%", "2019-03-31": "29.86%", "2018-12-31": "27.19%", "2018-09-30": "23.64%", "2018-06-30": "22.25%", "2018-03-31": "22.08%", "2017-12-31": "20.86%", "2017-09-30": "19.32%", "2017-06-30": "18.78%", "2017-03-31": "18.01%", "2016-12-31": "17.07%", "2016-09-30": "16.47%", "2016-06-30": "17.29%", "2016-03-31": "17.39%", "2015-12-31": "16.84%", "2015-09-30": "16.76%", "2015-06-30": "16.62%", "2015-03-31": "16.57%", "2014-12-31": "16.06%", "2014-09-30": "15.69%", "2014-06-30": "15.31%", "2014-03-31": "15.11%", "2013-12-31": "14.91%", "2013-09-30": "14.58%", "2013-06-30": "14.16%", "2013-03-31": "14.18%", "2012-12-31": "13.50%", "2012-09-30": "13.04%", "2012-06-30": "12.66%", "2012-03-31": "12.44%", "2011-12-31": "11.71%", "2011-09-30": "8.70%", "2011-06-30": "8.42%", "2011-03-31": "8.27%", "2010-12-31": "9.07%", "2010-09-30": "12.40%", "2010-06-30": "11.21%", "2010-03-31": "11.19%", "2009-12-31": "10.34%", "2009-09-30": "7.63%", "2009-06-30": "7.66%", "2009-03-31": "4.42%", "2008-12-31": "3.70%"}, "pe ratio": {"current": "17.65", "2021-02-05": "18.13", "2020-09-30": "15.40", "2020-06-30": "17.15", "2020-03-31": "14.29", "2019-12-31": "17.84", "2019-09-30": "18.39", "2019-06-30": "24.18", "2019-03-31": "24.21", "2018-12-31": "20.33", "2018-09-30": "24.63", "2018-06-30": "23.80", "2018-03-31": "22.96", "2017-12-31": "21.27", "2017-09-30": "23.84", "2017-06-30": "21.66", "2017-03-31": "21.19", "2016-12-31": "18.56", "2016-09-30": "13.69", "2016-06-30": "13.17", "2016-03-31": "14.29", "2015-12-31": "14.43", "2015-09-30": "14.23", "2015-06-30": "16.37", "2015-03-31": "17.11", "2014-12-31": "19.69", "2014-09-30": "18.28", "2014-06-30": "21.89", "2014-03-31": "23.00", "2013-12-31": "22.59", "2013-09-30": "21.99", "2013-06-30": "18.42", "2013-03-31": "15.11", "2012-12-31": "15.24", "2012-09-30": "16.57", "2012-06-30": "16.11", "2012-03-31": "14.32", "2011-12-31": "13.64", "2011-09-30": "16.31", "2011-06-30": "14.47", "2011-03-31": "15.10", "2010-12-31": "20.41", "2010-09-30": "21.09", "2010-06-30": "27.89", "2010-03-31": "37.34", "2009-12-31": "31.68", "2009-09-30": "42.45"}, "price sales": {"2021-02-05": "5.47", "2020-09-30": "4.64", "2020-06-30": "5.33", "2020-03-31": "4.57", "2019-12-31": "5.94", "2019-09-30": "6.39", "2019-06-30": "8.02", "2019-03-31": "7.22", "2018-12-31": "5.50", "2018-09-30": "5.81", "2018-06-30": "5.29", "2018-03-31": "5.06", "2017-12-31": "4.43", "2017-09-30": "4.59", "2017-06-30": "4.05", "2017-03-31": "3.79", "2016-12-31": "3.15", "2016-09-30": "2.25", "2016-06-30": "2.27", "2016-03-31": "2.49", "2015-12-31": "2.44", "2015-09-30": "2.38", "2015-06-30": "2.72", "2015-03-31": "2.84", "2014-12-31": "3.17", "2014-09-30": "2.87", "2014-06-30": "3.34", "2014-03-31": "3.47", "2013-12-31": "3.35", "2013-09-30": "3.19", "2013-06-30": "2.63", "2013-03-31": "2.15", "2012-12-31": "2.08", "2012-09-30": "2.20", "2012-06-30": "2.06", "2012-03-31": "1.81", "2011-12-31": "1.69", "2011-09-30": "1.78", "2011-06-30": "1.61", "2011-03-31": "1.69", "2010-12-31": "2.36", "2010-09-30": "2.79", "2010-06-30": "3.26", "2010-03-31": "4.03", "2009-12-31": "3.29", "2009-09-30": "3.27"}, "price book": {"current": "2.92", "2021-02-05": "2.91", "2020-09-30": "2.47", "2020-06-30": "2.88", "2020-03-31": "2.50", "2019-12-31": "3.19", "2019-09-30": "3.43", "2019-06-30": "4.26", "2019-03-31": "4.34", "2018-12-31": "3.82", "2018-09-30": "4.77", "2018-06-30": "4.90", "2018-03-31": "4.81", "2017-12-31": "4.37", "2017-09-30": "4.77", "2017-06-30": "4.32", "2017-03-31": "4.14", "2016-12-31": "3.59", "2016-09-30": "2.67", "2016-06-30": "2.77", "2016-03-31": "3.09", "2015-12-31": "3.08", "2015-09-30": "3.09", "2015-06-30": "3.68", "2015-03-31": "3.97", "2014-12-31": "4.58", "2014-09-30": "4.33", "2014-06-30": "5.27", "2014-03-31": "5.72", "2013-12-31": "5.82", "2013-09-30": "5.89", "2013-06-30": "5.13", "2013-03-31": "4.47", "2012-12-31": "4.48", "2012-09-30": "4.86", "2012-06-30": "4.75", "2012-03-31": "4.34", "2011-12-31": "4.33", "2011-09-30": "4.88", "2011-06-30": "4.40", "2011-03-31": "4.80", "2010-12-31": "7.03", "2010-09-30": "7.89", "2010-06-30": "9.46", "2010-03-31": "12.05", "2009-12-31": "10.09", "2009-09-30": "11.07", "2009-06-30": "13.86", "2009-03-31": "11.96", "2008-12-31": "15.93"}, "price fcf": {"2021-02-05": "", "2020-09-30": "$7.94", "2020-06-30": "$8.66", "2020-03-31": "$8.14", "2019-12-31": "$7.95", "2019-09-30": "$6.99", "2019-06-30": "$4.54", "2019-03-31": "$1.91", "2018-12-31": "$2.15", "2018-09-30": "$0.06", "2018-06-30": "$3.55", "2018-03-31": "$3.82", "2017-12-31": "$3.75", "2017-09-30": "$3.49", "2017-06-30": "$2.10", "2017-03-31": "$1.01", "2016-12-31": "$-0.03", "2016-09-30": "$-0.40", "2016-06-30": "$-0.66", "2016-03-31": "$-0.55", "2015-12-31": "$-0.70", "2015-09-30": "$-0.38", "2015-06-30": "$-0.83", "2015-03-31": "$-0.12", "2014-12-31": "$-0.04", "2014-09-30": "$0.19", "2014-06-30": "$0.72", "2014-03-31": "$0.76", "2013-12-31": "$0.54", "2013-09-30": "$0.44", "2013-06-30": "$0.20", "2013-03-31": "$0.46", "2012-12-31": "$0.87", "2012-09-30": "$1.19", "2012-06-30": "$0.82", "2012-03-31": "$0.73", "2011-12-31": "$0.16", "2011-09-30": "$-1.28", "2011-06-30": "$-0.66", "2011-03-31": "$-1.10", "2010-12-31": "$-0.48", "2010-09-30": "$0.63", "2010-06-30": "$0.62", "2010-03-31": "$0.13", "2009-12-31": "$0.02", "2009-09-30": "$0.33"}, "net worth": {"value": "$4.41B"}, "current ratio": {"2020-09-30": "2.38", "2020-06-30": "1.48", "2020-03-31": "1.87", "2019-12-31": "2.19", "2019-09-30": "1.92", "2019-06-30": "0.96", "2019-03-31": "1.57", "2018-12-31": "3.84", "2018-09-30": "4.65", "2018-06-30": "5.73", "2018-03-31": "1.66", "2017-12-31": "1.57", "2017-09-30": "1.36", "2017-06-30": "1.33", "2017-03-31": "1.18", "2016-12-31": "1.01", "2016-09-30": "0.87", "2016-06-30": "0.86", "2016-03-31": "1.02", "2015-12-31": "1.14", "2015-09-30": "1.10", "2015-06-30": "1.22", "2015-03-31": "1.37", "2014-12-31": "1.49", "2014-09-30": "1.26", "2014-06-30": "1.45", "2014-03-31": "1.64", "2013-12-31": "1.59", "2013-09-30": "1.45", "2013-06-30": "1.53", "2013-03-31": "1.45", "2012-12-31": "1.40", "2012-09-30": "0.89", "2012-06-30": "0.89", "2012-03-31": "0.96", "2011-12-31": "0.95", "2011-09-30": "0.83", "2011-06-30": "0.91", "2011-03-31": "1.01", "2010-12-31": "1.08", "2010-09-30": "1.19", "2010-06-30": "1.34", "2010-03-31": "1.34", "2009-12-31": "1.45", "2009-09-30": "1.22", "2009-06-30": "1.06", "2009-03-31": "1.47", "2008-12-31": "1.65", "2008-09-30": "0.00", "2008-06-30": "0.00", "2008-03-31": "0.00"}, "quick ratio": {"2020-09-30": "0.00", "2020-06-30": "0.00", "2020-03-31": "0.00", "2019-12-31": "0.00", "2019-09-30": "0.00", "2019-06-30": "0.00", "2019-03-31": "0.00", "2018-12-31": "0.00", "2018-09-30": "0.00", "2018-06-30": "0.00", "2018-03-31": "0.00", "2017-12-31": "0.00", "2017-09-30": "0.00", "2017-06-30": "0.00", "2017-03-31": "0.00", "2016-12-31": "0.00", "2016-09-30": "0.00", "2016-06-30": "0.00", "2016-03-31": "0.00", "2015-12-31": "0.00", "2015-09-30": "0.00", "2015-06-30": "0.00", "2015-03-31": "0.00", "2014-12-31": "0.00", "2014-09-30": "0.00", "2014-06-30": "0.00", "2014-03-31": "0.00", "2013-12-31": "0.00", "2013-09-30": "0.00", "2013-06-30": "0.00", "2013-03-31": "0.00", "2012-12-31": "0.00", "2012-09-30": "0.00", "2012-06-30": "0.00", "2012-03-31": "0.00", "2011-12-31": "0.00", "2011-09-30": "0.00", "2011-06-30": "0.00", "2011-03-31": "0.00", "2010-12-31": "0.00", "2010-09-30": "0.00", "2010-06-30": "0.00", "2010-03-31": "0.00", "2009-12-31": "0.00", "2009-09-30": "0.00", "2009-06-30": "0.00", "2009-03-31": "0.00", "2008-12-31": "0.00", "2008-09-30": "0.00", "2008-06-30": "0.00", "2008-03-31": "0.00"}, "debt equity ratio": {"current": "0.05", "2020-09-30": "0.18", "2020-06-30": "0.20", "2020-03-31": "0.20", "2019-12-31": "0.17", "2019-09-30": "0.27", "2019-06-30": "0.26", "2019-03-31": "0.27", "2018-12-31": "0.09", "2018-09-30": "0.10", "2018-06-30": "0.27", "2018-03-31": "0.32", "2017-12-31": "0.32", "2017-09-30": "0.41", "2017-06-30": "0.34", "2017-03-31": "0.40", "2016-12-31": "0.41", "2016-09-30": "0.50", "2016-06-30": "0.48", "2016-03-31": "0.49", "2015-12-31": "0.46", "2015-09-30": "0.57", "2015-06-30": "0.53", "2015-03-31": "0.59", "2014-12-31": "0.59", "2014-09-30": "0.72", "2014-06-30": "0.69", "2014-03-31": "0.72", "2013-12-31": "0.79", "2013-09-30": "0.89", "2013-06-30": "0.88", "2013-03-31": "1.03", "2012-12-31": "1.12", "2012-09-30": "0.95", "2012-06-30": "0.89", "2012-03-31": "0.92", "2011-12-31": "0.95", "2011-09-30": "1.07", "2011-06-30": "1.03", "2011-03-31": "1.12", "2010-12-31": "1.16", "2010-09-30": "1.22", "2010-06-30": "1.10", "2010-03-31": "1.24", "2009-12-31": "1.03", "2009-09-30": "1.50", "2009-06-30": "1.34", "2009-03-31": "1.41", "2008-12-31": "1.18", "2008-09-30": "0.00", "2008-06-30": "0.00", "2008-03-31": "0.00"}, "return on equity": {"2020-09-30": "16.74%", "2020-06-30": "17.56%", "2020-03-31": "18.35%", "2019-12-31": "19.09%", "2019-09-30": "19.86%", "2019-06-30": "18.90%", "2019-03-31": "19.39%", "2018-12-31": "20.43%", "2018-09-30": "20.77%", "2018-06-30": "22.40%", "2018-03-31": "23.11%", "2017-12-31": "22.55%", "2017-09-30": "21.60%", "2017-06-30": "21.69%", "2017-03-31": "21.48%", "2016-12-31": "21.17%", "2016-09-30": "20.97%", "2016-06-30": "22.75%", "2016-03-31": "23.73%", "2015-12-31": "23.33%", "2015-09-30": "23.86%", "2015-06-30": "24.76%", "2015-03-31": "25.94%", "2014-12-31": "26.07%", "2014-09-30": "26.46%", "2014-06-30": "27.09%", "2014-03-31": "28.29%", "2013-12-31": "29.52%", "2013-09-30": "30.68%", "2013-06-30": "31.66%", "2013-03-31": "33.48%", "2012-12-31": "33.17%", "2012-09-30": "33.11%", "2012-06-30": "33.57%", "2012-03-31": "34.65%", "2011-12-31": "34.01%", "2011-09-30": "26.04%", "2011-06-30": "25.52%", "2011-03-31": "26.24%", "2010-12-31": "29.98%", "2010-09-30": "42.35%", "2010-06-30": "39.89%", "2010-03-31": "42.31%", "2009-12-31": "38.71%", "2009-09-30": "29.15%", "2009-06-30": "36.78%", "2009-03-31": "26.67%", "2008-12-31": "44.44%"}, "return on assets": {"2020-09-30": "14.09%", "2020-06-30": "14.51%", "2020-03-31": "14.98%", "2019-12-31": "15.35%", "2019-09-30": "16.17%", "2019-06-30": "15.93%", "2019-03-31": "16.37%", "2018-12-31": "17.14%", "2018-09-30": "16.60%", "2018-06-30": "16.86%", "2018-03-31": "17.15%", "2017-12-31": "16.51%", "2017-09-30": "15.55%", "2017-06-30": "15.42%", "2017-03-31": "14.89%", "2016-12-31": "14.43%", "2016-09-30": "14.15%", "2016-06-30": "15.17%", "2016-03-31": "15.69%", "2015-12-31": "15.19%", "2015-09-30": "15.21%", "2015-06-30": "15.46%", "2015-03-31": "15.78%", "2014-12-31": "15.55%", "2014-09-30": "15.32%", "2014-06-30": "15.35%", "2014-03-31": "15.62%", "2013-12-31": "15.64%", "2013-09-30": "15.59%", "2013-06-30": "15.93%", "2013-03-31": "16.73%", "2012-12-31": "16.80%", "2012-09-30": "17.19%", "2012-06-30": "17.24%", "2012-03-31": "17.45%", "2011-12-31": "16.71%", "2011-09-30": "12.48%", "2011-06-30": "12.00%", "2011-03-31": "12.21%", "2010-12-31": "13.77%", "2010-09-30": "19.63%", "2010-06-30": "18.07%", "2010-03-31": "18.64%", "2009-12-31": "16.77%", "2009-09-30": "12.29%", "2009-06-30": "15.92%", "2009-03-31": "11.64%", "2008-12-31": "20.51%"}, "return on investments": {"2020-09-30": "16.68%", "2020-06-30": "17.28%", "2020-03-31": "17.60%", "2019-12-31": "17.23%", "2019-09-30": "18.02%", "2019-06-30": "17.06%", "2019-03-31": "18.89%", "2018-12-31": "21.89%", "2018-09-30": "23.80%", "2018-06-30": "27.89%", "2018-03-31": "29.11%", "2017-12-31": "29.41%", "2017-09-30": "29.54%", "2017-06-30": "29.67%", "2017-03-31": "30.12%", "2016-12-31": "30.79%", "2016-09-30": "30.52%", "2016-06-30": "32.21%", "2016-03-31": "33.33%", "2015-12-31": "32.92%", "2015-09-30": "33.15%", "2015-06-30": "34.59%", "2015-03-31": "35.91%", "2014-12-31": "35.58%", "2014-09-30": "35.18%", "2014-06-30": "35.49%", "2014-03-31": "36.19%", "2013-12-31": "36.57%", "2013-09-30": "36.99%", "2013-06-30": "39.88%", "2013-03-31": "43.42%", "2012-12-31": "45.89%", "2012-09-30": "48.99%", "2012-06-30": "48.19%", "2012-03-31": "50.21%", "2011-12-31": "48.81%", "2011-09-30": "36.99%", "2011-06-30": "35.96%", "2011-03-31": "36.73%", "2010-12-31": "41.62%", "2010-09-30": "58.33%", "2010-06-30": "55.46%", "2010-03-31": "55.50%", "2009-12-31": "48.08%", "2009-09-30": "89.01%", "2009-06-30": "117.11%", "2009-03-31": "140.66%", "2008-12-31": "290.48%"}, "return on tangible equity": {"2020-09-30": "22.14%", "2020-06-30": "23.45%", "2020-03-31": "24.79%", "2019-12-31": "26.08%", "2019-09-30": "25.16%", "2019-06-30": "22.18%", "2019-03-31": "21.03%", "2018-12-31": "20.49%", "2018-09-30": "20.83%", "2018-06-30": "22.47%", "2018-03-31": "23.18%", "2017-12-31": "22.62%", "2017-09-30": "21.68%", "2017-06-30": "21.77%", "2017-03-31": "21.57%", "2016-12-31": "21.26%", "2016-09-30": "21.07%", "2016-06-30": "22.86%", "2016-03-31": "23.85%", "2015-12-31": "23.46%", "2015-09-30": "24.00%", "2015-06-30": "24.90%", "2015-03-31": "26.10%", "2014-12-31": "26.24%", "2014-09-30": "26.65%", "2014-06-30": "27.32%", "2014-03-31": "28.55%", "2013-12-31": "29.79%", "2013-09-30": "31.00%", "2013-06-30": "32.02%", "2013-03-31": "33.89%", "2012-12-31": "33.66%", "2012-09-30": "33.64%", "2012-06-30": "34.17%", "2012-03-31": "35.31%", "2011-12-31": "34.72%", "2011-09-30": "26.62%", "2011-06-30": "26.10%", "2011-03-31": "26.88%", "2010-12-31": "30.77%", "2010-09-30": "43.58%", "2010-06-30": "41.11%", "2010-03-31": "43.85%", "2009-12-31": "40.30%", "2009-09-30": "30.51%", "2009-06-30": "38.79%", "2009-03-31": "28.07%", "2008-12-31": "47.06%"}, "dividend yield history": {"last payout": "$0.00", "last yield": "0.00%"}}