{"ticker": "GPK", "price": {"title": "Graphic Packaging Holding Historical Annual Stock Price Data", "value": 16.38, "historical": {"2021": {"Average Stock Price": "17.0154", "Year Open": "16.9000", "Year High": "18.1700", "Year Low": "15.6600", "Year Close": "16.3800", "Annual % Change": "-3.31%"}, "2020": {"Average Stock Price": "14.3727", "Year Open": "16.4800", "Year High": "16.9500", "Year Low": "10.5700", "Year Close": "16.9400", "Annual % Change": "1.74%"}, "2019": {"Average Stock Price": "13.8825", "Year Open": "10.7900", "Year High": "16.8600", "Year Low": "10.6400", "Year Close": "16.6500", "Annual % Change": "56.48%"}, "2018": {"Average Stock Price": "14.1339", "Year Open": "15.7500", "Year High": "16.6800", "Year Low": "10.1700", "Year Close": "10.6400", "Annual % Change": "-31.13%"}, "2017": {"Average Stock Price": "13.7202", "Year Open": "12.8400", "Year High": "15.8300", "Year Low": "12.2600", "Year Close": "15.4500", "Annual % Change": "23.80%"}, "2016": {"Average Stock Price": "12.9819", "Year Open": "12.8300", "Year High": "14.6000", "Year Low": "10.7400", "Year Close": "12.4800", "Annual % Change": "-2.73%"}, "2015": {"Average Stock Price": "14.1625", "Year Open": "13.5800", "Year High": "15.7500", "Year Low": "12.2400", "Year Close": "12.8300", "Annual % Change": "-5.80%"}, "2014": {"Average Stock Price": "11.3263", "Year Open": "9.4800", "Year High": "14.0500", "Year Low": "9.1700", "Year Close": "13.6200", "Annual % Change": "41.88%"}, "2013": {"Average Stock Price": "8.0424", "Year Open": "6.5500", "Year High": "9.6000", "Year Low": "6.5500", "Year Close": "9.6000", "Annual % Change": "48.61%"}, "2012": {"Average Stock Price": "5.5286", "Year Open": "4.4900", "Year High": "6.5000", "Year Low": "4.4900", "Year Close": "6.4600", "Annual % Change": "51.64%"}, "2011": {"Average Stock Price": "4.6733", "Year Open": "4.0500", "Year High": "5.7800", "Year Low": "3.1600", "Year Close": "4.2600", "Annual % Change": "9.51%"}, "2010": {"Average Stock Price": "3.5307", "Year Open": "3.6700", "Year High": "4.0300", "Year Low": "2.9100", "Year Close": "3.8900", "Annual % Change": "12.10%"}, "2009": {"Average Stock Price": "1.8502", "Year Open": "1.2500", "Year High": "3.6700", "Year Low": "0.5800", "Year Close": "3.4700", "Annual % Change": "204.39%"}, "2008": {"Average Stock Price": "2.4423", "Year Open": "3.5100", "Year High": "3.6100", "Year Low": "0.9400", "Year Close": "1.1400", "Annual % Change": "-69.11%"}, "2007": {"Average Stock Price": "4.7464", "Year Open": "4.4300", "Year High": "6.0500", "Year Low": "3.6900", "Year Close": "3.6900", "Annual % Change": "-14.78%"}, "2006": {"Average Stock Price": "3.3770", "Year Open": "2.3300", "Year High": "4.5100", "Year Low": "1.9700", "Year Close": "4.3300", "Annual % Change": "89.91%"}, "2005": {"Average Stock Price": "3.9428", "Year Open": "7.2100", "Year High": "7.2100", "Year Low": "2.2100", "Year Close": "2.2800", "Annual % Change": "-68.33%"}, "2004": {"Average Stock Price": "6.2250", "Year Open": "4.1400", "Year High": "8.6500", "Year Low": "4.1300", "Year Close": "7.2000", "Annual % Change": "77.34%"}, "2003": {"Average Stock Price": "4.8103", "Year Open": "5.5600", "Year High": "6.7500", "Year Low": "3.5000", "Year Close": "4.0600", "Annual % Change": "-28.01%"}, "2002": {"Average Stock Price": "6.8819", "Year Open": "4.8000", "Year High": "9.2500", "Year Low": "3.5500", "Year Close": "5.6400", "Annual % Change": "16.29%"}, "2001": {"Average Stock Price": "3.9417", "Year Open": "1.3800", "Year High": "7.0500", "Year Low": "1.2500", "Year Close": "4.8500", "Annual % Change": "333.04%"}, "2000": {"Average Stock Price": "3.0474", "Year Open": "8.4400", "Year High": "8.4400", "Year Low": "1.0600", "Year Close": "1.1200", "Annual % Change": "-89.52%"}, "1999": {"Average Stock Price": "12.0614", "Year Open": "12.5600", "Year High": "16.2500", "Year Low": "7.6200", "Year Close": "10.6900", "Annual % Change": "-19.32%"}, "1998": {"Average Stock Price": "19.5916", "Year Open": "24.9400", "Year High": "25.7500", "Year Low": "9.8100", "Year Close": "13.2500", "Annual % Change": "-45.79%"}, "1997": {"Average Stock Price": "22.7503", "Year Open": "19.8800", "Year High": "27.3700", "Year Low": "17.7500", "Year Close": "24.4400", "Annual % Change": "22.94%"}, "1996": {"Average Stock Price": "17.8663", "Year Open": "16.0000", "Year High": "22.0000", "Year Low": "14.6200", "Year Close": "19.8800", "Annual % Change": "31.39%"}, "1995": {"Average Stock Price": "20.4210", "Year Open": "19.7500", "Year High": "30.7500", "Year Low": "13.7500", "Year Close": "15.1300", "Annual % Change": "-23.87%"}, "1994": {"Average Stock Price": "17.7090", "Year Open": "19.2500", "Year High": "20.1250", "Year Low": "15.6250", "Year Close": "19.8750", "Annual % Change": "-0.62%"}, "1993": {"Average Stock Price": "17.0091", "Year Open": "10.0000", "Year High": "23.3750", "Year Low": "10.0000", "Year Close": "20.0000", "Annual % Change": "83.91%"}}}, "market cap": {"value": "$4.44B"}, "income statement": {"Revenue": {"2019-12-31": "6160.10000", "2018-12-31": "6029.40000", "2017-12-31": "4405.60000", "2016-12-31": "4298.10000", "2015-12-31": "4160.20000", "2014-12-31": "4240.50000", "2013-12-31": "4478.10000", "2012-12-31": "4337.10000", "2011-12-31": "4206.30000", "2010-12-31": "4095.00000", "2009-12-31": "4095.80000", "2008-12-31": "4079.40000", "2007-12-31": "2421.20000", "2006-12-31": "2321.70000", "2005-12-31": "2294.30000"}, "Cost Of Goods Sold": {"2019-12-31": "5067.50000", "2018-12-31": "5077.00000", "2017-12-31": "3696.10000", "2016-12-31": "3497.10000", "2015-12-31": "3371.10000", "2014-12-31": "3453.30000", "2013-12-31": "3752.50000", "2012-12-31": "3617.50000", "2011-12-31": "3568.80000", "2010-12-31": "3501.80000", "2009-12-31": "3567.20000", "2008-12-31": "3587.10000", "2007-12-31": "2089.40000", "2006-12-31": "2048.60000", "2005-12-31": "1985.90000"}, "Gross Profit": {"2019-12-31": "1092.60000", "2018-12-31": "952.39990", "2017-12-31": "709.50000", "2016-12-31": "801.00000", "2015-12-31": "789.10010", "2014-12-31": "787.20000", "2013-12-31": "725.60010", "2012-12-31": "719.60010", "2011-12-31": "637.49980", "2010-12-31": "593.20000", "2009-12-31": "528.60010", "2008-12-31": "492.29980", "2007-12-31": "331.80000", "2006-12-31": "273.09990", "2005-12-31": "308.40000"}, "Research And Development Expenses": {"2019-12-31": "", "2018-12-31": "", "2017-12-31": "", "2016-12-31": "", "2015-12-31": "", "2014-12-31": "", "2013-12-31": "", "2012-12-31": "", "2011-12-31": "", "2010-12-31": "", "2009-12-31": "", "2008-12-31": "", "2007-12-31": "9.20000", "2006-12-31": "10.80000", "2005-12-31": "9.20000"}, "SG&A Expenses": {"2019-12-31": "511.80000", "2018-12-31": "472.10000", "2017-12-31": "347.50000", "2016-12-31": "353.40000", "2015-12-31": "347.70000", "2014-12-31": "365.50000", "2013-12-31": "384.30000", "2012-12-31": "378.10000", "2011-12-31": "342.40000", "2010-12-31": "320.40000", "2009-12-31": "314.60000", "2008-12-31": "306.90000", "2007-12-31": "179.20000", "2006-12-31": "180.70000", "2005-12-31": "203.00000"}, "Other Operating Income Or Expenses": {"2019-12-31": "-8.80000", "2018-12-31": "-7.20000", "2017-12-31": "-3.00000", "2016-12-31": "-3.10000", "2015-12-31": "7.70000", "2014-12-31": "3.70000", "2013-12-31": "13.40000", "2012-12-31": "7.30000", "2011-12-31": "2.70000", "2010-12-31": "1.80000", "2009-12-31": "15.60000", "2008-12-31": "-2.30000", "2007-12-31": "7.80000", "2006-12-31": "12.20000", "2005-12-31": "-9.70000"}, "Operating Expenses": {"2019-12-31": "5626.00000", "2018-12-31": "5571.20000", "2017-12-31": "4077.70000", "2016-12-31": "3890.70000", "2015-12-31": "3733.10000", "2014-12-31": "4012.70000", "2013-12-31": "4136.50000", "2012-12-31": "4014.70000", "2011-12-31": "4016.00000", "2010-12-31": "3875.50000", "2009-12-31": "3813.10000", "2008-12-31": "3929.50000", "2007-12-31": "2270.00000", "2006-12-31": "2227.90000", "2005-12-31": "2207.80000"}, "Operating Income": {"2019-12-31": "534.10060", "2018-12-31": "458.19970", "2017-12-31": "327.89990", "2016-12-31": "407.39990", "2015-12-31": "427.10010", "2014-12-31": "227.79980", "2013-12-31": "341.60010", "2012-12-31": "322.40010", "2011-12-31": "190.29980", "2010-12-31": "219.50000", "2009-12-31": "282.70020", "2008-12-31": "149.89990", "2007-12-31": "151.20020", "2006-12-31": "93.79980", "2005-12-31": "86.50000"}, "Total Non-Operating Income/Expense": {"2019-12-31": "-180.10000", "2018-12-31": "-110.70000", "2017-12-31": "-74.90000", "2016-12-31": "-88.00000", "2015-12-31": "-67.80000", "2014-12-31": "-95.10000", "2013-12-31": "-129.00000", "2012-12-31": "-122.10000", "2011-12-31": "-147.00000", "2010-12-31": "-182.90000", "2009-12-31": "-203.50000", "2008-12-31": "-215.40000", "2007-12-31": "-177.30000", "2006-12-31": "-171.40000", "2005-12-31": "-155.80000"}, "Pre-Tax Income": {"2019-12-31": "354.00000", "2018-12-31": "347.50000", "2017-12-31": "253.00000", "2016-12-31": "319.40000", "2015-12-31": "359.30000", "2014-12-31": "132.70000", "2013-12-31": "212.60000", "2012-12-31": "200.30000", "2011-12-31": "43.30000", "2010-12-31": "36.60000", "2009-12-31": "79.20000", "2008-12-31": "-65.50000", "2007-12-31": "-26.10000", "2006-12-31": "-77.60000", "2005-12-31": "-69.30000"}, "Income Taxes": {"2019-12-31": "76.30000", "2018-12-31": "54.70000", "2017-12-31": "-45.50000", "2016-12-31": "93.20000", "2015-12-31": "130.40000", "2014-12-31": "45.40000", "2013-12-31": "67.40000", "2012-12-31": "82.50000", "2011-12-31": "-229.80000", "2010-12-31": "27.50000", "2009-12-31": "24.10000", "2008-12-31": "34.40000", "2007-12-31": "23.90000", "2006-12-31": "20.80000", "2005-12-31": "22.00000"}, "Income After Taxes": {"2019-12-31": "277.70000", "2018-12-31": "292.80000", "2017-12-31": "298.50000", "2016-12-31": "226.20000", "2015-12-31": "228.90000", "2014-12-31": "87.30000", "2013-12-31": "145.20000", "2012-12-31": "117.80000", "2011-12-31": "273.10000", "2010-12-31": "9.10000", "2009-12-31": "55.10000", "2008-12-31": "-99.90000", "2007-12-31": "-50.00000", "2006-12-31": "-98.40000", "2005-12-31": "-91.30000"}, "Other Income": {"2019-12-31": "", "2018-12-31": "", "2017-12-31": "", "2016-12-31": "", "2015-12-31": "", "2014-12-31": "", "2013-12-31": "", "2012-12-31": "", "2011-12-31": "", "2010-12-31": "", "2009-12-31": "", "2008-12-31": "", "2007-12-31": "", "2006-12-31": "", "2005-12-31": ""}, "Income From Continuous Operations": {"2019-12-31": "278.10000", "2018-12-31": "294.00000", "2017-12-31": "300.20000", "2016-12-31": "228.00000", "2015-12-31": "230.10000", "2014-12-31": "89.00000", "2013-12-31": "146.70000", "2012-12-31": "120.10000", "2011-12-31": "275.20000", "2010-12-31": "10.70000", "2009-12-31": "56.40000", "2008-12-31": "-98.80000", "2007-12-31": "-49.10000", "2006-12-31": "-97.40000", "2005-12-31": "-90.10000"}, "Income From Discontinued Operations": {"2019-12-31": "", "2018-12-31": "", "2017-12-31": "", "2016-12-31": "", "2015-12-31": "", "2014-12-31": "", "2013-12-31": "", "2012-12-31": "", "2011-12-31": "", "2010-12-31": "", "2009-12-31": "", "2008-12-31": "-0.90000", "2007-12-31": "-25.50000", "2006-12-31": "-3.10000", "2005-12-31": "-1.00000"}, "Net Income": {"2019-12-31": "206.80000", "2018-12-31": "221.10000", "2017-12-31": "300.20000", "2016-12-31": "228.00000", "2015-12-31": "230.10000", "2014-12-31": "89.70000", "2013-12-31": "146.60000", "2012-12-31": "122.60000", "2011-12-31": "276.90000", "2010-12-31": "10.70000", "2009-12-31": "56.40000", "2008-12-31": "-99.70000", "2007-12-31": "-74.60000", "2006-12-31": "-100.50000", "2005-12-31": "-91.10000"}, "EBITDA": {"2019-12-31": "986.00060", "2018-12-31": "893.19970", "2017-12-31": "663.29990", "2016-12-31": "711.49990", "2015-12-31": "711.70010", "2014-12-31": "502.59980", "2013-12-31": "626.00010", "2012-12-31": "595.40010", "2011-12-31": "571.99980", "2010-12-31": "516.50000", "2009-12-31": "596.60020", "2008-12-31": "422.09990", "2007-12-31": "352.90020", "2006-12-31": "298.59980", "2005-12-31": "300.10000"}, "EBIT": {"2019-12-31": "534.10060", "2018-12-31": "458.19970", "2017-12-31": "327.89990", "2016-12-31": "407.39990", "2015-12-31": "427.10010", "2014-12-31": "227.79980", "2013-12-31": "341.60010", "2012-12-31": "322.40010", "2011-12-31": "190.29980", "2010-12-31": "219.50000", "2009-12-31": "282.70020", "2008-12-31": "149.89990", "2007-12-31": "151.20020", "2006-12-31": "93.79980", "2005-12-31": "86.50000"}, "Basic Shares Outstanding": {"2019-12-31": "294.10000", "2018-12-31": "309.50000", "2017-12-31": "311.10000", "2016-12-31": "320.90000", "2015-12-31": "329.50000", "2014-12-31": "328.60000", "2013-12-31": "347.30000", "2012-12-31": "393.40000", "2011-12-31": "376.30000", "2010-12-31": "343.80000", "2009-12-31": "343.10000", "2008-12-31": "315.80000", "2007-12-31": "201.80000", "2006-12-31": "201.10000", "2005-12-31": "200.00000"}, "Shares Outstanding": {"2019-12-31": "294.80000", "2018-12-31": "310.10000", "2017-12-31": "311.90000", "2016-12-31": "321.50000", "2015-12-31": "330.70000", "2014-12-31": "330.50000", "2013-12-31": "349.70000", "2012-12-31": "396.20000", "2011-12-31": "381.70000", "2010-12-31": "347.40000", "2009-12-31": "344.60000", "2008-12-31": "315.80000", "2007-12-31": "201.80000", "2006-12-31": "201.10000", "2005-12-31": "200.00000"}, "Basic EPS": {"2019-12-31": "0.70000", "2018-12-31": "0.71000", "2017-12-31": "0.97000", "2016-12-31": "0.71000", "2015-12-31": "0.70000", "2014-12-31": "0.27000", "2013-12-31": "0.42000", "2012-12-31": "0.31000", "2011-12-31": "0.74000", "2010-12-31": "0.03000", "2009-12-31": "0.16000", "2008-12-31": "-0.32000", "2007-12-31": "-0.37000", "2006-12-31": "-0.50000", "2005-12-31": "-0.46000"}, "EPS - Earnings Per Share": {"2019-12-31": "0.70000", "2018-12-31": "0.71000", "2017-12-31": "0.96000", "2016-12-31": "0.71000", "2015-12-31": "0.70000", "2014-12-31": "0.27000", "2013-12-31": "0.42000", "2012-12-31": "0.31000", "2011-12-31": "0.73000", "2010-12-31": "0.03000", "2009-12-31": "0.16000", "2008-12-31": "-0.32000", "2007-12-31": "-0.37000", "2006-12-31": "-0.50000", "2005-12-31": "-0.46000"}}, "income statement, quarterly": {"Revenue": {"2020-09-30": "1697.70000", "2020-06-30": "1611.00000", "2020-03-31": "1599.10000", "2019-12-31": "1519.80000", "2019-09-30": "1581.60000", "2019-06-30": "1552.80000", "2019-03-31": "1505.90000", "2018-12-31": "1509.30000", "2018-09-30": "1531.80000", "2018-06-30": "1510.90000", "2018-03-31": "1477.40000", "2017-12-31": "1111.80000", "2017-09-30": "1137.60000", "2017-06-30": "1094.70000", "2017-03-31": "1061.50000", "2016-12-31": "1057.20000", "2016-09-30": "1103.70000", "2016-06-30": "1103.20000", "2016-03-31": "1034.00000", "2015-12-31": "1024.90000", "2015-09-30": "1070.00000", "2015-06-30": "1057.10000", "2015-03-31": "1008.20000", "2014-12-31": "1001.10000", "2014-09-30": "1050.00000", "2014-06-30": "1116.70000", "2014-03-31": "1072.70000", "2013-12-31": "1074.90000", "2013-09-30": "1163.00000", "2013-06-30": "1139.70000", "2013-03-31": "1100.50000", "2012-12-31": "1053.30000", "2012-09-30": "1104.70000", "2012-06-30": "1111.90000", "2012-03-31": "1067.20000", "2011-12-31": "1051.70000", "2011-09-30": "1073.30000", "2011-06-30": "1080.70000", "2011-03-31": "1000.60000", "2010-12-31": "1011.60000", "2010-09-30": "1042.80000", "2010-06-30": "1036.50000", "2010-03-31": "1004.10000", "2009-12-31": "978.60000", "2009-09-30": "1054.20000", "2009-06-30": "1043.80000", "2009-03-31": "1019.20000", "2008-12-31": "1047.70000", "2008-09-30": "1165.70000", "2008-06-30": "1141.70000", "2008-03-31": "724.30000", "2007-12-31": "601.90000", "2007-09-30": "612.10000", "2007-06-30": "623.10000", "2007-03-31": "584.10000", "2006-12-31": "519.89990", "2006-09-30": "595.90000", "2006-06-30": "625.50000", "2006-03-31": "580.40000", "2005-12-31": "482.90000", "2005-09-30": "605.40000", "2005-06-30": "623.00000", "2005-03-31": "583.00000"}, "Cost Of Goods Sold": {"2020-09-30": "1442.20000", "2020-06-30": "1348.90000", "2020-03-31": "1278.30000", "2019-12-31": "1247.50000", "2019-09-30": "1315.20000", "2019-06-30": "1265.00000", "2019-03-31": "1239.80000", "2018-12-31": "1276.60000", "2018-09-30": "1273.50000", "2018-06-30": "1273.40000", "2018-03-31": "1253.50000", "2017-12-31": "936.40010", "2017-09-30": "949.20000", "2017-06-30": "920.90000", "2017-03-31": "889.60000", "2016-12-31": "860.00020", "2016-09-30": "912.40000", "2016-06-30": "898.40000", "2016-03-31": "826.30000", "2015-12-31": "825.30000", "2015-09-30": "868.10000", "2015-06-30": "859.10000", "2015-03-31": "818.60000", "2014-12-31": "816.40020", "2014-09-30": "847.60000", "2014-06-30": "903.60000", "2014-03-31": "885.70000", "2013-12-31": "901.50000", "2013-09-30": "982.30000", "2013-06-30": "951.10000", "2013-03-31": "917.60000", "2012-12-31": "888.60000", "2012-09-30": "915.80000", "2012-06-30": "915.50000", "2012-03-31": "897.60000", "2011-12-31": "891.79990", "2011-09-30": "919.30000", "2011-06-30": "915.30000", "2011-03-31": "842.40000", "2010-12-31": "868.10020", "2010-09-30": "887.70000", "2010-06-30": "887.70000", "2010-03-31": "858.30000", "2009-12-31": "864.79990", "2009-09-30": "907.80000", "2009-06-30": "901.70000", "2009-03-31": "892.90000", "2008-12-31": "936.00010", "2008-09-30": "1015.30000", "2008-06-30": "998.10000", "2008-03-31": "637.70000", "2007-12-31": "512.99990", "2007-09-30": "507.10000", "2007-06-30": "541.20000", "2007-03-31": "528.10000", "2006-12-31": "482.10010", "2006-09-30": "500.50000", "2006-06-30": "547.60000", "2006-03-31": "518.40000", "2005-12-31": "426.10010", "2005-09-30": "506.80000", "2005-06-30": "537.20000", "2005-03-31": "515.80000"}, "Gross Profit": {"2020-09-30": "255.50000", "2020-06-30": "262.10000", "2020-03-31": "320.79990", "2019-12-31": "272.29990", "2019-09-30": "266.40000", "2019-06-30": "287.80000", "2019-03-31": "266.10000", "2018-12-31": "232.69960", "2018-09-30": "258.30000", "2018-06-30": "237.50000", "2018-03-31": "223.90000", "2017-12-31": "175.39990", "2017-09-30": "188.40000", "2017-06-30": "173.79990", "2017-03-31": "171.90000", "2016-12-31": "197.20000", "2016-09-30": "191.29990", "2016-06-30": "204.79990", "2016-03-31": "207.70000", "2015-12-31": "199.60010", "2015-09-30": "201.90000", "2015-06-30": "198.00000", "2015-03-31": "189.60000", "2014-12-31": "184.69990", "2014-09-30": "202.40000", "2014-06-30": "213.10000", "2014-03-31": "186.99990", "2013-12-31": "173.40010", "2013-09-30": "180.70000", "2013-06-30": "188.60000", "2013-03-31": "182.90000", "2012-12-31": "164.70010", "2012-09-30": "188.90000", "2012-06-30": "196.40000", "2012-03-31": "169.60000", "2011-12-31": "159.89990", "2011-09-30": "154.00010", "2011-06-30": "165.40000", "2011-03-31": "158.20000", "2010-12-31": "143.49980", "2010-09-30": "155.10000", "2010-06-30": "148.80000", "2010-03-31": "145.80000", "2009-12-31": "113.80010", "2009-09-30": "146.40000", "2009-06-30": "142.10000", "2009-03-31": "126.30000", "2008-12-31": "111.69990", "2008-09-30": "150.40000", "2008-06-30": "143.60000", "2008-03-31": "86.60000", "2007-12-31": "88.90020", "2007-09-30": "105.00000", "2007-06-30": "81.90000", "2007-03-31": "56.00000", "2006-12-31": "37.79980", "2006-09-30": "95.40000", "2006-06-30": "77.90000", "2006-03-31": "62.00000", "2005-12-31": "56.79990", "2005-09-30": "98.60000", "2005-06-30": "85.80000", "2005-03-31": "67.20000"}, "Research And Development Expenses": {"2020-09-30": "", "2020-06-30": "", "2020-03-31": "", "2019-12-31": "", "2019-09-30": "", "2019-06-30": "", "2019-03-31": "", "2018-12-31": "", "2018-09-30": "", "2018-06-30": "", "2018-03-31": "", "2017-12-31": "", "2017-09-30": "", "2017-06-30": "", "2017-03-31": "", "2016-12-31": "", "2016-09-30": "", "2016-06-30": "", "2016-03-31": "", "2015-12-31": "", "2015-09-30": "", "2015-06-30": "", "2015-03-31": "", "2014-12-31": "", "2014-09-30": "", "2014-06-30": "", "2014-03-31": "", "2013-12-31": "", "2013-09-30": "", "2013-06-30": "", "2013-03-31": "", "2012-12-31": "", "2012-09-30": "", "2012-06-30": "", "2012-03-31": "", "2011-12-31": "", "2011-09-30": "", "2011-06-30": "", "2011-03-31": "", "2010-12-31": "", "2010-09-30": "", "2010-06-30": "", "2010-03-31": "", "2009-12-31": "", "2009-09-30": "", "2009-06-30": "", "2009-03-31": "", "2008-12-31": "", "2008-09-30": "2.10000", "2008-06-30": "1.90000", "2008-03-31": "2.00000", "2007-12-31": "2.60000", "2007-09-30": "2.10000", "2007-06-30": "2.10000", "2007-03-31": "2.40000", "2006-12-31": "2.20000", "2006-09-30": "2.60000", "2006-06-30": "3.00000", "2006-03-31": "3.00000", "2005-12-31": "1.40000", "2005-09-30": "2.30000", "2005-06-30": "3.20000", "2005-03-31": "2.30000"}, "SG&A Expenses": {"2020-09-30": "126.30000", "2020-06-30": "132.20000", "2020-03-31": "135.60000", "2019-12-31": "124.00000", "2019-09-30": "131.30000", "2019-06-30": "131.80000", "2019-03-31": "124.70000", "2018-12-31": "114.70000", "2018-09-30": "118.60000", "2018-06-30": "116.10000", "2018-03-31": "122.70000", "2017-12-31": "79.90000", "2017-09-30": "91.40000", "2017-06-30": "84.30000", "2017-03-31": "91.90000", "2016-12-31": "92.70000", "2016-09-30": "78.90000", "2016-06-30": "92.70000", "2016-03-31": "89.10000", "2015-12-31": "89.90000", "2015-09-30": "83.70000", "2015-06-30": "88.70000", "2015-03-31": "85.40000", "2014-12-31": "86.50000", "2014-09-30": "83.60000", "2014-06-30": "94.50000", "2014-03-31": "100.90000", "2013-12-31": "94.30000", "2013-09-30": "93.80000", "2013-06-30": "97.00000", "2013-03-31": "99.20000", "2012-12-31": "91.40000", "2012-09-30": "95.10000", "2012-06-30": "95.30000", "2012-03-31": "96.30000", "2011-12-31": "87.20000", "2011-09-30": "75.80000", "2011-06-30": "89.90000", "2011-03-31": "89.50000", "2010-12-31": "83.70000", "2010-09-30": "80.90000", "2010-06-30": "78.40000", "2010-03-31": "77.40000", "2009-12-31": "75.20000", "2009-09-30": "75.80000", "2009-06-30": "84.90000", "2009-03-31": "78.70000", "2008-12-31": "70.50000", "2008-09-30": "85.40000", "2008-06-30": "89.70000", "2008-03-31": "61.30000", "2007-12-31": "49.50000", "2007-09-30": "44.30000", "2007-06-30": "43.20000", "2007-03-31": "42.20000", "2006-12-31": "31.40000", "2006-09-30": "48.70000", "2006-06-30": "51.00000", "2006-03-31": "49.60000", "2005-12-31": "52.00000", "2005-09-30": "50.10000", "2005-06-30": "53.20000", "2005-03-31": "47.70000"}, "Other Operating Income Or Expenses": {"2020-09-30": "-1.10000", "2020-06-30": "5.40000", "2020-03-31": "-6.50000", "2019-12-31": "-1.70000", "2019-09-30": "-4.20000", "2019-06-30": "-1.70000", "2019-03-31": "-1.20000", "2018-12-31": "-3.10000", "2018-09-30": "-0.70000", "2018-06-30": "-2.50000", "2018-03-31": "-0.90000", "2017-12-31": "-1.60000", "2017-09-30": "-2.00000", "2017-06-30": "0.40000", "2017-03-31": "0.20000", "2016-12-31": "-1.10000", "2016-09-30": "0.10000", "2016-06-30": "-1.20000", "2016-03-31": "-0.90000", "2015-12-31": "-0.20000", "2015-09-30": "-0.20000", "2015-06-30": "4.80000", "2015-03-31": "3.30000", "2014-12-31": "2.40000", "2014-09-30": "0.30000", "2014-06-30": "-0.40000", "2014-03-31": "1.40000", "2013-12-31": "2.10000", "2013-09-30": "4.00000", "2013-06-30": "4.40000", "2013-03-31": "2.90000", "2012-12-31": "4.30000", "2012-09-30": "1.00000", "2012-06-30": "0.80000", "2012-03-31": "1.20000", "2011-12-31": "1.10000", "2011-09-30": "0.40000", "2011-06-30": "1.30000", "2011-03-31": "-0.10000", "2010-12-31": "-1.20000", "2010-09-30": "4.30000", "2010-06-30": "-1.00000", "2010-03-31": "-0.30000", "2009-12-31": "2.30000", "2009-09-30": "3.00000", "2009-06-30": "9.90000", "2009-03-31": "0.40000", "2008-12-31": "-11.40000", "2008-09-30": "-3.00000", "2008-06-30": "9.90000", "2008-03-31": "2.20000", "2007-12-31": "1.00000", "2007-09-30": "3.00000", "2007-06-30": "2.40000", "2007-03-31": "1.40000", "2006-12-31": "13.10000", "2006-09-30": "-1.40000", "2006-06-30": "0.80000", "2006-03-31": "-0.30000", "2005-12-31": "3.10000", "2005-09-30": "-2.10000", "2005-06-30": "-5.80000", "2005-03-31": "-4.90000"}, "Operating Expenses": {"2020-09-30": "1578.60000", "2020-06-30": "1496.20000", "2020-03-31": "1439.10000", "2019-12-31": "1386.80000", "2019-09-30": "1458.90000", "2019-06-30": "1408.40000", "2019-03-31": "1371.90000", "2018-12-31": "1401.80000", "2018-09-30": "1365.40000", "2018-06-30": "1400.60000", "2018-03-31": "1403.40000", "2017-12-31": "1030.70000", "2017-09-30": "1046.20000", "2017-06-30": "1010.90000", "2017-03-31": "989.90000", "2016-12-31": "967.70000", "2016-09-30": "998.60010", "2016-06-30": "997.60000", "2016-03-31": "926.80000", "2015-12-31": "923.30000", "2015-09-30": "960.00000", "2015-06-30": "946.90000", "2015-03-31": "902.90000", "2014-12-31": "912.40030", "2014-09-30": "937.70000", "2014-06-30": "1169.60000", "2014-03-31": "993.00000", "2013-12-31": "1011.90000", "2013-09-30": "1057.30000", "2013-06-30": "1052.00000", "2013-03-31": "1015.30000", "2012-12-31": "990.00000", "2012-09-30": "1013.30000", "2012-06-30": "1015.20000", "2012-03-31": "996.20000", "2011-12-31": "988.60000", "2011-09-30": "1091.00000", "2011-06-30": "1004.40000", "2011-03-31": "932.00000", "2010-12-31": "953.00000", "2010-09-30": "964.30000", "2010-06-30": "1013.70000", "2010-03-31": "944.50000", "2009-12-31": "914.49980", "2009-09-30": "956.70000", "2009-06-30": "955.80000", "2009-03-31": "986.10000", "2008-12-31": "1037.70000", "2008-09-30": "1113.20000", "2008-06-30": "1079.80000", "2008-03-31": "698.80000", "2007-12-31": "564.09980", "2007-09-30": "550.50000", "2007-06-30": "584.10000", "2007-03-31": "571.30000", "2006-12-31": "502.60020", "2006-09-30": "553.20000", "2006-06-30": "600.80000", "2006-03-31": "571.30000", "2005-12-31": "476.40010", "2005-09-30": "561.29990", "2005-06-30": "599.40000", "2005-03-31": "570.70000"}, "Operating Income": {"2020-09-30": "119.10000", "2020-06-30": "114.80000", "2020-03-31": "160.00000", "2019-12-31": "133.00010", "2019-09-30": "122.70010", "2019-06-30": "144.40000", "2019-03-31": "134.00010", "2018-12-31": "107.49950", "2018-09-30": "166.40010", "2018-06-30": "110.30000", "2018-03-31": "74.00000", "2017-12-31": "81.09960", "2017-09-30": "91.40000", "2017-06-30": "83.80000", "2017-03-31": "71.60000", "2016-12-31": "89.50020", "2016-09-30": "105.09990", "2016-06-30": "105.59990", "2016-03-31": "107.20000", "2015-12-31": "101.60010", "2015-09-30": "110.00000", "2015-06-30": "110.20000", "2015-03-31": "105.30000", "2014-12-31": "88.69980", "2014-09-30": "112.30000", "2014-06-30": "-52.90000", "2014-03-31": "79.70000", "2013-12-31": "62.99990", "2013-09-30": "105.70010", "2013-06-30": "87.70000", "2013-03-31": "85.20000", "2012-12-31": "63.30010", "2012-09-30": "91.40000", "2012-06-30": "96.70000", "2012-03-31": "71.00000", "2011-12-31": "63.09990", "2011-09-30": "-17.70000", "2011-06-30": "76.29990", "2011-03-31": "68.60000", "2010-12-31": "58.60000", "2010-09-30": "78.50000", "2010-06-30": "22.80000", "2010-03-31": "59.60000", "2009-12-31": "64.10020", "2009-09-30": "97.50000", "2009-06-30": "88.00010", "2009-03-31": "33.10000", "2008-12-31": "9.99980", "2008-09-30": "52.50000", "2008-06-30": "61.90000", "2008-03-31": "25.50000", "2007-12-31": "37.80020", "2007-09-30": "61.60000", "2007-06-30": "39.00000", "2007-03-31": "12.80000", "2006-12-31": "17.29970", "2006-09-30": "42.70000", "2006-06-30": "24.70000", "2006-03-31": "9.10000", "2005-12-31": "6.49990", "2005-09-30": "44.10010", "2005-06-30": "23.60000", "2005-03-31": "12.30000"}, "Total Non-Operating Income/Expense": {"2020-09-30": "-31.80000", "2020-06-30": "-30.10000", "2020-03-31": "-185.30000", "2019-12-31": "-73.60000", "2019-09-30": "-35.90000", "2019-06-30": "-35.50000", "2019-03-31": "-35.10000", "2018-12-31": "-31.10000", "2018-09-30": "-26.90000", "2018-06-30": "-26.20000", "2018-03-31": "-26.50000", "2017-12-31": "-20.20000", "2017-09-30": "-18.60000", "2017-06-30": "-18.70000", "2017-03-31": "-17.40000", "2016-12-31": "-32.90000", "2016-09-30": "-20.00000", "2016-06-30": "-18.20000", "2016-03-31": "-16.90000", "2015-12-31": "-16.60000", "2015-09-30": "-16.50000", "2015-06-30": "-17.80000", "2015-03-31": "-16.90000", "2014-12-31": "-33.10000", "2014-09-30": "-20.40000", "2014-06-30": "-21.20000", "2014-03-31": "-20.40000", "2013-12-31": "-21.50000", "2013-09-30": "-24.70000", "2013-06-30": "-55.60000", "2013-03-31": "-27.20000", "2012-12-31": "-27.60000", "2012-09-30": "-26.10000", "2012-06-30": "-27.40000", "2012-03-31": "-41.00000", "2011-12-31": "-34.20000", "2011-09-30": "-36.10000", "2011-06-30": "-37.40000", "2011-03-31": "-39.30000", "2010-12-31": "-41.50000", "2010-09-30": "-50.50000", "2010-06-30": "-45.90000", "2010-03-31": "-45.00000", "2009-12-31": "-38.40000", "2009-09-30": "-54.30000", "2009-06-30": "-58.60000", "2009-03-31": "-52.20000", "2008-12-31": "-58.20000", "2008-09-30": "-57.40000", "2008-06-30": "-57.10000", "2008-03-31": "-42.70000", "2007-12-31": "-40.40000", "2007-09-30": "-41.30000", "2007-06-30": "-52.50000", "2007-03-31": "-43.10000", "2006-12-31": "-43.90000", "2006-09-30": "-43.20000", "2006-06-30": "-43.00000", "2006-03-31": "-41.30000", "2005-12-31": "-40.70000", "2005-09-30": "-39.10000", "2005-06-30": "-38.90000", "2005-03-31": "-37.10000"}, "Pre-Tax Income": {"2020-09-30": "87.30000", "2020-06-30": "84.70000", "2020-03-31": "-25.30000", "2019-12-31": "59.40000", "2019-09-30": "86.80000", "2019-06-30": "108.90000", "2019-03-31": "98.90000", "2018-12-31": "76.40000", "2018-09-30": "139.50000", "2018-06-30": "84.10000", "2018-03-31": "47.50000", "2017-12-31": "60.90000", "2017-09-30": "72.80000", "2017-06-30": "65.10000", "2017-03-31": "54.20000", "2016-12-31": "56.60000", "2016-09-30": "85.10000", "2016-06-30": "87.40000", "2016-03-31": "90.30000", "2015-12-31": "85.00000", "2015-09-30": "93.50000", "2015-06-30": "92.40000", "2015-03-31": "88.40000", "2014-12-31": "55.60000", "2014-09-30": "91.90000", "2014-06-30": "-74.10000", "2014-03-31": "59.30000", "2013-12-31": "41.50000", "2013-09-30": "81.00000", "2013-06-30": "32.10000", "2013-03-31": "58.00000", "2012-12-31": "35.70000", "2012-09-30": "65.30000", "2012-06-30": "69.30000", "2012-03-31": "30.00000", "2011-12-31": "28.90000", "2011-09-30": "-53.80000", "2011-06-30": "38.90000", "2011-03-31": "29.30000", "2010-12-31": "17.10000", "2010-09-30": "28.00000", "2010-06-30": "-23.10000", "2010-03-31": "14.60000", "2009-12-31": "25.70000", "2009-09-30": "43.20000", "2009-06-30": "29.40000", "2009-03-31": "-19.10000", "2008-12-31": "-48.20000", "2008-09-30": "-4.90000", "2008-06-30": "4.80000", "2008-03-31": "-17.20000", "2007-12-31": "-2.60000", "2007-09-30": "20.30000", "2007-06-30": "-13.50000", "2007-03-31": "-30.30000", "2006-12-31": "-26.60000", "2006-09-30": "-0.50000", "2006-06-30": "-18.30000", "2006-03-31": "-32.20000", "2005-12-31": "-34.20000", "2005-09-30": "5.00000", "2005-06-30": "-15.30000", "2005-03-31": "-24.80000"}, "Income Taxes": {"2020-09-30": "8.30000", "2020-06-30": "18.30000", "2020-03-31": "-5.40000", "2019-12-31": "15.40000", "2019-09-30": "16.90000", "2019-06-30": "23.00000", "2019-03-31": "21.00000", "2018-12-31": "13.30000", "2018-09-30": "17.80000", "2018-06-30": "18.50000", "2018-03-31": "5.10000", "2017-12-31": "-112.60000", "2017-09-30": "25.90000", "2017-06-30": "23.60000", "2017-03-31": "17.60000", "2016-12-31": "21.90000", "2016-09-30": "28.00000", "2016-06-30": "10.10000", "2016-03-31": "33.20000", "2015-12-31": "28.10000", "2015-09-30": "33.60000", "2015-06-30": "35.10000", "2015-03-31": "33.60000", "2014-12-31": "14.50000", "2014-09-30": "39.30000", "2014-06-30": "-33.20000", "2014-03-31": "24.80000", "2013-12-31": "-3.50000", "2013-09-30": "35.80000", "2013-06-30": "11.40000", "2013-03-31": "23.70000", "2012-12-31": "13.90000", "2012-09-30": "27.00000", "2012-06-30": "28.60000", "2012-03-31": "13.00000", "2011-12-31": "-234.50000", "2011-09-30": "-5.60000", "2011-06-30": "7.40000", "2011-03-31": "2.90000", "2010-12-31": "-2.30000", "2010-09-30": "11.00000", "2010-06-30": "10.20000", "2010-03-31": "8.60000", "2009-12-31": "-5.60000", "2009-09-30": "10.30000", "2009-06-30": "10.10000", "2009-03-31": "9.30000", "2008-12-31": "9.40000", "2008-09-30": "9.00000", "2008-06-30": "9.60000", "2008-03-31": "6.40000", "2007-12-31": "4.70000", "2007-09-30": "5.40000", "2007-06-30": "6.40000", "2007-03-31": "7.40000", "2006-12-31": "6.10000", "2006-09-30": "5.20000", "2006-06-30": "4.90000", "2006-03-31": "4.60000", "2005-12-31": "7.50000", "2005-09-30": "4.80000", "2005-06-30": "4.80000", "2005-03-31": "4.90000"}, "Income After Taxes": {"2020-09-30": "79.00000", "2020-06-30": "66.40000", "2020-03-31": "-19.90000", "2019-12-31": "44.00000", "2019-09-30": "69.90000", "2019-06-30": "85.90000", "2019-03-31": "77.90000", "2018-12-31": "63.10000", "2018-09-30": "121.70000", "2018-06-30": "65.60000", "2018-03-31": "42.40000", "2017-12-31": "173.50000", "2017-09-30": "46.90000", "2017-06-30": "41.50000", "2017-03-31": "36.60000", "2016-12-31": "34.70000", "2016-09-30": "57.10000", "2016-06-30": "77.30000", "2016-03-31": "57.10000", "2015-12-31": "56.90000", "2015-09-30": "59.90000", "2015-06-30": "57.30000", "2015-03-31": "54.80000", "2014-12-31": "41.10000", "2014-09-30": "52.60000", "2014-06-30": "-40.90000", "2014-03-31": "34.50000", "2013-12-31": "45.00000", "2013-09-30": "45.20000", "2013-06-30": "20.70000", "2013-03-31": "34.30000", "2012-12-31": "21.80000", "2012-09-30": "38.30000", "2012-06-30": "40.70000", "2012-03-31": "17.00000", "2011-12-31": "263.40000", "2011-09-30": "-48.20000", "2011-06-30": "31.50000", "2011-03-31": "26.40000", "2010-12-31": "19.40000", "2010-09-30": "17.00000", "2010-06-30": "-33.30000", "2010-03-31": "6.00000", "2009-12-31": "31.30000", "2009-09-30": "32.90000", "2009-06-30": "19.30000", "2009-03-31": "-28.40000", "2008-12-31": "-57.60000", "2008-09-30": "-13.90000", "2008-06-30": "-4.80000", "2008-03-31": "-23.60000", "2007-12-31": "-7.30000", "2007-09-30": "14.90000", "2007-06-30": "-19.90000", "2007-03-31": "-37.70000", "2006-12-31": "-32.70000", "2006-09-30": "-5.70000", "2006-06-30": "-23.20000", "2006-03-31": "-36.80000", "2005-12-31": "-41.70000", "2005-09-30": "0.20000", "2005-06-30": "-20.10000", "2005-03-31": "-29.70000"}, "Other Income": {"2020-09-30": "", "2020-06-30": "", "2020-03-31": "", "2019-12-31": "", "2019-09-30": "", "2019-06-30": "", "2019-03-31": "", "2018-12-31": "", "2018-09-30": "", "2018-06-30": "", "2018-03-31": "", "2017-12-31": "", "2017-09-30": "", "2017-06-30": "", "2017-03-31": "", "2016-12-31": "", "2016-09-30": "", "2016-06-30": "", "2016-03-31": "", "2015-12-31": "", "2015-09-30": "", "2015-06-30": "", "2015-03-31": "", "2014-12-31": "", "2014-09-30": "", "2014-06-30": "", "2014-03-31": "", "2013-12-31": "", "2013-09-30": "", "2013-06-30": "", "2013-03-31": "", "2012-12-31": "", "2012-09-30": "", "2012-06-30": "", "2012-03-31": "", "2011-12-31": "", "2011-09-30": "", "2011-06-30": "", "2011-03-31": "", "2010-12-31": "", "2010-09-30": "", "2010-06-30": "", "2010-03-31": "", "2009-12-31": "", "2009-09-30": "", "2009-06-30": "", "2009-03-31": "", "2008-12-31": "", "2008-09-30": "", "2008-06-30": "", "2008-03-31": "", "2007-12-31": "", "2007-09-30": "", "2007-06-30": "", "2007-03-31": "", "2006-12-31": "", "2006-09-30": "", "2006-06-30": "", "2006-03-31": "", "2005-12-31": "", "2005-09-30": "", "2005-06-30": "", "2005-03-31": ""}, "Income From Continuous Operations": {"2020-09-30": "79.30000", "2020-06-30": "66.70000", "2020-03-31": "-19.80000", "2019-12-31": "43.90000", "2019-09-30": "70.00000", "2019-06-30": "86.10000", "2019-03-31": "78.10000", "2018-12-31": "63.30000", "2018-09-30": "122.00000", "2018-06-30": "66.00000", "2018-03-31": "42.70000", "2017-12-31": "173.90000", "2017-09-30": "47.30000", "2017-06-30": "42.00000", "2017-03-31": "37.00000", "2016-12-31": "34.90000", "2016-09-30": "57.80000", "2016-06-30": "77.80000", "2016-03-31": "57.50000", "2015-12-31": "57.20000", "2015-09-30": "60.20000", "2015-06-30": "57.60000", "2015-03-31": "55.10000", "2014-12-31": "41.50000", "2014-09-30": "53.00000", "2014-06-30": "-40.30000", "2014-03-31": "34.80000", "2013-12-31": "45.30000", "2013-09-30": "45.70000", "2013-06-30": "21.10000", "2013-03-31": "34.60000", "2012-12-31": "22.50000", "2012-09-30": "38.90000", "2012-06-30": "41.40000", "2012-03-31": "17.30000", "2011-12-31": "263.90000", "2011-09-30": "-47.50000", "2011-06-30": "32.10000", "2011-03-31": "26.70000", "2010-12-31": "19.60000", "2010-09-30": "17.60000", "2010-06-30": "-32.80000", "2010-03-31": "6.30000", "2009-12-31": "31.80000", "2009-09-30": "33.20000", "2009-06-30": "19.60000", "2009-03-31": "-28.20000", "2008-12-31": "-57.70000", "2008-09-30": "-13.50000", "2008-06-30": "-4.30000", "2008-03-31": "-23.30000", "2007-12-31": "-7.10000", "2007-09-30": "15.10000", "2007-06-30": "-19.60000", "2007-03-31": "-37.50000", "2006-12-31": "-32.50000", "2006-09-30": "-5.40000", "2006-06-30": "-22.80000", "2006-03-31": "-36.70000", "2005-12-31": "-41.50000", "2005-09-30": "0.60000", "2005-06-30": "-19.60000", "2005-03-31": "-29.60000"}, "Income From Discontinued Operations": {"2020-09-30": "", "2020-06-30": "", "2020-03-31": "", "2019-12-31": "", "2019-09-30": "", "2019-06-30": "", "2019-03-31": "", "2018-12-31": "", "2018-09-30": "", "2018-06-30": "", "2018-03-31": "", "2017-12-31": "", "2017-09-30": "", "2017-06-30": "", "2017-03-31": "", "2016-12-31": "", "2016-09-30": "", "2016-06-30": "", "2016-03-31": "", "2015-12-31": "", "2015-09-30": "", "2015-06-30": "", "2015-03-31": "", "2014-12-31": "", "2014-09-30": "", "2014-06-30": "", "2014-03-31": "", "2013-12-31": "", "2013-09-30": "", "2013-06-30": "", "2013-03-31": "", "2012-12-31": "", "2012-09-30": "", "2012-06-30": "", "2012-03-31": "", "2011-12-31": "", "2011-09-30": "", "2011-06-30": "", "2011-03-31": "", "2010-12-31": "", "2010-09-30": "", "2010-06-30": "", "2010-03-31": "", "2009-12-31": "", "2009-09-30": "", "2009-06-30": "", "2009-03-31": "", "2008-12-31": "", "2008-09-30": "-0.90000", "2008-06-30": "", "2008-03-31": "", "2007-12-31": "6.40000", "2007-09-30": "-29.00000", "2007-06-30": "-1.70000", "2007-03-31": "-1.20000", "2006-12-31": "-3.40000", "2006-09-30": "0.30000", "2006-06-30": "", "2006-03-31": "", "2005-12-31": "", "2005-09-30": "", "2005-06-30": "", "2005-03-31": ""}, "Net Income": {"2020-09-30": "63.70000", "2020-06-30": "52.10000", "2020-03-31": "-12.70000", "2019-12-31": "33.00000", "2019-09-30": "52.10000", "2019-06-30": "63.80000", "2019-03-31": "57.90000", "2018-12-31": "47.50000", "2018-09-30": "94.30000", "2018-06-30": "49.40000", "2018-03-31": "29.90000", "2017-12-31": "173.90000", "2017-09-30": "47.30000", "2017-06-30": "42.00000", "2017-03-31": "37.00000", "2016-12-31": "34.90000", "2016-09-30": "57.80000", "2016-06-30": "77.80000", "2016-03-31": "57.50000", "2015-12-31": "57.20000", "2015-09-30": "60.20000", "2015-06-30": "57.60000", "2015-03-31": "55.10000", "2014-12-31": "41.50000", "2014-09-30": "53.00000", "2014-06-30": "-40.00000", "2014-03-31": "35.20000", "2013-12-31": "46.00000", "2013-09-30": "44.50000", "2013-06-30": "21.20000", "2013-03-31": "34.90000", "2012-12-31": "22.90000", "2012-09-30": "40.10000", "2012-06-30": "42.40000", "2012-03-31": "17.20000", "2011-12-31": "265.60000", "2011-09-30": "-47.50000", "2011-06-30": "32.10000", "2011-03-31": "26.70000", "2010-12-31": "19.60000", "2010-09-30": "17.60000", "2010-06-30": "-32.80000", "2010-03-31": "6.30000", "2009-12-31": "31.80000", "2009-09-30": "33.20000", "2009-06-30": "19.60000", "2009-03-31": "-28.20000", "2008-12-31": "-57.70000", "2008-09-30": "-14.40000", "2008-06-30": "-4.30000", "2008-03-31": "-23.30000", "2007-12-31": "-0.70000", "2007-09-30": "-13.90000", "2007-06-30": "-21.30000", "2007-03-31": "-38.70000", "2006-12-31": "-35.90000", "2006-09-30": "-5.10000", "2006-06-30": "-22.80000", "2006-03-31": "-36.70000", "2005-12-31": "-42.50000", "2005-09-30": "0.60000", "2005-06-30": "-19.60000", "2005-03-31": "-29.60000"}, "EBITDA": {"2020-09-30": "239.60000", "2020-06-30": "237.20000", "2020-03-31": "273.60000", "2019-12-31": "247.10020", "2019-09-30": "233.20010", "2019-06-30": "254.60000", "2019-03-31": "251.10010", "2018-12-31": "210.69950", "2018-09-30": "277.10010", "2018-06-30": "221.60010", "2018-03-31": "183.80000", "2017-12-31": "179.29960", "2017-09-30": "178.40000", "2017-06-30": "159.00000", "2017-03-31": "146.60000", "2016-12-31": "169.50020", "2016-09-30": "183.29990", "2016-06-30": "180.79990", "2016-03-31": "177.90000", "2015-12-31": "173.40010", "2015-09-30": "183.50000", "2015-06-30": "181.40000", "2015-03-31": "173.40000", "2014-12-31": "161.29980", "2014-09-30": "178.10010", "2014-06-30": "16.50000", "2014-03-31": "146.70000", "2013-12-31": "138.89990", "2013-09-30": "180.50010", "2013-06-30": "155.99990", "2013-03-31": "150.60000", "2012-12-31": "134.30000", "2012-09-30": "158.60000", "2012-06-30": "163.60000", "2012-03-31": "138.90000", "2011-12-31": "139.29990", "2011-09-30": "148.40010", "2011-06-30": "144.69990", "2011-03-31": "139.60000", "2010-12-31": "137.60000", "2010-09-30": "148.90000", "2010-06-30": "96.10000", "2010-03-31": "133.90000", "2009-12-31": "150.00020", "2009-09-30": "173.70000", "2009-06-30": "163.40010", "2009-03-31": "109.50000", "2008-12-31": "86.29970", "2008-09-30": "127.00000", "2008-06-30": "131.10000", "2008-03-31": "77.70000", "2007-12-31": "84.30020", "2007-09-30": "109.10000", "2007-06-30": "91.30000", "2007-03-31": "68.20000", "2006-12-31": "68.89970", "2006-09-30": "92.70000", "2006-06-30": "75.90000", "2006-03-31": "61.10000", "2005-12-31": "58.79990", "2005-09-30": "94.80010", "2005-06-30": "79.80000", "2005-03-31": "66.70000"}, "EBIT": {"2020-09-30": "119.10000", "2020-06-30": "114.80000", "2020-03-31": "160.00000", "2019-12-31": "133.00040", "2019-09-30": "122.70010", "2019-06-30": "144.40000", "2019-03-31": "134.00010", "2018-12-31": "107.49950", "2018-09-30": "166.40010", "2018-06-30": "110.30000", "2018-03-31": "74.00000", "2017-12-31": "81.09990", "2017-09-30": "91.40000", "2017-06-30": "83.80000", "2017-03-31": "71.60000", "2016-12-31": "89.50010", "2016-09-30": "105.09990", "2016-06-30": "105.59990", "2016-03-31": "107.20000", "2015-12-31": "101.60020", "2015-09-30": "110.00000", "2015-06-30": "110.20000", "2015-03-31": "105.30000", "2014-12-31": "88.69980", "2014-09-30": "112.30000", "2014-06-30": "-52.90000", "2014-03-31": "79.70000", "2013-12-31": "63.00010", "2013-09-30": "105.70010", "2013-06-30": "87.70000", "2013-03-31": "85.20000", "2012-12-31": "63.30020", "2012-09-30": "91.40000", "2012-06-30": "96.70000", "2012-03-31": "71.00000", "2011-12-31": "63.09990", "2011-09-30": "-17.70000", "2011-06-30": "76.29990", "2011-03-31": "68.60000", "2010-12-31": "58.60000", "2010-09-30": "78.50000", "2010-06-30": "22.80000", "2010-03-31": "59.60000", "2009-12-31": "64.10020", "2009-09-30": "97.50000", "2009-06-30": "88.00010", "2009-03-31": "33.10000", "2008-12-31": "9.99990", "2008-09-30": "52.50000", "2008-06-30": "61.90000", "2008-03-31": "25.50000", "2007-12-31": "37.80020", "2007-09-30": "61.60000", "2007-06-30": "39.00000", "2007-03-31": "12.80000", "2006-12-31": "17.29970", "2006-09-30": "42.70000", "2006-06-30": "24.70000", "2006-03-31": "9.10000", "2005-12-31": "6.49990", "2005-09-30": "44.10010", "2005-06-30": "23.60000", "2005-03-31": "12.30000"}, "Basic Shares Outstanding": {"2020-09-30": "277.00000", "2020-06-30": "279.90000", "2020-03-31": "288.90000", "2019-12-31": "294.10000", "2019-09-30": "292.90000", "2019-06-30": "295.20000", "2019-03-31": "297.50000", "2018-12-31": "309.50000", "2018-09-30": "310.80000", "2018-06-30": "310.70000", "2018-03-31": "310.60000", "2017-12-31": "311.10000", "2017-09-30": "310.40000", "2017-06-30": "310.70000", "2017-03-31": "312.90000", "2016-12-31": "320.90000", "2016-09-30": "319.70000", "2016-06-30": "322.10000", "2016-03-31": "323.10000", "2015-12-31": "329.50000", "2015-09-30": "329.70000", "2015-06-30": "330.20000", "2015-03-31": "329.60000", "2014-12-31": "328.60000", "2014-09-30": "328.90000", "2014-06-30": "328.70000", "2014-03-31": "327.60000", "2013-12-31": "347.30000", "2013-09-30": "350.50000", "2013-06-30": "349.80000", "2013-03-31": "348.10000", "2012-12-31": "393.40000", "2012-09-30": "396.10000", "2012-06-30": "396.00000", "2012-03-31": "392.50000", "2011-12-31": "376.30000", "2011-09-30": "390.60000", "2011-06-30": "378.90000", "2011-03-31": "344.20000", "2010-12-31": "343.80000", "2010-09-30": "344.10000", "2010-06-30": "343.70000", "2010-03-31": "343.40000", "2009-12-31": "343.10000", "2009-09-30": "343.40000", "2009-06-30": "343.00000", "2009-03-31": "342.60000", "2008-12-31": "315.80000", "2008-09-30": "342.50000", "2008-06-30": "342.90000", "2008-03-31": "234.50000", "2007-12-31": "201.80000", "2007-09-30": "202.10000", "2007-06-30": "201.80000", "2007-03-31": "201.30000", "2006-12-31": "201.10000", "2006-09-30": "200.50000", "2006-06-30": "201.10000", "2006-03-31": "200.80000", "2005-12-31": "200.00000", "2005-09-30": "200.10000", "2005-06-30": "198.60000", "2005-03-31": "198.60000"}, "Shares Outstanding": {"2020-09-30": "277.70000", "2020-06-30": "280.50000", "2020-03-31": "288.90000", "2019-12-31": "294.80000", "2019-09-30": "293.70000", "2019-06-30": "295.70000", "2019-03-31": "298.20000", "2018-12-31": "310.10000", "2018-09-30": "311.50000", "2018-06-30": "311.30000", "2018-03-31": "311.30000", "2017-12-31": "311.90000", "2017-09-30": "310.90000", "2017-06-30": "311.10000", "2017-03-31": "314.10000", "2016-12-31": "321.50000", "2016-09-30": "320.40000", "2016-06-30": "322.50000", "2016-03-31": "324.20000", "2015-12-31": "330.70000", "2015-09-30": "330.40000", "2015-06-30": "330.90000", "2015-03-31": "331.90000", "2014-12-31": "330.50000", "2014-09-30": "330.60000", "2014-06-30": "328.70000", "2014-03-31": "330.30000", "2013-12-31": "349.70000", "2013-09-30": "352.20000", "2013-06-30": "351.50000", "2013-03-31": "350.40000", "2012-12-31": "396.20000", "2012-09-30": "398.20000", "2012-06-30": "397.80000", "2012-03-31": "396.50000", "2011-12-31": "381.70000", "2011-09-30": "390.60000", "2011-06-30": "384.50000", "2011-03-31": "349.80000", "2010-12-31": "347.40000", "2010-09-30": "347.20000", "2010-06-30": "343.70000", "2010-03-31": "346.90000", "2009-12-31": "344.60000", "2009-09-30": "344.90000", "2009-06-30": "344.30000", "2009-03-31": "342.60000", "2008-12-31": "315.80000", "2008-09-30": "342.50000", "2008-06-30": "342.90000", "2008-03-31": "234.50000", "2007-12-31": "201.80000", "2007-09-30": "206.40000", "2007-06-30": "201.80000", "2007-03-31": "201.30000", "2006-12-31": "201.10000", "2006-09-30": "200.50000", "2006-06-30": "201.10000", "2006-03-31": "200.80000", "2005-12-31": "200.00000", "2005-09-30": "202.40000", "2005-06-30": "198.60000", "2005-03-31": "198.60000"}, "Basic EPS": {"2020-09-30": "0.23000", "2020-06-30": "0.19000", "2020-03-31": "-0.04000", "2019-12-31": "0.11000", "2019-09-30": "0.18000", "2019-06-30": "0.22000", "2019-03-31": "0.19000", "2018-12-31": "0.15000", "2018-09-30": "0.30000", "2018-06-30": "0.16000", "2018-03-31": "0.10000", "2017-12-31": "0.56000", "2017-09-30": "0.15000", "2017-06-30": "0.14000", "2017-03-31": "0.12000", "2016-12-31": "0.11000", "2016-09-30": "0.18000", "2016-06-30": "0.24000", "2016-03-31": "0.18000", "2015-12-31": "0.18000", "2015-09-30": "0.18000", "2015-06-30": "0.17000", "2015-03-31": "0.17000", "2014-12-31": "0.12000", "2014-09-30": "0.16000", "2014-06-30": "-0.12000", "2014-03-31": "0.11000", "2013-12-31": "0.13000", "2013-09-30": "0.13000", "2013-06-30": "0.06000", "2013-03-31": "0.10000", "2012-12-31": "0.06000", "2012-09-30": "0.10000", "2012-06-30": "0.11000", "2012-03-31": "0.04000", "2011-12-31": "0.70000", "2011-09-30": "-0.12000", "2011-06-30": "0.08000", "2011-03-31": "0.08000", "2010-12-31": "0.06000", "2010-09-30": "0.05000", "2010-06-30": "-0.10000", "2010-03-31": "0.02000", "2009-12-31": "0.08000", "2009-09-30": "0.10000", "2009-06-30": "0.06000", "2009-03-31": "-0.08000", "2008-12-31": "-0.17000", "2008-09-30": "-0.04000", "2008-06-30": "-0.01000", "2008-03-31": "-0.10000", "2007-12-31": "0.00000", "2007-09-30": "-0.07000", "2007-06-30": "-0.11000", "2007-03-31": "-0.19000", "2006-12-31": "-0.18000", "2006-09-30": "-0.03000", "2006-06-30": "-0.11000", "2006-03-31": "-0.18000", "2005-12-31": "-0.21000", "2005-09-30": "0.00000", "2005-06-30": "-0.10000", "2005-03-31": "-0.15000"}, "EPS - Earnings Per Share": {"2020-09-30": "0.23000", "2020-06-30": "0.19000", "2020-03-31": "-0.04000", "2019-12-31": "0.11000", "2019-09-30": "0.18000", "2019-06-30": "0.22000", "2019-03-31": "0.19000", "2018-12-31": "0.15000", "2018-09-30": "0.30000", "2018-06-30": "0.16000", "2018-03-31": "0.10000", "2017-12-31": "0.55000", "2017-09-30": "0.15000", "2017-06-30": "0.14000", "2017-03-31": "0.12000", "2016-12-31": "0.11000", "2016-09-30": "0.18000", "2016-06-30": "0.24000", "2016-03-31": "0.18000", "2015-12-31": "0.18000", "2015-09-30": "0.18000", "2015-06-30": "0.17000", "2015-03-31": "0.17000", "2014-12-31": "0.12000", "2014-09-30": "0.16000", "2014-06-30": "-0.12000", "2014-03-31": "0.11000", "2013-12-31": "0.13000", "2013-09-30": "0.13000", "2013-06-30": "0.06000", "2013-03-31": "0.10000", "2012-12-31": "0.06000", "2012-09-30": "0.10000", "2012-06-30": "0.11000", "2012-03-31": "0.04000", "2011-12-31": "0.69000", "2011-09-30": "-0.12000", "2011-06-30": "0.08000", "2011-03-31": "0.08000", "2010-12-31": "0.06000", "2010-09-30": "0.05000", "2010-06-30": "-0.10000", "2010-03-31": "0.02000", "2009-12-31": "0.08000", "2009-09-30": "0.10000", "2009-06-30": "0.06000", "2009-03-31": "-0.08000", "2008-12-31": "-0.17000", "2008-09-30": "-0.04000", "2008-06-30": "-0.01000", "2008-03-31": "-0.10000", "2007-12-31": "0.00000", "2007-09-30": "-0.07000", "2007-06-30": "-0.11000", "2007-03-31": "-0.19000", "2006-12-31": "-0.18000", "2006-09-30": "-0.03000", "2006-06-30": "-0.11000", "2006-03-31": "-0.18000", "2005-12-31": "-0.21000", "2005-09-30": "0.00000", "2005-06-30": "-0.10000", "2005-03-31": "-0.15000"}}, "balance sheet": {"Cash On Hand": {"2019-12-31": "152.90000", "2018-12-31": "70.50000", "2017-12-31": "67.40000", "2016-12-31": "59.10000", "2015-12-31": "54.90000", "2014-12-31": "81.60000", "2013-12-31": "52.20000", "2012-12-31": "51.50000", "2011-12-31": "271.80000", "2010-12-31": "138.70000", "2009-12-31": "149.80000", "2008-12-31": "170.10000", "2007-12-31": "9.30000", "2006-12-31": "7.30000", "2005-12-31": "12.70000"}, "Receivables": {"2019-12-31": "504.50000", "2018-12-31": "572.90000", "2017-12-31": "321.10000", "2016-12-31": "426.80000", "2015-12-31": "423.90000", "2014-12-31": "413.60000", "2013-12-31": "412.80000", "2012-12-31": "461.30000", "2011-12-31": "401.90000", "2010-12-31": "382.20000", "2009-12-31": "382.30000", "2008-12-31": "369.60000", "2007-12-31": "226.70000", "2006-12-31": "230.90000", "2005-12-31": "216.30000"}, "Inventory": {"2019-12-31": "1095.90000", "2018-12-31": "1014.40000", "2017-12-31": "634.00000", "2016-12-31": "582.90000", "2015-12-31": "557.10000", "2014-12-31": "521.80000", "2013-12-31": "557.10000", "2012-12-31": "532.50000", "2011-12-31": "474.20000", "2010-12-31": "417.30000", "2009-12-31": "436.50000", "2008-12-31": "532.00000", "2007-12-31": "318.60000", "2006-12-31": "301.30000", "2005-12-31": "302.80000"}, "Pre-Paid Expenses": {"2019-12-31": "", "2018-12-31": "", "2017-12-31": "", "2016-12-31": "", "2015-12-31": "", "2014-12-31": "", "2013-12-31": "", "2012-12-31": "", "2011-12-31": "", "2010-12-31": "", "2009-12-31": "", "2008-12-31": "", "2007-12-31": "", "2006-12-31": "", "2005-12-31": ""}, "Other Current Assets": {"2019-12-31": "52.30000", "2018-12-31": "106.00000", "2017-12-31": "147.40000", "2016-12-31": "46.10000", "2015-12-31": "30.90000", "2014-12-31": "32.00000", "2013-12-31": "38.80000", "2012-12-31": "18.40000", "2011-12-31": "35.20000", "2010-12-31": "47.40000", "2009-12-31": "18.00000", "2008-12-31": "25.70000", "2007-12-31": "18.40000", "2006-12-31": "13.10000", "2005-12-31": "13.00000"}, "Total Current Assets": {"2019-12-31": "1805.60000", "2018-12-31": "1763.80000", "2017-12-31": "1169.90000", "2016-12-31": "1114.90000", "2015-12-31": "1066.80000", "2014-12-31": "1049.00000", "2013-12-31": "1232.20000", "2012-12-31": "1203.00000", "2011-12-31": "1308.10000", "2010-12-31": "1013.60000", "2009-12-31": "1021.30000", "2008-12-31": "1128.60000", "2007-12-31": "586.30000", "2006-12-31": "564.30000", "2005-12-31": "557.90000"}, "Property, Plant, And Equipment": {"2019-12-31": "3253.80000", "2018-12-31": "3239.70000", "2017-12-31": "1867.20000", "2016-12-31": "1751.90000", "2015-12-31": "1586.40000", "2014-12-31": "1546.80000", "2013-12-31": "1678.90000", "2012-12-31": "1732.20000", "2011-12-31": "1631.70000", "2010-12-31": "1641.50000", "2009-12-31": "1797.40000", "2008-12-31": "1935.10000", "2007-12-31": "1376.20000", "2006-12-31": "1488.70000", "2005-12-31": "1576.00000"}, "Long-Term Investments": {"2019-12-31": "", "2018-12-31": "", "2017-12-31": "", "2016-12-31": "", "2015-12-31": "", "2014-12-31": "", "2013-12-31": "", "2012-12-31": "", "2011-12-31": "", "2010-12-31": "", "2009-12-31": "", "2008-12-31": "", "2007-12-31": "", "2006-12-31": "", "2005-12-31": ""}, "Goodwill And Intangible Assets": {"2019-12-31": "1955.20000", "2018-12-31": "1984.40000", "2017-12-31": "1759.50000", "2016-12-31": "1705.60000", "2015-12-31": "1554.50000", "2014-12-31": "1503.70000", "2013-12-31": "1592.40000", "2012-12-31": "1645.40000", "2011-12-31": "1671.60000", "2010-12-31": "1781.80000", "2009-12-31": "1824.60000", "2008-12-31": "1869.40000", "2007-12-31": "781.90000", "2006-12-31": "790.80000", "2005-12-31": "799.90000"}, "Other Long-Term Assets": {"2019-12-31": "275.30000", "2018-12-31": "71.30000", "2017-12-31": "66.40000", "2016-12-31": "31.00000", "2015-12-31": "48.40000", "2014-12-31": "38.10000", "2013-12-31": "55.80000", "2012-12-31": "51.00000", "2011-12-31": "38.30000", "2010-12-31": "47.70000", "2009-12-31": "58.50000", "2008-12-31": "50.00000", "2007-12-31": "32.90000", "2006-12-31": "44.80000", "2005-12-31": "71.40000"}, "Total Long-Term Assets": {"2019-12-31": "5484.30000", "2018-12-31": "5295.39900", "2017-12-31": "3693.10000", "2016-12-31": "3488.50000", "2015-12-31": "3189.30000", "2014-12-31": "3088.60000", "2013-12-31": "3327.10000", "2012-12-31": "3428.60000", "2011-12-31": "3341.60000", "2010-12-31": "3471.00000", "2009-12-31": "3680.50000", "2008-12-31": "3854.50000", "2007-12-31": "2191.00000", "2006-12-31": "2324.30000", "2005-12-31": "2798.10000"}, "Total Assets": {"2019-12-31": "7289.90000", "2018-12-31": "7059.20000", "2017-12-31": "4863.00000", "2016-12-31": "4603.40000", "2015-12-31": "4256.10000", "2014-12-31": "4137.60000", "2013-12-31": "4559.30000", "2012-12-31": "4631.60000", "2011-12-31": "4649.70000", "2010-12-31": "4484.60000", "2009-12-31": "4701.80000", "2008-12-31": "4983.10000", "2007-12-31": "2777.30000", "2006-12-31": "2888.60000", "2005-12-31": "3356.00000"}, "Total Current Liabilities": {"2019-12-31": "1198.70000", "2018-12-31": "1172.30000", "2017-12-31": "851.40000", "2016-12-31": "779.80000", "2015-12-31": "732.20000", "2014-12-31": "676.70000", "2013-12-31": "711.20000", "2012-12-31": "752.90000", "2011-12-31": "645.50000", "2010-12-31": "595.70000", "2009-12-31": "634.50000", "2008-12-31": "685.60000", "2007-12-31": "406.80000", "2006-12-31": "420.30000", "2005-12-31": "394.60000"}, "Long Term Debt": {"2019-12-31": "2809.90000", "2018-12-31": "2905.10000", "2017-12-31": "2213.20000", "2016-12-31": "2088.50000", "2015-12-31": "1838.90000", "2014-12-31": "1925.50000", "2013-12-31": "2176.20000", "2012-12-31": "2253.50000", "2011-12-31": "2335.70000", "2010-12-31": "2553.10000", "2009-12-31": "2782.60000", "2008-12-31": "3165.20000", "2007-12-31": "1871.80000", "2006-12-31": "1910.70000", "2005-12-31": "1967.30000"}, "Other Non-Current Liabilities": {"2019-12-31": "266.80000", "2018-12-31": "117.80000", "2017-12-31": "104.70000", "2016-12-31": "68.10000", "2015-12-31": "69.30000", "2014-12-31": "78.10000", "2013-12-31": "70.20000", "2012-12-31": "73.60000", "2011-12-31": "59.20000", "2010-12-31": "72.70000", "2009-12-31": "44.40000", "2008-12-31": "43.50000", "2007-12-31": "42.90000", "2006-12-31": "39.00000", "2005-12-31": "49.30000"}, "Total Long Term Liabilities": {"2019-12-31": "4033.20000", "2018-12-31": "3868.40000", "2017-12-31": "2719.70000", "2016-12-31": "2767.10000", "2015-12-31": "2422.20000", "2014-12-31": "2448.60000", "2013-12-31": "2785.80000", "2012-12-31": "2906.40000", "2011-12-31": "2837.50000", "2010-12-31": "3141.90000", "2009-12-31": "3338.50000", "2008-12-31": "3772.30000", "2007-12-31": "2226.50000", "2006-12-31": "2286.60000", "2005-12-31": "2692.70000"}, "Total Liabilities": {"2019-12-31": "5231.90000", "2018-12-31": "5040.70000", "2017-12-31": "3571.10000", "2016-12-31": "3546.90000", "2015-12-31": "3154.40000", "2014-12-31": "3125.30000", "2013-12-31": "3497.00000", "2012-12-31": "3659.30000", "2011-12-31": "3483.00000", "2010-12-31": "3737.60000", "2009-12-31": "3973.00000", "2008-12-31": "4457.90000", "2007-12-31": "2633.30000", "2006-12-31": "2706.90000", "2005-12-31": "3087.30000"}, "Common Stock Net": {"2019-12-31": "2.90000", "2018-12-31": "3.00000", "2017-12-31": "3.10000", "2016-12-31": "3.10000", "2015-12-31": "3.20000", "2014-12-31": "3.30000", "2013-12-31": "3.20000", "2012-12-31": "3.40000", "2011-12-31": "3.90000", "2010-12-31": "3.40000", "2009-12-31": "3.40000", "2008-12-31": "3.40000", "2007-12-31": "2.00000", "2006-12-31": "2.00000", "2005-12-31": "2.00000"}, "Retained Earnings (Accumulated Deficit)": {"2019-12-31": "56.40000", "2018-12-31": "10.00000", "2017-12-31": "-56.00000", "2016-12-31": "-268.00000", "2015-12-31": "-326.80000", "2014-12-31": "-452.90000", "2013-12-31": "-542.60000", "2012-12-31": "-633.20000", "2011-12-31": "-731.40000", "2010-12-31": "-1008.30000", "2009-12-31": "-1019.00000", "2008-12-31": "-1075.40000", "2007-12-31": "-975.70000", "2006-12-31": "-901.10000", "2005-12-31": "-800.60000"}, "Comprehensive Income": {"2019-12-31": "-365.80000", "2018-12-31": "-377.90000", "2017-12-31": "-338.80000", "2016-12-31": "-387.60000", "2015-12-31": "-345.70000", "2014-12-31": "-334.60000", "2013-12-31": "-188.20000", "2012-12-31": "-311.30000", "2011-12-31": "-282.10000", "2010-12-31": "-213.30000", "2009-12-31": "-213.80000", "2008-12-31": "-358.20000", "2007-12-31": "-73.90000", "2006-12-31": "-106.00000", "2005-12-31": "-102.20000"}, "Other Share Holders Equity": {"2019-12-31": "", "2018-12-31": "", "2017-12-31": "", "2016-12-31": "", "2015-12-31": "", "2014-12-31": "", "2013-12-31": "", "2012-12-31": "", "2011-12-31": "", "2010-12-31": "", "2009-12-31": "", "2008-12-31": "", "2007-12-31": "", "2006-12-31": "", "2005-12-31": ""}, "Share Holder Equity": {"2019-12-31": "2058.00000", "2018-12-31": "2018.50000", "2017-12-31": "1291.90000", "2016-12-31": "1056.50000", "2015-12-31": "1101.70000", "2014-12-31": "1012.30000", "2013-12-31": "1062.30000", "2012-12-31": "972.30000", "2011-12-31": "1166.70000", "2010-12-31": "747.00000", "2009-12-31": "728.80000", "2008-12-31": "525.20000", "2007-12-31": "144.00000", "2006-12-31": "181.70000", "2005-12-31": "268.70000"}, "Total Liabilities And Share Holders Equity": {"2019-12-31": "7289.90000", "2018-12-31": "7059.20000", "2017-12-31": "4863.00000", "2016-12-31": "4603.40000", "2015-12-31": "4256.10000", "2014-12-31": "4137.60000", "2013-12-31": "4559.30000", "2012-12-31": "4631.60000", "2011-12-31": "4649.70000", "2010-12-31": "4484.60000", "2009-12-31": "4701.80000", "2008-12-31": "4983.10000", "2007-12-31": "2777.30000", "2006-12-31": "2888.60000", "2005-12-31": "3356.00000"}}, "balance sheet, quarterly": {"Cash On Hand": {"2020-09-30": "55.50000", "2020-06-30": "83.60000", "2020-03-31": "110.20000", "2019-12-31": "152.90000", "2019-09-30": "48.70000", "2019-06-30": "64.70000", "2019-03-31": "62.30000", "2018-12-31": "70.50000", "2018-09-30": "39.70000", "2018-06-30": "50.90000", "2018-03-31": "52.50000", "2017-12-31": "67.40000", "2017-09-30": "17.20000", "2017-06-30": "12.50000", "2017-03-31": "37.40000", "2016-12-31": "59.10000", "2016-09-30": "45.70000", "2016-06-30": "38.70000", "2016-03-31": "75.60000", "2015-12-31": "54.90000", "2015-09-30": "81.50000", "2015-06-30": "46.80000", "2015-03-31": "43.40000", "2014-12-31": "81.60000", "2014-09-30": "55.20000", "2014-06-30": "157.00000", "2014-03-31": "34.70000", "2013-12-31": "52.20000", "2013-09-30": "92.00000", "2013-06-30": "33.10000", "2013-03-31": "38.80000", "2012-12-31": "51.50000", "2012-09-30": "36.50000", "2012-06-30": "31.00000", "2012-03-31": "30.20000", "2011-12-31": "271.80000", "2011-09-30": "157.10000", "2011-06-30": "191.20000", "2011-03-31": "109.10000", "2010-12-31": "138.70000", "2010-09-30": "166.30000", "2010-06-30": "171.60000", "2010-03-31": "105.60000", "2009-12-31": "149.80000", "2009-09-30": "244.70000", "2009-06-30": "160.60000", "2009-03-31": "181.00000", "2008-12-31": "170.10000", "2008-09-30": "161.10000", "2008-06-30": "15.80000", "2008-03-31": "21.90000", "2007-12-31": "9.30000", "2007-09-30": "10.20000", "2007-06-30": "11.80000", "2007-03-31": "9.70000", "2006-12-31": "7.30000", "2006-09-30": "4.90000", "2006-06-30": "7.30000", "2006-03-31": "6.80000", "2005-12-31": "12.70000", "2005-09-30": "9.00000", "2005-06-30": "7.10000", "2005-03-31": "8.30000"}, "Receivables": {"2020-09-30": "743.40000", "2020-06-30": "692.40000", "2020-03-31": "624.80000", "2019-12-31": "504.50000", "2019-09-30": "591.90000", "2019-06-30": "639.90000", "2019-03-31": "647.90000", "2018-12-31": "572.90000", "2018-09-30": "816.00000", "2018-06-30": "701.20000", "2018-03-31": "742.70000", "2017-12-31": "321.10000", "2017-09-30": "539.00000", "2017-06-30": "493.60000", "2017-03-31": "453.00000", "2016-12-31": "426.80000", "2016-09-30": "500.90000", "2016-06-30": "501.20000", "2016-03-31": "474.00000", "2015-12-31": "423.90000", "2015-09-30": "483.20000", "2015-06-30": "484.70000", "2015-03-31": "483.10000", "2014-12-31": "413.60000", "2014-09-30": "497.70000", "2014-06-30": "490.10000", "2014-03-31": "470.90000", "2013-12-31": "412.80000", "2013-09-30": "494.80000", "2013-06-30": "498.70000", "2013-03-31": "497.60000", "2012-12-31": "461.30000", "2012-09-30": "462.20000", "2012-06-30": "446.80000", "2012-03-31": "449.50000", "2011-12-31": "401.90000", "2011-09-30": "440.50000", "2011-06-30": "441.70000", "2011-03-31": "409.20000", "2010-12-31": "382.20000", "2010-09-30": "430.90000", "2010-06-30": "406.80000", "2010-03-31": "429.60000", "2009-12-31": "382.30000", "2009-09-30": "413.80000", "2009-06-30": "406.80000", "2009-03-31": "388.10000", "2008-12-31": "369.60000", "2008-09-30": "427.70000", "2008-06-30": "427.00000", "2008-03-31": "410.70000", "2007-12-31": "226.70000", "2007-09-30": "256.90000", "2007-06-30": "261.80000", "2007-03-31": "248.50000", "2006-12-31": "230.90000", "2006-09-30": "262.20000", "2006-06-30": "272.50000", "2006-03-31": "231.30000", "2005-12-31": "216.30000", "2005-09-30": "244.30000", "2005-06-30": "252.00000", "2005-03-31": "239.70000"}, "Inventory": {"2020-09-30": "1153.80000", "2020-06-30": "1197.50000", "2020-03-31": "1143.00000", "2019-12-31": "1095.90000", "2019-09-30": "1075.20000", "2019-06-30": "1099.50000", "2019-03-31": "1072.00000", "2018-12-31": "1014.40000", "2018-09-30": "1030.70000", "2018-06-30": "989.90000", "2018-03-31": "964.40000", "2017-12-31": "634.00000", "2017-09-30": "621.50000", "2017-06-30": "600.20000", "2017-03-31": "603.10000", "2016-12-31": "582.90000", "2016-09-30": "591.90000", "2016-06-30": "589.90000", "2016-03-31": "599.40000", "2015-12-31": "557.10000", "2015-09-30": "569.30000", "2015-06-30": "569.30000", "2015-03-31": "563.30000", "2014-12-31": "521.80000", "2014-09-30": "532.00000", "2014-06-30": "522.70000", "2014-03-31": "578.10000", "2013-12-31": "557.10000", "2013-09-30": "585.60000", "2013-06-30": "595.40000", "2013-03-31": "578.90000", "2012-12-31": "532.50000", "2012-09-30": "503.50000", "2012-06-30": "510.80000", "2012-03-31": "515.90000", "2011-12-31": "474.20000", "2011-09-30": "493.50000", "2011-06-30": "490.90000", "2011-03-31": "490.50000", "2010-12-31": "417.30000", "2010-09-30": "444.20000", "2010-06-30": "441.50000", "2010-03-31": "462.10000", "2009-12-31": "436.50000", "2009-09-30": "465.40000", "2009-06-30": "473.00000", "2009-03-31": "521.20000", "2008-12-31": "532.00000", "2008-09-30": "568.90000", "2008-06-30": "585.50000", "2008-03-31": "603.40000", "2007-12-31": "318.60000", "2007-09-30": "310.90000", "2007-06-30": "297.90000", "2007-03-31": "311.80000", "2006-12-31": "301.30000", "2006-09-30": "301.00000", "2006-06-30": "291.10000", "2006-03-31": "320.10000", "2005-12-31": "302.80000", "2005-09-30": "300.60000", "2005-06-30": "294.80000", "2005-03-31": "307.60000"}, "Pre-Paid Expenses": {"2020-09-30": "", "2020-06-30": "", "2020-03-31": "", "2019-12-31": "", "2019-09-30": "", "2019-06-30": "", "2019-03-31": "", "2018-12-31": "", "2018-09-30": "", "2018-06-30": "", "2018-03-31": "", "2017-12-31": "", "2017-09-30": "", "2017-06-30": "", "2017-03-31": "", "2016-12-31": "", "2016-09-30": "", "2016-06-30": "", "2016-03-31": "", "2015-12-31": "", "2015-09-30": "", "2015-06-30": "", "2015-03-31": "", "2014-12-31": "", "2014-09-30": "", "2014-06-30": "", "2014-03-31": "", "2013-12-31": "", "2013-09-30": "", "2013-06-30": "", "2013-03-31": "", "2012-12-31": "", "2012-09-30": "", "2012-06-30": "", "2012-03-31": "", "2011-12-31": "", "2011-09-30": "", "2011-06-30": "", "2011-03-31": "", "2010-12-31": "", "2010-09-30": "", "2010-06-30": "", "2010-03-31": "", "2009-12-31": "", "2009-09-30": "", "2009-06-30": "", "2009-03-31": "", "2008-12-31": "", "2008-09-30": "", "2008-06-30": "", "2008-03-31": "", "2007-12-31": "", "2007-09-30": "", "2007-06-30": "", "2007-03-31": "", "2006-12-31": "", "2006-09-30": "", "2006-06-30": "", "2006-03-31": "", "2005-12-31": "", "2005-09-30": "24.60000", "2005-06-30": "17.00000", "2005-03-31": "24.70000"}, "Other Current Assets": {"2020-09-30": "65.70000", "2020-06-30": "76.50000", "2020-03-31": "60.30000", "2019-12-31": "52.30000", "2019-09-30": "55.20000", "2019-06-30": "56.70000", "2019-03-31": "54.70000", "2018-12-31": "106.00000", "2018-09-30": "65.60000", "2018-06-30": "74.40000", "2018-03-31": "65.50000", "2017-12-31": "147.40000", "2017-09-30": "44.90000", "2017-06-30": "45.70000", "2017-03-31": "51.80000", "2016-12-31": "46.10000", "2016-09-30": "40.00000", "2016-06-30": "39.20000", "2016-03-31": "41.20000", "2015-12-31": "30.90000", "2015-09-30": "35.30000", "2015-06-30": "39.70000", "2015-03-31": "43.50000", "2014-12-31": "32.00000", "2014-09-30": "42.20000", "2014-06-30": "44.80000", "2014-03-31": "39.10000", "2013-12-31": "38.80000", "2013-09-30": "21.60000", "2013-06-30": "20.10000", "2013-03-31": "22.90000", "2012-12-31": "18.40000", "2012-09-30": "21.00000", "2012-06-30": "22.10000", "2012-03-31": "142.50000", "2011-12-31": "35.20000", "2011-09-30": "69.50000", "2011-06-30": "71.70000", "2011-03-31": "72.80000", "2010-12-31": "47.40000", "2010-09-30": "70.30000", "2010-06-30": "70.60000", "2010-03-31": "56.80000", "2009-12-31": "18.00000", "2009-09-30": "52.60000", "2009-06-30": "62.30000", "2009-03-31": "66.30000", "2008-12-31": "25.70000", "2008-09-30": "43.50000", "2008-06-30": "65.30000", "2008-03-31": "63.20000", "2007-12-31": "18.40000", "2007-09-30": "61.00000", "2007-06-30": "25.10000", "2007-03-31": "24.00000", "2006-12-31": "13.10000", "2006-09-30": "27.50000", "2006-06-30": "30.40000", "2006-03-31": "27.70000", "2005-12-31": "13.00000", "2005-09-30": "", "2005-06-30": "", "2005-03-31": ""}, "Total Current Assets": {"2020-09-30": "2018.40000", "2020-06-30": "2050.00000", "2020-03-31": "1938.30000", "2019-12-31": "1805.60000", "2019-09-30": "1771.00000", "2019-06-30": "1860.80000", "2019-03-31": "1836.90000", "2018-12-31": "1763.80000", "2018-09-30": "1952.00000", "2018-06-30": "1816.40000", "2018-03-31": "1825.10000", "2017-12-31": "1169.90000", "2017-09-30": "1222.60000", "2017-06-30": "1152.00000", "2017-03-31": "1145.30000", "2016-12-31": "1114.90000", "2016-09-30": "1178.50000", "2016-06-30": "1169.00000", "2016-03-31": "1190.20000", "2015-12-31": "1066.80000", "2015-09-30": "1349.60000", "2015-06-30": "1319.80000", "2015-03-31": "1312.70000", "2014-12-31": "1049.00000", "2014-09-30": "1299.10000", "2014-06-30": "1386.80000", "2014-03-31": "1294.20000", "2013-12-31": "1232.20000", "2013-09-30": "1270.80000", "2013-06-30": "1256.70000", "2013-03-31": "1255.90000", "2012-12-31": "1203.00000", "2012-09-30": "1086.70000", "2012-06-30": "1097.30000", "2012-03-31": "1138.10000", "2011-12-31": "1308.10000", "2011-09-30": "1160.60000", "2011-06-30": "1195.50000", "2011-03-31": "1081.60000", "2010-12-31": "1013.60000", "2010-09-30": "1111.70000", "2010-06-30": "1090.50000", "2010-03-31": "1054.10000", "2009-12-31": "1021.30000", "2009-09-30": "1176.50000", "2009-06-30": "1102.70000", "2009-03-31": "1156.60000", "2008-12-31": "1128.60000", "2008-09-30": "1201.20000", "2008-06-30": "1093.60000", "2008-03-31": "1099.20000", "2007-12-31": "586.30000", "2007-09-30": "639.00000", "2007-06-30": "596.60000", "2007-03-31": "594.00000", "2006-12-31": "564.30000", "2006-09-30": "595.60000", "2006-06-30": "601.30000", "2006-03-31": "585.90000", "2005-12-31": "557.90000", "2005-09-30": "578.50000", "2005-06-30": "570.90000", "2005-03-31": "580.30000"}, "Property, Plant, And Equipment": {"2020-09-30": "3437.40000", "2020-06-30": "3379.40000", "2020-03-31": "3288.10000", "2019-12-31": "3253.80000", "2019-09-30": "3208.00000", "2019-06-30": "3199.40000", "2019-03-31": "3204.80000", "2018-12-31": "3239.70000", "2018-09-30": "3151.70000", "2018-06-30": "3114.90000", "2018-03-31": "3104.10000", "2017-12-31": "1867.20000", "2017-09-30": "1820.80000", "2017-06-30": "1813.50000", "2017-03-31": "1785.40000", "2016-12-31": "1751.90000", "2016-09-30": "1767.50000", "2016-06-30": "1746.90000", "2016-03-31": "1689.50000", "2015-12-31": "1586.40000", "2015-09-30": "1553.30000", "2015-06-30": "1560.90000", "2015-03-31": "1562.20000", "2014-12-31": "1546.80000", "2014-09-30": "1545.40000", "2014-06-30": "1550.40000", "2014-03-31": "1669.50000", "2013-12-31": "1678.90000", "2013-09-30": "1690.60000", "2013-06-30": "1701.50000", "2013-03-31": "1682.00000", "2012-12-31": "1732.20000", "2012-09-30": "1609.70000", "2012-06-30": "1611.00000", "2012-03-31": "1611.80000", "2011-12-31": "1631.70000", "2011-09-30": "1612.30000", "2011-06-30": "1635.60000", "2011-03-31": "1623.00000", "2010-12-31": "1641.50000", "2010-09-30": "1662.50000", "2010-06-30": "1683.40000", "2010-03-31": "1750.30000", "2009-12-31": "1797.40000", "2009-09-30": "1835.20000", "2009-06-30": "1870.00000", "2009-03-31": "1896.50000", "2008-12-31": "1935.10000", "2008-09-30": "1957.70000", "2008-06-30": "1984.10000", "2008-03-31": "2000.20000", "2007-12-31": "1376.20000", "2007-09-30": "1385.90000", "2007-06-30": "1436.70000", "2007-03-31": "1459.40000", "2006-12-31": "1488.70000", "2006-09-30": "1481.10000", "2006-06-30": "1509.30000", "2006-03-31": "1529.70000", "2005-12-31": "1576.00000", "2005-09-30": "1575.40000", "2005-06-30": "1600.40000", "2005-03-31": "1632.60000"}, "Long-Term Investments": {"2020-09-30": "", "2020-06-30": "", "2020-03-31": "", "2019-12-31": "", "2019-09-30": "", "2019-06-30": "", "2019-03-31": "", "2018-12-31": "", "2018-09-30": "", "2018-06-30": "", "2018-03-31": "", "2017-12-31": "", "2017-09-30": "", "2017-06-30": "", "2017-03-31": "", "2016-12-31": "", "2016-09-30": "", "2016-06-30": "", "2016-03-31": "", "2015-12-31": "", "2015-09-30": "", "2015-06-30": "", "2015-03-31": "", "2014-12-31": "", "2014-09-30": "", "2014-06-30": "", "2014-03-31": "", "2013-12-31": "", "2013-09-30": "", "2013-06-30": "", "2013-03-31": "", "2012-12-31": "", "2012-09-30": "", "2012-06-30": "", "2012-03-31": "", "2011-12-31": "", "2011-09-30": "", "2011-06-30": "", "2011-03-31": "", "2010-12-31": "", "2010-09-30": "", "2010-06-30": "", "2010-03-31": "", "2009-12-31": "", "2009-09-30": "", "2009-06-30": "", "2009-03-31": "", "2008-12-31": "", "2008-09-30": "", "2008-06-30": "", "2008-03-31": "", "2007-12-31": "", "2007-09-30": "", "2007-06-30": "", "2007-03-31": "", "2006-12-31": "", "2006-09-30": "", "2006-06-30": "", "2006-03-31": "", "2005-12-31": "", "2005-09-30": "", "2005-06-30": "", "2005-03-31": ""}, "Goodwill And Intangible Assets": {"2020-09-30": "1917.70000", "2020-06-30": "1926.70000", "2020-03-31": "1924.60000", "2019-12-31": "1955.20000", "2019-09-30": "1949.40000", "2019-06-30": "1952.40000", "2019-03-31": "1975.80000", "2018-12-31": "1984.40000", "2018-09-30": "2113.40000", "2018-06-30": "2065.40000", "2018-03-31": "2122.10000", "2017-12-31": "1759.50000", "2017-09-30": "1758.90000", "2017-06-30": "1690.10000", "2017-03-31": "1700.50000", "2016-12-31": "1705.60000", "2016-09-30": "1727.40000", "2016-06-30": "1755.80000", "2016-03-31": "1762.10000", "2015-12-31": "1554.50000", "2015-09-30": "1538.20000", "2015-06-30": "1559.20000", "2015-03-31": "1555.60000", "2014-12-31": "1503.70000", "2014-09-30": "1522.50000", "2014-06-30": "1543.40000", "2014-03-31": "1516.60000", "2013-12-31": "1592.40000", "2013-09-30": "1604.40000", "2013-06-30": "1616.30000", "2013-03-31": "1652.40000", "2012-12-31": "1645.40000", "2012-09-30": "1628.30000", "2012-06-30": "1635.60000", "2012-03-31": "1660.60000", "2011-12-31": "1671.60000", "2011-09-30": "1667.60000", "2011-06-30": "1779.20000", "2011-03-31": "1771.80000", "2010-12-31": "1781.80000", "2010-09-30": "1791.50000", "2010-06-30": "1801.80000", "2010-03-31": "1815.30000", "2009-12-31": "1824.60000", "2009-09-30": "1841.00000", "2009-06-30": "1850.40000", "2009-03-31": "1865.10000", "2008-12-31": "1869.40000", "2008-09-30": "1873.80000", "2008-06-30": "1861.30000", "2008-03-31": "1822.20000", "2007-12-31": "781.90000", "2007-09-30": "784.10000", "2007-06-30": "786.50000", "2007-03-31": "788.60000", "2006-12-31": "790.80000", "2006-09-30": "793.20000", "2006-06-30": "795.30000", "2006-03-31": "797.50000", "2005-12-31": "799.90000", "2005-09-30": "802.60000", "2005-06-30": "805.00000", "2005-03-31": "807.20000"}, "Other Long-Term Assets": {"2020-09-30": "308.50000", "2020-06-30": "310.30000", "2020-03-31": "295.20000", "2019-12-31": "275.30000", "2019-09-30": "265.70000", "2019-06-30": "272.50000", "2019-03-31": "273.70000", "2018-12-31": "71.30000", "2018-09-30": "89.50000", "2018-06-30": "82.60000", "2018-03-31": "79.00000", "2017-12-31": "66.40000", "2017-09-30": "37.50000", "2017-06-30": "35.80000", "2017-03-31": "30.60000", "2016-12-31": "31.00000", "2016-09-30": "48.70000", "2016-06-30": "48.30000", "2016-03-31": "49.20000", "2015-12-31": "48.40000", "2015-09-30": "66.70000", "2015-06-30": "72.50000", "2015-03-31": "62.80000", "2014-12-31": "38.10000", "2014-09-30": "63.60000", "2014-06-30": "65.50000", "2014-03-31": "62.60000", "2013-12-31": "55.80000", "2013-09-30": "52.90000", "2013-06-30": "44.80000", "2013-03-31": "43.40000", "2012-12-31": "51.00000", "2012-09-30": "46.60000", "2012-06-30": "52.00000", "2012-03-31": "49.10000", "2011-12-31": "38.30000", "2011-09-30": "45.50000", "2011-06-30": "46.70000", "2011-03-31": "47.70000", "2010-12-31": "47.70000", "2010-09-30": "52.00000", "2010-06-30": "53.30000", "2010-03-31": "58.60000", "2009-12-31": "58.50000", "2009-09-30": "47.00000", "2009-06-30": "48.20000", "2009-03-31": "45.00000", "2008-12-31": "50.00000", "2008-09-30": "51.50000", "2008-06-30": "79.90000", "2008-03-31": "95.90000", "2007-12-31": "32.90000", "2007-09-30": "34.20000", "2007-06-30": "38.10000", "2007-03-31": "42.20000", "2006-12-31": "44.80000", "2006-09-30": "85.00000", "2006-06-30": "88.00000", "2006-03-31": "96.40000", "2005-12-31": "71.40000", "2005-09-30": "108.80000", "2005-06-30": "110.30000", "2005-03-31": "112.60000"}, "Total Long-Term Assets": {"2020-09-30": "5663.60000", "2020-06-30": "5616.40000", "2020-03-31": "5507.90000", "2019-12-31": "5484.30000", "2019-09-30": "5423.10000", "2019-06-30": "5424.30000", "2019-03-31": "5454.30000", "2018-12-31": "5295.39900", "2018-09-30": "5354.60000", "2018-06-30": "5262.90000", "2018-03-31": "5305.20000", "2017-12-31": "3693.10000", "2017-09-30": "3617.20000", "2017-06-30": "3539.40000", "2017-03-31": "3516.50000", "2016-12-31": "3488.50000", "2016-09-30": "3543.60000", "2016-06-30": "3551.00000", "2016-03-31": "3500.80000", "2015-12-31": "3189.30000", "2015-09-30": "3158.20000", "2015-06-30": "3192.60000", "2015-03-31": "3180.60000", "2014-12-31": "3088.60000", "2014-09-30": "3131.50000", "2014-06-30": "3159.30000", "2014-03-31": "3248.70000", "2013-12-31": "3327.10000", "2013-09-30": "3347.90000", "2013-06-30": "3362.60000", "2013-03-31": "3377.80000", "2012-12-31": "3428.60000", "2012-09-30": "3284.60000", "2012-06-30": "3298.60000", "2012-03-31": "3321.50000", "2011-12-31": "3341.60000", "2011-09-30": "3325.40000", "2011-06-30": "3461.50000", "2011-03-31": "3442.50000", "2010-12-31": "3471.00000", "2010-09-30": "3506.00000", "2010-06-30": "3538.50000", "2010-03-31": "3624.20000", "2009-12-31": "3680.50000", "2009-09-30": "3723.20000", "2009-06-30": "3768.60000", "2009-03-31": "3806.60000", "2008-12-31": "3854.50000", "2008-09-30": "3883.00000", "2008-06-30": "3925.30000", "2008-03-31": "3918.30000", "2007-12-31": "2191.00000", "2007-09-30": "2548.70000", "2007-06-30": "2606.90000", "2007-03-31": "2635.80000", "2006-12-31": "2324.30000", "2006-09-30": "2711.90000", "2006-06-30": "2744.90000", "2006-03-31": "2774.40000", "2005-12-31": "2798.10000", "2005-09-30": "2486.80000", "2005-06-30": "2515.70000", "2005-03-31": "2552.40000"}, "Total Assets": {"2020-09-30": "7682.00000", "2020-06-30": "7666.40000", "2020-03-31": "7446.20000", "2019-12-31": "7289.90000", "2019-09-30": "7194.10000", "2019-06-30": "7285.10000", "2019-03-31": "7291.20000", "2018-12-31": "7059.20000", "2018-09-30": "7306.60000", "2018-06-30": "7079.30000", "2018-03-31": "7130.30000", "2017-12-31": "4863.00000", "2017-09-30": "4839.80000", "2017-06-30": "4691.40000", "2017-03-31": "4661.80000", "2016-12-31": "4603.40000", "2016-09-30": "4722.10000", "2016-06-30": "4720.00000", "2016-03-31": "4691.00000", "2015-12-31": "4256.10000", "2015-09-30": "4507.80000", "2015-06-30": "4512.40000", "2015-03-31": "4493.30000", "2014-12-31": "4137.60000", "2014-09-30": "4430.60000", "2014-06-30": "4546.10000", "2014-03-31": "4542.90000", "2013-12-31": "4559.30000", "2013-09-30": "4618.70000", "2013-06-30": "4619.30000", "2013-03-31": "4633.70000", "2012-12-31": "4631.60000", "2012-09-30": "4371.30000", "2012-06-30": "4395.90000", "2012-03-31": "4459.60000", "2011-12-31": "4649.70000", "2011-09-30": "4486.00000", "2011-06-30": "4657.00000", "2011-03-31": "4524.10000", "2010-12-31": "4484.60000", "2010-09-30": "4617.70000", "2010-06-30": "4629.00000", "2010-03-31": "4678.30000", "2009-12-31": "4701.80000", "2009-09-30": "4899.70000", "2009-06-30": "4871.30000", "2009-03-31": "4963.20000", "2008-12-31": "4983.10000", "2008-09-30": "5084.20000", "2008-06-30": "5018.90000", "2008-03-31": "5017.50000", "2007-12-31": "2777.30000", "2007-09-30": "3187.70000", "2007-06-30": "3203.50000", "2007-03-31": "3229.80000", "2006-12-31": "2888.60000", "2006-09-30": "3307.50000", "2006-06-30": "3346.20000", "2006-03-31": "3360.30000", "2005-12-31": "3356.00000", "2005-09-30": "3065.30000", "2005-06-30": "3086.60000", "2005-03-31": "3132.70000"}, "Total Current Liabilities": {"2020-09-30": "1719.70000", "2020-06-30": "1612.80000", "2020-03-31": "1044.00000", "2019-12-31": "1198.70000", "2019-09-30": "1091.80000", "2019-06-30": "1094.00000", "2019-03-31": "1022.20000", "2018-12-31": "1172.30000", "2018-09-30": "1169.30000", "2018-06-30": "1026.30000", "2018-03-31": "1003.30000", "2017-12-31": "851.40000", "2017-09-30": "817.40000", "2017-06-30": "769.30000", "2017-03-31": "757.40000", "2016-12-31": "779.80000", "2016-09-30": "732.00000", "2016-06-30": "726.30000", "2016-03-31": "670.80000", "2015-12-31": "732.20000", "2015-09-30": "692.80000", "2015-06-30": "671.50000", "2015-03-31": "677.20000", "2014-12-31": "676.70000", "2014-09-30": "706.30000", "2014-06-30": "667.00000", "2014-03-31": "686.90000", "2013-12-31": "711.20000", "2013-09-30": "739.70000", "2013-06-30": "716.80000", "2013-03-31": "714.60000", "2012-12-31": "752.90000", "2012-09-30": "688.20000", "2012-06-30": "651.30000", "2012-03-31": "665.90000", "2011-12-31": "645.50000", "2011-09-30": "616.70000", "2011-06-30": "627.30000", "2011-03-31": "592.60000", "2010-12-31": "595.70000", "2010-09-30": "598.20000", "2010-06-30": "606.80000", "2010-03-31": "610.80000", "2009-12-31": "634.50000", "2009-09-30": "656.90000", "2009-06-30": "644.00000", "2009-03-31": "637.30000", "2008-12-31": "685.60000", "2008-09-30": "610.10000", "2008-06-30": "648.70000", "2008-03-31": "607.90000", "2007-12-31": "406.80000", "2007-09-30": "412.30000", "2007-06-30": "389.40000", "2007-03-31": "391.30000", "2006-12-31": "420.30000", "2006-09-30": "437.80000", "2006-06-30": "427.90000", "2006-03-31": "392.10000", "2005-12-31": "394.60000", "2005-09-30": "383.50000", "2005-06-30": "393.50000", "2005-03-31": "369.60000"}, "Long Term Debt": {"2020-09-30": "3196.90000", "2020-06-30": "3028.80000", "2020-03-31": "3434.50000", "2019-12-31": "2809.90000", "2019-09-30": "2935.00000", "2019-06-30": "2997.50000", "2019-03-31": "3129.80000", "2018-12-31": "2905.10000", "2018-09-30": "2880.70000", "2018-06-30": "2924.30000", "2018-03-31": "3043.50000", "2017-12-31": "2213.20000", "2017-09-30": "2225.20000", "2017-06-30": "2165.70000", "2017-03-31": "2183.80000", "2016-12-31": "2088.50000", "2016-09-30": "2190.90000", "2016-06-30": "2212.90000", "2016-03-31": "2267.70000", "2015-12-31": "1838.90000", "2015-09-30": "1960.40000", "2015-06-30": "2009.70000", "2015-03-31": "2070.90000", "2014-12-31": "1925.50000", "2014-09-30": "2011.20000", "2014-06-30": "2245.30000", "2014-03-31": "2132.20000", "2013-12-31": "2176.20000", "2013-09-30": "2148.90000", "2013-06-30": "2236.00000", "2013-03-31": "2284.50000", "2012-12-31": "2253.50000", "2012-09-30": "1912.80000", "2012-06-30": "2009.40000", "2012-03-31": "2102.70000", "2011-12-31": "2335.70000", "2011-09-30": "2344.30000", "2011-06-30": "2418.10000", "2011-03-31": "2553.10000", "2010-12-31": "2553.10000", "2010-09-30": "2696.90000", "2010-06-30": "2738.60000", "2010-03-31": "2783.20000", "2009-12-31": "2782.60000", "2009-09-30": "3009.60000", "2009-06-30": "3040.70000", "2009-03-31": "3208.50000", "2008-12-31": "3165.20000", "2008-09-30": "3247.80000", "2008-06-30": "3084.90000", "2008-03-31": "3134.40000", "2007-12-31": "1871.80000", "2007-09-30": "1930.90000", "2007-06-30": "1944.70000", "2007-03-31": "1962.00000", "2006-12-31": "1910.70000", "2006-09-30": "1960.50000", "2006-06-30": "1980.50000", "2006-03-31": "2024.60000", "2005-12-31": "1967.30000", "2005-09-30": "2022.40000", "2005-06-30": "2040.60000", "2005-03-31": "2085.20000"}, "Other Non-Current Liabilities": {"2020-09-30": "295.80000", "2020-06-30": "292.70000", "2020-03-31": "279.20000", "2019-12-31": "266.80000", "2019-09-30": "264.20000", "2019-06-30": "269.60000", "2019-03-31": "264.40000", "2018-12-31": "117.80000", "2018-09-30": "168.70000", "2018-06-30": "150.80000", "2018-03-31": "125.10000", "2017-12-31": "104.70000", "2017-09-30": "80.80000", "2017-06-30": "73.50000", "2017-03-31": "68.90000", "2016-12-31": "68.10000", "2016-09-30": "72.60000", "2016-06-30": "70.40000", "2016-03-31": "77.50000", "2015-12-31": "69.30000", "2015-09-30": "74.00000", "2015-06-30": "74.90000", "2015-03-31": "83.70000", "2014-12-31": "78.10000", "2014-09-30": "255.70000", "2014-06-30": "264.50000", "2014-03-31": "268.40000", "2013-12-31": "70.20000", "2013-09-30": "467.00000", "2013-06-30": "480.30000", "2013-03-31": "483.60000", "2012-12-31": "73.60000", "2012-09-30": "401.10000", "2012-06-30": "419.80000", "2012-03-31": "426.10000", "2011-12-31": "59.20000", "2011-09-30": "296.70000", "2011-06-30": "311.20000", "2011-03-31": "342.50000", "2010-12-31": "72.70000", "2010-09-30": "341.70000", "2010-06-30": "338.70000", "2010-03-31": "319.30000", "2009-12-31": "44.40000", "2009-09-30": "48.20000", "2009-06-30": "47.80000", "2009-03-31": "45.30000", "2008-12-31": "43.50000", "2008-09-30": "46.40000", "2008-06-30": "47.10000", "2008-03-31": "62.10000", "2007-12-31": "42.90000", "2007-09-30": "44.90000", "2007-06-30": "42.20000", "2007-03-31": "36.70000", "2006-12-31": "39.00000", "2006-09-30": "215.10000", "2006-06-30": "251.30000", "2006-03-31": "242.80000", "2005-12-31": "49.30000", "2005-09-30": "307.90000", "2005-06-30": "315.10000", "2005-03-31": "234.10000"}, "Total Long Term Liabilities": {"2020-09-30": "4128.40000", "2020-06-30": "4017.00000", "2020-03-31": "4391.90000", "2019-12-31": "4033.20000", "2019-09-30": "4067.70000", "2019-06-30": "4134.20000", "2019-03-31": "4263.70000", "2018-12-31": "3868.40000", "2018-09-30": "3875.60000", "2018-06-30": "3884.60000", "2018-03-31": "3969.20000", "2017-12-31": "2719.70000", "2017-09-30": "2888.70000", "2017-06-30": "2825.40000", "2017-03-31": "2823.60000", "2016-12-31": "2767.10000", "2016-09-30": "2882.10000", "2016-06-30": "2907.10000", "2016-03-31": "2920.50000", "2015-12-31": "2422.20000", "2015-09-30": "2710.70000", "2015-06-30": "2751.70000", "2015-03-31": "2802.00000", "2014-12-31": "2448.60000", "2014-09-30": "2626.00000", "2014-06-30": "2817.00000", "2014-03-31": "2763.10000", "2013-12-31": "2785.80000", "2013-09-30": "2782.90000", "2013-06-30": "2870.50000", "2013-03-31": "2919.10000", "2012-12-31": "2906.40000", "2012-09-30": "2396.60000", "2012-06-30": "2509.40000", "2012-03-31": "2606.80000", "2011-12-31": "2837.50000", "2011-09-30": "2881.10000", "2011-06-30": "2979.80000", "2011-03-31": "3139.80000", "2010-12-31": "3141.90000", "2010-09-30": "3289.50000", "2010-06-30": "3320.20000", "2010-03-31": "3337.60000", "2009-12-31": "3338.50000", "2009-09-30": "3643.00000", "2009-06-30": "3677.90000", "2009-03-31": "3837.10000", "2008-12-31": "3772.30000", "2008-09-30": "3616.10000", "2008-06-30": "3466.20000", "2008-03-31": "3520.00000", "2007-12-31": "2226.50000", "2007-09-30": "2650.10000", "2007-06-30": "2679.30000", "2007-03-31": "2688.30000", "2006-12-31": "2286.60000", "2006-09-30": "2652.50000", "2006-06-30": "2704.10000", "2006-03-31": "2733.60000", "2005-12-31": "2692.70000", "2005-09-30": "2330.30000", "2005-06-30": "2355.70000", "2005-03-31": "2319.30000"}, "Total Liabilities": {"2020-09-30": "5848.10000", "2020-06-30": "5629.80000", "2020-03-31": "5435.90000", "2019-12-31": "5231.90000", "2019-09-30": "5159.50000", "2019-06-30": "5228.20000", "2019-03-31": "5285.90000", "2018-12-31": "5040.70000", "2018-09-30": "5044.90000", "2018-06-30": "4910.90000", "2018-03-31": "4972.50000", "2017-12-31": "3571.10000", "2017-09-30": "3706.10000", "2017-06-30": "3594.70000", "2017-03-31": "3581.00000", "2016-12-31": "3546.90000", "2016-09-30": "3614.10000", "2016-06-30": "3633.40000", "2016-03-31": "3591.30000", "2015-12-31": "3154.40000", "2015-09-30": "3403.50000", "2015-06-30": "3423.20000", "2015-03-31": "3479.20000", "2014-12-31": "3125.30000", "2014-09-30": "3332.30000", "2014-06-30": "3484.00000", "2014-03-31": "3450.00000", "2013-12-31": "3497.00000", "2013-09-30": "3522.60000", "2013-06-30": "3587.30000", "2013-03-31": "3633.70000", "2012-12-31": "3659.30000", "2012-09-30": "3084.80000", "2012-06-30": "3160.70000", "2012-03-31": "3272.70000", "2011-12-31": "3483.00000", "2011-09-30": "3497.80000", "2011-06-30": "3607.10000", "2011-03-31": "3732.40000", "2010-12-31": "3737.60000", "2010-09-30": "3887.70000", "2010-06-30": "3927.00000", "2010-03-31": "3948.40000", "2009-12-31": "3973.00000", "2009-09-30": "4299.90000", "2009-06-30": "4321.90000", "2009-03-31": "4474.40000", "2008-12-31": "4457.90000", "2008-09-30": "4226.20000", "2008-06-30": "4114.90000", "2008-03-31": "4127.90000", "2007-12-31": "2633.30000", "2007-09-30": "3062.40000", "2007-06-30": "3068.70000", "2007-03-31": "3079.60000", "2006-12-31": "2706.90000", "2006-09-30": "3090.30000", "2006-06-30": "3132.00000", "2006-03-31": "3125.70000", "2005-12-31": "3087.30000", "2005-09-30": "2713.80000", "2005-06-30": "2749.20000", "2005-03-31": "2688.90000"}, "Common Stock Net": {"2020-09-30": "2.70000", "2020-06-30": "2.80000", "2020-03-31": "2.80000", "2019-12-31": "2.90000", "2019-09-30": "2.90000", "2019-06-30": "2.90000", "2019-03-31": "2.90000", "2018-12-31": "3.00000", "2018-09-30": "3.10000", "2018-06-30": "3.10000", "2018-03-31": "3.10000", "2017-12-31": "3.10000", "2017-09-30": "3.10000", "2017-06-30": "3.10000", "2017-03-31": "3.10000", "2016-12-31": "3.10000", "2016-09-30": "3.20000", "2016-06-30": "3.20000", "2016-03-31": "3.20000", "2015-12-31": "3.20000", "2015-09-30": "3.30000", "2015-06-30": "3.30000", "2015-03-31": "3.30000", "2014-12-31": "3.30000", "2014-09-30": "3.30000", "2014-06-30": "3.30000", "2014-03-31": "3.30000", "2013-12-31": "3.20000", "2013-09-30": "3.50000", "2013-06-30": "3.50000", "2013-03-31": "3.50000", "2012-12-31": "3.40000", "2012-09-30": "3.90000", "2012-06-30": "3.90000", "2012-03-31": "3.90000", "2011-12-31": "3.90000", "2011-09-30": "3.90000", "2011-06-30": "3.90000", "2011-03-31": "3.40000", "2010-12-31": "3.40000", "2010-09-30": "3.40000", "2010-06-30": "3.40000", "2010-03-31": "3.40000", "2009-12-31": "3.40000", "2009-09-30": "3.40000", "2009-06-30": "3.40000", "2009-03-31": "3.40000", "2008-12-31": "3.40000", "2008-09-30": "3.40000", "2008-06-30": "3.40000", "2008-03-31": "3.40000", "2007-12-31": "2.00000", "2007-09-30": "2.00000", "2007-06-30": "2.00000", "2007-03-31": "2.00000", "2006-12-31": "2.00000", "2006-09-30": "2.00000", "2006-06-30": "2.00000", "2006-03-31": "2.00000", "2005-12-31": "2.00000", "2005-09-30": "2.00000", "2005-06-30": "2.00000", "2005-03-31": "2.00000"}, "Retained Earnings (Accumulated Deficit)": {"2020-09-30": "-52.00000", "2020-06-30": "-37.10000", "2020-03-31": "-49.10000", "2019-12-31": "56.40000", "2019-09-30": "45.10000", "2019-06-30": "44.70000", "2019-03-31": "13.60000", "2018-12-31": "10.00000", "2018-09-30": "47.80000", "2018-06-30": "-23.30000", "2018-03-31": "-49.40000", "2017-12-31": "-56.00000", "2017-09-30": "-206.60000", "2017-06-30": "-229.50000", "2017-03-31": "-237.80000", "2016-12-31": "-268.00000", "2016-09-30": "-243.80000", "2016-06-30": "-271.30000", "2016-03-31": "-310.60000", "2015-12-31": "-326.80000", "2015-09-30": "-343.80000", "2015-06-30": "-378.10000", "2015-03-31": "-416.80000", "2014-12-31": "-452.90000", "2014-09-30": "-494.40000", "2014-06-30": "-547.40000", "2014-03-31": "-507.40000", "2013-12-31": "-542.60000", "2013-09-30": "-532.60000", "2013-06-30": "-577.10000", "2013-03-31": "-598.30000", "2012-12-31": "-633.20000", "2012-09-30": "-631.70000", "2012-06-30": "-671.80000", "2012-03-31": "-714.20000", "2011-12-31": "-731.40000", "2011-09-30": "-997.00000", "2011-06-30": "-949.50000", "2011-03-31": "-981.60000", "2010-12-31": "-1008.30000", "2010-09-30": "-1027.90000", "2010-06-30": "-1045.50000", "2010-03-31": "-1012.70000", "2009-12-31": "-1019.00000", "2009-09-30": "-1050.80000", "2009-06-30": "-1084.00000", "2009-03-31": "-1103.60000", "2008-12-31": "-1075.40000", "2008-09-30": "-1017.70000", "2008-06-30": "-1003.30000", "2008-03-31": "-999.00000", "2007-12-31": "-975.70000", "2007-09-30": "-975.00000", "2007-06-30": "-961.10000", "2007-03-31": "-939.80000", "2006-12-31": "-901.10000", "2006-09-30": "-862.10000", "2006-06-30": "-858.10000", "2006-03-31": "-832.10000", "2005-12-31": "-800.60000", "2005-09-30": "-758.10000", "2005-06-30": "-758.70000", "2005-03-31": "-664.50000"}, "Comprehensive Income": {"2020-09-30": "-255.50000", "2020-06-30": "-285.60000", "2020-03-31": "-299.50000", "2019-12-31": "-365.80000", "2019-09-30": "-392.80000", "2019-06-30": "-379.30000", "2019-03-31": "-373.20000", "2018-12-31": "-377.90000", "2018-09-30": "-341.70000", "2018-06-30": "-344.90000", "2018-03-31": "-322.90000", "2017-12-31": "-338.80000", "2017-09-30": "-343.00000", "2017-06-30": "-353.90000", "2017-03-31": "-369.90000", "2016-12-31": "-387.60000", "2016-09-30": "-382.40000", "2016-06-30": "-382.90000", "2016-03-31": "-339.10000", "2015-12-31": "-345.70000", "2015-09-30": "-337.50000", "2015-06-30": "-319.90000", "2015-03-31": "-351.00000", "2014-12-31": "-334.60000", "2014-09-30": "-203.00000", "2014-06-30": "-182.00000", "2014-03-31": "-184.20000", "2013-12-31": "-188.20000", "2013-09-30": "-303.50000", "2013-06-30": "-317.50000", "2013-03-31": "-318.30000", "2012-12-31": "-311.30000", "2012-09-30": "-266.80000", "2012-06-30": "-273.60000", "2012-03-31": "-273.50000", "2011-12-31": "-282.10000", "2011-09-30": "-196.40000", "2011-06-30": "-180.50000", "2011-03-31": "-197.50000", "2010-12-31": "-213.30000", "2010-09-30": "-208.80000", "2010-06-30": "-217.80000", "2010-03-31": "-219.90000", "2009-12-31": "-213.80000", "2009-09-30": "-310.40000", "2009-06-30": "-327.10000", "2009-03-31": "-366.60000", "2008-12-31": "-358.20000", "2008-09-30": "-82.90000", "2008-06-30": "-50.70000", "2008-03-31": "-69.70000", "2007-12-31": "-73.90000", "2007-09-30": "-92.70000", "2007-06-30": "-96.40000", "2007-03-31": "-99.60000", "2006-12-31": "-106.00000", "2006-09-30": "", "2006-06-30": "", "2006-03-31": "", "2005-12-31": "-102.20000", "2005-09-30": "", "2005-06-30": "", "2005-03-31": ""}, "Other Share Holders Equity": {"2020-09-30": "", "2020-06-30": "", "2020-03-31": "", "2019-12-31": "", "2019-09-30": "", "2019-06-30": "", "2019-03-31": "", "2018-12-31": "", "2018-09-30": "", "2018-06-30": "", "2018-03-31": "", "2017-12-31": "", "2017-09-30": "", "2017-06-30": "", "2017-03-31": "", "2016-12-31": "", "2016-09-30": "", "2016-06-30": "", "2016-03-31": "", "2015-12-31": "", "2015-09-30": "", "2015-06-30": "", "2015-03-31": "", "2014-12-31": "", "2014-09-30": "", "2014-06-30": "", "2014-03-31": "", "2013-12-31": "", "2013-09-30": "", "2013-06-30": "", "2013-03-31": "", "2012-12-31": "", "2012-09-30": "", "2012-06-30": "", "2012-03-31": "", "2011-12-31": "", "2011-09-30": "", "2011-06-30": "", "2011-03-31": "", "2010-12-31": "", "2010-09-30": "", "2010-06-30": "", "2010-03-31": "", "2009-12-31": "", "2009-09-30": "", "2009-06-30": "", "2009-03-31": "", "2008-12-31": "", "2008-09-30": "", "2008-06-30": "", "2008-03-31": "", "2007-12-31": "", "2007-09-30": "", "2007-06-30": "", "2007-03-31": "", "2006-12-31": "", "2006-09-30": "-107.70000", "2006-06-30": "-99.60000", "2006-03-31": "-105.00000", "2005-12-31": "", "2005-09-30": "-61.80000", "2005-06-30": "-75.20000", "2005-03-31": "-62.70000"}, "Share Holder Equity": {"2020-09-30": "1833.90000", "2020-06-30": "2036.60000", "2020-03-31": "2010.30000", "2019-12-31": "2058.00000", "2019-09-30": "2034.60000", "2019-06-30": "2056.90000", "2019-03-31": "2005.30000", "2018-12-31": "2018.50000", "2018-09-30": "2261.70000", "2018-06-30": "2168.40000", "2018-03-31": "2157.80000", "2017-12-31": "1291.90000", "2017-09-30": "1133.70000", "2017-06-30": "1096.70000", "2017-03-31": "1080.80000", "2016-12-31": "1056.50000", "2016-09-30": "1108.00000", "2016-06-30": "1086.60000", "2016-03-31": "1099.70000", "2015-12-31": "1101.70000", "2015-09-30": "1104.30000", "2015-06-30": "1089.20000", "2015-03-31": "1014.10000", "2014-12-31": "1012.30000", "2014-09-30": "1098.30000", "2014-06-30": "1062.10000", "2014-03-31": "1092.90000", "2013-12-31": "1062.30000", "2013-09-30": "1096.10000", "2013-06-30": "1032.00000", "2013-03-31": "1000.00000", "2012-12-31": "972.30000", "2012-09-30": "1286.50000", "2012-06-30": "1235.20000", "2012-03-31": "1186.90000", "2011-12-31": "1166.70000", "2011-09-30": "988.20000", "2011-06-30": "1049.90000", "2011-03-31": "791.70000", "2010-12-31": "747.00000", "2010-09-30": "730.00000", "2010-06-30": "702.00000", "2010-03-31": "729.90000", "2009-12-31": "728.80000", "2009-09-30": "599.80000", "2009-06-30": "549.40000", "2009-03-31": "488.80000", "2008-12-31": "525.20000", "2008-09-30": "858.00000", "2008-06-30": "904.00000", "2008-03-31": "889.60000", "2007-12-31": "144.00000", "2007-09-30": "125.30000", "2007-06-30": "134.80000", "2007-03-31": "150.20000", "2006-12-31": "181.70000", "2006-09-30": "217.20000", "2006-06-30": "214.20000", "2006-03-31": "234.60000", "2005-12-31": "268.70000", "2005-09-30": "351.50000", "2005-06-30": "337.40000", "2005-03-31": "443.80000"}, "Total Liabilities And Share Holders Equity": {"2020-09-30": "7682.00000", "2020-06-30": "7666.40000", "2020-03-31": "7446.20000", "2019-12-31": "7289.90000", "2019-09-30": "7194.10000", "2019-06-30": "7285.10000", "2019-03-31": "7291.20000", "2018-12-31": "7059.20000", "2018-09-30": "7306.60000", "2018-06-30": "7079.30000", "2018-03-31": "7130.30000", "2017-12-31": "4863.00000", "2017-09-30": "4839.80000", "2017-06-30": "4691.40000", "2017-03-31": "4661.80000", "2016-12-31": "4603.40000", "2016-09-30": "4722.10000", "2016-06-30": "4720.00000", "2016-03-31": "4691.00000", "2015-12-31": "4256.10000", "2015-09-30": "4507.80000", "2015-06-30": "4512.40000", "2015-03-31": "4493.30000", "2014-12-31": "4137.60000", "2014-09-30": "4430.60000", "2014-06-30": "4546.10000", "2014-03-31": "4542.90000", "2013-12-31": "4559.30000", "2013-09-30": "4618.70000", "2013-06-30": "4619.30000", "2013-03-31": "4633.70000", "2012-12-31": "4631.60000", "2012-09-30": "4371.30000", "2012-06-30": "4395.90000", "2012-03-31": "4459.60000", "2011-12-31": "4649.70000", "2011-09-30": "4486.00000", "2011-06-30": "4657.00000", "2011-03-31": "4524.10000", "2010-12-31": "4484.60000", "2010-09-30": "4617.70000", "2010-06-30": "4629.00000", "2010-03-31": "4678.30000", "2009-12-31": "4701.80000", "2009-09-30": "4899.70000", "2009-06-30": "4871.30000", "2009-03-31": "4963.20000", "2008-12-31": "4983.10000", "2008-09-30": "5084.20000", "2008-06-30": "5018.90000", "2008-03-31": "5017.50000", "2007-12-31": "2777.30000", "2007-09-30": "3187.70000", "2007-06-30": "3203.50000", "2007-03-31": "3229.80000", "2006-12-31": "2888.60000", "2006-09-30": "3307.50000", "2006-06-30": "3346.20000", "2006-03-31": "3360.30000", "2005-12-31": "3356.00000", "2005-09-30": "3065.30000", "2005-06-30": "3086.60000", "2005-03-31": "3132.70000"}}, "cash flow statement": {"Net Income/Loss": {"2019-12-31": "278.10000", "2018-12-31": "294.00000", "2017-12-31": "300.20000", "2016-12-31": "228.00000", "2015-12-31": "230.10000", "2014-12-31": "89.00000", "2013-12-31": "146.70000", "2012-12-31": "120.10000", "2011-12-31": "275.20000", "2010-12-31": "10.70000", "2009-12-31": "56.40000", "2008-12-31": "-99.70000", "2007-12-31": "-74.60000", "2006-12-31": "-100.50000", "2005-12-31": "-91.10000"}, "Total Depreciation And Amortization - Cash Flow": {"2019-12-31": "451.90000", "2018-12-31": "435.00000", "2017-12-31": "335.40000", "2016-12-31": "304.10000", "2015-12-31": "284.60000", "2014-12-31": "274.80000", "2013-12-31": "284.40000", "2012-12-31": "273.00000", "2011-12-31": "381.70000", "2010-12-31": "297.00000", "2009-12-31": "313.90000", "2008-12-31": "272.20000", "2007-12-31": "201.70000", "2006-12-31": "204.80000", "2005-12-31": "213.60000"}, "Other Non-Cash Items": {"2019-12-31": "94.20000", "2018-12-31": "-17.30000", "2017-12-31": "-184.80000", "2016-12-31": "45.40000", "2015-12-31": "72.50000", "2014-12-31": "172.00000", "2013-12-31": "29.70000", "2012-12-31": "75.10000", "2011-12-31": "-268.10000", "2010-12-31": "19.40000", "2009-12-31": "41.90000", "2008-12-31": "4.50000", "2007-12-31": "42.30000", "2006-12-31": "23.80000", "2005-12-31": "37.70000"}, "Total Non-Cash Items": {"2019-12-31": "546.10000", "2018-12-31": "417.70000", "2017-12-31": "150.60000", "2016-12-31": "349.50000", "2015-12-31": "357.10000", "2014-12-31": "446.80000", "2013-12-31": "314.10000", "2012-12-31": "348.10000", "2011-12-31": "113.60000", "2010-12-31": "316.40000", "2009-12-31": "355.80000", "2008-12-31": "276.70000", "2007-12-31": "244.00000", "2006-12-31": "228.60000", "2005-12-31": "251.30000"}, "Change In Accounts Receivable": {"2019-12-31": "-107.60000", "2018-12-31": "-1158.10000", "2017-12-31": "-658.80000", "2016-12-31": "-541.90000", "2015-12-31": "-1.50000", "2014-12-31": "-25.50000", "2013-12-31": "49.30000", "2012-12-31": "7.30000", "2011-12-31": "0.70000", "2010-12-31": "5.00000", "2009-12-31": "-6.50000", "2008-12-31": "16.50000", "2007-12-31": "-4.40000", "2006-12-31": "-1.00000", "2005-12-31": "-9.50000"}, "Change In Inventories": {"2019-12-31": "-72.80000", "2018-12-31": "-82.00000", "2017-12-31": "-6.50000", "2016-12-31": "10.50000", "2015-12-31": "-19.70000", "2014-12-31": "-50.40000", "2013-12-31": "-39.50000", "2012-12-31": "-23.90000", "2011-12-31": "-43.00000", "2010-12-31": "13.30000", "2009-12-31": "91.00000", "2008-12-31": "57.00000", "2007-12-31": "-27.00000", "2006-12-31": "10.20000", "2005-12-31": "-7.20000"}, "Change In Accounts Payable": {"2019-12-31": "-8.60000", "2018-12-31": "76.20000", "2017-12-31": "27.00000", "2016-12-31": "4.30000", "2015-12-31": "12.70000", "2014-12-31": "13.30000", "2013-12-31": "-13.90000", "2012-12-31": "6.80000", "2011-12-31": "27.50000", "2010-12-31": "6.00000", "2009-12-31": "19.40000", "2008-12-31": "-21.40000", "2007-12-31": "16.10000", "2006-12-31": "0.80000", "2005-12-31": "12.80000"}, "Change In Assets/Liabilities": {"2019-12-31": "14.50000", "2018-12-31": "30.70000", "2017-12-31": "-16.00000", "2016-12-31": "-16.30000", "2015-12-31": "-7.50000", "2014-12-31": "19.70000", "2013-12-31": "-18.20000", "2012-12-31": "5.90000", "2011-12-31": "-0.30000", "2010-12-31": "-6.50000", "2009-12-31": "11.40000", "2008-12-31": "-24.80000", "2007-12-31": "-6.20000", "2006-12-31": "-2.10000", "2005-12-31": "-4.50000"}, "Total Change In Assets/Liabilities": {"2019-12-31": "-173.50000", "2018-12-31": "-1120.80000", "2017-12-31": "-645.30000", "2016-12-31": "-528.90000", "2015-12-31": "-19.00000", "2014-12-31": "-40.20000", "2013-12-31": "-22.30000", "2012-12-31": "-17.10000", "2011-12-31": "-20.80000", "2010-12-31": "3.30000", "2009-12-31": "98.10000", "2008-12-31": "5.40000", "2007-12-31": "-35.90000", "2006-12-31": "7.30000", "2005-12-31": "5.60000"}, "Cash Flow From Operating Activities": {"2019-12-31": "665.80000", "2018-12-31": "-373.80000", "2017-12-31": "-192.50000", "2016-12-31": "74.00000", "2015-12-31": "589.20000", "2014-12-31": "526.60000", "2013-12-31": "458.00000", "2012-12-31": "468.60000", "2011-12-31": "387.80000", "2010-12-31": "338.10000", "2009-12-31": "503.50000", "2008-12-31": "184.60000", "2007-12-31": "141.70000", "2006-12-31": "141.30000", "2005-12-31": "169.10000"}, "Net Change In Property, Plant, And Equipment": {"2019-12-31": "-352.90000", "2018-12-31": "-345.80000", "2017-12-31": "-252.20000", "2016-12-31": "-294.60000", "2015-12-31": "-244.10000", "2014-12-31": "-30.60000", "2013-12-31": "-135.70000", "2012-12-31": "-184.50000", "2011-12-31": "-157.80000", "2010-12-31": "-122.80000", "2009-12-31": "-120.10000", "2008-12-31": "-163.00000", "2007-12-31": "-86.40000", "2006-12-31": "-89.00000", "2005-12-31": "-109.70000"}, "Net Change In Intangible Assets": {"2019-12-31": "", "2018-12-31": "", "2017-12-31": "", "2016-12-31": "", "2015-12-31": "", "2014-12-31": "", "2013-12-31": "", "2012-12-31": "", "2011-12-31": "", "2010-12-31": "", "2009-12-31": "", "2008-12-31": "", "2007-12-31": "", "2006-12-31": "", "2005-12-31": ""}, "Net Acquisitions/Divestitures": {"2019-12-31": "-54.50000", "2018-12-31": "-89.40000", "2017-12-31": "-189.40000", "2016-12-31": "-332.70000", "2015-12-31": "-163.20000", "2014-12-31": "-173.80000", "2013-12-31": "", "2012-12-31": "-105.00000", "2011-12-31": "-51.90000", "2010-12-31": "", "2009-12-31": "", "2008-12-31": "-30.30000", "2007-12-31": "", "2006-12-31": "", "2005-12-31": ""}, "Net Change In Short-term Investments": {"2019-12-31": "", "2018-12-31": "", "2017-12-31": "", "2016-12-31": "", "2015-12-31": "", "2014-12-31": "", "2013-12-31": "", "2012-12-31": "", "2011-12-31": "", "2010-12-31": "", "2009-12-31": "", "2008-12-31": "", "2007-12-31": "", "2006-12-31": "", "2005-12-31": ""}, "Net Change In Long-Term Investments": {"2019-12-31": "", "2018-12-31": "", "2017-12-31": "", "2016-12-31": "", "2015-12-31": "", "2014-12-31": "", "2013-12-31": "", "2012-12-31": "", "2011-12-31": "", "2010-12-31": "", "2009-12-31": "", "2008-12-31": "", "2007-12-31": "", "2006-12-31": "", "2005-12-31": ""}, "Net Change In Investments - Total": {"2019-12-31": "", "2018-12-31": "", "2017-12-31": "", "2016-12-31": "", "2015-12-31": "", "2014-12-31": "", "2013-12-31": "", "2012-12-31": "", "2011-12-31": "", "2010-12-31": "", "2009-12-31": "", "2008-12-31": "", "2007-12-31": "", "2006-12-31": "", "2005-12-31": ""}, "Investing Activities - Other": {"2019-12-31": "183.10000", "2018-12-31": "1124.30000", "2017-12-31": "709.70000", "2016-12-31": "562.20000", "2015-12-31": "7.50000", "2014-12-31": "21.20000", "2013-12-31": "-8.70000", "2012-12-31": "-4.50000", "2011-12-31": "-2.10000", "2010-12-31": "0.10000", "2009-12-31": "-4.60000", "2008-12-31": "49.10000", "2007-12-31": "-4.40000", "2006-12-31": "-1.40000", "2005-12-31": "-4.50000"}, "Cash Flow From Investing Activities": {"2019-12-31": "-224.30000", "2018-12-31": "689.10000", "2017-12-31": "268.10000", "2016-12-31": "-65.10000", "2015-12-31": "-399.80000", "2014-12-31": "-183.20000", "2013-12-31": "-144.40000", "2012-12-31": "-294.00000", "2011-12-31": "-211.80000", "2010-12-31": "-122.70000", "2009-12-31": "-124.70000", "2008-12-31": "-144.20000", "2007-12-31": "-90.80000", "2006-12-31": "-90.40000", "2005-12-31": "-114.20000"}, "Net Long-Term Debt": {"2019-12-31": "263.50000", "2018-12-31": "-152.40000", "2017-12-31": "-25.00000", "2016-12-31": "275.00000", "2015-12-31": "-25.00000", "2014-12-31": "-212.30000", "2013-12-31": "-71.30000", "2012-12-31": "-403.40000", "2011-12-31": "-249.20000", "2010-12-31": "-215.80000", "2009-12-31": "-240.70000", "2008-12-31": "4.10000", "2007-12-31": "-45.00000", "2006-12-31": "-54.20000", "2005-12-31": "-50.00000"}, "Net Current Debt": {"2019-12-31": "-367.60010", "2018-12-31": "89.40000", "2017-12-31": "112.10000", "2016-12-31": "-35.80010", "2015-12-31": "-50.80000", "2014-12-31": "-54.29990", "2013-12-31": "-8.80000", "2012-12-31": "332.50000", "2011-12-31": "2.50000", "2010-12-31": "-0.90000", "2009-12-31": "-142.40000", "2008-12-31": "132.00000", "2007-12-31": "2.10000", "2006-12-31": "-1.70000", "2005-12-31": "4.60000"}, "Debt Issuance/Retirement Net - Total": {"2019-12-31": "-104.10010", "2018-12-31": "-63.00000", "2017-12-31": "87.10000", "2016-12-31": "239.20000", "2015-12-31": "-75.80000", "2014-12-31": "-266.59990", "2013-12-31": "-80.10000", "2012-12-31": "-70.90000", "2011-12-31": "-246.70000", "2010-12-31": "-216.70000", "2009-12-31": "-383.10000", "2008-12-31": "136.10000", "2007-12-31": "-42.90000", "2006-12-31": "-55.90000", "2005-12-31": "-45.40000"}, "Net Common Equity Issued/Repurchased": {"2019-12-31": "-132.90000", "2018-12-31": "-123.40000", "2017-12-31": "-72.30000", "2016-12-31": "-176.20000", "2015-12-31": "-84.50000", "2014-12-31": "-14.70000", "2013-12-31": "-211.20000", "2012-12-31": "-310.70000", "2011-12-31": "204.80000", "2010-12-31": "", "2009-12-31": "", "2008-12-31": "", "2007-12-31": "", "2006-12-31": "", "2005-12-31": ""}, "Net Total Equity Issued/Repurchased": {"2019-12-31": "-132.90000", "2018-12-31": "-123.40000", "2017-12-31": "-72.30000", "2016-12-31": "-176.20000", "2015-12-31": "-84.50000", "2014-12-31": "-14.70000", "2013-12-31": "-211.20000", "2012-12-31": "-310.70000", "2011-12-31": "204.80000", "2010-12-31": "", "2009-12-31": "", "2008-12-31": "", "2007-12-31": "", "2006-12-31": "", "2005-12-31": ""}, "Total Common And Preferred Stock Dividends Paid": {"2019-12-31": "-112.70000", "2018-12-31": "-111.00000", "2017-12-31": "-93.40000", "2016-12-31": "-64.40000", "2015-12-31": "-49.30000", "2014-12-31": "", "2013-12-31": "", "2012-12-31": "", "2011-12-31": "", "2010-12-31": "", "2009-12-31": "", "2008-12-31": "", "2007-12-31": "", "2006-12-31": "", "2005-12-31": ""}, "Financial Activities - Other": {"2019-12-31": "-11.10000", "2018-12-31": "-13.30000", "2017-12-31": "8.80000", "2016-12-31": "-1.70000", "2015-12-31": "-1.30000", "2014-12-31": "-27.50000", "2013-12-31": "-19.80000", "2012-12-31": "-14.50000", "2011-12-31": "-0.30000", "2010-12-31": "-10.70000", "2009-12-31": "-16.10000", "2008-12-31": "-16.30000", "2007-12-31": "-7.10000", "2006-12-31": "-0.70000", "2005-12-31": "-3.70000"}, "Cash Flow From Financial Activities": {"2019-12-31": "-360.80000", "2018-12-31": "-310.70000", "2017-12-31": "-69.80000", "2016-12-31": "-3.10000", "2015-12-31": "-210.90000", "2014-12-31": "-308.80000", "2013-12-31": "-311.10000", "2012-12-31": "-396.10000", "2011-12-31": "-42.20000", "2010-12-31": "-227.40000", "2009-12-31": "-399.20000", "2008-12-31": "119.80000", "2007-12-31": "-50.00000", "2006-12-31": "-56.60000", "2005-12-31": "-49.10000"}, "Net Cash Flow": {"2019-12-31": "82.40000", "2018-12-31": "3.10000", "2017-12-31": "8.30000", "2016-12-31": "4.20000", "2015-12-31": "-26.70000", "2014-12-31": "29.40000", "2013-12-31": "0.70000", "2012-12-31": "-220.30000", "2011-12-31": "133.10000", "2010-12-31": "-11.10000", "2009-12-31": "-20.30000", "2008-12-31": "160.80000", "2007-12-31": "2.00000", "2006-12-31": "-5.40000", "2005-12-31": "5.40000"}, "Stock-Based Compensation": {"2019-12-31": "", "2018-12-31": "", "2017-12-31": "", "2016-12-31": "", "2015-12-31": "", "2014-12-31": "", "2013-12-31": "", "2012-12-31": "", "2011-12-31": "", "2010-12-31": "", "2009-12-31": "", "2008-12-31": "", "2007-12-31": "", "2006-12-31": "", "2005-12-31": ""}, "Common Stock Dividends Paid": {"2019-12-31": "-112.70000", "2018-12-31": "-111.00000", "2017-12-31": "-93.40000", "2016-12-31": "-64.40000", "2015-12-31": "-49.30000", "2014-12-31": "", "2013-12-31": "", "2012-12-31": "", "2011-12-31": "", "2010-12-31": "", "2009-12-31": "", "2008-12-31": "", "2007-12-31": "", "2006-12-31": "", "2005-12-31": ""}}, "cash flow statement, quarterly": {"Net Income/Loss": {"2020-09-30": 79.3, "2020-06-30": 66.7, "2020-03-31": "-19.80000", "2019-12-31": 43.9, "2019-09-30": 70, "2019-06-30": 86.1, "2019-03-31": "78.10000", "2018-12-31": 63.3, "2018-09-30": 122, "2018-06-30": 66, "2018-03-31": "42.70000", "2017-12-31": 173.9, "2017-09-30": 47.3, "2017-06-30": 42, "2017-03-31": "37.00000", "2016-12-31": 34.9, "2016-09-30": 57.8, "2016-06-30": 77.8, "2016-03-31": "57.50000", "2015-12-31": 57.2, "2015-09-30": 60.2, "2015-06-30": 57.6, "2015-03-31": "55.10000", "2014-12-31": 41.5, "2014-09-30": 53, "2014-06-30": -40.3, "2014-03-31": "34.80000", "2013-12-31": 45.3, "2013-09-30": 45.7, "2013-06-30": 21.1, "2013-03-31": "34.60000", "2012-12-31": 22.5, "2012-09-30": 38.9, "2012-06-30": 41.4, "2012-03-31": "17.30000", "2011-12-31": 263.9, "2011-09-30": -47.5, "2011-06-30": 32.1, "2011-03-31": "26.70000", "2010-12-31": 19.6, "2010-09-30": 17.6, "2010-06-30": -32.8, "2010-03-31": "6.30000", "2009-12-31": 31.8, "2009-09-30": 33.2, "2009-06-30": 19.6, "2009-03-31": "-28.20000", "2008-12-31": -57.7, "2008-09-30": -14.4, "2008-06-30": -4.3, "2008-03-31": "-23.30000", "2007-12-31": -0.7, "2007-09-30": -13.9, "2007-06-30": -21.3, "2007-03-31": "-38.70000", "2006-12-31": -35.9, "2006-09-30": -5.1, "2006-06-30": -22.8, "2006-03-31": "-36.70000", "2005-12-31": -42.5, "2005-09-30": 0.6, "2005-06-30": -19.6, "2005-03-31": "-29.60000"}, "Total Depreciation And Amortization - Cash Flow": {"2020-09-30": 120.5, "2020-06-30": 122.4, "2020-03-31": "113.60000", "2019-12-31": 114.1, "2019-09-30": 110.5, "2019-06-30": 110.2, "2019-03-31": "117.10000", "2018-12-31": 103.2, "2018-09-30": 110.7, "2018-06-30": 111.3, "2018-03-31": "109.80000", "2017-12-31": 98.2, "2017-09-30": 87, "2017-06-30": 75.2, "2017-03-31": "75.00000", "2016-12-31": 80, "2016-09-30": 78.2, "2016-06-30": 75.2, "2016-03-31": "70.70000", "2015-12-31": 71.8, "2015-09-30": 73.5, "2015-06-30": 71.2, "2015-03-31": "68.10000", "2014-12-31": 72.6, "2014-09-30": 65.8, "2014-06-30": 69.4, "2014-03-31": "67.00000", "2013-12-31": 75.9, "2013-09-30": 74.8, "2013-06-30": 68.3, "2013-03-31": "65.40000", "2012-12-31": 71, "2012-09-30": 67.2, "2012-06-30": 66.9, "2012-03-31": "67.90000", "2011-12-31": 76.2, "2011-09-30": 166.1, "2011-06-30": 68.4, "2011-03-31": "71.00000", "2010-12-31": 79, "2010-09-30": 70.4, "2010-06-30": 73.3, "2010-03-31": "74.30000", "2009-12-31": 85.9, "2009-09-30": 76.2, "2009-06-30": 75.4, "2009-03-31": "76.40000", "2008-12-31": 76.3, "2008-09-30": 74.5, "2008-06-30": 69.2, "2008-03-31": "52.20000", "2007-12-31": 46.5, "2007-09-30": 47.5, "2007-06-30": 52.3, "2007-03-31": "55.40000", "2006-12-31": 51.6, "2006-09-30": 50, "2006-06-30": 51.2, "2006-03-31": "52.00000", "2005-12-31": 52.3, "2005-09-30": 50.7, "2005-06-30": 56.2, "2005-03-31": "54.40000"}, "Other Non-Cash Items": {"2020-09-30": -7.9, "2020-06-30": 11.3, "2020-03-31": "135.40000", "2019-12-31": 59.6, "2019-09-30": 2.7, "2019-06-30": 17.1, "2019-03-31": "14.80000", "2018-12-31": 3.9, "2018-09-30": -25.4, "2018-06-30": 10, "2018-03-31": "-5.80000", "2017-12-31": -196.4, "2017-09-30": -3.7, "2017-06-30": 15.3, "2017-03-31": "", "2016-12-31": 14.6, "2016-09-30": 1.1, "2016-06-30": 7.5, "2016-03-31": "22.20000", "2015-12-31": 11.2, "2015-09-30": 13.2, "2015-06-30": 26.3, "2015-03-31": "21.80000", "2014-12-31": -13.3, "2014-09-30": 37.7, "2014-06-30": 118, "2014-03-31": "29.60000", "2013-12-31": -3.9, "2013-09-30": -1.2, "2013-06-30": 16, "2013-03-31": "18.80000", "2012-12-31": 26.7, "2012-09-30": 8.1, "2012-06-30": 25.7, "2012-03-31": "14.60000", "2011-12-31": -236.7, "2011-09-30": -30.7, "2011-06-30": -0.5, "2011-03-31": "-0.20000", "2010-12-31": 9.8, "2010-09-30": -3.1, "2010-06-30": 6.2, "2010-03-31": "6.50000", "2009-12-31": 0.9, "2009-09-30": -3.1, "2009-06-30": 22.6, "2009-03-31": "21.50000", "2008-12-31": 22.3, "2008-09-30": -10.4, "2008-06-30": 13.1, "2008-03-31": "-20.50000", "2007-12-31": -1.3, "2007-09-30": 18.7, "2007-06-30": 14.8, "2007-03-31": "10.10000", "2006-12-31": 7.9, "2006-09-30": -5.7, "2006-06-30": 10.3, "2006-03-31": "11.30000", "2005-12-31": 21, "2005-09-30": -4.6, "2005-06-30": 9.5, "2005-03-31": "11.80000"}, "Total Non-Cash Items": {"2020-09-30": 112.6, "2020-06-30": 133.7, "2020-03-31": "249.00000", "2019-12-31": 173.7, "2019-09-30": 113.2, "2019-06-30": 127.3, "2019-03-31": "131.90000", "2018-12-31": 107.1, "2018-09-30": 85.3, "2018-06-30": 121.3, "2018-03-31": "104.00000", "2017-12-31": -98.2, "2017-09-30": 83.3, "2017-06-30": 90.5, "2017-03-31": "75.00000", "2016-12-31": 94.6, "2016-09-30": 79.3, "2016-06-30": 82.7, "2016-03-31": "92.90000", "2015-12-31": 83, "2015-09-30": 86.7, "2015-06-30": 97.5, "2015-03-31": "89.90000", "2014-12-31": 59.3, "2014-09-30": 103.5, "2014-06-30": 187.4, "2014-03-31": "96.60000", "2013-12-31": 72, "2013-09-30": 73.6, "2013-06-30": 84.3, "2013-03-31": "84.20000", "2012-12-31": 97.7, "2012-09-30": 75.3, "2012-06-30": 92.6, "2012-03-31": "82.50000", "2011-12-31": -160.5, "2011-09-30": 135.4, "2011-06-30": 67.9, "2011-03-31": "70.80000", "2010-12-31": 88.8, "2010-09-30": 67.3, "2010-06-30": 79.5, "2010-03-31": "80.80000", "2009-12-31": 86.8, "2009-09-30": 73.1, "2009-06-30": 98, "2009-03-31": "97.90000", "2008-12-31": 98.6, "2008-09-30": 64.1, "2008-06-30": 82.3, "2008-03-31": "31.70000", "2007-12-31": 45.2, "2007-09-30": 66.2, "2007-06-30": 67.1, "2007-03-31": "65.50000", "2006-12-31": 59.5, "2006-09-30": 44.3, "2006-06-30": 61.5, "2006-03-31": "63.30000", "2005-12-31": 73.3, "2005-09-30": 46.1, "2005-06-30": 65.7, "2005-03-31": "66.20000"}, "Change In Accounts Receivable": {"2020-09-30": 0, "2020-06-30": 0, "2020-03-31": "", "2019-12-31": -107.6, "2019-09-30": 0, "2019-06-30": 0, "2019-03-31": "", "2018-12-31": -1158.1, "2018-09-30": 0, "2018-06-30": 0, "2018-03-31": "", "2017-12-31": -658.8, "2017-09-30": 0, "2017-06-30": 0, "2017-03-31": "", "2016-12-31": -541.9, "2016-09-30": 0, "2016-06-30": 0, "2016-03-31": "", "2015-12-31": -1.5, "2015-09-30": 0, "2015-06-30": 0, "2015-03-31": "", "2014-12-31": -25.5, "2014-09-30": 0, "2014-06-30": 0, "2014-03-31": "", "2013-12-31": 49.3, "2013-09-30": 0, "2013-06-30": 0, "2013-03-31": "", "2012-12-31": 7.3, "2012-09-30": 0, "2012-06-30": 0, "2012-03-31": "", "2011-12-31": 0.7, "2011-09-30": 0, "2011-06-30": 0, "2011-03-31": "", "2010-12-31": 5, "2010-09-30": 0, "2010-06-30": 0, "2010-03-31": "", "2009-12-31": -6.5, "2009-09-30": 0, "2009-06-30": 0, "2009-03-31": "", "2008-12-31": 16.5, "2008-09-30": 0, "2008-06-30": 0, "2008-03-31": "", "2007-12-31": -4.4, "2007-09-30": 0, "2007-06-30": 0, "2007-03-31": "", "2006-12-31": -1, "2006-09-30": 0, "2006-06-30": 0, "2006-03-31": "", "2005-12-31": -9.5, "2005-09-30": 0, "2005-06-30": 0, "2005-03-31": ""}, "Change In Inventories": {"2020-09-30": 0, "2020-06-30": 0, "2020-03-31": "", "2019-12-31": -72.8, "2019-09-30": 0, "2019-06-30": 0, "2019-03-31": "", "2018-12-31": -82, "2018-09-30": 0, "2018-06-30": 0, "2018-03-31": "", "2017-12-31": -6.5, "2017-09-30": 0, "2017-06-30": 0, "2017-03-31": "", "2016-12-31": 10.5, "2016-09-30": 0, "2016-06-30": 0, "2016-03-31": "", "2015-12-31": -19.7, "2015-09-30": 0, "2015-06-30": 0, "2015-03-31": "", "2014-12-31": -50.4, "2014-09-30": 0, "2014-06-30": 0, "2014-03-31": "", "2013-12-31": -39.5, "2013-09-30": 0, "2013-06-30": 0, "2013-03-31": "", "2012-12-31": -23.9, "2012-09-30": 0, "2012-06-30": 0, "2012-03-31": "", "2011-12-31": -43, "2011-09-30": 0, "2011-06-30": 0, "2011-03-31": "", "2010-12-31": 13.3, "2010-09-30": 0, "2010-06-30": 0, "2010-03-31": "", "2009-12-31": 91, "2009-09-30": 0, "2009-06-30": 0, "2009-03-31": "", "2008-12-31": 57, "2008-09-30": 0, "2008-06-30": 0, "2008-03-31": "", "2007-12-31": -27, "2007-09-30": 0, "2007-06-30": 0, "2007-03-31": "", "2006-12-31": 10.2, "2006-09-30": 0, "2006-06-30": 0, "2006-03-31": "", "2005-12-31": -7.2, "2005-09-30": 0, "2005-06-30": 0, "2005-03-31": ""}, "Change In Accounts Payable": {"2020-09-30": 0, "2020-06-30": 0, "2020-03-31": "", "2019-12-31": -8.6, "2019-09-30": 0, "2019-06-30": 0, "2019-03-31": "", "2018-12-31": 76.2, "2018-09-30": 0, "2018-06-30": 0, "2018-03-31": "", "2017-12-31": 27, "2017-09-30": 0, "2017-06-30": 0, "2017-03-31": "", "2016-12-31": 4.3, "2016-09-30": 0, "2016-06-30": 0, "2016-03-31": "", "2015-12-31": 12.7, "2015-09-30": 0, "2015-06-30": 0, "2015-03-31": "", "2014-12-31": 13.3, "2014-09-30": 0, "2014-06-30": 0, "2014-03-31": "", "2013-12-31": -13.9, "2013-09-30": 0, "2013-06-30": 0, "2013-03-31": "", "2012-12-31": 6.8, "2012-09-30": 0, "2012-06-30": 0, "2012-03-31": "", "2011-12-31": 27.5, "2011-09-30": 0, "2011-06-30": 0, "2011-03-31": "", "2010-12-31": 6, "2010-09-30": 0, "2010-06-30": 0, "2010-03-31": "", "2009-12-31": 19.4, "2009-09-30": 0, "2009-06-30": 0, "2009-03-31": "", "2008-12-31": -21.4, "2008-09-30": 0, "2008-06-30": 0, "2008-03-31": "", "2007-12-31": 16.1, "2007-09-30": 0, "2007-06-30": 0, "2007-03-31": "", "2006-12-31": 0.8, "2006-09-30": 0, "2006-06-30": 0, "2006-03-31": "", "2005-12-31": 12.8, "2005-09-30": 0, "2005-06-30": 0, "2005-03-31": ""}, "Change In Assets/Liabilities": {"2020-09-30": 53.2, "2020-06-30": 21.3, "2020-03-31": "-337.70000", "2019-12-31": 338.8, "2019-09-30": 45.2, "2019-06-30": 15.9, "2019-03-31": "-385.40000", "2018-12-31": 903.5, "2018-09-30": -214.1, "2018-06-30": -313, "2018-03-31": "-345.70000", "2017-12-31": 474.3, "2017-09-30": -146.4, "2017-06-30": -136.1, "2017-03-31": "-207.80000", "2016-12-31": 70, "2016-09-30": 1.8, "2016-06-30": 16.7, "2016-03-31": "-104.80000", "2015-12-31": 109.6, "2015-09-30": 21.7, "2015-06-30": -10.8, "2015-03-31": "-128.00000", "2014-12-31": 152.8, "2014-09-30": 21.1, "2014-06-30": -39.5, "2014-03-31": "-114.70000", "2013-12-31": 80.8, "2013-09-30": 34.5, "2013-06-30": 2.7, "2013-03-31": "-136.20000", "2012-12-31": 102.3, "2012-09-30": 30.7, "2012-06-30": -38.2, "2012-03-31": "-88.90000", "2011-12-31": 111.1, "2011-09-30": -17.4, "2011-06-30": 5.1, "2011-03-31": "-99.10000", "2010-12-31": 74.5, "2010-09-30": -15.8, "2010-06-30": 54.1, "2010-03-31": "-119.30000", "2009-12-31": 0.6, "2009-09-30": 33.2, "2009-06-30": 51.3, "2009-03-31": "-73.70000", "2008-12-31": 88.7, "2008-09-30": -28.7, "2008-06-30": 15.7, "2008-03-31": "-100.50000", "2007-12-31": 81.5, "2007-09-30": -19.9, "2007-06-30": -6.3, "2007-03-31": "-61.50000", "2006-12-31": 45.5, "2006-09-30": 0.3, "2006-06-30": 22.3, "2006-03-31": "-70.20000", "2005-12-31": 57.9, "2005-09-30": -3.7, "2005-06-30": 16.7, "2005-03-31": "-75.40000"}, "Total Change In Assets/Liabilities": {"2020-09-30": 53.2, "2020-06-30": 21.3, "2020-03-31": "-337.70000", "2019-12-31": 150.8, "2019-09-30": 45.2, "2019-06-30": 15.9, "2019-03-31": "-385.40000", "2018-12-31": -248, "2018-09-30": -214.1, "2018-06-30": -313, "2018-03-31": "-345.70000", "2017-12-31": -155, "2017-09-30": -146.4, "2017-06-30": -136.1, "2017-03-31": "-207.80000", "2016-12-31": -442.6, "2016-09-30": 1.8, "2016-06-30": 16.7, "2016-03-31": "-104.80000", "2015-12-31": 98.1, "2015-09-30": 21.7, "2015-06-30": -10.8, "2015-03-31": "-128.00000", "2014-12-31": 92.9, "2014-09-30": 21.1, "2014-06-30": -39.5, "2014-03-31": "-114.70000", "2013-12-31": 76.7, "2013-09-30": 34.5, "2013-06-30": 2.7, "2013-03-31": "-136.20000", "2012-12-31": 79.3, "2012-09-30": 30.7, "2012-06-30": -38.2, "2012-03-31": "-88.90000", "2011-12-31": 90.6, "2011-09-30": -17.4, "2011-06-30": 5.1, "2011-03-31": "-99.10000", "2010-12-31": 84.3, "2010-09-30": -15.8, "2010-06-30": 54.1, "2010-03-31": "-119.30000", "2009-12-31": 87.3, "2009-09-30": 33.2, "2009-06-30": 51.3, "2009-03-31": "-73.70000", "2008-12-31": 118.9, "2008-09-30": -28.7, "2008-06-30": 15.7, "2008-03-31": "-100.50000", "2007-12-31": 51.8, "2007-09-30": -19.9, "2007-06-30": -6.3, "2007-03-31": "-61.50000", "2006-12-31": 54.9, "2006-09-30": 0.3, "2006-06-30": 22.3, "2006-03-31": "-70.20000", "2005-12-31": 68, "2005-09-30": -3.7, "2005-06-30": 16.7, "2005-03-31": "-75.40000"}, "Cash Flow From Operating Activities": {"2020-09-30": 245.4, "2020-06-30": 223.1, "2020-03-31": "-79.30000", "2019-12-31": 365.1, "2019-09-30": 240.9, "2019-06-30": 231.9, "2019-03-31": "-172.10000", "2018-12-31": -73.8, "2018-09-30": 0.2, "2018-06-30": -110.1, "2018-03-31": "-190.10000", "2017-12-31": -74.2, "2017-09-30": -14.4, "2017-06-30": -12.2, "2017-03-31": "-91.70000", "2016-12-31": -320.3, "2016-09-30": 147.3, "2016-06-30": 188.6, "2016-03-31": "58.40000", "2015-12-31": 238.2, "2015-09-30": 173.7, "2015-06-30": 149.6, "2015-03-31": "27.70000", "2014-12-31": 195.4, "2014-09-30": 177.6, "2014-06-30": 123.7, "2014-03-31": "29.90000", "2013-12-31": 188.5, "2013-09-30": 159.6, "2013-06-30": 121.8, "2013-03-31": "-11.90000", "2012-12-31": 180.3, "2012-09-30": 145.8, "2012-06-30": 110, "2012-03-31": "32.50000", "2011-12-31": 188.9, "2011-09-30": 81.3, "2011-06-30": 111.5, "2011-03-31": "6.10000", "2010-12-31": 169.1, "2010-09-30": 73.4, "2010-06-30": 120.8, "2010-03-31": "-25.20000", "2009-12-31": 181, "2009-09-30": 148.6, "2009-06-30": 170.6, "2009-03-31": "3.30000", "2008-12-31": 141.8, "2008-09-30": 26.8, "2008-06-30": 91.2, "2008-03-31": "-75.20000", "2007-12-31": 97.3, "2007-09-30": 35.4, "2007-06-30": 41.8, "2007-03-31": "-32.80000", "2006-12-31": 83.1, "2006-09-30": 39.1, "2006-06-30": 62.1, "2006-03-31": "-43.00000", "2005-12-31": 97.9, "2005-09-30": 42.4, "2005-06-30": 64.4, "2005-03-31": "-35.60000"}, "Net Change In Property, Plant, And Equipment": {"2020-09-30": -119.1, "2020-06-30": -153.5, "2020-03-31": "-153.10000", "2019-12-31": -123, "2019-09-30": -71.6, "2019-06-30": -78.3, "2019-03-31": "-80.00000", "2018-12-31": -75.8, "2018-09-30": -96.6, "2018-06-30": -81.3, "2018-03-31": "-92.10000", "2017-12-31": -54.4, "2017-09-30": -53.3, "2017-06-30": -68.4, "2017-03-31": "-76.10000", "2016-12-31": -36.2, "2016-09-30": -72.4, "2016-06-30": -83, "2016-03-31": "-103.00000", "2015-12-31": -62.4, "2015-09-30": -54.7, "2015-06-30": -66.3, "2015-03-31": "-60.70000", "2014-12-31": -46.6, "2014-09-30": -42.5, "2014-06-30": 47.1, "2014-03-31": "11.40000", "2013-12-31": -47.1, "2013-09-30": -4, "2013-06-30": -51.7, "2013-03-31": "-32.90000", "2012-12-31": -73.3, "2012-09-30": -43.2, "2012-06-30": -29.1, "2012-03-31": "-38.90000", "2011-12-31": -49.4, "2011-09-30": -37.6, "2011-06-30": -34, "2011-03-31": "-36.80000", "2010-12-31": -48.9, "2010-09-30": -34.2, "2010-06-30": -21.5, "2010-03-31": "-18.20000", "2009-12-31": -33.6, "2009-09-30": -29.9, "2009-06-30": -20.6, "2009-03-31": "-36.00000", "2008-12-31": -56.9, "2008-09-30": -23.5, "2008-06-30": -47.4, "2008-03-31": "-35.20000", "2007-12-31": -24.8, "2007-09-30": -19, "2007-06-30": -22.8, "2007-03-31": "-19.80000", "2006-12-31": -25.2, "2006-09-30": -20.4, "2006-06-30": -20.7, "2006-03-31": "-22.70000", "2005-12-31": -37.8, "2005-09-30": -17.1, "2005-06-30": -21.5, "2005-03-31": "-33.30000"}, "Net Change In Intangible Assets": {"2020-09-30": 0, "2020-06-30": 0, "2020-03-31": "", "2019-12-31": 0, "2019-09-30": 0, "2019-06-30": 0, "2019-03-31": "", "2018-12-31": 0, "2018-09-30": 0, "2018-06-30": 0, "2018-03-31": "", "2017-12-31": 0, "2017-09-30": 0, "2017-06-30": 0, "2017-03-31": "", "2016-12-31": 0, "2016-09-30": 0, "2016-06-30": 0, "2016-03-31": "", "2015-12-31": 0, "2015-09-30": 0, "2015-06-30": 0, "2015-03-31": "", "2014-12-31": 0, "2014-09-30": 0, "2014-06-30": 0, "2014-03-31": "", "2013-12-31": 0, "2013-09-30": 0, "2013-06-30": 0, "2013-03-31": "", "2012-12-31": 0, "2012-09-30": 0, "2012-06-30": 0, "2012-03-31": "", "2011-12-31": 0, "2011-09-30": 0, "2011-06-30": 0, "2011-03-31": "", "2010-12-31": 0, "2010-09-30": 0, "2010-06-30": 0, "2010-03-31": "", "2009-12-31": 0, "2009-09-30": 0, "2009-06-30": 0, "2009-03-31": "", "2008-12-31": 0, "2008-09-30": 0, "2008-06-30": 0, "2008-03-31": "", "2007-12-31": 0, "2007-09-30": 0, "2007-06-30": 0, "2007-03-31": "", "2006-12-31": 0, "2006-09-30": 0, "2006-06-30": 0, "2006-03-31": "", "2005-12-31": 0, "2005-09-30": 0, "2005-06-30": 0, "2005-03-31": ""}, "Net Acquisitions/Divestitures": {"2020-09-30": 2, "2020-06-30": -80.5, "2020-03-31": "-42.10000", "2019-12-31": -1.6, "2019-09-30": -50.9, "2019-06-30": 0, "2019-03-31": "-2.00000", "2018-12-31": -0.4, "2018-09-30": -92.4, "2018-06-30": 6.9, "2018-03-31": "-3.50000", "2017-12-31": -68.5, "2017-09-30": -120.9, "2017-06-30": 0, "2017-03-31": "", "2016-12-31": -0.8, "2016-09-30": -3, "2016-06-30": -40.4, "2016-03-31": "-288.50000", "2015-12-31": -49.6, "2015-09-30": 0, "2015-06-30": 3, "2015-03-31": "-116.60000", "2014-12-31": 0, "2014-09-30": 0, "2014-06-30": -173.8, "2014-03-31": "", "2013-12-31": 0, "2013-09-30": 0, "2013-06-30": 0, "2013-03-31": "", "2012-12-31": -105, "2012-09-30": 0, "2012-06-30": 0, "2012-03-31": "", "2011-12-31": 0, "2011-09-30": 0, "2011-06-30": -51.9, "2011-03-31": "", "2010-12-31": 0, "2010-09-30": 0, "2010-06-30": 0, "2010-03-31": "", "2009-12-31": 0, "2009-09-30": 0, "2009-06-30": 0, "2009-03-31": "", "2008-12-31": 0, "2008-09-30": -0.5, "2008-06-30": -0.7, "2008-03-31": "-29.10000", "2007-12-31": 0, "2007-09-30": 0, "2007-06-30": 0, "2007-03-31": "", "2006-12-31": 0, "2006-09-30": 0, "2006-06-30": 0, "2006-03-31": "", "2005-12-31": 0, "2005-09-30": 0, "2005-06-30": 0, "2005-03-31": ""}, "Net Change In Short-term Investments": {"2020-09-30": 0, "2020-06-30": 0, "2020-03-31": "", "2019-12-31": 0, "2019-09-30": 0, "2019-06-30": 0, "2019-03-31": "", "2018-12-31": 0, "2018-09-30": 0, "2018-06-30": 0, "2018-03-31": "", "2017-12-31": 0, "2017-09-30": 0, "2017-06-30": 0, "2017-03-31": "", "2016-12-31": 0, "2016-09-30": 0, "2016-06-30": 0, "2016-03-31": "", "2015-12-31": 0, "2015-09-30": 0, "2015-06-30": 0, "2015-03-31": "", "2014-12-31": 0, "2014-09-30": 0, "2014-06-30": 0, "2014-03-31": "", "2013-12-31": 0, "2013-09-30": 0, "2013-06-30": 0, "2013-03-31": "", "2012-12-31": 0, "2012-09-30": 0, "2012-06-30": 0, "2012-03-31": "", "2011-12-31": 0, "2011-09-30": 0, "2011-06-30": 0, "2011-03-31": "", "2010-12-31": 0, "2010-09-30": 0, "2010-06-30": 0, "2010-03-31": "", "2009-12-31": 0, "2009-09-30": 0, "2009-06-30": 0, "2009-03-31": "", "2008-12-31": 0, "2008-09-30": 0, "2008-06-30": 0, "2008-03-31": "", "2007-12-31": 0, "2007-09-30": 0, "2007-06-30": 0, "2007-03-31": "", "2006-12-31": 0, "2006-09-30": 0, "2006-06-30": 0, "2006-03-31": "", "2005-12-31": 0, "2005-09-30": 0, "2005-06-30": 0, "2005-03-31": ""}, "Net Change In Long-Term Investments": {"2020-09-30": 0, "2020-06-30": 0, "2020-03-31": "", "2019-12-31": 0, "2019-09-30": 0, "2019-06-30": 0, "2019-03-31": "", "2018-12-31": 0, "2018-09-30": 0, "2018-06-30": 0, "2018-03-31": "", "2017-12-31": 0, "2017-09-30": 0, "2017-06-30": 0, "2017-03-31": "", "2016-12-31": 0, "2016-09-30": 0, "2016-06-30": 0, "2016-03-31": "", "2015-12-31": 0, "2015-09-30": 0, "2015-06-30": 0, "2015-03-31": "", "2014-12-31": 0, "2014-09-30": 0, "2014-06-30": 0, "2014-03-31": "", "2013-12-31": 0, "2013-09-30": 0, "2013-06-30": 0, "2013-03-31": "", "2012-12-31": 0, "2012-09-30": 0, "2012-06-30": 0, "2012-03-31": "", "2011-12-31": 0, "2011-09-30": 0, "2011-06-30": 0, "2011-03-31": "", "2010-12-31": 0, "2010-09-30": 0, "2010-06-30": 0, "2010-03-31": "", "2009-12-31": 0, "2009-09-30": 0, "2009-06-30": 0, "2009-03-31": "", "2008-12-31": 0, "2008-09-30": 0, "2008-06-30": 0, "2008-03-31": "", "2007-12-31": 0, "2007-09-30": 0, "2007-06-30": 0, "2007-03-31": "", "2006-12-31": 0, "2006-09-30": 0, "2006-06-30": 0, "2006-03-31": "", "2005-12-31": 0, "2005-09-30": 0, "2005-06-30": 0, "2005-03-31": ""}, "Net Change In Investments - Total": {"2020-09-30": 0, "2020-06-30": 0, "2020-03-31": "", "2019-12-31": 0, "2019-09-30": 0, "2019-06-30": 0, "2019-03-31": "", "2018-12-31": 0, "2018-09-30": 0, "2018-06-30": 0, "2018-03-31": "", "2017-12-31": 0, "2017-09-30": 0, "2017-06-30": 0, "2017-03-31": "", "2016-12-31": 0, "2016-09-30": 0, "2016-06-30": 0, "2016-03-31": "", "2015-12-31": 0, "2015-09-30": 0, "2015-06-30": 0, "2015-03-31": "", "2014-12-31": 0, "2014-09-30": 0, "2014-06-30": 0, "2014-03-31": "", "2013-12-31": 0, "2013-09-30": 0, "2013-06-30": 0, "2013-03-31": "", "2012-12-31": 0, "2012-09-30": 0, "2012-06-30": 0, "2012-03-31": "", "2011-12-31": 0, "2011-09-30": 0, "2011-06-30": 0, "2011-03-31": "", "2010-12-31": 0, "2010-09-30": 0, "2010-06-30": 0, "2010-03-31": "", "2009-12-31": 0, "2009-09-30": 0, "2009-06-30": 0, "2009-03-31": "", "2008-12-31": 0, "2008-09-30": 0, "2008-06-30": 0, "2008-03-31": "", "2007-12-31": 0, "2007-09-30": 0, "2007-06-30": 0, "2007-03-31": "", "2006-12-31": 0, "2006-09-30": 0, "2006-06-30": 0, "2006-03-31": "", "2005-12-31": 0, "2005-09-30": 0, "2005-06-30": 0, "2005-03-31": ""}, "Investing Activities - Other": {"2020-09-30": 28.9, "2020-06-30": 21.1, "2020-03-31": "19.40000", "2019-12-31": 21.7, "2019-09-30": 11.1, "2019-06-30": 25.1, "2019-03-31": "125.20000", "2018-12-31": 405, "2018-09-30": 249.6, "2018-06-30": 327.4, "2018-03-31": "142.30000", "2017-12-31": 285.3, "2017-09-30": 157.7, "2017-06-30": 147.8, "2017-03-31": "118.90000", "2016-12-31": 566.3, "2016-09-30": -1.3, "2016-06-30": -1.4, "2016-03-31": "-1.40000", "2015-12-31": 6.3, "2015-09-30": -3.5, "2015-06-30": 4.8, "2015-03-31": "-0.10000", "2014-12-31": -1.3, "2014-09-30": -2.8, "2014-06-30": 25.8, "2014-03-31": "-0.50000", "2013-12-31": -1.4, "2013-09-30": -5.4, "2013-06-30": -1.1, "2013-03-31": "-0.80000", "2012-12-31": -1.5, "2012-09-30": -1.1, "2012-06-30": -1.2, "2012-03-31": "-0.70000", "2011-12-31": 0.7, "2011-09-30": -1, "2011-06-30": -1, "2011-03-31": "-0.80000", "2010-12-31": -1.4, "2010-09-30": -1.1, "2010-06-30": 3.7, "2010-03-31": "-1.10000", "2009-12-31": -2.4, "2009-09-30": -1.7, "2009-06-30": -0.1, "2009-03-31": "-0.40000", "2008-12-31": -6.5, "2008-09-30": -2.3, "2008-06-30": -1.7, "2008-03-31": "59.60000", "2007-12-31": -1.8, "2007-09-30": -1, "2007-06-30": -0.8, "2007-03-31": "-0.80000", "2006-12-31": -1, "2006-09-30": -0.3, "2006-06-30": -1.8, "2006-03-31": "1.70000", "2005-12-31": 9.5, "2005-09-30": -4.5, "2005-06-30": -5.1, "2005-03-31": "-4.40000"}, "Cash Flow From Investing Activities": {"2020-09-30": -88.2, "2020-06-30": -212.9, "2020-03-31": "-175.80000", "2019-12-31": -102.9, "2019-09-30": -111.4, "2019-06-30": -53.2, "2019-03-31": "43.20000", "2018-12-31": 328.8, "2018-09-30": 60.6, "2018-06-30": 253, "2018-03-31": "46.70000", "2017-12-31": 162.4, "2017-09-30": -16.5, "2017-06-30": 79.4, "2017-03-31": "42.80000", "2016-12-31": 529.3, "2016-09-30": -76.7, "2016-06-30": -124.8, "2016-03-31": "-392.90000", "2015-12-31": -105.7, "2015-09-30": -58.2, "2015-06-30": -58.5, "2015-03-31": "-177.40000", "2014-12-31": -47.9, "2014-09-30": -45.3, "2014-06-30": -100.9, "2014-03-31": "10.90000", "2013-12-31": -48.5, "2013-09-30": -9.4, "2013-06-30": -52.8, "2013-03-31": "-33.70000", "2012-12-31": -179.8, "2012-09-30": -44.3, "2012-06-30": -30.3, "2012-03-31": "-39.60000", "2011-12-31": -48.7, "2011-09-30": -38.6, "2011-06-30": -86.9, "2011-03-31": "-37.60000", "2010-12-31": -50.3, "2010-09-30": -35.3, "2010-06-30": -17.8, "2010-03-31": "-19.30000", "2009-12-31": -36, "2009-09-30": -31.6, "2009-06-30": -20.7, "2009-03-31": "-36.40000", "2008-12-31": -63.4, "2008-09-30": -26.3, "2008-06-30": -49.8, "2008-03-31": "-4.70000", "2007-12-31": -26.6, "2007-09-30": -20, "2007-06-30": -23.6, "2007-03-31": "-20.60000", "2006-12-31": -26.2, "2006-09-30": -20.7, "2006-06-30": -22.5, "2006-03-31": "-21.00000", "2005-12-31": -28.3, "2005-09-30": -21.6, "2005-06-30": -26.6, "2005-03-31": "-37.70000"}, "Net Long-Term Debt": {"2020-09-30": 340.9, "2020-06-30": -9.2, "2020-03-31": "440.90000", "2019-12-31": -9.1, "2019-09-30": -9.1, "2019-06-30": 290.8, "2019-03-31": "-9.10000", "2018-12-31": -9.1, "2018-09-30": -9.2, "2018-06-30": -9.1, "2018-03-31": "-125.00000", "2017-12-31": -6.2, "2017-09-30": -6.3, "2017-06-30": -6.2, "2017-03-31": "-6.30000", "2016-12-31": -6.2, "2016-09-30": 293.7, "2016-06-30": -6.2, "2016-03-31": "-6.30000", "2015-12-31": -6.3, "2015-09-30": -6.2, "2015-06-30": -6.2, "2015-03-31": "-6.30000", "2014-12-31": -166.2, "2014-09-30": -15.3, "2014-06-30": -15.4, "2014-03-31": "-15.40000", "2013-12-31": -15.3, "2013-09-30": -26.3, "2013-06-30": -16.7, "2013-03-31": "-13.00000", "2012-12-31": 287.5, "2012-09-30": -12.5, "2012-06-30": 0, "2012-03-31": "-678.40000", "2011-12-31": -25.9, "2011-09-30": -73.3, "2011-06-30": -150, "2011-03-31": "", "2010-12-31": -143.5, "2010-09-30": -37.4, "2010-06-30": -34.9, "2010-03-31": "", "2009-12-31": -664.5, "2009-09-30": 410.7, "2009-06-30": 13.1, "2009-03-31": "", "2008-12-31": -0.3, "2008-09-30": -21.1, "2008-06-30": -6.1, "2008-03-31": "31.60000", "2007-12-31": -39.7, "2007-09-30": -5.3, "2007-06-30": 0, "2007-03-31": "", "2006-12-31": -54.2, "2006-09-30": 0, "2006-06-30": 0, "2006-03-31": "", "2005-12-31": -50, "2005-09-30": 0, "2005-06-30": 0, "2005-03-31": ""}, "Net Current Debt": {"2020-09-30": -168.4001, "2020-06-30": 35.0001, "2020-03-31": "191.60000", "2019-12-31": -122.3001, "2019-09-30": -53.4, "2019-06-30": -418.2, "2019-03-31": "226.30000", "2018-12-31": -59.6, "2018-09-30": -32.7, "2018-06-30": -105.7, "2018-03-31": "287.40000", "2017-12-31": -6.1, "2017-09-30": 64.9, "2017-06-30": -50.4, "2017-03-31": "103.70000", "2016-12-31": -115.8001, "2016-09-30": -308.8, "2016-06-30": -41.3, "2016-03-31": "430.10000", "2015-12-31": -95.2, "2015-09-30": -40.7, "2015-06-30": -60.3, "2015-03-31": "145.40000", "2014-12-31": 65.0001, "2014-09-30": -214.4, "2014-06-30": 122, "2014-03-31": "-26.90000", "2013-12-31": 36.4, "2013-09-30": -66.3, "2013-06-30": -33.1, "2013-03-31": "54.20000", "2012-12-31": 33.1, "2012-09-30": -88.6, "2012-06-30": -78, "2012-03-31": "466.00000", "2011-12-31": 0.6, "2011-09-30": -0.3, "2011-06-30": 1.6, "2011-03-31": "0.60000", "2010-12-31": -2.7, "2010-09-30": 1.8, "2010-06-30": -0.2, "2010-03-31": "0.20000", "2009-12-31": 426.2, "2009-09-30": -440.4, "2009-06-30": -172.7, "2009-03-31": "44.50000", "2008-12-31": -70.9, "2008-09-30": 167, "2008-06-30": -40.3, "2008-03-31": "76.20000", "2007-12-31": -35.1, "2007-09-30": -8.7, "2007-06-30": -9.1, "2007-03-31": "55.00000", "2006-12-31": -0.7, "2006-09-30": -20.8, "2006-06-30": -38.8, "2006-03-31": "58.60000", "2005-12-31": -12.1, "2005-09-30": -18.6, "2005-06-30": -38.3, "2005-03-31": "73.60000"}, "Debt Issuance/Retirement Net - Total": {"2020-09-30": 172.4998, "2020-06-30": 25.8001, "2020-03-31": "632.50000", "2019-12-31": -131.4001, "2019-09-30": -62.5, "2019-06-30": -127.4, "2019-03-31": "217.20000", "2018-12-31": -68.7, "2018-09-30": -41.9, "2018-06-30": -114.8, "2018-03-31": "162.40000", "2017-12-31": -12.3, "2017-09-30": 58.6, "2017-06-30": -56.6, "2017-03-31": "97.40000", "2016-12-31": -122, "2016-09-30": -15.1, "2016-06-30": -47.5, "2016-03-31": "423.80000", "2015-12-31": -101.5, "2015-09-30": -46.9, "2015-06-30": -66.5, "2015-03-31": "139.10000", "2014-12-31": -101.1999, "2014-09-30": -229.7, "2014-06-30": 106.6, "2014-03-31": "-42.30000", "2013-12-31": 21.1, "2013-09-30": -92.6, "2013-06-30": -49.8, "2013-03-31": "41.20000", "2012-12-31": 320.6001, "2012-09-30": -101.1001, "2012-06-30": -78, "2012-03-31": "-212.40000", "2011-12-31": -25.3, "2011-09-30": -73.6, "2011-06-30": -148.4, "2011-03-31": "0.60000", "2010-12-31": -146.2, "2010-09-30": -35.6, "2010-06-30": -35.1, "2010-03-31": "0.20000", "2009-12-31": -238.3, "2009-09-30": -29.7, "2009-06-30": -159.6, "2009-03-31": "44.50000", "2008-12-31": -71.2, "2008-09-30": 145.9, "2008-06-30": -46.4, "2008-03-31": "107.80000", "2007-12-31": -74.8, "2007-09-30": -14, "2007-06-30": -9.1, "2007-03-31": "55.00000", "2006-12-31": -54.9, "2006-09-30": -20.8, "2006-06-30": -38.8, "2006-03-31": "58.60000", "2005-12-31": -62.1, "2005-09-30": -18.6, "2005-06-30": -38.3, "2005-03-31": "73.60000"}, "Net Common Equity Issued/Repurchased": {"2020-09-30": -90, "2020-06-30": -38.1, "2020-03-31": "-128.20000", "2019-12-31": 0, "2019-09-30": -50.2, "2019-06-30": -18.7, "2019-03-31": "-64.00000", "2018-12-31": -119.3, "2018-09-30": 0, "2018-06-30": -0.1, "2018-03-31": "-4.00000", "2017-12-31": -0.1, "2017-09-30": -2.6, "2017-06-30": -19.5, "2017-03-31": "-50.10000", "2016-12-31": -59.2, "2016-09-30": -26.9, "2016-06-30": -36.2, "2016-03-31": "-53.90000", "2015-12-31": -40.2, "2015-09-30": -15.2, "2015-06-30": -5, "2015-03-31": "-24.10000", "2014-12-31": 0, "2014-09-30": 1.1, "2014-06-30": 0, "2014-03-31": "-15.80000", "2013-12-31": -200, "2013-09-30": -0.2, "2013-06-30": -0.1, "2013-03-31": "-10.90000", "2012-12-31": -300.1, "2012-09-30": -0.1, "2012-06-30": -1.3, "2012-03-31": "-9.20000", "2011-12-31": 0, "2011-09-30": -0.3, "2011-06-30": 205.1, "2011-03-31": "", "2010-12-31": 0, "2010-09-30": 0, "2010-06-30": 0, "2010-03-31": "", "2009-12-31": 0, "2009-09-30": 0, "2009-06-30": 0, "2009-03-31": "", "2008-12-31": 0, "2008-09-30": 0, "2008-06-30": 0, "2008-03-31": "", "2007-12-31": 0, "2007-09-30": 0, "2007-06-30": 0, "2007-03-31": "", "2006-12-31": 0, "2006-09-30": 0, "2006-06-30": 0, "2006-03-31": "", "2005-12-31": 0, "2005-09-30": 0, "2005-06-30": 0, "2005-03-31": ""}, "Net Total Equity Issued/Repurchased": {"2020-09-30": -90, "2020-06-30": -38.1, "2020-03-31": "-128.20000", "2019-12-31": 0, "2019-09-30": -50.2, "2019-06-30": -18.7, "2019-03-31": "-64.00000", "2018-12-31": -119.3, "2018-09-30": 0, "2018-06-30": -0.1, "2018-03-31": "-4.00000", "2017-12-31": -0.1, "2017-09-30": -2.6, "2017-06-30": -19.5, "2017-03-31": "-50.10000", "2016-12-31": -59.2, "2016-09-30": -26.9, "2016-06-30": -36.2, "2016-03-31": "-53.90000", "2015-12-31": -40.2, "2015-09-30": -15.2, "2015-06-30": -5, "2015-03-31": "-24.10000", "2014-12-31": 0, "2014-09-30": 1.1, "2014-06-30": 0, "2014-03-31": "-15.80000", "2013-12-31": -200, "2013-09-30": -0.2, "2013-06-30": -0.1, "2013-03-31": "-10.90000", "2012-12-31": -300.1, "2012-09-30": -0.1, "2012-06-30": -1.3, "2012-03-31": "-9.20000", "2011-12-31": 0, "2011-09-30": -0.3, "2011-06-30": 205.1, "2011-03-31": "", "2010-12-31": 0, "2010-09-30": 0, "2010-06-30": 0, "2010-03-31": "", "2009-12-31": 0, "2009-09-30": 0, "2009-06-30": 0, "2009-03-31": "", "2008-12-31": 0, "2008-09-30": 0, "2008-06-30": 0, "2008-03-31": "", "2007-12-31": 0, "2007-09-30": 0, "2007-06-30": 0, "2007-03-31": "", "2006-12-31": 0, "2006-09-30": 0, "2006-06-30": 0, "2006-03-31": "", "2005-12-31": 0, "2005-09-30": 0, "2005-06-30": 0, "2005-03-31": ""}, "Total Common And Preferred Stock Dividends Paid": {"2020-09-30": -26.8, "2020-06-30": -26.9, "2020-03-31": "-26.70000", "2019-12-31": -25.7, "2019-09-30": -28.7, "2019-06-30": -28.2, "2019-03-31": "-30.10000", "2018-12-31": -28.9, "2018-09-30": -29.6, "2018-06-30": -29.3, "2018-03-31": "-23.20000", "2017-12-31": -23.2, "2017-09-30": -23.3, "2017-06-30": -23.3, "2017-03-31": "-23.60000", "2016-12-31": -15.9, "2016-09-30": -16.1, "2016-06-30": -16.1, "2016-03-31": "-16.30000", "2015-12-31": -16.4, "2015-09-30": -16.5, "2015-06-30": -16.4, "2015-03-31": "", "2014-12-31": 0, "2014-09-30": 0, "2014-06-30": 0, "2014-03-31": "", "2013-12-31": 0, "2013-09-30": 0, "2013-06-30": 0, "2013-03-31": "", "2012-12-31": 0, "2012-09-30": 0, "2012-06-30": 0, "2012-03-31": "", "2011-12-31": 0, "2011-09-30": 0, "2011-06-30": 0, "2011-03-31": "", "2010-12-31": 0, "2010-09-30": 0, "2010-06-30": 0, "2010-03-31": "", "2009-12-31": 0, "2009-09-30": 0, "2009-06-30": 0, "2009-03-31": "", "2008-12-31": 0, "2008-09-30": 0, "2008-06-30": 0, "2008-03-31": "", "2007-12-31": 0, "2007-09-30": 0, "2007-06-30": 0, "2007-03-31": "", "2006-12-31": 0, "2006-09-30": 0, "2006-06-30": 0, "2006-03-31": "", "2005-12-31": 0, "2005-09-30": 0, "2005-06-30": 0, "2005-03-31": ""}, "Financial Activities - Other": {"2020-09-30": -243.6, "2020-06-30": 1.1, "2020-03-31": "-259.10000", "2019-12-31": -2.9, "2019-09-30": -3, "2019-06-30": -2.6, "2019-03-31": "-2.60000", "2018-12-31": -6.6, "2018-09-30": -0.5, "2018-06-30": 1.7, "2018-03-31": "-7.90000", "2017-12-31": -2.6, "2017-09-30": 2.3, "2017-06-30": 6.9, "2017-03-31": "2.20000", "2016-12-31": 3.9, "2016-09-30": -5.3, "2016-06-30": 0, "2016-03-31": "-0.30000", "2015-12-31": -0.2, "2015-09-30": -0.7, "2015-06-30": -0.4, "2015-03-31": "", "2014-12-31": -17.3, "2014-09-30": -1.8, "2014-06-30": -7.9, "2014-03-31": "-0.50000", "2013-12-31": -0.7, "2013-09-30": 0.3, "2013-06-30": -23.5, "2013-03-31": "4.10000", "2012-12-31": -5.9, "2012-09-30": 4.4, "2012-06-30": 0.9, "2012-03-31": "-13.90000", "2011-12-31": -0.1, "2011-09-30": -0.4, "2011-06-30": 0.1, "2011-03-31": "0.10000", "2010-12-31": -0.5, "2010-09-30": -9.7, "2010-06-30": -0.5, "2010-03-31": "", "2009-12-31": -1.4, "2009-09-30": -3.5, "2009-06-30": -11.2, "2009-03-31": "", "2008-12-31": 0.5, "2008-09-30": 0.1, "2008-06-30": -1.2, "2008-03-31": "-15.70000", "2007-12-31": 0.1, "2007-09-30": -0.7, "2007-06-30": -7.3, "2007-03-31": "0.80000", "2006-12-31": 0.1, "2006-09-30": 0, "2006-06-30": -0.5, "2006-03-31": "-0.30000", "2005-12-31": -3.6, "2005-09-30": -0.4, "2005-06-30": -0.6, "2005-03-31": "0.90000"}, "Cash Flow From Financial Activities": {"2020-09-30": -187.9, "2020-06-30": -38.1, "2020-03-31": "218.50000", "2019-12-31": -160, "2019-09-30": -144.4, "2019-06-30": -176.9, "2019-03-31": "120.50000", "2018-12-31": -223.5, "2018-09-30": -72, "2018-06-30": -142.5, "2018-03-31": "127.30000", "2017-12-31": -38.2, "2017-09-30": 35, "2017-06-30": -92.5, "2017-03-31": "25.90000", "2016-12-31": -193.2, "2016-09-30": -63.4, "2016-06-30": -99.8, "2016-03-31": "353.30000", "2015-12-31": -158.3, "2015-09-30": -79.3, "2015-06-30": -88.3, "2015-03-31": "115.00000", "2014-12-31": -118.5, "2014-09-30": -230.4, "2014-06-30": 98.7, "2014-03-31": "-58.60000", "2013-12-31": -179.6, "2013-09-30": -92.5, "2013-06-30": -73.4, "2013-03-31": "34.40000", "2012-12-31": 14.6, "2012-09-30": -96.8, "2012-06-30": -78.4, "2012-03-31": "-235.50000", "2011-12-31": -25.4, "2011-09-30": -74.3, "2011-06-30": 56.8, "2011-03-31": "0.70000", "2010-12-31": -146.7, "2010-09-30": -45.3, "2010-06-30": -35.6, "2010-03-31": "0.20000", "2009-12-31": -239.7, "2009-09-30": -33.2, "2009-06-30": -170.8, "2009-03-31": "44.50000", "2008-12-31": -70.7, "2008-09-30": 146, "2008-06-30": -47.6, "2008-03-31": "92.10000", "2007-12-31": -74.7, "2007-09-30": -14.7, "2007-06-30": -16.4, "2007-03-31": "55.80000", "2006-12-31": -54.8, "2006-09-30": -20.8, "2006-06-30": -39.3, "2006-03-31": "58.30000", "2005-12-31": -65.7, "2005-09-30": -19, "2005-06-30": -38.9, "2005-03-31": "74.50000"}, "Net Cash Flow": {"2020-09-30": -28.1, "2020-06-30": -26.6, "2020-03-31": "-42.70000", "2019-12-31": 104.2, "2019-09-30": -16, "2019-06-30": 2.4, "2019-03-31": "-8.20000", "2018-12-31": 30.8, "2018-09-30": -11.2, "2018-06-30": -1.6, "2018-03-31": "-14.90000", "2017-12-31": 50.2, "2017-09-30": 4.7, "2017-06-30": -24.9, "2017-03-31": "-21.70000", "2016-12-31": 13.4, "2016-09-30": 7, "2016-06-30": -36.9, "2016-03-31": "20.70000", "2015-12-31": -26.6, "2015-09-30": 34.7, "2015-06-30": 3.4, "2015-03-31": "-38.20000", "2014-12-31": 26.4, "2014-09-30": -101.8, "2014-06-30": 122.3, "2014-03-31": "-17.50000", "2013-12-31": -39.8, "2013-09-30": 58.9, "2013-06-30": -5.7, "2013-03-31": "-12.70000", "2012-12-31": 15, "2012-09-30": 5.5, "2012-06-30": 0.8, "2012-03-31": "-241.60000", "2011-12-31": 114.7, "2011-09-30": -34.1, "2011-06-30": 82.1, "2011-03-31": "-29.60000", "2010-12-31": -27.6, "2010-09-30": -5.3, "2010-06-30": 66, "2010-03-31": "-44.20000", "2009-12-31": -94.9, "2009-09-30": 84.1, "2009-06-30": -20.4, "2009-03-31": "10.90000", "2008-12-31": 9, "2008-09-30": 145.3, "2008-06-30": -6.1, "2008-03-31": "12.60000", "2007-12-31": -3.7, "2007-09-30": 1.2, "2007-06-30": 2.1, "2007-03-31": "2.40000", "2006-12-31": 2.4, "2006-09-30": -2.4, "2006-06-30": 0.5, "2006-03-31": "-5.90000", "2005-12-31": 3.7, "2005-09-30": 1.9, "2005-06-30": -1.2, "2005-03-31": "1.00000"}, "Stock-Based Compensation": {"2020-09-30": 0, "2020-06-30": 0, "2020-03-31": "", "2019-12-31": 0, "2019-09-30": 0, "2019-06-30": 0, "2019-03-31": "", "2018-12-31": 0, "2018-09-30": 0, "2018-06-30": 0, "2018-03-31": "", "2017-12-31": 0, "2017-09-30": 0, "2017-06-30": 0, "2017-03-31": "", "2016-12-31": 0, "2016-09-30": 0, "2016-06-30": 0, "2016-03-31": "", "2015-12-31": 0, "2015-09-30": 0, "2015-06-30": 0, "2015-03-31": "", "2014-12-31": 0, "2014-09-30": 0, "2014-06-30": 0, "2014-03-31": "", "2013-12-31": 0, "2013-09-30": 0, "2013-06-30": 0, "2013-03-31": "", "2012-12-31": 0, "2012-09-30": 0, "2012-06-30": 0, "2012-03-31": "", "2011-12-31": 0, "2011-09-30": 0, "2011-06-30": 0, "2011-03-31": "", "2010-12-31": 0, "2010-09-30": 0, "2010-06-30": 0, "2010-03-31": "", "2009-12-31": 0, "2009-09-30": 0, "2009-06-30": 0, "2009-03-31": "", "2008-12-31": 0, "2008-09-30": 0, "2008-06-30": 0, "2008-03-31": "", "2007-12-31": 0, "2007-09-30": 0, "2007-06-30": 0, "2007-03-31": "", "2006-12-31": 0, "2006-09-30": 0, "2006-06-30": 0, "2006-03-31": "", "2005-12-31": 0, "2005-09-30": 0, "2005-06-30": 0, "2005-03-31": ""}, "Common Stock Dividends Paid": {"2020-09-30": -26.8, "2020-06-30": -26.9, "2020-03-31": "-26.70000", "2019-12-31": -25.7, "2019-09-30": -28.7, "2019-06-30": -28.2, "2019-03-31": "-30.10000", "2018-12-31": -28.9, "2018-09-30": -29.6, "2018-06-30": -29.3, "2018-03-31": "-23.20000", "2017-12-31": -23.2, "2017-09-30": -23.3, "2017-06-30": -23.3, "2017-03-31": "-23.60000", "2016-12-31": -15.9, "2016-09-30": -16.1, "2016-06-30": -16.1, "2016-03-31": "-16.30000", "2015-12-31": -16.4, "2015-09-30": -16.5, "2015-06-30": -16.4, "2015-03-31": "", "2014-12-31": 0, "2014-09-30": 0, "2014-06-30": 0, "2014-03-31": "", "2013-12-31": 0, "2013-09-30": 0, "2013-06-30": 0, "2013-03-31": "", "2012-12-31": 0, "2012-09-30": 0, "2012-06-30": 0, "2012-03-31": "", "2011-12-31": 0, "2011-09-30": 0, "2011-06-30": 0, "2011-03-31": "", "2010-12-31": 0, "2010-09-30": 0, "2010-06-30": 0, "2010-03-31": "", "2009-12-31": 0, "2009-09-30": 0, "2009-06-30": 0, "2009-03-31": "", "2008-12-31": 0, "2008-09-30": 0, "2008-06-30": 0, "2008-03-31": "", "2007-12-31": 0, "2007-09-30": 0, "2007-06-30": 0, "2007-03-31": "", "2006-12-31": 0, "2006-09-30": 0, "2006-06-30": 0, "2006-03-31": "", "2005-12-31": 0, "2005-09-30": 0, "2005-06-30": 0, "2005-03-31": ""}}, "financial ratios": {"Current Ratio": {"2019-12-31": "1.50630", "2018-12-31": "1.50460", "2017-12-31": "1.37410", "2016-12-31": "1.42970", "2015-12-31": "1.45700", "2014-12-31": "1.55020", "2013-12-31": "1.73260", "2012-12-31": "1.59780", "2011-12-31": "2.02650", "2010-12-31": "1.70150", "2009-12-31": "1.60960", "2008-12-31": "1.64610", "2007-12-31": "1.44120", "2006-12-31": "1.34260", "2005-12-31": "1.41380"}, "Long-term Debt / Capital": {"2019-12-31": "0.57720", "2018-12-31": "0.59000", "2017-12-31": "0.63140", "2016-12-31": "0.66410", "2015-12-31": "0.62530", "2014-12-31": "0.65540", "2013-12-31": "0.67200", "2012-12-31": "0.69860", "2011-12-31": "0.66690", "2010-12-31": "0.77360", "2009-12-31": "0.79240", "2008-12-31": "0.85770", "2007-12-31": "0.92860", "2006-12-31": "0.91320", "2005-12-31": "0.87980"}, "Debt/Equity Ratio": {"2019-12-31": "1.38980", "2018-12-31": "1.46500", "2017-12-31": "1.76060", "2016-12-31": "2.03680", "2015-12-31": "1.70240", "2014-12-31": "1.93390", "2013-12-31": "2.12140", "2012-12-31": "2.39980", "2011-12-31": "2.02780", "2010-12-31": "3.45260", "2009-12-31": "3.84220", "2008-12-31": "6.06210", "2007-12-31": "13.04450", "2006-12-31": "10.58170", "2005-12-31": "7.36250"}, "Gross Margin": {"2019-12-31": "17.73670", "2018-12-31": "15.79590", "2017-12-31": "16.10450", "2016-12-31": "18.63610", "2015-12-31": "18.96780", "2014-12-31": "18.56390", "2013-12-31": "16.20330", "2012-12-31": "16.59170", "2011-12-31": "15.15580", "2010-12-31": "14.48600", "2009-12-31": "12.90590", "2008-12-31": "12.06800", "2007-12-31": "13.70400", "2006-12-31": "11.76290", "2005-12-31": "13.44200"}, "Operating Margin": {"2019-12-31": "8.67030", "2018-12-31": "7.59940", "2017-12-31": "7.44280", "2016-12-31": "9.47860", "2015-12-31": "10.26630", "2014-12-31": "5.37200", "2013-12-31": "7.62820", "2012-12-31": "7.43350", "2011-12-31": "4.52420", "2010-12-31": "5.36020", "2009-12-31": "6.90220", "2008-12-31": "3.67460", "2007-12-31": "6.24480", "2006-12-31": "4.04010", "2005-12-31": "3.77020"}, "EBIT Margin": {"2019-12-31": "8.67030", "2018-12-31": "7.59940", "2017-12-31": "7.44280", "2016-12-31": "9.47860", "2015-12-31": "10.26630", "2014-12-31": "5.37200", "2013-12-31": "7.62820", "2012-12-31": "7.43350", "2011-12-31": "4.52420", "2010-12-31": "5.36020", "2009-12-31": "6.90220", "2008-12-31": "3.67460", "2007-12-31": "6.24480", "2006-12-31": "4.04010", "2005-12-31": "3.77020"}, "EBITDA Margin": {"2019-12-31": "16.00620", "2018-12-31": "14.81410", "2017-12-31": "15.05580", "2016-12-31": "16.55380", "2015-12-31": "17.10740", "2014-12-31": "11.85240", "2013-12-31": "13.97920", "2012-12-31": "13.72810", "2011-12-31": "13.59870", "2010-12-31": "12.61290", "2009-12-31": "14.56620", "2008-12-31": "10.34710", "2007-12-31": "14.57540", "2006-12-31": "12.86130", "2005-12-31": "13.08020"}, "Pre-Tax Profit Margin": {"2019-12-31": "5.74670", "2018-12-31": "5.76340", "2017-12-31": "5.74270", "2016-12-31": "7.43120", "2015-12-31": "8.63660", "2014-12-31": "3.12930", "2013-12-31": "4.74750", "2012-12-31": "4.61830", "2011-12-31": "1.02940", "2010-12-31": "0.89380", "2009-12-31": "1.93370", "2008-12-31": "-1.60560", "2007-12-31": "-1.07800", "2006-12-31": "-3.34240", "2005-12-31": "-3.02050"}, "Net Profit Margin": {"2019-12-31": "3.35710", "2018-12-31": "3.66700", "2017-12-31": "6.81410", "2016-12-31": "5.30470", "2015-12-31": "5.53100", "2014-12-31": "2.11530", "2013-12-31": "3.27370", "2012-12-31": "2.82680", "2011-12-31": "6.58300", "2010-12-31": "0.26130", "2009-12-31": "1.37700", "2008-12-31": "-2.44400", "2007-12-31": "-3.08110", "2006-12-31": "-4.32870", "2005-12-31": "-3.97070"}, "Asset Turnover": {"2019-12-31": "0.84500", "2018-12-31": "0.85410", "2017-12-31": "0.90590", "2016-12-31": "0.93370", "2015-12-31": "0.97750", "2014-12-31": "1.02490", "2013-12-31": "0.98220", "2012-12-31": "0.93640", "2011-12-31": "0.90460", "2010-12-31": "0.91310", "2009-12-31": "0.87110", "2008-12-31": "0.81860", "2007-12-31": "0.87180", "2006-12-31": "0.80370", "2005-12-31": "0.68360"}, "Inventory Turnover Ratio": {"2019-12-31": "4.62410", "2018-12-31": "5.00490", "2017-12-31": "5.82980", "2016-12-31": "5.99950", "2015-12-31": "6.05120", "2014-12-31": "6.61810", "2013-12-31": "6.73580", "2012-12-31": "6.79340", "2011-12-31": "7.52590", "2010-12-31": "8.39160", "2009-12-31": "8.17230", "2008-12-31": "6.74270", "2007-12-31": "6.55810", "2006-12-31": "6.79920", "2005-12-31": "6.55850"}, "Receiveable Turnover": {"2019-12-31": "12.21030", "2018-12-31": "10.52440", "2017-12-31": "13.72030", "2016-12-31": "10.07050", "2015-12-31": "9.81410", "2014-12-31": "10.25270", "2013-12-31": "10.84810", "2012-12-31": "9.40190", "2011-12-31": "10.46600", "2010-12-31": "10.71430", "2009-12-31": "10.71360", "2008-12-31": "11.03730", "2007-12-31": "10.68020", "2006-12-31": "10.05500", "2005-12-31": "10.60700"}, "Days Sales In Receivables": {"2019-12-31": "29.89280", "2018-12-31": "34.68150", "2017-12-31": "26.60290", "2016-12-31": "36.24440", "2015-12-31": "37.19140", "2014-12-31": "35.60050", "2013-12-31": "33.64640", "2012-12-31": "38.82190", "2011-12-31": "34.87470", "2010-12-31": "34.06670", "2009-12-31": "34.06890", "2008-12-31": "33.06960", "2007-12-31": "34.17540", "2006-12-31": "36.30030", "2005-12-31": "34.41120"}, "ROE - Return On Equity": {"2019-12-31": "13.51310", "2018-12-31": "14.56530", "2017-12-31": "23.23710", "2016-12-31": "21.58070", "2015-12-31": "20.88590", "2014-12-31": "8.79190", "2013-12-31": "13.80970", "2012-12-31": "12.35220", "2011-12-31": "23.58790", "2010-12-31": "1.43240", "2009-12-31": "7.73870", "2008-12-31": "-18.81190", "2007-12-31": "-34.09720", "2006-12-31": "-53.60480", "2005-12-31": "-33.53180"}, "Return On Tangible Equity": {"2019-12-31": "270.52520", "2018-12-31": "862.16770", "2017-12-31": "-64.20020", "2016-12-31": "-35.12560", "2015-12-31": "-50.81720", "2014-12-31": "-18.11150", "2013-12-31": "-27.67400", "2012-12-31": "-17.84280", "2011-12-31": "-54.50590", "2010-12-31": "-1.03400", "2009-12-31": "-5.14690", "2008-12-31": "7.35010", "2007-12-31": "7.69710", "2006-12-31": "15.99080", "2005-12-31": "16.96160"}, "ROA - Return On Assets": {"2019-12-31": "3.81490", "2018-12-31": "4.16480", "2017-12-31": "6.17310", "2016-12-31": "4.95290", "2015-12-31": "5.40640", "2014-12-31": "2.15100", "2013-12-31": "3.21760", "2012-12-31": "2.59310", "2011-12-31": "5.91870", "2010-12-31": "0.23860", "2009-12-31": "1.19950", "2008-12-31": "-1.98270", "2007-12-31": "-1.76790", "2006-12-31": "-3.37190", "2005-12-31": "-2.68470"}, "ROI - Return On Investment": {"2019-12-31": "5.71290", "2018-12-31": "5.97120", "2017-12-31": "8.56470", "2016-12-31": "7.24960", "2015-12-31": "7.82490", "2014-12-31": "3.02950", "2013-12-31": "4.52990", "2012-12-31": "3.72310", "2011-12-31": "7.85750", "2010-12-31": "0.32420", "2009-12-31": "1.60620", "2008-12-31": "-2.67720", "2007-12-31": "-2.43580", "2006-12-31": "-4.65490", "2005-12-31": "-4.02950"}, "Book Value Per Share": {"2019-12-31": "7.09050", "2018-12-31": "6.73080", "2017-12-31": "4.17120", "2016-12-31": "3.36970", "2015-12-31": "3.39310", "2014-12-31": "3.09530", "2013-12-31": "3.27120", "2012-12-31": "2.82210", "2011-12-31": "2.99560", "2010-12-31": "2.17340", "2009-12-31": "2.12330", "2008-12-31": "1.53330", "2007-12-31": "0.71650", "2006-12-31": "0.90590", "2005-12-31": "1.35250"}, "Operating Cash Flow Per Share": {"2019-12-31": 3.4639, "2018-12-31": -0.5882, "2017-12-31": -0.8474, "2016-12-31": -1.5515, "2015-12-31": 0.1884, "2014-12-31": 0.2836, "2013-12-31": 0.127, "2012-12-31": 0.1667, "2011-12-31": 0.0428, "2010-12-31": -0.4879, "2009-12-31": 0.8766, "2008-12-31": -0.1177, "2007-12-31": -0.0004, "2006-12-31": -0.1429, "2005-12-31": 0.8455}, "Free Cash Flow Per Share": {"2019-12-31": 3.3819, "2018-12-31": -0.8947, "2017-12-31": -0.7396, "2016-12-31": -1.7297, "2015-12-31": -0.4573, "2014-12-31": 0.5792, "2013-12-31": 0.2045, "2012-12-31": 0.1145, "2011-12-31": -0.0171, "2010-12-31": -0.4929, "2009-12-31": 1.0442, "2008-12-31": -0.2056, "2007-12-31": 0.0139, "2006-12-31": -0.0369, "2005-12-31": 0.297}}, "financial ratios, quarterly": {"Current Ratio": {"2020-09-30": "1.17370", "2020-06-30": "1.27110", "2020-03-31": "1.85660", "2019-12-31": "1.50630", "2019-09-30": "1.62210", "2019-06-30": "1.70090", "2019-03-31": "1.79700", "2018-12-31": "1.50460", "2018-09-30": "1.66940", "2018-06-30": "1.76990", "2018-03-31": "1.81910", "2017-12-31": "1.37410", "2017-09-30": "1.49570", "2017-06-30": "1.49750", "2017-03-31": "1.51210", "2016-12-31": "1.42970", "2016-09-30": "1.61000", "2016-06-30": "1.60950", "2016-03-31": "1.77430", "2015-12-31": "1.45700", "2015-09-30": "1.94800", "2015-06-30": "1.96550", "2015-03-31": "1.93840", "2014-12-31": "1.55020", "2014-09-30": "1.83930", "2014-06-30": "2.07920", "2014-03-31": "1.88410", "2013-12-31": "1.73260", "2013-09-30": "1.71800", "2013-06-30": "1.75320", "2013-03-31": "1.75750", "2012-12-31": "1.59780", "2012-09-30": "1.57900", "2012-06-30": "1.68480", "2012-03-31": "1.70910", "2011-12-31": "2.02650", "2011-09-30": "1.88200", "2011-06-30": "1.90580", "2011-03-31": "1.82520", "2010-12-31": "1.70150", "2010-09-30": "1.85840", "2010-06-30": "1.79710", "2010-03-31": "1.72580", "2009-12-31": "1.60960", "2009-09-30": "1.79100", "2009-06-30": "1.71230", "2009-03-31": "1.81480", "2008-12-31": "1.64610", "2008-09-30": "1.96890", "2008-06-30": "1.68580", "2008-03-31": "1.80820", "2007-12-31": "1.44120", "2007-09-30": "1.54980", "2007-06-30": "1.53210", "2007-03-31": "1.51800", "2006-12-31": "1.34260", "2006-09-30": "1.36040", "2006-06-30": "1.40520", "2006-03-31": "1.49430", "2005-12-31": "1.41380", "2005-09-30": "1.50850", "2005-06-30": "1.45080", "2005-03-31": "1.57010"}, "Long-term Debt / Capital": {"2020-09-30": "0.63550", "2020-06-30": "0.59790", "2020-03-31": "0.63080", "2019-12-31": "0.57720", "2019-09-30": "0.59060", "2019-06-30": "0.59300", "2019-03-31": "0.60950", "2018-12-31": "0.59000", "2018-09-30": "0.56020", "2018-06-30": "0.57420", "2018-03-31": "0.58510", "2017-12-31": "0.63140", "2017-09-30": "0.66250", "2017-06-30": "0.66380", "2017-03-31": "0.66890", "2016-12-31": "0.66410", "2016-09-30": "0.66410", "2016-06-30": "0.67070", "2016-03-31": "0.67340", "2015-12-31": "0.62530", "2015-09-30": "0.63970", "2015-06-30": "0.64850", "2015-03-31": "0.67130", "2014-12-31": "0.65540", "2014-09-30": "0.64680", "2014-06-30": "0.67890", "2014-03-31": "0.66110", "2013-12-31": "0.67200", "2013-09-30": "0.66220", "2013-06-30": "0.68420", "2013-03-31": "0.69550", "2012-12-31": "0.69860", "2012-09-30": "0.59790", "2012-06-30": "0.61930", "2012-03-31": "0.63920", "2011-12-31": "0.66690", "2011-09-30": "0.70350", "2011-06-30": "0.69730", "2011-03-31": "0.76330", "2010-12-31": "0.77360", "2010-09-30": "0.78700", "2010-06-30": "0.79600", "2010-03-31": "0.79220", "2009-12-31": "0.79240", "2009-09-30": "0.83380", "2009-06-30": "0.84700", "2009-03-31": "0.86780", "2008-12-31": "0.85770", "2008-09-30": "0.79100", "2008-06-30": "0.77340", "2008-03-31": "0.77890", "2007-12-31": "0.92860", "2007-09-30": "0.93910", "2007-06-30": "0.93520", "2007-03-31": "0.92890", "2006-12-31": "0.91320", "2006-09-30": "0.90030", "2006-06-30": "0.90240", "2006-03-31": "0.89620", "2005-12-31": "0.87980", "2005-09-30": "0.85190", "2005-06-30": "0.85810", "2005-03-31": "0.82450"}, "Debt/Equity Ratio": {"2020-09-30": "2.01360", "2020-06-30": "1.72440", "2020-03-31": "1.73290", "2019-12-31": "1.38980", "2019-09-30": "1.46930", "2019-06-30": "1.48590", "2019-03-31": "1.58520", "2018-12-31": "1.46500", "2018-09-30": "1.29660", "2018-06-30": "1.37230", "2018-03-31": "1.43620", "2017-12-31": "1.76060", "2017-09-30": "2.00650", "2017-06-30": "2.01810", "2017-03-31": "2.08440", "2016-12-31": "2.03680", "2016-09-30": "2.03520", "2016-06-30": "2.09340", "2016-03-31": "2.09240", "2015-12-31": "1.70240", "2015-09-30": "1.80590", "2015-06-30": "1.87700", "2015-03-31": "2.07660", "2014-12-31": "1.93390", "2014-09-30": "1.89310", "2014-06-30": "2.18280", "2014-03-31": "2.02320", "2013-12-31": "2.12140", "2013-09-30": "2.03700", "2013-06-30": "2.25120", "2013-03-31": "2.37250", "2012-12-31": "2.39980", "2012-09-30": "1.53690", "2012-06-30": "1.67880", "2012-03-31": "1.81350", "2011-12-31": "2.02780", "2011-09-30": "2.39190", "2011-06-30": "2.32190", "2011-03-31": "3.25880", "2010-12-31": "3.45260", "2010-09-30": "3.73380", "2010-06-30": "3.93970", "2010-03-31": "3.83680", "2009-12-31": "3.84220", "2009-09-30": "5.06640", "2009-06-30": "5.58480", "2009-03-31": "6.60270", "2008-12-31": "6.06210", "2008-09-30": "3.79250", "2008-06-30": "3.43830", "2008-03-31": "3.54620", "2007-12-31": "13.04450", "2007-09-30": "15.56030", "2007-06-30": "14.60240", "2007-03-31": "13.16710", "2006-12-31": "10.58170", "2006-09-30": "9.10310", "2006-06-30": "9.32770", "2006-03-31": "8.68160", "2005-12-31": "7.36250", "2005-09-30": "5.80400", "2005-06-30": "6.10280", "2005-03-31": "4.72940"}, "Gross Margin": {"2020-09-30": "15.04980", "2020-06-30": "16.26940", "2020-03-31": "20.06130", "2019-12-31": "17.91680", "2019-09-30": "16.84370", "2019-06-30": "18.53430", "2019-03-31": "17.67050", "2018-12-31": "15.41780", "2018-09-30": "16.86250", "2018-06-30": "15.71910", "2018-03-31": "15.15500", "2017-12-31": "15.77620", "2017-09-30": "16.56120", "2017-06-30": "15.87650", "2017-03-31": "16.19410", "2016-12-31": "18.65310", "2016-09-30": "17.33260", "2016-06-30": "18.56420", "2016-03-31": "20.08700", "2015-12-31": "19.47510", "2015-09-30": "18.86920", "2015-06-30": "18.73050", "2015-03-31": "18.80580", "2014-12-31": "18.44970", "2014-09-30": "19.27620", "2014-06-30": "19.08300", "2014-03-31": "17.43270", "2013-12-31": "16.13170", "2013-09-30": "15.53740", "2013-06-30": "16.54820", "2013-03-31": "16.61970", "2012-12-31": "15.63660", "2012-09-30": "17.09970", "2012-06-30": "17.66350", "2012-03-31": "15.89210", "2011-12-31": "15.20400", "2011-09-30": "14.34830", "2011-06-30": "15.30490", "2011-03-31": "15.81050", "2010-12-31": "14.18550", "2010-09-30": "14.87340", "2010-06-30": "14.35600", "2010-03-31": "14.52050", "2009-12-31": "11.62890", "2009-09-30": "13.88730", "2009-06-30": "13.61370", "2009-03-31": "12.39210", "2008-12-31": "10.66150", "2008-09-30": "12.90210", "2008-06-30": "12.57770", "2008-03-31": "11.95640", "2007-12-31": "14.76990", "2007-09-30": "17.15410", "2007-06-30": "13.14400", "2007-03-31": "9.58740", "2006-12-31": "7.27060", "2006-09-30": "16.00940", "2006-06-30": "12.45400", "2006-03-31": "10.68230", "2005-12-31": "11.76230", "2005-09-30": "16.28680", "2005-06-30": "13.77210", "2005-03-31": "11.52660"}, "Operating Margin": {"2020-09-30": "7.01540", "2020-06-30": "7.12600", "2020-03-31": "10.00560", "2019-12-31": "8.75120", "2019-09-30": "7.75800", "2019-06-30": "9.29930", "2019-03-31": "8.89830", "2018-12-31": "7.12250", "2018-09-30": "10.86310", "2018-06-30": "7.30030", "2018-03-31": "5.00880", "2017-12-31": "7.29440", "2017-09-30": "8.03450", "2017-06-30": "7.65510", "2017-03-31": "6.74520", "2016-12-31": "8.46580", "2016-09-30": "9.52250", "2016-06-30": "9.57210", "2016-03-31": "10.36750", "2015-12-31": "9.91320", "2015-09-30": "10.28040", "2015-06-30": "10.42470", "2015-03-31": "10.44440", "2014-12-31": "8.86020", "2014-09-30": "10.69520", "2014-06-30": "-4.73720", "2014-03-31": "7.42980", "2013-12-31": "5.86100", "2013-09-30": "9.08860", "2013-06-30": "7.69500", "2013-03-31": "7.74190", "2012-12-31": "6.00970", "2012-09-30": "8.27370", "2012-06-30": "8.69680", "2012-03-31": "6.65290", "2011-12-31": "5.99980", "2011-09-30": "-1.64910", "2011-06-30": "7.06020", "2011-03-31": "6.85590", "2010-12-31": "5.79280", "2010-09-30": "7.52780", "2010-06-30": "2.19970", "2010-03-31": "5.93570", "2009-12-31": "6.55020", "2009-09-30": "9.24870", "2009-06-30": "8.43070", "2009-03-31": "3.24760", "2008-12-31": "0.95440", "2008-09-30": "4.50370", "2008-06-30": "5.42170", "2008-03-31": "3.52060", "2007-12-31": "6.28020", "2007-09-30": "10.06370", "2007-06-30": "6.25900", "2007-03-31": "2.19140", "2006-12-31": "3.32750", "2006-09-30": "7.16560", "2006-06-30": "3.94880", "2006-03-31": "1.56790", "2005-12-31": "1.34600", "2005-09-30": "7.28450", "2005-06-30": "3.78810", "2005-03-31": "2.10980"}, "EBIT Margin": {"2020-09-30": "7.01540", "2020-06-30": "7.12600", "2020-03-31": "10.00560", "2019-12-31": "8.75120", "2019-09-30": "7.75800", "2019-06-30": "9.29930", "2019-03-31": "8.89830", "2018-12-31": "7.12250", "2018-09-30": "10.86310", "2018-06-30": "7.30030", "2018-03-31": "5.00880", "2017-12-31": "7.29450", "2017-09-30": "8.03450", "2017-06-30": "7.65510", "2017-03-31": "6.74520", "2016-12-31": "8.46580", "2016-09-30": "9.52250", "2016-06-30": "9.57210", "2016-03-31": "10.36750", "2015-12-31": "9.91320", "2015-09-30": "10.28040", "2015-06-30": "10.42470", "2015-03-31": "10.44440", "2014-12-31": "8.86020", "2014-09-30": "10.69520", "2014-06-30": "-4.73720", "2014-03-31": "7.42980", "2013-12-31": "5.86100", "2013-09-30": "9.08860", "2013-06-30": "7.69500", "2013-03-31": "7.74190", "2012-12-31": "6.00970", "2012-09-30": "8.27370", "2012-06-30": "8.69680", "2012-03-31": "6.65290", "2011-12-31": "5.99980", "2011-09-30": "-1.64910", "2011-06-30": "7.06020", "2011-03-31": "6.85590", "2010-12-31": "5.79280", "2010-09-30": "7.52780", "2010-06-30": "2.19970", "2010-03-31": "5.93570", "2009-12-31": "6.55020", "2009-09-30": "9.24870", "2009-06-30": "8.43070", "2009-03-31": "3.24760", "2008-12-31": "0.95450", "2008-09-30": "4.50370", "2008-06-30": "5.42170", "2008-03-31": "3.52060", "2007-12-31": "6.28020", "2007-09-30": "10.06370", "2007-06-30": "6.25900", "2007-03-31": "2.19140", "2006-12-31": "3.32750", "2006-09-30": "7.16560", "2006-06-30": "3.94880", "2006-03-31": "1.56790", "2005-12-31": "1.34600", "2005-09-30": "7.28450", "2005-06-30": "3.78810", "2005-03-31": "2.10980"}, "EBITDA Margin": {"2020-09-30": "", "2020-06-30": "", "2020-03-31": "", "2019-12-31": "", "2019-09-30": "", "2019-06-30": "", "2019-03-31": "", "2018-12-31": "", "2018-09-30": "", "2018-06-30": "", "2018-03-31": "", "2017-12-31": "", "2017-09-30": "", "2017-06-30": "", "2017-03-31": "", "2016-12-31": "", "2016-09-30": "", "2016-06-30": "", "2016-03-31": "", "2015-12-31": "", "2015-09-30": "", "2015-06-30": "", "2015-03-31": "", "2014-12-31": "", "2014-09-30": "", "2014-06-30": "", "2014-03-31": "", "2013-12-31": "", "2013-09-30": "", "2013-06-30": "", "2013-03-31": "", "2012-12-31": "", "2012-09-30": "", "2012-06-30": "", "2012-03-31": "", "2011-12-31": "", "2011-09-30": "", "2011-06-30": "", "2011-03-31": "", "2010-12-31": "", "2010-09-30": "", "2010-06-30": "", "2010-03-31": "", "2009-12-31": "", "2009-09-30": "", "2009-06-30": "", "2009-03-31": "", "2008-12-31": "", "2008-09-30": "", "2008-06-30": "", "2008-03-31": "", "2007-12-31": "", "2007-09-30": "", "2007-06-30": "", "2007-03-31": "", "2006-12-31": "", "2006-09-30": "", "2006-06-30": "", "2006-03-31": "", "2005-12-31": "", "2005-09-30": "", "2005-06-30": "", "2005-03-31": ""}, "Pre-Tax Profit Margin": {"2020-09-30": "5.14230", "2020-06-30": "5.25760", "2020-03-31": "-1.58210", "2019-12-31": "3.90840", "2019-09-30": "5.48810", "2019-06-30": "7.01310", "2019-03-31": "6.56750", "2018-12-31": "5.06200", "2018-09-30": "9.10690", "2018-06-30": "5.56620", "2018-03-31": "3.21510", "2017-12-31": "5.47760", "2017-09-30": "6.39940", "2017-06-30": "5.94680", "2017-03-31": "5.10600", "2016-12-31": "5.35380", "2016-09-30": "7.71040", "2016-06-30": "7.92240", "2016-03-31": "8.73310", "2015-12-31": "8.29350", "2015-09-30": "8.73830", "2015-06-30": "8.74090", "2015-03-31": "8.76810", "2014-12-31": "5.55390", "2014-09-30": "8.75240", "2014-06-30": "-6.63560", "2014-03-31": "5.52810", "2013-12-31": "3.86080", "2013-09-30": "6.96470", "2013-06-30": "2.81650", "2013-03-31": "5.27030", "2012-12-31": "3.38930", "2012-09-30": "5.91110", "2012-06-30": "6.23260", "2012-03-31": "2.81110", "2011-12-31": "2.74790", "2011-09-30": "-5.01260", "2011-06-30": "3.59950", "2011-03-31": "2.92820", "2010-12-31": "1.69040", "2010-09-30": "2.68510", "2010-06-30": "-2.22870", "2010-03-31": "1.45400", "2009-12-31": "2.62620", "2009-09-30": "4.09790", "2009-06-30": "2.81660", "2009-03-31": "-1.87400", "2008-12-31": "-4.60060", "2008-09-30": "-0.42030", "2008-06-30": "0.42040", "2008-03-31": "-2.37470", "2007-12-31": "-0.43200", "2007-09-30": "3.31650", "2007-06-30": "-2.16660", "2007-03-31": "-5.18750", "2006-12-31": "-5.11640", "2006-09-30": "-0.08390", "2006-06-30": "-2.92570", "2006-03-31": "-5.54790", "2005-12-31": "-7.08220", "2005-09-30": "0.82590", "2005-06-30": "-2.45590", "2005-03-31": "-4.25390"}, "Net Profit Margin": {"2020-09-30": "3.75210", "2020-06-30": "3.23400", "2020-03-31": "-0.79420", "2019-12-31": "2.17130", "2019-09-30": "3.29410", "2019-06-30": "4.10870", "2019-03-31": "3.84490", "2018-12-31": "3.14720", "2018-09-30": "6.15620", "2018-06-30": "3.26960", "2018-03-31": "2.02380", "2017-12-31": "15.64130", "2017-09-30": "4.15790", "2017-06-30": "3.83670", "2017-03-31": "3.48560", "2016-12-31": "3.30120", "2016-09-30": "5.23690", "2016-06-30": "7.05220", "2016-03-31": "5.56090", "2015-12-31": "5.58100", "2015-09-30": "5.62620", "2015-06-30": "5.44890", "2015-03-31": "5.46520", "2014-12-31": "4.14540", "2014-09-30": "5.04760", "2014-06-30": "-3.58200", "2014-03-31": "3.28140", "2013-12-31": "4.27950", "2013-09-30": "3.82630", "2013-06-30": "1.86010", "2013-03-31": "3.17130", "2012-12-31": "2.17410", "2012-09-30": "3.62990", "2012-06-30": "3.81330", "2012-03-31": "1.61170", "2011-12-31": "25.25440", "2011-09-30": "-4.42560", "2011-06-30": "2.97030", "2011-03-31": "2.66840", "2010-12-31": "1.93750", "2010-09-30": "1.68780", "2010-06-30": "-3.16450", "2010-03-31": "0.62740", "2009-12-31": "3.24950", "2009-09-30": "3.14930", "2009-06-30": "1.87780", "2009-03-31": "-2.76690", "2008-12-31": "-5.50730", "2008-09-30": "-1.23530", "2008-06-30": "-0.37660", "2008-03-31": "-3.21690", "2007-12-31": "-0.11630", "2007-09-30": "-2.27090", "2007-06-30": "-3.41840", "2007-03-31": "-6.62560", "2006-12-31": "-6.90520", "2006-09-30": "-0.85580", "2006-06-30": "-3.64510", "2006-03-31": "-6.32320", "2005-12-31": "-8.80100", "2005-09-30": "0.09910", "2005-06-30": "-3.14610", "2005-03-31": "-5.07720"}, "Asset Turnover": {"2020-09-30": "0.22100", "2020-06-30": "0.21010", "2020-03-31": "0.21480", "2019-12-31": "0.20850", "2019-09-30": "0.21980", "2019-06-30": "0.21310", "2019-03-31": "0.20650", "2018-12-31": "0.21380", "2018-09-30": "0.20960", "2018-06-30": "0.21340", "2018-03-31": "0.20720", "2017-12-31": "0.22860", "2017-09-30": "0.23510", "2017-06-30": "0.23330", "2017-03-31": "0.22770", "2016-12-31": "0.22970", "2016-09-30": "0.23370", "2016-06-30": "0.23370", "2016-03-31": "0.22040", "2015-12-31": "0.24080", "2015-09-30": "0.23740", "2015-06-30": "0.23430", "2015-03-31": "0.22440", "2014-12-31": "0.24200", "2014-09-30": "0.23700", "2014-06-30": "0.24560", "2014-03-31": "0.23610", "2013-12-31": "0.23580", "2013-09-30": "0.25180", "2013-06-30": "0.24670", "2013-03-31": "0.23750", "2012-12-31": "0.22740", "2012-09-30": "0.25270", "2012-06-30": "0.25290", "2012-03-31": "0.23930", "2011-12-31": "0.22620", "2011-09-30": "0.23930", "2011-06-30": "0.23210", "2011-03-31": "0.22120", "2010-12-31": "0.22560", "2010-09-30": "0.22580", "2010-06-30": "0.22390", "2010-03-31": "0.21460", "2009-12-31": "0.20810", "2009-09-30": "0.21520", "2009-06-30": "0.21430", "2009-03-31": "0.20540", "2008-12-31": "0.21030", "2008-09-30": "0.22930", "2008-06-30": "0.22750", "2008-03-31": "0.14440", "2007-12-31": "0.21670", "2007-09-30": "0.19200", "2007-06-30": "0.19450", "2007-03-31": "0.18080", "2006-12-31": "0.18000", "2006-09-30": "0.18020", "2006-06-30": "0.18690", "2006-03-31": "0.17270", "2005-12-31": "0.14390", "2005-09-30": "0.19750", "2005-06-30": "0.20180", "2005-03-31": "0.18610"}, "Inventory Turnover Ratio": {"2020-09-30": "1.25000", "2020-06-30": "1.12640", "2020-03-31": "1.11840", "2019-12-31": "1.13830", "2019-09-30": "1.22320", "2019-06-30": "1.15050", "2019-03-31": "1.15650", "2018-12-31": "1.25850", "2018-09-30": "1.23560", "2018-06-30": "1.28640", "2018-03-31": "1.29980", "2017-12-31": "1.47700", "2017-09-30": "1.52730", "2017-06-30": "1.53430", "2017-03-31": "1.47500", "2016-12-31": "1.47540", "2016-09-30": "1.54150", "2016-06-30": "1.52300", "2016-03-31": "1.37850", "2015-12-31": "1.48140", "2015-09-30": "1.52490", "2015-06-30": "1.50900", "2015-03-31": "1.45320", "2014-12-31": "1.56460", "2014-09-30": "1.59320", "2014-06-30": "1.72870", "2014-03-31": "1.53210", "2013-12-31": "1.61820", "2013-09-30": "1.67740", "2013-06-30": "1.59740", "2013-03-31": "1.58510", "2012-12-31": "1.66870", "2012-09-30": "1.81890", "2012-06-30": "1.79230", "2012-03-31": "1.73990", "2011-12-31": "1.88060", "2011-09-30": "1.86280", "2011-06-30": "1.86450", "2011-03-31": "1.71740", "2010-12-31": "2.08030", "2010-09-30": "1.99840", "2010-06-30": "2.01060", "2010-03-31": "1.85740", "2009-12-31": "1.98120", "2009-09-30": "1.95060", "2009-06-30": "1.90630", "2009-03-31": "1.71320", "2008-12-31": "1.75940", "2008-09-30": "1.78470", "2008-06-30": "1.70470", "2008-03-31": "1.05680", "2007-12-31": "1.61020", "2007-09-30": "1.63110", "2007-06-30": "1.81670", "2007-03-31": "1.69370", "2006-12-31": "1.60010", "2006-09-30": "1.66280", "2006-06-30": "1.88110", "2006-03-31": "1.61950", "2005-12-31": "1.40720", "2005-09-30": "1.68600", "2005-06-30": "1.82230", "2005-03-31": "1.67690"}, "Receiveable Turnover": {"2020-09-30": "2.28370", "2020-06-30": "2.32670", "2020-03-31": "2.55940", "2019-12-31": "3.01250", "2019-09-30": "2.67210", "2019-06-30": "2.42660", "2019-03-31": "2.32430", "2018-12-31": "2.63450", "2018-09-30": "1.87720", "2018-06-30": "2.15470", "2018-03-31": "1.98920", "2017-12-31": "3.46250", "2017-09-30": "2.11060", "2017-06-30": "2.21780", "2017-03-31": "2.34330", "2016-12-31": "2.47700", "2016-09-30": "2.20340", "2016-06-30": "2.20110", "2016-03-31": "2.18140", "2015-12-31": "2.41780", "2015-09-30": "2.21440", "2015-06-30": "2.18090", "2015-03-31": "2.08690", "2014-12-31": "2.42050", "2014-09-30": "2.10970", "2014-06-30": "2.27850", "2014-03-31": "2.27800", "2013-12-31": "2.60390", "2013-09-30": "2.35040", "2013-06-30": "2.28530", "2013-03-31": "2.21160", "2012-12-31": "2.28330", "2012-09-30": "2.39010", "2012-06-30": "2.48860", "2012-03-31": "2.37420", "2011-12-31": "2.61680", "2011-09-30": "2.43650", "2011-06-30": "2.44670", "2011-03-31": "2.44530", "2010-12-31": "2.64680", "2010-09-30": "2.42010", "2010-06-30": "2.54790", "2010-03-31": "2.33730", "2009-12-31": "2.55980", "2009-09-30": "2.54760", "2009-06-30": "2.56590", "2009-03-31": "2.62610", "2008-12-31": "2.83470", "2008-09-30": "2.72550", "2008-06-30": "2.67380", "2008-03-31": "1.76360", "2007-12-31": "2.65510", "2007-09-30": "2.38260", "2007-06-30": "2.38010", "2007-03-31": "2.35050", "2006-12-31": "2.25160", "2006-09-30": "2.27270", "2006-06-30": "2.29540", "2006-03-31": "2.50930", "2005-12-31": "2.23250", "2005-09-30": "2.47810", "2005-06-30": "2.47220", "2005-03-31": "2.43220"}, "Days Sales In Receivables": {"2020-09-30": "39.40980", "2020-06-30": "38.68160", "2020-03-31": "35.16480", "2019-12-31": "29.87560", "2019-09-30": "33.68170", "2019-06-30": "37.08850", "2019-03-31": "38.72170", "2018-12-31": "34.16220", "2018-09-30": "47.94360", "2018-06-30": "41.76850", "2018-03-31": "45.24370", "2017-12-31": "25.99300", "2017-09-30": "42.64240", "2017-06-30": "40.58100", "2017-03-31": "38.40790", "2016-12-31": "36.33370", "2016-09-30": "40.84530", "2016-06-30": "40.88830", "2016-03-31": "41.25730", "2015-12-31": "37.22410", "2015-09-30": "40.64300", "2015-06-30": "41.26670", "2015-03-31": "43.12540", "2014-12-31": "37.18310", "2014-09-30": "42.66000", "2014-06-30": "39.49940", "2014-03-31": "39.50870", "2013-12-31": "34.56320", "2013-09-30": "38.29060", "2013-06-30": "39.38140", "2013-03-31": "40.69420", "2012-12-31": "39.41610", "2012-09-30": "37.65550", "2012-06-30": "36.16510", "2012-03-31": "37.90760", "2011-12-31": "34.39290", "2011-09-30": "36.93750", "2011-06-30": "36.78450", "2011-03-31": "36.80590", "2010-12-31": "34.00360", "2010-09-30": "37.18930", "2010-06-30": "35.32270", "2010-03-31": "38.50610", "2009-12-31": "35.15940", "2009-09-30": "35.32730", "2009-06-30": "35.07570", "2009-03-31": "34.27100", "2008-12-31": "31.74960", "2008-09-30": "33.02140", "2008-06-30": "33.66030", "2008-03-31": "51.03270", "2007-12-31": "33.89770", "2007-09-30": "37.77320", "2007-06-30": "37.81420", "2007-03-31": "38.28970", "2006-12-31": "39.97120", "2006-09-30": "39.60060", "2006-06-30": "39.20860", "2006-03-31": "35.86660", "2005-12-31": "40.31270", "2005-09-30": "36.31810", "2005-06-30": "36.40450", "2005-03-31": "37.00340"}, "ROE - Return On Equity": {"2020-09-30": "4.32410", "2020-06-30": "3.27510", "2020-03-31": "-0.98490", "2019-12-31": "2.13310", "2019-09-30": "3.44050", "2019-06-30": "4.18590", "2019-03-31": "3.89470", "2018-12-31": "3.13600", "2018-09-30": "5.39420", "2018-06-30": "3.04370", "2018-03-31": "1.97890", "2017-12-31": "13.46080", "2017-09-30": "4.17220", "2017-06-30": "3.82970", "2017-03-31": "3.42340", "2016-12-31": "3.30340", "2016-09-30": "5.21660", "2016-06-30": "7.15990", "2016-03-31": "5.22870", "2015-12-31": "5.19200", "2015-09-30": "5.45140", "2015-06-30": "5.28830", "2015-03-31": "5.43340", "2014-12-31": "4.09960", "2014-09-30": "4.82560", "2014-06-30": "-3.79440", "2014-03-31": "3.18420", "2013-12-31": "4.26430", "2013-09-30": "4.16930", "2013-06-30": "2.04460", "2013-03-31": "3.46000", "2012-12-31": "2.31410", "2012-09-30": "3.02370", "2012-06-30": "3.35170", "2012-03-31": "1.45760", "2011-12-31": "22.61940", "2011-09-30": "-4.80670", "2011-06-30": "3.05740", "2011-03-31": "3.37250", "2010-12-31": "2.62380", "2010-09-30": "2.41100", "2010-06-30": "-4.67240", "2010-03-31": "0.86310", "2009-12-31": "4.36330", "2009-09-30": "5.53520", "2009-06-30": "3.56750", "2009-03-31": "-5.76920", "2008-12-31": "-10.98630", "2008-09-30": "-1.57340", "2008-06-30": "-0.47570", "2008-03-31": "-2.61920", "2007-12-31": "-4.93060", "2007-09-30": "12.05110", "2007-06-30": "-14.54010", "2007-03-31": "-24.96670", "2006-12-31": "-17.88660", "2006-09-30": "-2.48620", "2006-06-30": "-10.64430", "2006-03-31": "-15.64370", "2005-12-31": "-15.44470", "2005-09-30": "0.17070", "2005-06-30": "-5.80910", "2005-03-31": "-6.66970"}, "Return On Tangible Equity": {"2020-09-30": "-94.63000", "2020-06-30": "60.69150", "2020-03-31": "-23.10380", "2019-12-31": "42.70430", "2019-09-30": "82.15960", "2019-06-30": "82.39240", "2019-03-31": "264.74360", "2018-12-31": "185.63000", "2018-09-30": "82.26550", "2018-06-30": "64.07770", "2018-03-31": "119.60880", "2017-12-31": "-37.18990", "2017-09-30": "-7.56560", "2017-06-30": "-7.07790", "2017-03-31": "-5.97060", "2016-12-31": "-5.37670", "2016-09-30": "-9.33160", "2016-06-30": "-11.62580", "2016-03-31": "-8.68060", "2015-12-31": "-12.63250", "2015-09-30": "-13.87420", "2015-06-30": "-12.25530", "2015-03-31": "-10.17540", "2014-12-31": "-8.44530", "2014-09-30": "-12.49410", "2014-06-30": "8.37320", "2014-03-31": "-8.21340", "2013-12-31": "-8.54560", "2013-09-30": "-8.99080", "2013-06-30": "-3.61120", "2013-03-31": "-5.30350", "2012-12-31": "-3.34270", "2012-09-30": "-11.38090", "2012-06-30": "-10.33970", "2012-03-31": "-3.65210", "2011-12-31": "-52.26780", "2011-09-30": "6.99150", "2011-06-30": "-4.40150", "2011-03-31": "-2.72420", "2010-12-31": "-1.89410", "2010-09-30": "-1.65800", "2010-06-30": "2.98240", "2010-03-31": "-0.58040", "2009-12-31": "-2.90200", "2009-09-30": "-2.67480", "2009-06-30": "-1.50650", "2009-03-31": "2.04900", "2008-12-31": "4.29250", "2008-09-30": "1.32900", "2008-06-30": "0.44920", "2008-03-31": "2.49840", "2007-12-31": "1.11300", "2007-09-30": "-2.29200", "2007-06-30": "3.00750", "2007-03-31": "5.87410", "2006-12-31": "5.33570", "2006-09-30": "0.93750", "2006-06-30": "3.92360", "2006-03-31": "6.51980", "2005-12-31": "7.81250", "2005-09-30": "-0.13300", "2005-06-30": "4.19160", "2005-03-31": "8.14530"}, "ROA - Return On Assets": {"2020-09-30": "1.03230", "2020-06-30": "0.87000", "2020-03-31": "-0.26590", "2019-12-31": "0.60220", "2019-09-30": "0.97300", "2019-06-30": "1.18190", "2019-03-31": "1.07120", "2018-12-31": "0.89670", "2018-09-30": "1.66970", "2018-06-30": "0.93230", "2018-03-31": "0.59890", "2017-12-31": "3.57600", "2017-09-30": "0.97730", "2017-06-30": "0.89530", "2017-03-31": "0.79370", "2016-12-31": "0.75810", "2016-09-30": "1.22400", "2016-06-30": "1.64830", "2016-03-31": "1.22580", "2015-12-31": "1.34400", "2015-09-30": "1.33550", "2015-06-30": "1.27650", "2015-03-31": "1.22630", "2014-12-31": "1.00300", "2014-09-30": "1.19620", "2014-06-30": "-0.88650", "2014-03-31": "0.76600", "2013-12-31": "0.99360", "2013-09-30": "0.98950", "2013-06-30": "0.45680", "2013-03-31": "0.74670", "2012-12-31": "0.48580", "2012-09-30": "0.88990", "2012-06-30": "0.94180", "2012-03-31": "0.38790", "2011-12-31": "5.67560", "2011-09-30": "-1.05890", "2011-06-30": "0.68930", "2011-03-31": "0.59020", "2010-12-31": "0.43710", "2010-09-30": "0.38110", "2010-06-30": "-0.70860", "2010-03-31": "0.13470", "2009-12-31": "0.67630", "2009-09-30": "0.67760", "2009-06-30": "0.40240", "2009-03-31": "-0.56820", "2008-12-31": "-1.15790", "2008-09-30": "-0.26550", "2008-06-30": "-0.08570", "2008-03-31": "-0.46440", "2007-12-31": "-0.25560", "2007-09-30": "0.47370", "2007-06-30": "-0.61180", "2007-03-31": "-1.16110", "2006-12-31": "-1.12510", "2006-09-30": "-0.16330", "2006-06-30": "-0.68140", "2006-03-31": "-1.09220", "2005-12-31": "-1.23660", "2005-09-30": "0.01960", "2005-06-30": "-0.63500", "2005-03-31": "-0.94490"}, "ROI - Return On Investment": {"2020-09-30": "1.57630", "2020-06-30": "1.31680", "2020-03-31": "-0.36360", "2019-12-31": "0.90180", "2019-09-30": "1.40860", "2019-06-30": "1.70350", "2019-03-31": "1.52090", "2018-12-31": "1.28560", "2018-09-30": "2.37240", "2018-06-30": "1.29600", "2018-03-31": "0.82090", "2017-12-31": "4.96130", "2017-09-30": "1.40820", "2017-06-30": "1.28740", "2017-03-31": "1.13340", "2016-12-31": "1.10970", "2016-09-30": "1.75210", "2016-06-30": "2.35790", "2016-03-31": "1.70750", "2015-12-31": "1.94520", "2015-09-30": "1.96430", "2015-06-30": "1.85870", "2015-03-31": "1.78610", "2014-12-31": "1.41260", "2014-09-30": "1.70450", "2014-06-30": "-1.21850", "2014-03-31": "1.07900", "2013-12-31": "1.39880", "2013-09-30": "1.40830", "2013-06-30": "0.64570", "2013-03-31": "1.05340", "2012-12-31": "0.69750", "2012-09-30": "1.21590", "2012-06-30": "1.27600", "2012-03-31": "0.52590", "2011-12-31": "7.53480", "2011-09-30": "-1.42540", "2011-06-30": "0.92560", "2011-03-31": "0.79830", "2010-12-31": "0.59390", "2010-09-30": "0.51360", "2010-06-30": "-0.95330", "2010-03-31": "0.17930", "2009-12-31": "0.90560", "2009-09-30": "0.91980", "2009-06-30": "0.54590", "2009-03-31": "-0.76270", "2008-12-31": "-1.56350", "2008-09-30": "-0.32880", "2008-06-30": "-0.10780", "2008-03-31": "-0.57900", "2007-12-31": "-0.35220", "2007-09-30": "0.73440", "2007-06-30": "-0.94250", "2007-03-31": "-1.77540", "2006-12-31": "-1.55320", "2006-09-30": "-0.24800", "2006-06-30": "-1.03890", "2006-03-31": "-1.62450", "2005-12-31": "-1.85600", "2005-09-30": "0.02530", "2005-06-30": "-0.82420", "2005-03-31": "-1.17040"}, "Book Value Per Share": {"2020-09-30": "6.72880", "2020-06-30": "7.30350", "2020-03-31": "7.13430", "2019-12-31": "7.09050", "2019-09-30": "7.00990", "2019-06-30": "6.99700", "2019-03-31": "6.78990", "2018-12-31": "6.73080", "2018-09-30": "7.28770", "2018-06-30": "6.98710", "2018-03-31": "6.95440", "2017-12-31": "4.17120", "2017-09-30": "3.66050", "2017-06-30": "3.53650", "2017-03-31": "3.47210", "2016-12-31": "3.36970", "2016-09-30": "3.48390", "2016-06-30": "3.39540", "2016-03-31": "3.40810", "2015-12-31": "3.39310", "2015-09-30": "3.37030", "2015-06-30": "3.31370", "2015-03-31": "3.08390", "2014-12-31": "3.09530", "2014-09-30": "3.35840", "2014-06-30": "3.24780", "2014-03-31": "3.34280", "2013-12-31": "3.27120", "2013-09-30": "3.14420", "2013-06-30": "2.96350", "2013-03-31": "2.87750", "2012-12-31": "2.82210", "2012-09-30": "3.26770", "2012-06-30": "3.13770", "2012-03-31": "3.02140", "2011-12-31": "2.99560", "2011-09-30": "2.53820", "2011-06-30": "2.69730", "2011-03-31": "2.30330", "2010-12-31": "2.17340", "2010-09-30": "2.12440", "2010-06-30": "2.04300", "2010-03-31": "2.12640", "2009-12-31": "2.12330", "2009-09-30": "1.74740", "2009-06-30": "1.60060", "2009-03-31": "1.42680", "2008-12-31": "1.53330", "2008-09-30": "2.50500", "2008-06-30": "2.64130", "2008-03-31": "2.60400", "2007-12-31": "0.71650", "2007-09-30": "0.62340", "2007-06-30": "0.67070", "2007-03-31": "0.74780", "2006-12-31": "0.90590", "2006-09-30": "1.08270", "2006-06-30": "1.07760", "2006-03-31": "1.18070", "2005-12-31": "1.35250", "2005-09-30": "1.76940", "2005-06-30": "1.69830", "2005-03-31": "2.23460"}, "Operating Cash Flow Per Share": {"2020-09-30": 0.8888, "2020-06-30": 0.7872, "2020-03-31": "-0.27450", "2019-12-31": 1.2347, "2019-09-30": 0.8216, "2019-06-30": 0.7793, "2019-03-31": "-0.57710", "2018-12-31": -0.2423, "2018-09-30": 0.0012, "2018-06-30": -0.3536, "2018-03-31": "-0.61070", "2017-12-31": -0.2367, "2017-09-30": -0.0465, "2017-06-30": -0.0421, "2017-03-31": "-0.29190", "2016-12-31": -1.0004, "2016-09-30": 0.4647, "2016-06-30": 0.5858, "2016-03-31": "0.18010", "2015-12-31": 0.7194, "2015-09-30": 0.5265, "2015-06-30": 0.4523, "2015-03-31": "0.08350", "2014-12-31": 0.5915, "2014-09-30": 0.5345, "2014-06-30": 0.3768, "2014-03-31": "0.09050", "2013-12-31": 0.5445, "2013-09-30": 0.4525, "2013-06-30": 0.3467, "2013-03-31": "-0.03400", "2012-12-31": 0.4587, "2012-09-30": 0.3658, "2012-06-30": 0.2762, "2012-03-31": "0.08200", "2011-12-31": 0.5068, "2011-09-30": 0.2033, "2011-06-30": 0.2885, "2011-03-31": "0.01740", "2010-12-31": 0.4864, "2010-09-30": 0.2087, "2010-06-30": 0.3507, "2010-03-31": "-0.07260", "2009-12-31": 0.526, "2009-09-30": 0.43, "2009-06-30": 0.4955, "2009-03-31": "0.00960", "2008-12-31": 0.4595, "2008-09-30": 0.0783, "2008-06-30": 0.3674, "2008-03-31": "-0.32070", "2007-12-31": 0.4871, "2007-09-30": 0.1705, "2007-06-30": 0.2075, "2007-03-31": "-0.16290", "2006-12-31": 0.4123, "2006-09-30": 0.1953, "2006-06-30": 0.3091, "2006-03-31": "-0.21410", "2005-12-31": 0.4937, "2005-09-30": 0.2068, "2005-06-30": 0.3243, "2005-03-31": "-0.17930"}, "Free Cash Flow Per Share": {"2020-09-30": 0.449, "2020-06-30": 0.224, "2020-03-31": "-0.80440", "2019-12-31": 0.8203, "2019-09-30": 0.5742, "2019-06-30": 0.5123, "2019-03-31": "-0.84540", "2018-12-31": -0.4906, "2018-09-30": -0.3085, "2018-06-30": -0.6149, "2018-03-31": "-0.90650", "2017-12-31": -0.4091, "2017-09-30": -0.2182, "2017-06-30": -0.2643, "2017-03-31": "-0.53420", "2016-12-31": -1.1104, "2016-09-30": 0.2351, "2016-06-30": 0.3267, "2016-03-31": "-0.13760", "2015-12-31": 0.5311, "2015-09-30": 0.3604, "2015-06-30": 0.2514, "2015-03-31": "-0.09940", "2014-12-31": 0.4506, "2014-09-30": 0.4049, "2014-06-30": 0.5203, "2014-03-31": "0.12500", "2013-12-31": 0.408, "2013-09-30": 0.4416, "2013-06-30": 0.1999, "2013-03-31": "-0.12790", "2012-12-31": 0.2723, "2012-09-30": 0.2575, "2012-06-30": 0.2034, "2012-03-31": "-0.01610", "2011-12-31": 0.3709, "2011-09-30": 0.11, "2011-06-30": 0.2095, "2011-03-31": "-0.08780", "2010-12-31": 0.3458, "2010-09-30": 0.1113, "2010-06-30": 0.2877, "2010-03-31": "-0.12510", "2009-12-31": 0.4283, "2009-09-30": 0.3436, "2009-06-30": 0.4361, "2009-03-31": "-0.09540", "2008-12-31": 0.2532, "2008-09-30": 0.0094, "2008-06-30": 0.2766, "2008-03-31": "-0.47080", "2007-12-31": 0.3573, "2007-09-30": 0.0832, "2007-06-30": 0.0948, "2007-03-31": "-0.26130", "2006-12-31": 0.288, "2006-09-30": 0.0929, "2006-06-30": 0.2064, "2006-03-31": "-0.32720", "2005-12-31": 0.3005, "2005-09-30": 0.1274, "2005-06-30": 0.216, "2005-03-31": "-0.34690"}}, "revenue": {"Graphic Packaging Holding Annual Revenue (Millions of US $)": {"2019": "$6,160", "2018": "$6,029", "2017": "$4,406", "2016": "$4,298", "2015": "$4,160", "2014": "$4,241", "2013": "$4,478", "2012": "$4,337", "2011": "$4,206", "2010": "$4,095", "2009": "$4,096", "2008": "$4,079", "2007": "$2,421", "2006": "$2,322", "2005": "$2,294"}, "Graphic Packaging Holding Quarterly Revenue (Millions of US $)": {"2020-09-30": "$1,698", "2020-06-30": "$1,611", "2020-03-31": "$1,599", "2019-12-31": "$1,520", "2019-09-30": "$1,582", "2019-06-30": "$1,553", "2019-03-31": "$1,506", "2018-12-31": "$1,509", "2018-09-30": "$1,532", "2018-06-30": "$1,511", "2018-03-31": "$1,477", "2017-12-31": "$1,112", "2017-09-30": "$1,138", "2017-06-30": "$1,095", "2017-03-31": "$1,062", "2016-12-31": "$1,057", "2016-09-30": "$1,104", "2016-06-30": "$1,103", "2016-03-31": "$1,034", "2015-12-31": "$1,025", "2015-09-30": "$1,070", "2015-06-30": "$1,057", "2015-03-31": "$1,008", "2014-12-31": "$1,001", "2014-09-30": "$1,050", "2014-06-30": "$1,117", "2014-03-31": "$1,073", "2013-12-31": "$1,075", "2013-09-30": "$1,163", "2013-06-30": "$1,140", "2013-03-31": "$1,101", "2012-12-31": "$1,053", "2012-09-30": "$1,105", "2012-06-30": "$1,112", "2012-03-31": "$1,067", "2011-12-31": "$1,052", "2011-09-30": "$1,073", "2011-06-30": "$1,081", "2011-03-31": "$1,001", "2010-12-31": "$1,012", "2010-09-30": "$1,043", "2010-06-30": "$1,037", "2010-03-31": "$1,004", "2009-12-31": "$979", "2009-09-30": "$1,054", "2009-06-30": "$1,044", "2009-03-31": "$1,019", "2008-12-31": "$1,048", "2008-09-30": "$1,166", "2008-06-30": "$1,142", "2008-03-31": "$724", "2007-12-31": "$602", "2007-09-30": "$612", "2007-06-30": "$623", "2007-03-31": "$584", "2006-12-31": "$520", "2006-09-30": "$596", "2006-06-30": "$626", "2006-03-31": "$580", "2005-12-31": "$483", "2005-09-30": "$605", "2005-06-30": "$623", "2005-03-31": "$583"}}, "gross-profit": {"Graphic Packaging Holding Annual Gross Profit (Millions of US $)": {"2019": "$1,093", "2018": "$952", "2017": "$710", "2016": "$801", "2015": "$789", "2014": "$787", "2013": "$726", "2012": "$720", "2011": "$638", "2010": "$593", "2009": "$529", "2008": "$492", "2007": "$332", "2006": "$273", "2005": "$308"}, "Graphic Packaging Holding Quarterly Gross Profit (Millions of US $)": {"2020-09-30": "$256", "2020-06-30": "$262", "2020-03-31": "$321", "2019-12-31": "$272", "2019-09-30": "$266", "2019-06-30": "$288", "2019-03-31": "$266", "2018-12-31": "$233", "2018-09-30": "$258", "2018-06-30": "$238", "2018-03-31": "$224", "2017-12-31": "$175", "2017-09-30": "$188", "2017-06-30": "$174", "2017-03-31": "$172", "2016-12-31": "$197", "2016-09-30": "$191", "2016-06-30": "$205", "2016-03-31": "$208", "2015-12-31": "$200", "2015-09-30": "$202", "2015-06-30": "$198", "2015-03-31": "$190", "2014-12-31": "$185", "2014-09-30": "$202", "2014-06-30": "$213", "2014-03-31": "$187", "2013-12-31": "$173", "2013-09-30": "$181", "2013-06-30": "$189", "2013-03-31": "$183", "2012-12-31": "$165", "2012-09-30": "$189", "2012-06-30": "$196", "2012-03-31": "$170", "2011-12-31": "$160", "2011-09-30": "$154", "2011-06-30": "$165", "2011-03-31": "$158", "2010-12-31": "$144", "2010-09-30": "$155", "2010-06-30": "$149", "2010-03-31": "$146", "2009-12-31": "$114", "2009-09-30": "$146", "2009-06-30": "$142", "2009-03-31": "$126", "2008-12-31": "$112", "2008-09-30": "$150", "2008-06-30": "$144", "2008-03-31": "$87", "2007-12-31": "$89", "2007-09-30": "$105", "2007-06-30": "$82", "2007-03-31": "$56", "2006-12-31": "$38", "2006-09-30": "$95", "2006-06-30": "$78", "2006-03-31": "$62", "2005-12-31": "$57", "2005-09-30": "$99", "2005-06-30": "$86", "2005-03-31": "$67"}}, "operating-income": {"Graphic Packaging Holding Annual Operating Income (Millions of US $)": {"2019": "$534", "2018": "$458", "2017": "$328", "2016": "$407", "2015": "$427", "2014": "$228", "2013": "$342", "2012": "$322", "2011": "$190", "2010": "$220", "2009": "$283", "2008": "$150", "2007": "$151", "2006": "$94", "2005": "$87"}, "Graphic Packaging Holding Quarterly Operating Income (Millions of US $)": {"2020-09-30": "$119", "2020-06-30": "$115", "2020-03-31": "$160", "2019-12-31": "$133", "2019-09-30": "$123", "2019-06-30": "$144", "2019-03-31": "$134", "2018-12-31": "$108", "2018-09-30": "$166", "2018-06-30": "$110", "2018-03-31": "$74", "2017-12-31": "$81", "2017-09-30": "$91", "2017-06-30": "$84", "2017-03-31": "$72", "2016-12-31": "$90", "2016-09-30": "$105", "2016-06-30": "$106", "2016-03-31": "$107", "2015-12-31": "$102", "2015-09-30": "$110", "2015-06-30": "$110", "2015-03-31": "$105", "2014-12-31": "$89", "2014-09-30": "$112", "2014-06-30": "$-53", "2014-03-31": "$80", "2013-12-31": "$63", "2013-09-30": "$106", "2013-06-30": "$88", "2013-03-31": "$85", "2012-12-31": "$63", "2012-09-30": "$91", "2012-06-30": "$97", "2012-03-31": "$71", "2011-12-31": "$63", "2011-09-30": "$-18", "2011-06-30": "$76", "2011-03-31": "$69", "2010-12-31": "$59", "2010-09-30": "$79", "2010-06-30": "$23", "2010-03-31": "$60", "2009-12-31": "$64", "2009-09-30": "$98", "2009-06-30": "$88", "2009-03-31": "$33", "2008-12-31": "$10", "2008-09-30": "$53", "2008-06-30": "$62", "2008-03-31": "$26", "2007-12-31": "$38", "2007-09-30": "$62", "2007-06-30": "$39", "2007-03-31": "$13", "2006-12-31": "$17", "2006-09-30": "$43", "2006-06-30": "$25", "2006-03-31": "$9", "2005-12-31": "$7", "2005-09-30": "$44", "2005-06-30": "$24", "2005-03-31": "$12"}}, "ebitda": {"Graphic Packaging Holding Annual EBITDA (Millions of US $)": {"2019": "$986", "2018": "$893", "2017": "$663", "2016": "$712", "2015": "$712", "2014": "$503", "2013": "$626", "2012": "$595", "2011": "$572", "2010": "$517", "2009": "$597", "2008": "$422", "2007": "$353", "2006": "$299", "2005": "$300"}, "Graphic Packaging Holding Quarterly EBITDA (Millions of US $)": {"2020-09-30": "$240", "2020-06-30": "$237", "2020-03-31": "$274", "2019-12-31": "$247", "2019-09-30": "$233", "2019-06-30": "$255", "2019-03-31": "$251", "2018-12-31": "$211", "2018-09-30": "$277", "2018-06-30": "$222", "2018-03-31": "$184", "2017-12-31": "$179", "2017-09-30": "$178", "2017-06-30": "$159", "2017-03-31": "$147", "2016-12-31": "$170", "2016-09-30": "$183", "2016-06-30": "$181", "2016-03-31": "$178", "2015-12-31": "$173", "2015-09-30": "$184", "2015-06-30": "$181", "2015-03-31": "$173", "2014-12-31": "$161", "2014-09-30": "$178", "2014-06-30": "$17", "2014-03-31": "$147", "2013-12-31": "$139", "2013-09-30": "$181", "2013-06-30": "$156", "2013-03-31": "$151", "2012-12-31": "$134", "2012-09-30": "$159", "2012-06-30": "$164", "2012-03-31": "$139", "2011-12-31": "$139", "2011-09-30": "$148", "2011-06-30": "$145", "2011-03-31": "$140", "2010-12-31": "$138", "2010-09-30": "$149", "2010-06-30": "$96", "2010-03-31": "$134", "2009-12-31": "$150", "2009-09-30": "$174", "2009-06-30": "$163", "2009-03-31": "$110", "2008-12-31": "$86", "2008-09-30": "$127", "2008-06-30": "$131", "2008-03-31": "$78", "2007-12-31": "$84", "2007-09-30": "$109", "2007-06-30": "$91", "2007-03-31": "$68", "2006-12-31": "$69", "2006-09-30": "$93", "2006-06-30": "$76", "2006-03-31": "$61", "2005-12-31": "$59", "2005-09-30": "$95", "2005-06-30": "$80", "2005-03-31": "$67"}}, "net-income": {"Graphic Packaging Holding Annual Net Income (Millions of US $)": {"2019": "$207", "2018": "$221", "2017": "$300", "2016": "$228", "2015": "$230", "2014": "$90", "2013": "$147", "2012": "$123", "2011": "$277", "2010": "$11", "2009": "$56", "2008": "$-100", "2007": "$-75", "2006": "$-101", "2005": "$-91"}, "Graphic Packaging Holding Quarterly Net Income (Millions of US $)": {"2020-09-30": "$64", "2020-06-30": "$52", "2020-03-31": "$-13", "2019-12-31": "$33", "2019-09-30": "$52", "2019-06-30": "$64", "2019-03-31": "$58", "2018-12-31": "$48", "2018-09-30": "$94", "2018-06-30": "$49", "2018-03-31": "$30", "2017-12-31": "$174", "2017-09-30": "$47", "2017-06-30": "$42", "2017-03-31": "$37", "2016-12-31": "$35", "2016-09-30": "$58", "2016-06-30": "$78", "2016-03-31": "$58", "2015-12-31": "$57", "2015-09-30": "$60", "2015-06-30": "$58", "2015-03-31": "$55", "2014-12-31": "$42", "2014-09-30": "$53", "2014-06-30": "$-40", "2014-03-31": "$35", "2013-12-31": "$46", "2013-09-30": "$45", "2013-06-30": "$21", "2013-03-31": "$35", "2012-12-31": "$23", "2012-09-30": "$40", "2012-06-30": "$42", "2012-03-31": "$17", "2011-12-31": "$266", "2011-09-30": "$-48", "2011-06-30": "$32", "2011-03-31": "$27", "2010-12-31": "$20", "2010-09-30": "$18", "2010-06-30": "$-33", "2010-03-31": "$6", "2009-12-31": "$32", "2009-09-30": "$33", "2009-06-30": "$20", "2009-03-31": "$-28", "2008-12-31": "$-58", "2008-09-30": "$-14", "2008-06-30": "$-4", "2008-03-31": "$-23", "2007-12-31": "$-1", "2007-09-30": "$-14", "2007-06-30": "$-21", "2007-03-31": "$-39", "2006-12-31": "$-36", "2006-09-30": "$-5", "2006-06-30": "$-23", "2006-03-31": "$-37", "2005-12-31": "$-43", "2005-09-30": "$1", "2005-06-30": "$-20", "2005-03-31": "$-30"}}, "eps-earnings-per-share-diluted": {"Graphic Packaging Holding Annual EPS": {"2019": "$0.70", "2018": "$0.71", "2017": "$0.96", "2016": "$0.71", "2015": "$0.70", "2014": "$0.27", "2013": "$0.42", "2012": "$0.31", "2011": "$0.73", "2010": "$0.03", "2009": "$0.16", "2008": "$-0.32", "2007": "$-0.37", "2006": "$-0.50", "2005": "$-0.46"}, "Graphic Packaging Holding Quarterly EPS": {"2020-09-30": "$0.23", "2020-06-30": "$0.19", "2020-03-31": "$-0.04", "2019-12-31": "$0.11", "2019-09-30": "$0.18", "2019-06-30": "$0.22", "2019-03-31": "$0.19", "2018-12-31": "$0.15", "2018-09-30": "$0.30", "2018-06-30": "$0.16", "2018-03-31": "$0.10", "2017-12-31": "$0.55", "2017-09-30": "$0.15", "2017-06-30": "$0.14", "2017-03-31": "$0.12", "2016-12-31": "$0.11", "2016-09-30": "$0.18", "2016-06-30": "$0.24", "2016-03-31": "$0.18", "2015-12-31": "$0.18", "2015-09-30": "$0.18", "2015-06-30": "$0.17", "2015-03-31": "$0.17", "2014-12-31": "$0.12", "2014-09-30": "$0.16", "2014-06-30": "$-0.12", "2014-03-31": "$0.11", "2013-12-31": "$0.13", "2013-09-30": "$0.13", "2013-06-30": "$0.06", "2013-03-31": "$0.10", "2012-12-31": "$0.06", "2012-09-30": "$0.10", "2012-06-30": "$0.11", "2012-03-31": "$0.04", "2011-12-31": "$0.69", "2011-09-30": "$-0.12", "2011-06-30": "$0.08", "2011-03-31": "$0.08", "2010-12-31": "$0.06", "2010-09-30": "$0.05", "2010-06-30": "$-0.10", "2010-03-31": "$0.02", "2009-12-31": "$0.08", "2009-09-30": "$0.10", "2009-06-30": "$0.06", "2009-03-31": "$-0.08", "2008-12-31": "$-0.17", "2008-09-30": "$-0.04", "2008-06-30": "$-0.01", "2008-03-31": "$-0.10", "2007-12-31": "$0.00", "2007-09-30": "$-0.07", "2007-06-30": "$-0.11", "2007-03-31": "$-0.19", "2006-12-31": "$-0.18", "2006-09-30": "$-0.03", "2006-06-30": "$-0.11", "2006-03-31": "$-0.18", "2005-12-31": "$-0.21", "2005-09-30": "$0.00", "2005-06-30": "$-0.10", "2005-03-31": "$-0.15"}}, "shares-outstanding": {"Graphic Packaging Holding Annual Shares Outstanding (Millions of Shares)": {"2019": "295", "2018": "310", "2017": "312", "2016": "322", "2015": "331", "2014": "331", "2013": "350", "2012": "396", "2011": "382", "2010": "347", "2009": "345", "2008": "316", "2007": "202", "2006": "201", "2005": "200"}, "Graphic Packaging Holding Quarterly Shares Outstanding (Millions of Shares)": {"2020-09-30": "278", "2020-06-30": "281", "2020-03-31": "289", "2019-12-31": "295", "2019-09-30": "294", "2019-06-30": "296", "2019-03-31": "298", "2018-12-31": "310", "2018-09-30": "312", "2018-06-30": "311", "2018-03-31": "311", "2017-12-31": "312", "2017-09-30": "311", "2017-06-30": "311", "2017-03-31": "314", "2016-12-31": "322", "2016-09-30": "320", "2016-06-30": "323", "2016-03-31": "324", "2015-12-31": "331", "2015-09-30": "330", "2015-06-30": "331", "2015-03-31": "332", "2014-12-31": "331", "2014-09-30": "331", "2014-06-30": "329", "2014-03-31": "330", "2013-12-31": "350", "2013-09-30": "352", "2013-06-30": "352", "2013-03-31": "350", "2012-12-31": "396", "2012-09-30": "398", "2012-06-30": "398", "2012-03-31": "397", "2011-12-31": "382", "2011-09-30": "391", "2011-06-30": "385", "2011-03-31": "350", "2010-12-31": "347", "2010-09-30": "347", "2010-06-30": "344", "2010-03-31": "347", "2009-12-31": "345", "2009-09-30": "345", "2009-06-30": "344", "2009-03-31": "343", "2008-12-31": "316", "2008-09-30": "343", "2008-06-30": "343", "2008-03-31": "235", "2007-12-31": "202", "2007-09-30": "206", "2007-06-30": "202", "2007-03-31": "201", "2006-12-31": "201", "2006-09-30": "201", "2006-06-30": "201", "2006-03-31": "201", "2005-12-31": "200", "2005-09-30": "202", "2005-06-30": "199", "2005-03-31": "199"}}, "total-assets": {"Graphic Packaging Holding Annual Total Assets (Millions of US $)": {"2019": "$7,290", "2018": "$7,059", "2017": "$4,863", "2016": "$4,603", "2015": "$4,256", "2014": "$4,138", "2013": "$4,559", "2012": "$4,632", "2011": "$4,650", "2010": "$4,485", "2009": "$4,702", "2008": "$4,983", "2007": "$2,777", "2006": "$2,889", "2005": "$3,356"}, "Graphic Packaging Holding Quarterly Total Assets (Millions of US $)": {"2020-09-30": "$7,682", "2020-06-30": "$7,666", "2020-03-31": "$7,446", "2019-12-31": "$7,290", "2019-09-30": "$7,194", "2019-06-30": "$7,285", "2019-03-31": "$7,291", "2018-12-31": "$7,059", "2018-09-30": "$7,307", "2018-06-30": "$7,079", "2018-03-31": "$7,130", "2017-12-31": "$4,863", "2017-09-30": "$4,840", "2017-06-30": "$4,691", "2017-03-31": "$4,662", "2016-12-31": "$4,603", "2016-09-30": "$4,722", "2016-06-30": "$4,720", "2016-03-31": "$4,691", "2015-12-31": "$4,256", "2015-09-30": "$4,508", "2015-06-30": "$4,512", "2015-03-31": "$4,493", "2014-12-31": "$4,138", "2014-09-30": "$4,431", "2014-06-30": "$4,546", "2014-03-31": "$4,543", "2013-12-31": "$4,559", "2013-09-30": "$4,619", "2013-06-30": "$4,619", "2013-03-31": "$4,634", "2012-12-31": "$4,632", "2012-09-30": "$4,371", "2012-06-30": "$4,396", "2012-03-31": "$4,460", "2011-12-31": "$4,650", "2011-09-30": "$4,486", "2011-06-30": "$4,657", "2011-03-31": "$4,524", "2010-12-31": "$4,485", "2010-09-30": "$4,618", "2010-06-30": "$4,629", "2010-03-31": "$4,678", "2009-12-31": "$4,702", "2009-09-30": "$4,900", "2009-06-30": "$4,871", "2009-03-31": "$4,963", "2008-12-31": "$4,983", "2008-09-30": "$5,084", "2008-06-30": "$5,019", "2008-03-31": "$5,018", "2007-12-31": "$2,777", "2007-09-30": "$3,188", "2007-06-30": "$3,204", "2007-03-31": "$3,230", "2006-12-31": "$2,889", "2006-09-30": "$3,308", "2006-06-30": "$3,346", "2006-03-31": "$3,360", "2005-12-31": "$3,356", "2005-09-30": "$3,065", "2005-06-30": "$3,087", "2005-03-31": "$3,133"}}, "cash-on-hand": {"Graphic Packaging Holding Annual Cash on Hand (Millions of US $)": {"2019": "$153", "2018": "$71", "2017": "$67", "2016": "$59", "2015": "$55", "2014": "$82", "2013": "$52", "2012": "$52", "2011": "$272", "2010": "$139", "2009": "$150", "2008": "$170", "2007": "$9", "2006": "$7", "2005": "$13"}, "Graphic Packaging Holding Quarterly Cash on Hand (Millions of US $)": {"2020-09-30": "$56", "2020-06-30": "$84", "2020-03-31": "$110", "2019-12-31": "$153", "2019-09-30": "$49", "2019-06-30": "$65", "2019-03-31": "$62", "2018-12-31": "$71", "2018-09-30": "$40", "2018-06-30": "$51", "2018-03-31": "$53", "2017-12-31": "$67", "2017-09-30": "$17", "2017-06-30": "$13", "2017-03-31": "$37", "2016-12-31": "$59", "2016-09-30": "$46", "2016-06-30": "$39", "2016-03-31": "$76", "2015-12-31": "$55", "2015-09-30": "$82", "2015-06-30": "$47", "2015-03-31": "$43", "2014-12-31": "$82", "2014-09-30": "$55", "2014-06-30": "$157", "2014-03-31": "$35", "2013-12-31": "$52", "2013-09-30": "$92", "2013-06-30": "$33", "2013-03-31": "$39", "2012-12-31": "$52", "2012-09-30": "$37", "2012-06-30": "$31", "2012-03-31": "$30", "2011-12-31": "$272", "2011-09-30": "$157", "2011-06-30": "$191", "2011-03-31": "$109", "2010-12-31": "$139", "2010-09-30": "$166", "2010-06-30": "$172", "2010-03-31": "$106", "2009-12-31": "$150", "2009-09-30": "$245", "2009-06-30": "$161", "2009-03-31": "$181", "2008-12-31": "$170", "2008-09-30": "$161", "2008-06-30": "$16", "2008-03-31": "$22", "2007-12-31": "$9", "2007-09-30": "$10", "2007-06-30": "$12", "2007-03-31": "$10", "2006-12-31": "$7", "2006-09-30": "$5", "2006-06-30": "$7", "2006-03-31": "$7", "2005-12-31": "$13", "2005-09-30": "$9", "2005-06-30": "$7", "2005-03-31": "$8"}}, "long-term-debt": {"Graphic Packaging Holding Annual Long Term Debt (Millions of US $)": {"2019": "$2,810", "2018": "$2,905", "2017": "$2,213", "2016": "$2,089", "2015": "$1,839", "2014": "$1,926", "2013": "$2,176", "2012": "$2,254", "2011": "$2,336", "2010": "$2,553", "2009": "$2,783", "2008": "$3,165", "2007": "$1,872", "2006": "$1,911", "2005": "$1,967"}, "Graphic Packaging Holding Quarterly Long Term Debt (Millions of US $)": {"2020-09-30": "$3,197", "2020-06-30": "$3,029", "2020-03-31": "$3,435", "2019-12-31": "$2,810", "2019-09-30": "$2,935", "2019-06-30": "$2,998", "2019-03-31": "$3,130", "2018-12-31": "$2,905", "2018-09-30": "$2,881", "2018-06-30": "$2,924", "2018-03-31": "$3,044", "2017-12-31": "$2,213", "2017-09-30": "$2,225", "2017-06-30": "$2,166", "2017-03-31": "$2,184", "2016-12-31": "$2,089", "2016-09-30": "$2,191", "2016-06-30": "$2,213", "2016-03-31": "$2,268", "2015-12-31": "$1,839", "2015-09-30": "$1,960", "2015-06-30": "$2,010", "2015-03-31": "$2,071", "2014-12-31": "$1,926", "2014-09-30": "$2,011", "2014-06-30": "$2,245", "2014-03-31": "$2,132", "2013-12-31": "$2,176", "2013-09-30": "$2,149", "2013-06-30": "$2,236", "2013-03-31": "$2,285", "2012-12-31": "$2,254", "2012-09-30": "$1,913", "2012-06-30": "$2,009", "2012-03-31": "$2,103", "2011-12-31": "$2,336", "2011-09-30": "$2,344", "2011-06-30": "$2,418", "2011-03-31": "$2,553", "2010-12-31": "$2,553", "2010-09-30": "$2,697", "2010-06-30": "$2,739", "2010-03-31": "$2,783", "2009-12-31": "$2,783", "2009-09-30": "$3,010", "2009-06-30": "$3,041", "2009-03-31": "$3,209", "2008-12-31": "$3,165", "2008-09-30": "$3,248", "2008-06-30": "$3,085", "2008-03-31": "$3,134", "2007-12-31": "$1,872", "2007-09-30": "$1,931", "2007-06-30": "$1,945", "2007-03-31": "$1,962", "2006-12-31": "$1,911", "2006-09-30": "$1,961", "2006-06-30": "$1,981", "2006-03-31": "$2,025", "2005-12-31": "$1,967", "2005-09-30": "$2,022", "2005-06-30": "$2,041", "2005-03-31": "$2,085"}}, "total-liabilities": {"Graphic Packaging Holding Annual Total Liabilities (Millions of US $)": {"2019": "$5,232", "2018": "$5,041", "2017": "$3,571", "2016": "$3,547", "2015": "$3,154", "2014": "$3,125", "2013": "$3,497", "2012": "$3,659", "2011": "$3,483", "2010": "$3,738", "2009": "$3,973", "2008": "$4,458", "2007": "$2,633", "2006": "$2,707", "2005": "$3,087"}, "Graphic Packaging Holding Quarterly Total Liabilities (Millions of US $)": {"2020-09-30": "$5,848", "2020-06-30": "$5,630", "2020-03-31": "$5,436", "2019-12-31": "$5,232", "2019-09-30": "$5,160", "2019-06-30": "$5,228", "2019-03-31": "$5,286", "2018-12-31": "$5,041", "2018-09-30": "$5,045", "2018-06-30": "$4,911", "2018-03-31": "$4,973", "2017-12-31": "$3,571", "2017-09-30": "$3,706", "2017-06-30": "$3,595", "2017-03-31": "$3,581", "2016-12-31": "$3,547", "2016-09-30": "$3,614", "2016-06-30": "$3,633", "2016-03-31": "$3,591", "2015-12-31": "$3,154", "2015-09-30": "$3,404", "2015-06-30": "$3,423", "2015-03-31": "$3,479", "2014-12-31": "$3,125", "2014-09-30": "$3,332", "2014-06-30": "$3,484", "2014-03-31": "$3,450", "2013-12-31": "$3,497", "2013-09-30": "$3,523", "2013-06-30": "$3,587", "2013-03-31": "$3,634", "2012-12-31": "$3,659", "2012-09-30": "$3,085", "2012-06-30": "$3,161", "2012-03-31": "$3,273", "2011-12-31": "$3,483", "2011-09-30": "$3,498", "2011-06-30": "$3,607", "2011-03-31": "$3,732", "2010-12-31": "$3,738", "2010-09-30": "$3,888", "2010-06-30": "$3,927", "2010-03-31": "$3,948", "2009-12-31": "$3,973", "2009-09-30": "$4,300", "2009-06-30": "$4,322", "2009-03-31": "$4,474", "2008-12-31": "$4,458", "2008-09-30": "$4,226", "2008-06-30": "$4,115", "2008-03-31": "$4,128", "2007-12-31": "$2,633", "2007-09-30": "$3,062", "2007-06-30": "$3,069", "2007-03-31": "$3,080", "2006-12-31": "$2,707", "2006-09-30": "$3,090", "2006-06-30": "$3,132", "2006-03-31": "$3,126", "2005-12-31": "$3,087", "2005-09-30": "$2,714", "2005-06-30": "$2,749", "2005-03-31": "$2,689"}}, "total-share-holder-equity": {"Graphic Packaging Holding Annual Share Holder Equity (Millions of US $)": {"2019": "$2,058", "2018": "$2,019", "2017": "$1,292", "2016": "$1,057", "2015": "$1,102", "2014": "$1,012", "2013": "$1,062", "2012": "$972", "2011": "$1,167", "2010": "$747", "2009": "$729", "2008": "$525", "2007": "$144", "2006": "$182", "2005": "$269"}, "Graphic Packaging Holding Quarterly Share Holder Equity (Millions of US $)": {"2020-09-30": "$1,834", "2020-06-30": "$2,037", "2020-03-31": "$2,010", "2019-12-31": "$2,058", "2019-09-30": "$2,035", "2019-06-30": "$2,057", "2019-03-31": "$2,005", "2018-12-31": "$2,019", "2018-09-30": "$2,262", "2018-06-30": "$2,168", "2018-03-31": "$2,158", "2017-12-31": "$1,292", "2017-09-30": "$1,134", "2017-06-30": "$1,097", "2017-03-31": "$1,081", "2016-12-31": "$1,057", "2016-09-30": "$1,108", "2016-06-30": "$1,087", "2016-03-31": "$1,100", "2015-12-31": "$1,102", "2015-09-30": "$1,104", "2015-06-30": "$1,089", "2015-03-31": "$1,014", "2014-12-31": "$1,012", "2014-09-30": "$1,098", "2014-06-30": "$1,062", "2014-03-31": "$1,093", "2013-12-31": "$1,062", "2013-09-30": "$1,096", "2013-06-30": "$1,032", "2013-03-31": "$1,000", "2012-12-31": "$972", "2012-09-30": "$1,287", "2012-06-30": "$1,235", "2012-03-31": "$1,187", "2011-12-31": "$1,167", "2011-09-30": "$988", "2011-06-30": "$1,050", "2011-03-31": "$792", "2010-12-31": "$747", "2010-09-30": "$730", "2010-06-30": "$702", "2010-03-31": "$730", "2009-12-31": "$729", "2009-09-30": "$600", "2009-06-30": "$549", "2009-03-31": "$489", "2008-12-31": "$525", "2008-09-30": "$858", "2008-06-30": "$904", "2008-03-31": "$890", "2007-12-31": "$144", "2007-09-30": "$125", "2007-06-30": "$135", "2007-03-31": "$150", "2006-12-31": "$182", "2006-09-30": "$217", "2006-06-30": "$214", "2006-03-31": "$235", "2005-12-31": "$269", "2005-09-30": "$352", "2005-06-30": "$337", "2005-03-31": "$444"}}, "profit-margins": {"current": "2.55%"}, "gross margin": {"2020-09-30": "17.28%", "2020-06-30": "17.76%", "2020-03-31": "18.34%", "2019-12-31": "17.72%", "2019-09-30": "17.12%", "2019-06-30": "17.13%", "2019-03-31": "16.42%", "2018-12-31": "15.81%", "2018-09-30": "15.89%", "2018-06-30": "15.75%", "2018-03-31": "15.78%", "2017-12-31": "16.09%", "2017-09-30": "16.80%", "2017-06-30": "17.00%", "2017-03-31": "17.68%", "2016-12-31": "18.64%", "2016-09-30": "18.85%", "2016-06-30": "19.26%", "2016-03-31": "19.30%", "2015-12-31": "18.99%", "2015-09-30": "18.74%", "2015-06-30": "18.83%", "2015-03-31": "18.92%", "2014-12-31": "18.56%", "2014-09-30": "17.96%", "2014-06-30": "17.03%", "2014-03-31": "16.40%", "2013-12-31": "16.21%", "2013-09-30": "16.11%", "2013-06-30": "16.50%", "2013-03-31": "16.77%", "2012-12-31": "16.60%", "2012-09-30": "16.49%", "2012-06-30": "15.80%", "2012-03-31": "15.19%", "2011-12-31": "15.14%", "2011-09-30": "14.88%", "2011-06-30": "15.01%", "2011-03-31": "14.78%", "2010-12-31": "14.48%", "2010-09-30": "13.88%", "2010-06-30": "13.62%", "2010-03-31": "13.43%", "2009-12-31": "12.89%", "2009-09-30": "12.63%", "2009-06-30": "12.39%", "2009-03-31": "12.16%", "2008-12-31": "12.08%", "2008-09-30": "12.93%", "2008-06-30": "13.80%", "2008-03-31": "14.17%", "2007-12-31": "13.71%", "2007-09-30": "12.01%", "2007-06-30": "11.67%", "2007-03-31": "11.48%", "2006-12-31": "11.76%", "2006-09-30": "12.78%", "2006-06-30": "12.90%", "2006-03-31": "13.27%", "2005-12-31": "13.47%"}, "operating margin": {"2020-09-30": "8.20%", "2020-06-30": "8.41%", "2020-03-31": "8.95%", "2019-12-31": "8.67%", "2019-09-30": "8.26%", "2019-06-30": "9.03%", "2019-03-31": "8.53%", "2018-12-31": "7.58%", "2018-09-30": "7.65%", "2018-06-30": "6.80%", "2018-03-31": "6.84%", "2017-12-31": "7.44%", "2017-09-30": "7.74%", "2017-06-30": "8.13%", "2017-03-31": "8.62%", "2016-12-31": "9.49%", "2016-09-30": "9.85%", "2016-06-30": "10.04%", "2016-03-31": "10.25%", "2015-12-31": "10.26%", "2015-09-30": "10.01%", "2015-06-30": "10.11%", "2015-03-31": "6.06%", "2014-12-31": "5.38%", "2014-09-30": "4.68%", "2014-06-30": "4.43%", "2014-03-31": "7.57%", "2013-12-31": "7.64%", "2013-09-30": "7.67%", "2013-06-30": "7.43%", "2013-03-31": "7.69%", "2012-12-31": "7.42%", "2012-09-30": "7.43%", "2012-06-30": "4.95%", "2012-03-31": "4.49%", "2011-12-31": "4.52%", "2011-09-30": "4.46%", "2011-06-30": "6.84%", "2011-03-31": "5.62%", "2010-12-31": "5.40%", "2010-09-30": "5.56%", "2010-06-30": "6.01%", "2010-03-31": "7.60%", "2009-12-31": "6.91%", "2009-09-30": "5.50%", "2009-06-30": "4.30%", "2009-03-31": "3.61%", "2008-12-31": "3.70%", "2008-09-30": "4.93%", "2008-06-30": "6.10%", "2008-03-31": "6.44%", "2007-12-31": "6.28%", "2007-09-30": "5.60%", "2007-06-30": "4.82%", "2007-03-31": "4.21%", "2006-12-31": "4.05%", "2006-09-30": "3.63%", "2006-06-30": "3.66%", "2006-03-31": "3.62%", "2005-12-31": "3.75%"}, "ebitda margin": {"2020-09-30": "15.53%", "2020-06-30": "15.70%", "2020-03-31": "16.13%", "2019-12-31": "16.00%", "2019-09-30": "15.45%", "2019-06-30": "16.30%", "2019-03-31": "15.86%", "2018-12-31": "14.83%", "2018-09-30": "15.31%", "2018-06-30": "14.57%", "2018-03-31": "14.52%", "2017-12-31": "15.04%", "2017-09-30": "15.03%", "2017-06-30": "15.26%", "2017-03-31": "15.74%", "2016-12-31": "16.57%", "2016-09-30": "16.76%", "2016-06-30": "16.92%", "2016-03-31": "17.10%", "2015-12-31": "17.09%", "2015-09-30": "16.90%", "2015-06-30": "16.84%", "2015-03-31": "12.67%", "2014-12-31": "11.86%", "2014-09-30": "11.15%", "2014-06-30": "10.93%", "2014-03-31": "14.00%", "2013-12-31": "14.00%", "2013-09-30": "13.96%", "2013-06-30": "13.64%", "2013-03-31": "13.91%", "2012-12-31": "13.74%", "2012-09-30": "13.86%", "2012-06-30": "13.71%", "2012-03-31": "13.36%", "2011-12-31": "13.60%", "2011-09-30": "13.70%", "2011-06-30": "13.83%", "2011-03-31": "12.78%", "2010-12-31": "12.62%", "2010-09-30": "13.02%", "2010-06-30": "13.60%", "2010-03-31": "15.22%", "2009-12-31": "14.58%", "2009-09-30": "12.80%", "2009-06-30": "11.36%", "2009-03-31": "10.38%", "2008-12-31": "10.34%", "2008-09-30": "11.56%", "2008-06-30": "13.05%", "2008-03-31": "14.14%", "2007-12-31": "14.54%", "2007-09-30": "14.41%", "2007-06-30": "13.82%", "2007-03-31": "13.16%", "2006-12-31": "12.88%", "2006-09-30": "12.65%", "2006-06-30": "12.69%", "2006-03-31": "12.88%", "2005-12-31": "13.12%"}, "pre tax profit margin": {"2020-09-30": "3.20%", "2020-06-30": "3.26%", "2020-03-31": "3.68%", "2019-12-31": "5.75%", "2019-09-30": "6.03%", "2019-06-30": "6.95%", "2019-03-31": "6.59%", "2018-12-31": "5.77%", "2018-09-30": "5.91%", "2018-06-30": "5.08%", "2018-03-31": "5.12%", "2017-12-31": "5.74%", "2017-09-30": "5.72%", "2017-06-30": "6.04%", "2017-03-31": "6.54%", "2016-12-31": "7.42%", "2016-09-30": "8.13%", "2016-06-30": "8.41%", "2016-03-31": "8.62%", "2015-12-31": "8.63%", "2015-09-30": "7.98%", "2015-06-30": "7.97%", "2015-03-31": "3.88%", "2014-12-31": "3.14%", "2014-09-30": "2.76%", "2014-06-30": "2.44%", "2014-03-31": "4.81%", "2013-12-31": "4.76%", "2013-09-30": "4.64%", "2013-06-30": "4.34%", "2013-03-31": "5.22%", "2012-12-31": "4.61%", "2012-09-30": "4.45%", "2012-06-30": "1.72%", "2012-03-31": "1.03%", "2011-12-31": "1.02%", "2011-09-30": "0.74%", "2011-06-30": "2.73%", "2011-03-31": "1.25%", "2010-12-31": "0.90%", "2010-09-30": "1.13%", "2010-06-30": "1.50%", "2010-03-31": "2.77%", "2009-12-31": "1.93%", "2009-09-30": "0.12%", "2009-06-30": "-1.01%", "2009-03-31": "-1.53%", "2008-12-31": "-1.59%", "2008-09-30": "-0.55%", "2008-06-30": "0.16%", "2008-03-31": "-0.55%", "2007-12-31": "-1.12%", "2007-09-30": "-2.18%", "2007-06-30": "-3.10%", "2007-03-31": "-3.27%", "2006-12-31": "-3.36%", "2006-09-30": "-3.72%", "2006-06-30": "-3.44%", "2006-03-31": "-3.32%", "2005-12-31": "-3.01%"}, "net profit margin": {"2020-09-30": "2.12%", "2020-06-30": "1.96%", "2020-03-31": "2.17%", "2019-12-31": "3.36%", "2019-09-30": "3.61%", "2019-06-30": "4.33%", "2019-03-31": "4.11%", "2018-12-31": "3.67%", "2018-09-30": "6.16%", "2018-06-30": "5.73%", "2018-03-31": "6.08%", "2017-12-31": "6.81%", "2017-09-30": "3.70%", "2017-06-30": "3.98%", "2017-03-31": "4.81%", "2016-12-31": "5.33%", "2016-09-30": "5.88%", "2016-06-30": "5.98%", "2016-03-31": "5.57%", "2015-12-31": "5.53%", "2015-09-30": "5.20%", "2015-06-30": "5.05%", "2015-03-31": "2.63%", "2014-12-31": "2.12%", "2014-09-30": "2.18%", "2014-06-30": "1.94%", "2014-03-31": "3.30%", "2013-12-31": "3.28%", "2013-09-30": "2.78%", "2013-06-30": "2.71%", "2013-03-31": "3.20%", "2012-12-31": "2.81%", "2012-09-30": "8.42%", "2012-06-30": "6.44%", "2012-03-31": "6.25%", "2011-12-31": "6.58%", "2011-09-30": "0.74%", "2011-06-30": "2.34%", "2011-03-31": "0.78%", "2010-12-31": "0.27%", "2010-09-30": "0.57%", "2010-06-30": "0.93%", "2010-03-31": "2.23%", "2009-12-31": "1.39%", "2009-09-30": "-0.79%", "2009-06-30": "-1.87%", "2009-03-31": "-2.38%", "2008-12-31": "-2.43%", "2008-09-30": "-1.16%", "2008-06-30": "-1.36%", "2008-03-31": "-2.30%", "2007-12-31": "-3.10%", "2007-09-30": "-4.70%", "2007-06-30": "-4.35%", "2007-03-31": "-4.43%", "2006-12-31": "-4.35%", "2006-09-30": "-4.73%", "2006-06-30": "-4.45%", "2006-03-31": "-4.32%", "2005-12-31": "-4.01%"}, "pe ratio": {"current": "14.76", "2021-02-05": "33.43", "2020-09-30": "28.62", "2020-06-30": "31.48", "2020-03-31": "25.56", "2019-12-31": "23.28", "2019-09-30": "19.42", "2019-06-30": "15.76", "2019-03-31": "15.22", "2018-12-31": "14.36", "2018-09-30": "11.91", "2018-06-30": "14.16", "2018-03-31": "15.22", "2017-12-31": "14.93", "2017-09-30": "25.02", "2017-06-30": "23.24", "2017-03-31": "18.26", "2016-12-31": "16.12", "2016-09-30": "16.56", "2016-06-30": "14.79", "2016-03-31": "16.61", "2015-12-31": "16.76", "2015-09-30": "17.66", "2015-06-30": "19.78", "2015-03-31": "38.12", "2014-12-31": "43.21", "2014-09-30": "39.43", "2014-06-30": "41.57", "2014-03-31": "20.99", "2013-12-31": "20.30", "2013-09-30": "21.72", "2013-06-30": "21.48", "2013-03-31": "17.98", "2012-12-31": "18.51", "2012-09-30": "5.61", "2012-06-30": "6.98", "2012-03-31": "7.32", "2011-12-31": "5.33", "2011-09-30": "30.64", "2011-06-30": "17.90", "2011-03-31": "53.49", "2010-12-31": "115.17", "2010-09-30": "49.45", "2010-06-30": "25.44", "2010-03-31": "11.88", "2009-12-31": "18.13", "2009-09-30": "0.00", "2009-06-30": "0.00", "2009-03-31": "0.00", "2008-12-31": "0.00", "2008-09-30": "0.00", "2008-06-30": "0.00", "2008-03-31": "0.00", "2007-12-31": "0.00", "2007-09-30": "0.00", "2007-06-30": "0.00", "2007-03-31": "0.00", "2006-12-31": "0.00"}, "price sales": {"2021-02-05": "0.73", "2020-09-30": "0.62", "2020-06-30": "0.63", "2020-03-31": "0.56", "2019-12-31": "0.78", "2019-09-30": "0.70", "2019-06-30": "0.67", "2019-03-31": "0.62", "2018-12-31": "0.53", "2018-09-30": "0.74", "2018-06-30": "0.82", "2018-03-31": "0.93", "2017-12-31": "1.03", "2017-09-30": "0.94", "2017-06-30": "0.94", "2017-03-31": "0.88", "2016-12-31": "0.86", "2016-09-30": "0.97", "2016-06-30": "0.88", "2016-03-31": "0.91", "2015-12-31": "0.92", "2015-09-30": "0.92", "2015-06-30": "1.00", "2015-03-31": "1.03", "2014-12-31": "0.94", "2014-09-30": "0.86", "2014-06-30": "0.80", "2014-03-31": "0.70", "2013-12-31": "0.67", "2013-09-30": "0.62", "2013-06-30": "0.58", "2013-03-31": "0.59", "2012-12-31": "0.53", "2012-09-30": "0.47", "2012-06-30": "0.44", "2012-03-31": "0.45", "2011-12-31": "0.34", "2011-09-30": "0.27", "2011-06-30": "0.42", "2011-03-31": "0.41", "2010-12-31": "0.29", "2010-09-30": "0.25", "2010-06-30": "0.24", "2010-03-31": "0.27", "2009-12-31": "0.26", "2009-09-30": "0.17", "2009-06-30": "0.13", "2009-03-31": "0.06", "2008-12-31": "0.08", "2008-09-30": "0.17", "2008-06-30": "0.15", "2008-03-31": "0.21", "2007-12-31": "0.27", "2007-09-30": "0.35", "2007-06-30": "0.37", "2007-03-31": "0.36", "2006-12-31": "0.33"}, "price book": {"current": "2.42", "2021-02-05": "2.43", "2020-09-30": "2.08", "2020-06-30": "1.90", "2020-03-31": "1.68", "2019-12-31": "2.30", "2019-09-30": "2.05", "2019-06-30": "1.94", "2019-03-31": "1.79", "2018-12-31": "1.51", "2018-09-30": "1.83", "2018-06-30": "1.97", "2018-03-31": "2.08", "2017-12-31": "3.47", "2017-09-30": "3.55", "2017-06-30": "3.61", "2017-03-31": "3.42", "2016-12-31": "3.40", "2016-09-30": "3.66", "2016-06-30": "3.35", "2016-03-31": "3.41", "2015-12-31": "3.41", "2015-09-30": "3.41", "2015-06-30": "3.76", "2015-03-31": "4.20", "2014-12-31": "3.91", "2014-09-30": "3.29", "2014-06-30": "3.20", "2014-03-31": "2.70", "2013-12-31": "2.61", "2013-09-30": "2.42", "2013-06-30": "2.32", "2013-03-31": "2.31", "2012-12-31": "2.03", "2012-09-30": "1.58", "2012-06-30": "1.56", "2012-03-31": "1.62", "2011-12-31": "1.26", "2011-09-30": "1.21", "2011-06-30": "1.79", "2011-03-31": "2.09", "2010-12-31": "1.59", "2010-09-30": "1.40", "2010-06-30": "1.37", "2010-03-31": "1.51", "2009-12-31": "1.45", "2009-09-30": "1.17", "2009-06-30": "1.02", "2009-03-31": "0.54", "2008-12-31": "0.66", "2008-09-30": "0.89", "2008-06-30": "0.68", "2008-03-31": "1.00", "2007-12-31": "4.57", "2007-09-30": "6.44", "2007-06-30": "6.41", "2007-03-31": "5.63", "2006-12-31": "4.25", "2006-09-30": "3.00", "2006-06-30": "3.12", "2006-03-31": "1.56"}, "price fcf": {"2021-02-05": "", "2020-09-30": "$0.69", "2020-06-30": "$0.81", "2020-03-31": "$1.10", "2019-12-31": "$1.06", "2019-09-30": "$-0.25", "2019-06-30": "$-1.13", "2019-03-31": "$-2.26", "2018-12-31": "$-2.32", "2018-09-30": "$-2.24", "2018-06-30": "$-2.15", "2018-03-31": "$-1.80", "2017-12-31": "$-1.43", "2017-09-30": "$-2.13", "2017-06-30": "$-1.67", "2017-03-31": "$-1.08", "2016-12-31": "$-0.69", "2016-09-30": "$0.96", "2016-06-30": "$1.08", "2016-03-31": "$1.01", "2015-12-31": "$1.04", "2015-09-30": "$0.96", "2015-06-30": "$1.01", "2015-03-31": "$1.28", "2014-12-31": "$1.50", "2014-09-30": "$1.46", "2014-06-30": "$1.49", "2014-03-31": "$1.17", "2013-12-31": "$0.92", "2013-09-30": "$0.79", "2013-06-30": "$0.60", "2013-03-31": "$0.61", "2012-12-31": "$0.72", "2012-09-30": "$0.82", "2012-06-30": "$0.67", "2012-03-31": "$0.67", "2011-12-31": "$0.60", "2011-09-30": "$0.58", "2011-06-30": "$0.58", "2011-03-31": "$0.66", "2010-12-31": "$0.62", "2010-09-30": "$0.70", "2010-06-30": "$0.93", "2010-03-31": "$1.08", "2009-12-31": "$1.11", "2009-09-30": "$0.94", "2009-06-30": "$0.60", "2009-03-31": "$0.44", "2008-12-31": "$0.07", "2008-09-30": "$0.17", "2008-06-30": "$0.25", "2008-03-31": "$0.06", "2007-12-31": "$0.27", "2007-09-30": "$0.20", "2007-06-30": "$0.21", "2007-03-31": "$0.33", "2006-12-31": "$0.26"}, "net worth": {"value": "$4.44B"}, "current ratio": {"2020-09-30": "1.17", "2020-06-30": "1.27", "2020-03-31": "1.86", "2019-12-31": "1.51", "2019-09-30": "1.62", "2019-06-30": "1.70", "2019-03-31": "1.80", "2018-12-31": "1.51", "2018-09-30": "1.67", "2018-06-30": "1.77", "2018-03-31": "1.82", "2017-12-31": "1.37", "2017-09-30": "1.50", "2017-06-30": "1.50", "2017-03-31": "1.51", "2016-12-31": "1.43", "2016-09-30": "1.61", "2016-06-30": "1.61", "2016-03-31": "1.77", "2015-12-31": "1.46", "2015-09-30": "1.95", "2015-06-30": "1.97", "2015-03-31": "1.94", "2014-12-31": "1.55", "2014-09-30": "1.84", "2014-06-30": "2.08", "2014-03-31": "1.88", "2013-12-31": "1.73", "2013-09-30": "1.72", "2013-06-30": "1.75", "2013-03-31": "1.76", "2012-12-31": "1.60", "2012-09-30": "1.58", "2012-06-30": "1.69", "2012-03-31": "1.71", "2011-12-31": "2.03", "2011-09-30": "1.88", "2011-06-30": "1.91", "2011-03-31": "1.83", "2010-12-31": "1.70", "2010-09-30": "1.86", "2010-06-30": "1.80", "2010-03-31": "1.73", "2009-12-31": "1.61", "2009-09-30": "1.79", "2009-06-30": "1.71", "2009-03-31": "1.82", "2008-12-31": "1.65", "2008-09-30": "1.97", "2008-06-30": "1.69", "2008-03-31": "1.81", "2007-12-31": "1.44", "2007-09-30": "1.55", "2007-06-30": "1.53", "2007-03-31": "1.52", "2006-12-31": "1.34", "2006-09-30": "1.36", "2006-06-30": "1.41", "2006-03-31": "1.49", "2005-12-31": "1.41", "2005-09-30": "1.51", "2005-06-30": "1.45", "2005-03-31": "1.57"}, "quick ratio": {"2020-09-30": "0.50", "2020-06-30": "0.53", "2020-03-31": "0.76", "2019-12-31": "0.59", "2019-09-30": "0.64", "2019-06-30": "0.70", "2019-03-31": "0.75", "2018-12-31": "0.64", "2018-09-30": "0.79", "2018-06-30": "0.81", "2018-03-31": "0.86", "2017-12-31": "0.63", "2017-09-30": "0.74", "2017-06-30": "0.72", "2017-03-31": "0.72", "2016-12-31": "0.68", "2016-09-30": "0.80", "2016-06-30": "0.80", "2016-03-31": "0.88", "2015-12-31": "0.70", "2015-09-30": "1.13", "2015-06-30": "1.12", "2015-03-31": "1.11", "2014-12-31": "0.78", "2014-09-30": "1.09", "2014-06-30": "1.30", "2014-03-31": "1.04", "2013-12-31": "0.95", "2013-09-30": "0.93", "2013-06-30": "0.92", "2013-03-31": "0.95", "2012-12-31": "0.89", "2012-09-30": "0.85", "2012-06-30": "0.90", "2012-03-31": "0.93", "2011-12-31": "1.29", "2011-09-30": "1.08", "2011-06-30": "1.12", "2011-03-31": "1.00", "2010-12-31": "1.00", "2010-09-30": "1.12", "2010-06-30": "1.07", "2010-03-31": "0.97", "2009-12-31": "0.92", "2009-09-30": "1.08", "2009-06-30": "0.98", "2009-03-31": "1.00", "2008-12-31": "0.87", "2008-09-30": "1.04", "2008-06-30": "0.78", "2008-03-31": "0.82", "2007-12-31": "0.66", "2007-09-30": "0.80", "2007-06-30": "0.77", "2007-03-31": "0.72", "2006-12-31": "0.63", "2006-09-30": "0.67", "2006-06-30": "0.73", "2006-03-31": "0.68", "2005-12-31": "0.65", "2005-09-30": "0.73", "2005-06-30": "0.70", "2005-03-31": "0.74"}, "debt equity ratio": {"current": "1.74", "2020-09-30": "3.19", "2020-06-30": "2.76", "2020-03-31": "2.70", "2019-12-31": "2.54", "2019-09-30": "2.54", "2019-06-30": "2.54", "2019-03-31": "2.64", "2018-12-31": "2.50", "2018-09-30": "2.23", "2018-06-30": "2.27", "2018-03-31": "2.30", "2017-12-31": "2.76", "2017-09-30": "3.27", "2017-06-30": "3.28", "2017-03-31": "3.31", "2016-12-31": "3.36", "2016-09-30": "3.26", "2016-06-30": "3.34", "2016-03-31": "3.27", "2015-12-31": "2.86", "2015-09-30": "3.08", "2015-06-30": "3.14", "2015-03-31": "3.43", "2014-12-31": "3.09", "2014-09-30": "3.03", "2014-06-30": "3.28", "2014-03-31": "3.16", "2013-12-31": "3.29", "2013-09-30": "3.21", "2013-06-30": "3.48", "2013-03-31": "3.63", "2012-12-31": "3.76", "2012-09-30": "2.40", "2012-06-30": "2.56", "2012-03-31": "2.76", "2011-12-31": "2.99", "2011-09-30": "3.54", "2011-06-30": "3.44", "2011-03-31": "4.71", "2010-12-31": "5.00", "2010-09-30": "5.33", "2010-06-30": "5.59", "2010-03-31": "5.41", "2009-12-31": "5.45", "2009-09-30": "7.17", "2009-06-30": "7.87", "2009-03-31": "9.15", "2008-12-31": "8.49", "2008-09-30": "4.93", "2008-06-30": "4.55", "2008-03-31": "4.64", "2007-12-31": "18.29", "2007-09-30": "24.44", "2007-06-30": "22.77", "2007-03-31": "20.50", "2006-12-31": "14.90", "2006-09-30": "14.23", "2006-06-30": "14.62", "2006-03-31": "13.32", "2005-12-31": "11.49", "2005-09-30": "7.72", "2005-06-30": "8.15", "2005-03-31": "6.06"}, "return on equity": {"2020-09-30": "6.85%", "2020-06-30": "6.09%", "2020-03-31": "6.67%", "2019-12-31": "10.15%", "2019-09-30": "10.94%", "2019-06-30": "12.66%", "2019-03-31": "11.78%", "2018-12-31": "10.27%", "2018-09-30": "17.61%", "2018-06-30": "17.77%", "2018-03-31": "20.63%", "2017-12-31": "26.06%", "2017-09-30": "14.74%", "2017-06-30": "15.84%", "2017-03-31": "19.20%", "2016-12-31": "21.05%", "2016-09-30": "22.83%", "2016-06-30": "23.04%", "2016-03-31": "21.21%", "2015-12-31": "21.35%", "2015-09-30": "20.38%", "2015-06-30": "19.75%", "2015-03-31": "10.51%", "2014-12-31": "8.44%", "2014-09-30": "8.71%", "2014-06-30": "7.98%", "2014-03-31": "13.73%", "2013-12-31": "14.03%", "2013-09-30": "12.10%", "2013-06-30": "11.09%", "2013-03-31": "12.46%", "2012-12-31": "10.43%", "2012-09-30": "29.94%", "2012-06-30": "24.21%", "2012-03-31": "24.32%", "2011-12-31": "27.72%", "2011-09-30": "3.47%", "2011-06-30": "11.69%", "2011-03-31": "4.31%", "2010-12-31": "1.51%", "2010-09-30": "3.18%", "2010-06-30": "5.51%", "2010-03-31": "13.96%", "2009-12-31": "9.63%", "2009-09-30": "-6.10%", "2009-06-30": "-13.22%", "2009-03-31": "-14.99%", "2008-12-31": "-12.46%", "2008-09-30": "-6.01%", "2008-06-30": "-8.14%", "2008-03-31": "-18.24%", "2007-12-31": "-54.15%", "2007-09-30": "-74.32%", "2007-06-30": "-59.06%", "2007-03-31": "-54.00%", "2006-12-31": "-47.64%", "2006-09-30": "-46.20%", "2006-06-30": "-38.13%", "2006-03-31": "-33.19%", "2005-12-31": "-26.25%"}, "return on assets": {"2020-09-30": "1.81%", "2020-06-30": "1.68%", "2020-03-31": "1.86%", "2019-12-31": "2.85%", "2019-09-30": "3.08%", "2019-06-30": "3.65%", "2019-03-31": "3.47%", "2018-12-31": "3.09%", "2018-09-30": "5.26%", "2018-06-30": "5.02%", "2018-03-31": "5.45%", "2017-12-31": "6.30%", "2017-09-30": "3.43%", "2017-06-30": "3.68%", "2017-03-31": "4.45%", "2016-12-31": "4.89%", "2016-09-30": "5.46%", "2016-06-30": "5.57%", "2016-03-31": "5.19%", "2015-12-31": "5.18%", "2015-09-30": "4.87%", "2015-06-30": "4.73%", "2015-03-31": "2.50%", "2014-12-31": "2.04%", "2014-09-30": "2.08%", "2014-06-30": "1.88%", "2014-03-31": "3.21%", "2013-12-31": "3.19%", "2013-09-30": "2.68%", "2013-06-30": "2.61%", "2013-03-31": "3.11%", "2012-12-31": "2.73%", "2012-09-30": "8.17%", "2012-06-30": "6.16%", "2012-03-31": "5.85%", "2011-12-31": "6.05%", "2011-09-30": "0.68%", "2011-06-30": "2.12%", "2011-03-31": "0.70%", "2010-12-31": "0.24%", "2010-09-30": "0.49%", "2010-06-30": "0.80%", "2010-03-31": "1.90%", "2009-12-31": "1.17%", "2009-09-30": "-0.67%", "2009-06-30": "-1.61%", "2009-03-31": "-2.07%", "2008-12-31": "-1.97%", "2008-09-30": "-0.94%", "2008-06-30": "-1.05%", "2008-03-31": "-1.66%", "2007-12-31": "-2.42%", "2007-09-30": "-3.52%", "2007-06-30": "-3.20%", "2007-03-31": "-3.23%", "2006-12-31": "-3.13%", "2006-09-30": "-3.23%", "2006-06-30": "-3.11%", "2006-03-31": "-3.08%", "2005-12-31": "-2.91%"}, "return on investments": {"2020-09-30": "10.33%", "2020-06-30": "10.44%", "2020-03-31": "11.01%", "2019-12-31": "10.67%", "2019-09-30": "10.12%", "2019-06-30": "10.88%", "2019-03-31": "10.19%", "2018-12-31": "8.98%", "2018-09-30": "9.10%", "2018-06-30": "8.30%", "2018-03-31": "8.61%", "2017-12-31": "9.80%", "2017-09-30": "10.34%", "2017-06-30": "10.82%", "2017-03-31": "11.47%", "2016-12-31": "12.45%", "2016-09-30": "13.02%", "2016-06-30": "13.41%", "2016-03-31": "13.76%", "2015-12-31": "14.01%", "2015-09-30": "13.59%", "2015-06-30": "13.60%", "2015-03-31": "8.14%", "2014-12-31": "7.25%", "2014-09-30": "6.27%", "2014-06-30": "6.02%", "2014-03-31": "10.39%", "2013-12-31": "10.49%", "2013-09-30": "10.50%", "2013-06-30": "10.08%", "2013-03-31": "10.37%", "2012-12-31": "9.94%", "2012-09-30": "9.73%", "2012-06-30": "6.37%", "2012-03-31": "5.65%", "2011-12-31": "5.57%", "2011-09-30": "5.53%", "2011-06-30": "8.36%", "2011-03-31": "6.81%", "2010-12-31": "6.46%", "2010-09-30": "6.51%", "2010-06-30": "6.96%", "2010-03-31": "8.72%", "2009-12-31": "7.86%", "2009-09-30": "6.28%", "2009-06-30": "4.88%", "2009-03-31": "4.08%", "2008-12-31": "3.82%", "2008-09-30": "5.07%", "2008-06-30": "6.22%", "2008-03-31": "6.49%", "2007-12-31": "7.36%", "2007-09-30": "6.28%", "2007-06-30": "5.29%", "2007-03-31": "4.57%", "2006-12-31": "4.31%", "2006-09-30": "3.74%", "2006-06-30": "3.71%", "2006-03-31": "3.59%", "2005-12-31": "3.61%"}, "return on tangible equity": {"2020-09-30": "253.02%", "2020-06-30": "129.17%", "2020-03-31": "143.92%", "2019-12-31": "257.14%", "2019-09-30": "350.99%", "2019-06-30": "334.18%", "2019-03-31": "316.19%", "2018-12-31": "275.39%", "2018-09-30": "-766.85%", "2018-06-30": "-125.79%", "2018-03-31": "-71.03%", "2017-12-31": "-52.04%", "2017-09-30": "-25.89%", "2017-06-30": "-27.73%", "2017-03-31": "-32.54%", "2016-12-31": "-35.24%", "2016-09-30": "-41.78%", "2016-06-30": "-45.63%", "2016-03-31": "-46.16%", "2015-12-31": "-48.45%", "2015-09-30": "-44.40%", "2015-06-30": "-43.18%", "2015-03-31": "-22.70%", "2014-12-31": "-19.78%", "2014-09-30": "-20.23%", "2014-06-30": "-17.70%", "2014-03-31": "-28.74%", "2013-12-31": "-25.86%", "2013-09-30": "-20.52%", "2013-06-30": "-21.15%", "2013-03-31": "-27.09%", "2012-12-31": "-25.83%", "2012-09-30": "-84.83%", "2012-06-30": "-53.84%", "2012-03-31": "-44.74%", "2011-12-31": "-38.30%", "2011-09-30": "-3.62%", "2011-06-30": "-10.19%", "2011-03-31": "-3.06%", "2010-12-31": "-1.03%", "2010-09-30": "-2.12%", "2010-06-30": "-3.36%", "2010-03-31": "-7.71%", "2009-12-31": "-4.55%", "2009-09-30": "2.51%", "2009-06-30": "6.35%", "2009-03-31": "8.86%", "2008-12-31": "9.32%", "2008-09-30": "4.74%", "2008-06-30": "5.27%", "2008-03-31": "8.19%", "2007-12-31": "11.60%", "2007-09-30": "17.20%", "2007-06-30": "16.32%", "2007-03-31": "17.14%", "2006-12-31": "17.35%", "2006-09-30": "19.19%", "2006-06-30": "19.19%", "2006-03-31": "19.67%", "2005-12-31": "20.30%"}, "dividend yield history": {"last payout": "$0.30", "last yield": "1.83%"}}