{"ticker": "GRMN", "price": {"title": "Garmin Historical Annual Stock Price Data", "value": 129.43, "historical": {"2020": {"Average Stock Price": "96.7661", "Year Open": "98.3400", "Year High": "122.8500", "Year Low": "63.6300", "Year Close": "119.6600", "Annual % Change": "22.65%"}, "2019": {"Average Stock Price": "82.8511", "Year Open": "62.5200", "Year High": "98.6800", "Year Low": "61.3900", "Year Close": "97.5600", "Annual % Change": "54.07%"}, "2018": {"Average Stock Price": "62.8938", "Year Open": "59.5400", "Year High": "70.0500", "Year Low": "57.6600", "Year Close": "63.3200", "Annual % Change": "6.30%"}, "2017": {"Average Stock Price": "53.0210", "Year Open": "49.1900", "Year High": "62.9200", "Year Low": "47.3500", "Year Close": "59.5700", "Annual % Change": "22.85%"}, "2016": {"Average Stock Price": "44.5279", "Year Open": "36.8000", "Year High": "55.7500", "Year Low": "32.2900", "Year Close": "48.4900", "Annual % Change": "30.45%"}, "2015": {"Average Stock Price": "43.2214", "Year Open": "52.5800", "Year High": "56.8100", "Year Low": "32.2800", "Year Close": "37.1700", "Annual % Change": "-29.64%"}, "2014": {"Average Stock Price": "54.2291", "Year Open": "44.9500", "Year High": "61.6900", "Year Low": "43.6300", "Year Close": "52.8300", "Annual % Change": "14.38%"}, "2013": {"Average Stock Price": "39.7936", "Year Open": "42.1500", "Year High": "49.3300", "Year Low": "32.6000", "Year Close": "46.1900", "Annual % Change": "13.35%"}, "2012": {"Average Stock Price": "41.7806", "Year Open": "39.6000", "Year High": "49.3300", "Year Low": "35.8400", "Year Close": "40.7500", "Annual % Change": "2.36%"}, "2011": {"Average Stock Price": "33.6466", "Year Open": "31.2100", "Year High": "40.3900", "Year Low": "30.1400", "Year Close": "39.8100", "Annual % Change": "28.46%"}, "2010": {"Average Stock Price": "32.1474", "Year Open": "32.1800", "Year High": "39.9400", "Year Low": "26.5500", "Year Close": "30.9900", "Annual % Change": "0.94%"}, "2009": {"Average Stock Price": "26.0613", "Year Open": "21.7700", "Year High": "39.5800", "Year Low": "15.1700", "Year Close": "30.7000", "Annual % Change": "60.15%"}, "2008": {"Average Stock Price": "42.4073", "Year Open": "92.1000", "Year High": "92.1000", "Year Low": "15.2200", "Year Close": "19.1700", "Annual % Change": "-80.24%"}, "2007": {"Average Stock Price": "78.5143", "Year Open": "55.6700", "Year High": "123.8000", "Year Low": "49.1900", "Year Close": "97.0000", "Annual % Change": "74.27%"}, "2006": {"Average Stock Price": "44.3154", "Year Open": "33.6800", "Year High": "56.2500", "Year Low": "29.9000", "Year Close": "55.6600", "Annual % Change": "67.78%"}, "2005": {"Average Stock Price": "26.5496", "Year Open": "29.4600", "Year High": "35.2050", "Year Low": "19.7500", "Year Close": "33.1750", "Annual % Change": "9.06%"}, "2004": {"Average Stock Price": "21.7591", "Year Open": "26.8450", "Year High": "31.0000", "Year Low": "14.2150", "Year Close": "30.4200", "Annual % Change": "11.67%"}, "2003": {"Average Stock Price": "20.8418", "Year Open": "14.9900", "Year High": "28.0050", "Year Low": "14.0400", "Year Close": "27.2400", "Annual % Change": "85.94%"}, "2002": {"Average Stock Price": "10.7700", "Year Open": "10.6250", "Year High": "15.1650", "Year Low": "9.0000", "Year Close": "14.6500", "Annual % Change": "37.43%"}, "2001": {"Average Stock Price": "9.8683", "Year Open": "9.6250", "Year High": "12.5650", "Year Low": "7.2000", "Year Close": "10.6600", "Annual % Change": "7.95%"}, "2000": {"Average Stock Price": "9.7510", "Year Open": "10.0000", "Year High": "10.5950", "Year Low": "9.0950", "Year Close": "9.8750", "Annual % Change": "0.00%"}}}, "market cap": {"value": "$24.12B"}, "income statement": {"Revenue": {"2019-12-31": "3757.50500", "2018-12-31": "3347.44400", "2017-12-31": "3121.56000", "2016-12-31": "3045.79700", "2015-12-31": "2820.27000", "2014-12-31": "2870.65800", "2013-12-31": "2631.85100", "2012-12-31": "2715.67500", "2011-12-31": "2758.56900", "2010-12-31": "2689.91100", "2009-12-31": "2946.44000", "2008-12-31": "3494.07700", "2007-12-31": "3180.31900", "2006-12-31": "1774.00000", "2005-12-31": "1027.77300"}, "Cost Of Goods Sold": {"2019-12-31": "1523.52900", "2018-12-31": "1367.72500", "2017-12-31": "1323.61900", "2016-12-31": "1357.27200", "2015-12-31": "1281.56600", "2014-12-31": "1266.24600", "2013-12-31": "1224.55100", "2012-12-31": "1277.19500", "2011-12-31": "1419.97700", "2010-12-31": "1343.53700", "2009-12-31": "1502.32900", "2008-12-31": "1940.56200", "2007-12-31": "1717.06400", "2006-12-31": "891.61400", "2005-12-31": "492.70300"}, "Gross Profit": {"2019-12-31": "2233.97600", "2018-12-31": "1979.71900", "2017-12-31": "1797.94100", "2016-12-31": "1688.52500", "2015-12-31": "1538.70400", "2014-12-31": "1604.41200", "2013-12-31": "1407.30000", "2012-12-31": "1438.48000", "2011-12-31": "1338.59200", "2010-12-31": "1346.37400", "2009-12-31": "1444.11100", "2008-12-31": "1553.51500", "2007-12-31": "1463.25500", "2006-12-31": "882.38600", "2005-12-31": "535.06990"}, "Research And Development Expenses": {"2019-12-31": "605.36600", "2018-12-31": "567.80500", "2017-12-31": "511.63400", "2016-12-31": "467.96000", "2015-12-31": "427.04300", "2014-12-31": "395.12100", "2013-12-31": "364.92300", "2012-12-31": "325.77300", "2011-12-31": "298.58400", "2010-12-31": "277.26100", "2009-12-31": "238.37800", "2008-12-31": "206.10900", "2007-12-31": "159.40600", "2006-12-31": "113.31400", "2005-12-31": "74.87900"}, "SG&A Expenses": {"2019-12-31": "683.02400", "2018-12-31": "633.57100", "2017-12-31": "602.67000", "2016-12-31": "587.70100", "2015-12-31": "562.08000", "2014-12-31": "518.66500", "2013-12-31": "468.34500", "2012-12-31": "508.54700", "2011-12-31": "486.24100", "2010-12-31": "432.43700", "2009-12-31": "419.72300", "2008-12-31": "485.38900", "2007-12-31": "396.49800", "2006-12-31": "214.51300", "2005-12-31": "122.02100"}, "Other Operating Income Or Expenses": {"2019-12-31": "", "2018-12-31": "", "2017-12-31": "", "2016-12-31": "", "2015-12-31": "", "2014-12-31": "", "2013-12-31": "", "2012-12-31": "", "2011-12-31": "", "2010-12-31": "", "2009-12-31": "", "2008-12-31": "", "2007-12-31": "", "2006-12-31": "", "2005-12-31": ""}, "Operating Expenses": {"2019-12-31": "2811.91900", "2018-12-31": "2569.10100", "2017-12-31": "2437.92300", "2016-12-31": "2412.93300", "2015-12-31": "2270.68900", "2014-12-31": "2180.03200", "2013-12-31": "2057.81900", "2012-12-31": "2111.51500", "2011-12-31": "2204.80200", "2010-12-31": "2053.23500", "2009-12-31": "2160.43000", "2008-12-31": "2632.06000", "2007-12-31": "2272.96800", "2006-12-31": "1219.44100", "2005-12-31": "689.60300"}, "Operating Income": {"2019-12-31": "945.58590", "2018-12-31": "778.34300", "2017-12-31": "683.63700", "2016-12-31": "632.86400", "2015-12-31": "549.58110", "2014-12-31": "690.62600", "2013-12-31": "574.03200", "2012-12-31": "604.15990", "2011-12-31": "553.76710", "2010-12-31": "636.67600", "2009-12-31": "786.01000", "2008-12-31": "862.01710", "2007-12-31": "907.35110", "2006-12-31": "554.55900", "2005-12-31": "338.16990"}, "Total Non-Operating Income/Expense": {"2019-12-31": "41.63600", "2018-12-31": "44.90400", "2017-12-31": "13.43400", "2016-12-31": "5.76100", "2015-12-31": "17.60600", "2014-12-31": "33.11900", "2013-12-31": "79.52600", "2012-12-31": "20.36800", "2011-12-31": "30.39400", "2010-12-31": "-59.40400", "2009-12-31": "22.64100", "2008-12-31": "52.34900", "2007-12-31": "70.92200", "2006-12-31": "39.99500", "2005-12-31": "34.43000"}, "Pre-Tax Income": {"2019-12-31": "987.22200", "2018-12-31": "823.24700", "2017-12-31": "697.07100", "2016-12-31": "638.62500", "2015-12-31": "567.18700", "2014-12-31": "723.74500", "2013-12-31": "653.55800", "2012-12-31": "624.52800", "2011-12-31": "584.16100", "2010-12-31": "577.27200", "2009-12-31": "808.65100", "2008-12-31": "914.36600", "2007-12-31": "978.27300", "2006-12-31": "594.55400", "2005-12-31": "372.60000"}, "Income Taxes": {"2019-12-31": "34.73600", "2018-12-31": "129.16700", "2017-12-31": "-11.93600", "2016-12-31": "120.90100", "2015-12-31": "110.96000", "2014-12-31": "359.53400", "2013-12-31": "41.14600", "2012-12-31": "82.12500", "2011-12-31": "63.26500", "2010-12-31": "-7.33100", "2009-12-31": "104.70100", "2008-12-31": "181.51800", "2007-12-31": "123.26200", "2006-12-31": "80.43100", "2005-12-31": "61.38100"}, "Income After Taxes": {"2019-12-31": "952.48600", "2018-12-31": "694.08000", "2017-12-31": "709.00700", "2016-12-31": "517.72400", "2015-12-31": "456.22700", "2014-12-31": "364.21100", "2013-12-31": "612.41200", "2012-12-31": "542.40300", "2011-12-31": "520.89600", "2010-12-31": "584.60300", "2009-12-31": "703.95000", "2008-12-31": "732.84800", "2007-12-31": "855.01100", "2006-12-31": "514.12300", "2005-12-31": "311.21900"}, "Other Income": {"2019-12-31": "", "2018-12-31": "", "2017-12-31": "", "2016-12-31": "", "2015-12-31": "", "2014-12-31": "", "2013-12-31": "", "2012-12-31": "", "2011-12-31": "", "2010-12-31": "", "2009-12-31": "", "2008-12-31": "", "2007-12-31": "", "2006-12-31": "", "2005-12-31": ""}, "Income From Continuous Operations": {"2019-12-31": "952.48600", "2018-12-31": "694.08000", "2017-12-31": "709.00700", "2016-12-31": "517.72400", "2015-12-31": "456.22700", "2014-12-31": "364.21100", "2013-12-31": "612.41200", "2012-12-31": "542.40300", "2011-12-31": "520.89600", "2010-12-31": "584.60300", "2009-12-31": "703.95000", "2008-12-31": "732.84800", "2007-12-31": "855.01100", "2006-12-31": "514.12300", "2005-12-31": "311.21900"}, "Income From Discontinued Operations": {"2019-12-31": "", "2018-12-31": "", "2017-12-31": "", "2016-12-31": "", "2015-12-31": "", "2014-12-31": "", "2013-12-31": "", "2012-12-31": "", "2011-12-31": "", "2010-12-31": "", "2009-12-31": "", "2008-12-31": "", "2007-12-31": "", "2006-12-31": "", "2005-12-31": ""}, "Net Income": {"2019-12-31": "952.48600", "2018-12-31": "694.08000", "2017-12-31": "709.00700", "2016-12-31": "517.72400", "2015-12-31": "456.22700", "2014-12-31": "364.21100", "2013-12-31": "612.41200", "2012-12-31": "542.40300", "2011-12-31": "520.89600", "2010-12-31": "584.60300", "2009-12-31": "703.95000", "2008-12-31": "732.84800", "2007-12-31": "855.01100", "2006-12-31": "514.12300", "2005-12-31": "311.21900"}, "EBITDA": {"2019-12-31": "1051.76100", "2018-12-31": "874.53700", "2017-12-31": "769.88900", "2016-12-31": "719.20400", "2015-12-31": "627.94100", "2014-12-31": "767.64100", "2013-12-31": "652.83600", "2012-12-31": "694.62690", "2011-12-31": "648.30210", "2010-12-31": "731.32700", "2009-12-31": "882.49600", "2008-12-31": "940.43410", "2007-12-31": "971.38810", "2006-12-31": "599.03390", "2005-12-31": "381.76590"}, "EBIT": {"2019-12-31": "945.58590", "2018-12-31": "778.34300", "2017-12-31": "683.63700", "2016-12-31": "632.86400", "2015-12-31": "549.58110", "2014-12-31": "690.62600", "2013-12-31": "574.03200", "2012-12-31": "604.15990", "2011-12-31": "553.76710", "2010-12-31": "636.67600", "2009-12-31": "786.01000", "2008-12-31": "862.01710", "2007-12-31": "907.35110", "2006-12-31": "554.55900", "2005-12-31": "338.16990"}, "Basic Shares Outstanding": {"2019-12-31": "189.93100", "2018-12-31": "188.63500", "2017-12-31": "187.82800", "2016-12-31": "188.81800", "2015-12-31": "190.63100", "2014-12-31": "193.10600", "2013-12-31": "195.41100", "2012-12-31": "194.90900", "2011-12-31": "194.10500", "2010-12-31": "196.97900", "2009-12-31": "200.39500", "2008-12-31": "208.99300", "2007-12-31": "216.52400", "2006-12-31": "216.34000", "2005-12-31": "216.29400"}, "Shares Outstanding": {"2019-12-31": "190.89900", "2018-12-31": "189.73400", "2017-12-31": "188.73200", "2016-12-31": "189.34300", "2015-12-31": "191.10700", "2014-12-31": "194.16500", "2013-12-31": "196.33900", "2012-12-31": "196.21300", "2011-12-31": "194.89400", "2010-12-31": "198.00900", "2009-12-31": "201.16100", "2008-12-31": "210.68000", "2007-12-31": "219.87500", "2006-12-31": "218.84500", "2005-12-31": "218.23600"}, "Basic EPS": {"2019-12-31": "5.01000", "2018-12-31": "3.68000", "2017-12-31": "3.77000", "2016-12-31": "2.74000", "2015-12-31": "2.39000", "2014-12-31": "1.89000", "2013-12-31": "3.13000", "2012-12-31": "2.78000", "2011-12-31": "2.68000", "2010-12-31": "2.97000", "2009-12-31": "3.51000", "2008-12-31": "3.51000", "2007-12-31": "3.95000", "2006-12-31": "2.38000", "2005-12-31": "1.44000"}, "EPS - Earnings Per Share": {"2019-12-31": "4.99000", "2018-12-31": "3.66000", "2017-12-31": "3.76000", "2016-12-31": "2.73000", "2015-12-31": "2.39000", "2014-12-31": "1.88000", "2013-12-31": "3.12000", "2012-12-31": "2.76000", "2011-12-31": "2.67000", "2010-12-31": "2.95000", "2009-12-31": "3.50000", "2008-12-31": "3.48000", "2007-12-31": "3.89000", "2006-12-31": "2.35000", "2005-12-31": "1.43000"}}, "income statement, quarterly": {"Revenue": {"2020-09-30": "1109.19400", "2020-06-30": "869.86700", "2020-03-31": "856.10800", "2019-12-31": "1102.23200", "2019-09-30": "934.38300", "2019-06-30": "954.84000", "2019-03-31": "766.05000", "2018-12-31": "932.10910", "2018-09-30": "810.01100", "2018-06-30": "894.45200", "2018-03-31": "710.87200", "2017-12-31": "897.31980", "2017-09-30": "751.24400", "2017-06-30": "831.48600", "2017-03-31": "641.51000", "2016-12-31": "887.89810", "2016-09-30": "722.25000", "2016-06-30": "811.60900", "2016-03-31": "624.04000", "2015-12-31": "781.35600", "2015-09-30": "679.69000", "2015-06-30": "773.83000", "2015-03-31": "585.39400", "2014-12-31": "803.30600", "2014-09-30": "706.28300", "2014-06-30": "777.84800", "2014-03-31": "583.22100", "2013-12-31": "759.69420", "2013-09-30": "643.63700", "2013-06-30": "696.56300", "2013-03-31": "531.95700", "2012-12-31": "768.54800", "2012-09-30": "672.37600", "2012-06-30": "718.15400", "2012-03-31": "556.59700", "2011-12-31": "909.64320", "2011-09-30": "666.99300", "2011-06-30": "674.09900", "2011-03-31": "507.83400", "2010-12-31": "837.71480", "2010-09-30": "692.36400", "2010-06-30": "728.76500", "2010-03-31": "431.06700", "2009-12-31": "1059.38300", "2009-09-30": "781.25400", "2009-06-30": "669.10400", "2009-03-31": "436.69900", "2008-12-31": "1048.24600", "2008-09-30": "870.35500", "2008-06-30": "911.67100", "2008-03-31": "663.80500", "2007-12-31": "1217.02100", "2007-09-30": "728.67300", "2007-06-30": "742.46600", "2007-03-31": "492.15900", "2006-12-31": "611.22390", "2006-09-30": "407.99700", "2006-06-30": "432.46800", "2006-03-31": "322.31100", "2005-12-31": "319.29600", "2005-09-30": "251.32900", "2005-06-30": "264.49700", "2005-03-31": "192.65100"}, "Cost Of Goods Sold": {"2020-09-30": "441.21100", "2020-06-30": "354.43700", "2020-03-31": "349.16800", "2019-12-31": "462.77700", "2019-09-30": "366.92500", "2019-06-30": "379.47500", "2019-03-31": "314.35200", "2018-12-31": "382.94190", "2018-09-30": "329.26400", "2018-06-30": "371.18200", "2018-03-31": "284.33700", "2017-12-31": "393.83800", "2017-09-30": "313.72100", "2017-06-30": "347.35600", "2017-03-31": "268.70400", "2016-12-31": "408.16090", "2016-09-30": "316.27000", "2016-06-30": "348.65100", "2016-03-31": "284.19000", "2015-12-31": "368.21410", "2015-09-30": "317.50000", "2015-06-30": "354.58000", "2015-03-31": "241.27200", "2014-12-31": "372.45900", "2014-09-30": "308.03700", "2014-06-30": "333.36300", "2014-03-31": "252.38700", "2013-12-31": "365.05600", "2013-09-30": "290.74800", "2013-06-30": "312.92300", "2013-03-31": "255.82400", "2012-12-31": "394.69490", "2012-09-30": "313.32100", "2012-06-30": "296.34100", "2012-03-31": "272.83800", "2011-12-31": "475.85600", "2011-09-30": "322.66200", "2011-06-30": "351.99900", "2011-03-31": "269.46000", "2010-12-31": "457.92190", "2010-09-30": "348.34400", "2010-06-30": "337.11300", "2010-03-31": "200.15800", "2009-12-31": "572.62300", "2009-09-30": "371.51200", "2009-06-30": "317.49000", "2009-03-31": "240.70400", "2008-12-31": "617.61300", "2008-09-30": "484.71600", "2008-06-30": "494.54300", "2008-03-31": "343.69000", "2007-12-31": "708.03590", "2007-09-30": "386.82200", "2007-06-30": "367.79900", "2007-03-31": "254.40700", "2006-12-31": "306.77200", "2006-09-30": "209.13700", "2006-06-30": "216.18400", "2006-03-31": "159.52100", "2005-12-31": "156.85700", "2005-09-30": "121.87700", "2005-06-30": "124.51600", "2005-03-31": "89.45300"}, "Gross Profit": {"2020-09-30": "667.98300", "2020-06-30": "515.43000", "2020-03-31": "506.94000", "2019-12-31": "639.45470", "2019-09-30": "567.45800", "2019-06-30": "575.36500", "2019-03-31": "451.69800", "2018-12-31": "549.16710", "2018-09-30": "480.74700", "2018-06-30": "523.27000", "2018-03-31": "426.53500", "2017-12-31": "503.48180", "2017-09-30": "437.52300", "2017-06-30": "484.13000", "2017-03-31": "372.80600", "2016-12-31": "479.73720", "2016-09-30": "405.98000", "2016-06-30": "462.95800", "2016-03-31": "339.85000", "2015-12-31": "413.14190", "2015-09-30": "362.19000", "2015-06-30": "419.25000", "2015-03-31": "344.12200", "2014-12-31": "430.84700", "2014-09-30": "398.24600", "2014-06-30": "444.48500", "2014-03-31": "330.83400", "2013-12-31": "394.63820", "2013-09-30": "352.88900", "2013-06-30": "383.64000", "2013-03-31": "276.13300", "2012-12-31": "373.85310", "2012-09-30": "359.05500", "2012-06-30": "421.81300", "2012-03-31": "283.75900", "2011-12-31": "433.78710", "2011-09-30": "344.33100", "2011-06-30": "322.10000", "2011-03-31": "238.37400", "2010-12-31": "379.79290", "2010-09-30": "344.02000", "2010-06-30": "391.65200", "2010-03-31": "230.90900", "2009-12-31": "486.76000", "2009-09-30": "409.74200", "2009-06-30": "351.61400", "2009-03-31": "195.99500", "2008-12-31": "430.63290", "2008-09-30": "385.63900", "2008-06-30": "417.12800", "2008-03-31": "320.11500", "2007-12-31": "508.98500", "2007-09-30": "341.85100", "2007-06-30": "374.66700", "2007-03-31": "237.75200", "2006-12-31": "304.45180", "2006-09-30": "198.86000", "2006-06-30": "216.28400", "2006-03-31": "162.79000", "2005-12-31": "162.43900", "2005-09-30": "129.45200", "2005-06-30": "139.98100", "2005-03-31": "103.19800"}, "Research And Development Expenses": {"2020-09-30": "174.88200", "2020-06-30": "165.74000", "2020-03-31": "165.39200", "2019-12-31": "162.00300", "2019-09-30": "148.56100", "2019-06-30": "148.88300", "2019-03-31": "145.91900", "2018-12-31": "145.15600", "2018-09-30": "138.97900", "2018-06-30": "141.71300", "2018-03-31": "141.95700", "2017-12-31": "132.55200", "2017-09-30": "129.63200", "2017-06-30": "127.24800", "2017-03-31": "122.20200", "2016-12-31": "128.95200", "2016-09-30": "116.44900", "2016-06-30": "114.35500", "2016-03-31": "108.20400", "2015-12-31": "106.01200", "2015-09-30": "105.78900", "2015-06-30": "109.24000", "2015-03-31": "106.00200", "2014-12-31": "101.55500", "2014-09-30": "98.99800", "2014-06-30": "98.40400", "2014-03-31": "96.16400", "2013-12-31": "92.57500", "2013-09-30": "88.42700", "2013-06-30": "96.23200", "2013-03-31": "87.68900", "2012-12-31": "83.26200", "2012-09-30": "82.48900", "2012-06-30": "80.30300", "2012-03-31": "79.71900", "2011-12-31": "84.65500", "2011-09-30": "72.93600", "2011-06-30": "70.51500", "2011-03-31": "70.47800", "2010-12-31": "71.92900", "2010-09-30": "69.51200", "2010-06-30": "73.33700", "2010-03-31": "62.48300", "2009-12-31": "71.58400", "2009-09-30": "55.50700", "2009-06-30": "56.25300", "2009-03-31": "55.03400", "2008-12-31": "50.20500", "2008-09-30": "52.74900", "2008-06-30": "53.59700", "2008-03-31": "49.55800", "2007-12-31": "47.54200", "2007-09-30": "40.63400", "2007-06-30": "37.72700", "2007-03-31": "33.50300", "2006-12-31": "31.20900", "2006-09-30": "30.39900", "2006-06-30": "26.79300", "2006-03-31": "24.91300", "2005-12-31": "20.01700", "2005-09-30": "20.11600", "2005-06-30": "17.81800", "2005-03-31": "16.92800"}, "SG&A Expenses": {"2020-09-30": "176.00000", "2020-06-30": "161.30100", "2020-03-31": "164.06600", "2019-12-31": "200.93000", "2019-09-30": "157.43700", "2019-06-30": "170.26100", "2019-03-31": "154.39600", "2018-12-31": "181.33700", "2018-09-30": "145.80900", "2018-06-30": "164.04900", "2018-03-31": "142.37600", "2017-12-31": "187.59100", "2017-09-30": "134.24300", "2017-06-30": "147.26000", "2017-03-31": "133.57600", "2016-12-31": "182.01410", "2016-09-30": "129.91500", "2016-06-30": "147.92900", "2016-03-31": "127.84300", "2015-12-31": "161.36800", "2015-09-30": "130.94400", "2015-06-30": "143.34600", "2015-03-31": "126.42200", "2014-12-31": "153.29300", "2014-09-30": "123.74400", "2014-06-30": "127.32700", "2014-03-31": "114.30100", "2013-12-31": "129.59200", "2013-09-30": "112.71300", "2013-06-30": "117.52200", "2013-03-31": "108.51800", "2012-12-31": "140.83200", "2012-09-30": "116.50400", "2012-06-30": "137.50400", "2012-03-31": "113.70700", "2011-12-31": "149.04300", "2011-09-30": "124.06100", "2011-06-30": "119.99400", "2011-03-31": "93.14300", "2010-12-31": "123.21600", "2010-09-30": "107.87100", "2010-06-30": "116.27200", "2010-03-31": "85.07800", "2009-12-31": "123.16000", "2009-09-30": "117.35200", "2009-06-30": "96.20900", "2009-03-31": "83.00200", "2008-12-31": "144.00900", "2008-09-30": "118.52700", "2008-06-30": "125.02800", "2008-03-31": "97.82500", "2007-12-31": "148.14000", "2007-09-30": "87.06000", "2007-06-30": "95.37300", "2007-03-31": "65.92500", "2006-12-31": "74.34500", "2006-09-30": "47.48900", "2006-06-30": "54.91500", "2006-03-31": "37.76400", "2005-12-31": "44.23000", "2005-09-30": "24.18000", "2005-06-30": "33.09300", "2005-03-31": "20.51800"}, "Other Operating Income Or Expenses": {"2020-09-30": "", "2020-06-30": "", "2020-03-31": "", "2019-12-31": "", "2019-09-30": "", "2019-06-30": "", "2019-03-31": "", "2018-12-31": "", "2018-09-30": "", "2018-06-30": "", "2018-03-31": "", "2017-12-31": "", "2017-09-30": "", "2017-06-30": "", "2017-03-31": "", "2016-12-31": "", "2016-09-30": "", "2016-06-30": "", "2016-03-31": "", "2015-12-31": "", "2015-09-30": "", "2015-06-30": "", "2015-03-31": "", "2014-12-31": "", "2014-09-30": "", "2014-06-30": "", "2014-03-31": "", "2013-12-31": "", "2013-09-30": "", "2013-06-30": "", "2013-03-31": "", "2012-12-31": "", "2012-09-30": "", "2012-06-30": "", "2012-03-31": "", "2011-12-31": "", "2011-09-30": "", "2011-06-30": "", "2011-03-31": "", "2010-12-31": "", "2010-09-30": "", "2010-06-30": "", "2010-03-31": "", "2009-12-31": "", "2009-09-30": "", "2009-06-30": "", "2009-03-31": "", "2008-12-31": "", "2008-09-30": "", "2008-06-30": "", "2008-03-31": "", "2007-12-31": "", "2007-09-30": "", "2007-06-30": "", "2007-03-31": "", "2006-12-31": "", "2006-09-30": "", "2006-06-30": "", "2006-03-31": "", "2005-12-31": "", "2005-09-30": "", "2005-06-30": "", "2005-03-31": ""}, "Operating Expenses": {"2020-09-30": "792.09300", "2020-06-30": "681.47800", "2020-03-31": "678.62600", "2019-12-31": "825.71010", "2019-09-30": "672.92300", "2019-06-30": "698.61900", "2019-03-31": "614.66700", "2018-12-31": "709.43490", "2018-09-30": "614.05200", "2018-06-30": "676.94400", "2018-03-31": "568.67000", "2017-12-31": "713.98110", "2017-09-30": "577.59600", "2017-06-30": "621.86400", "2017-03-31": "524.48200", "2016-12-31": "719.12700", "2016-09-30": "562.63400", "2016-06-30": "610.93500", "2016-03-31": "520.23700", "2015-12-31": "635.59390", "2015-09-30": "554.23300", "2015-06-30": "607.16600", "2015-03-31": "473.69600", "2014-12-31": "627.30690", "2014-09-30": "530.77900", "2014-06-30": "559.09400", "2014-03-31": "462.85200", "2013-12-31": "587.22310", "2013-09-30": "491.88800", "2013-06-30": "526.67700", "2013-03-31": "452.03100", "2012-12-31": "618.78920", "2012-09-30": "512.31400", "2012-06-30": "514.14800", "2012-03-31": "466.26400", "2011-12-31": "709.55400", "2011-09-30": "519.65900", "2011-06-30": "542.50800", "2011-03-31": "433.08100", "2010-12-31": "653.06680", "2010-09-30": "525.72700", "2010-06-30": "526.72200", "2010-03-31": "347.71900", "2009-12-31": "767.36690", "2009-09-30": "544.37100", "2009-06-30": "469.95200", "2009-03-31": "378.74000", "2008-12-31": "811.82670", "2008-09-30": "655.99210", "2008-06-30": "673.16800", "2008-03-31": "491.07300", "2007-12-31": "903.71800", "2007-09-30": "514.51600", "2007-06-30": "500.89900", "2007-03-31": "353.83500", "2006-12-31": "412.32600", "2006-09-30": "287.02500", "2006-06-30": "297.89200", "2006-03-31": "222.19800", "2005-12-31": "221.10400", "2005-09-30": "166.17300", "2005-06-30": "175.42700", "2005-03-31": "126.89900"}, "Operating Income": {"2020-09-30": "317.10100", "2020-06-30": "188.38900", "2020-03-31": "177.48200", "2019-12-31": "276.52160", "2019-09-30": "261.46000", "2019-06-30": "256.22100", "2019-03-31": "151.38300", "2018-12-31": "222.67410", "2018-09-30": "195.95900", "2018-06-30": "217.50800", "2018-03-31": "142.20200", "2017-12-31": "183.33870", "2017-09-30": "173.64800", "2017-06-30": "209.62200", "2017-03-31": "117.02800", "2016-12-31": "168.77110", "2016-09-30": "159.61600", "2016-06-30": "200.67400", "2016-03-31": "103.80300", "2015-12-31": "145.76210", "2015-09-30": "125.45700", "2015-06-30": "166.66400", "2015-03-31": "111.69800", "2014-12-31": "175.99900", "2014-09-30": "175.50400", "2014-06-30": "218.75400", "2014-03-31": "120.36900", "2013-12-31": "172.47100", "2013-09-30": "151.74900", "2013-06-30": "169.88600", "2013-03-31": "79.92600", "2012-12-31": "149.75890", "2012-09-30": "160.06200", "2012-06-30": "204.00600", "2012-03-31": "90.33300", "2011-12-31": "200.08920", "2011-09-30": "147.33400", "2011-06-30": "131.59100", "2011-03-31": "74.75300", "2010-12-31": "184.64810", "2010-09-30": "166.63700", "2010-06-30": "202.04300", "2010-03-31": "83.34800", "2009-12-31": "292.01610", "2009-09-30": "236.88310", "2009-06-30": "199.15200", "2009-03-31": "57.95900", "2008-12-31": "236.41920", "2008-09-30": "214.36290", "2008-06-30": "238.50300", "2008-03-31": "172.73200", "2007-12-31": "313.30300", "2007-09-30": "214.15700", "2007-06-30": "241.56700", "2007-03-31": "138.32400", "2006-12-31": "198.89780", "2006-09-30": "120.97200", "2006-06-30": "134.57600", "2006-03-31": "100.11300", "2005-12-31": "98.19190", "2005-09-30": "85.15600", "2005-06-30": "89.07000", "2005-03-31": "65.75200"}, "Total Non-Operating Income/Expense": {"2020-09-30": "19.61600", "2020-06-30": "9.20300", "2020-03-31": "0.15300", "2019-12-31": "10.89000", "2019-09-30": "-3.69300", "2019-06-30": "19.55700", "2019-03-31": "14.88200", "2018-12-31": "9.19800", "2018-09-30": "5.36800", "2018-06-30": "18.56000", "2018-03-31": "11.77800", "2017-12-31": "1.11600", "2017-09-30": "16.26600", "2017-06-30": "24.70500", "2017-03-31": "-28.65300", "2016-12-31": "8.74100", "2016-09-30": "-9.85100", "2016-06-30": "3.12700", "2016-03-31": "3.74400", "2015-12-31": "6.78000", "2015-09-30": "39.43400", "2015-06-30": "6.89400", "2015-03-31": "-35.50200", "2014-12-31": "23.89700", "2014-09-30": "-2.84200", "2014-06-30": "-10.03400", "2014-03-31": "22.09800", "2013-12-31": "32.06800", "2013-09-30": "9.05100", "2013-06-30": "36.69900", "2013-03-31": "1.70800", "2012-12-31": "5.15000", "2012-09-30": "2.56500", "2012-06-30": "3.43000", "2012-03-31": "9.22300", "2011-12-31": "-14.96200", "2011-09-30": "27.70200", "2011-06-30": "-4.51900", "2011-03-31": "22.17300", "2010-12-31": "-28.22400", "2010-09-30": "44.27900", "2010-06-30": "-37.63400", "2010-03-31": "-37.82500", "2009-12-31": "0.19100", "2009-09-30": "19.79600", "2009-06-30": "0.68900", "2009-03-31": "1.96500", "2008-12-31": "-32.07100", "2008-09-30": "-2.95100", "2008-06-30": "77.66000", "2008-03-31": "9.71100", "2007-12-31": "34.80000", "2007-09-30": "8.46900", "2007-06-30": "5.07000", "2007-03-31": "22.58300", "2006-12-31": "0.65100", "2006-09-30": "24.56400", "2006-06-30": "11.32400", "2006-03-31": "3.45600", "2005-12-31": "-2.58100", "2005-09-30": "40.97100", "2005-06-30": "2.98200", "2005-03-31": "-6.94200"}, "Pre-Tax Income": {"2020-09-30": "336.71700", "2020-06-30": "197.59200", "2020-03-31": "177.63500", "2019-12-31": "287.41190", "2019-09-30": "257.76700", "2019-06-30": "275.77800", "2019-03-31": "166.26500", "2018-12-31": "231.87210", "2018-09-30": "201.32700", "2018-06-30": "236.06800", "2018-03-31": "153.98000", "2017-12-31": "184.45500", "2017-09-30": "189.91400", "2017-06-30": "234.32700", "2017-03-31": "88.37500", "2016-12-31": "177.51200", "2016-09-30": "149.76500", "2016-06-30": "203.80100", "2016-03-31": "107.54700", "2015-12-31": "152.54200", "2015-09-30": "164.89100", "2015-06-30": "173.55800", "2015-03-31": "76.19600", "2014-12-31": "199.89600", "2014-09-30": "172.66200", "2014-06-30": "208.72000", "2014-03-31": "142.46700", "2013-12-31": "204.53900", "2013-09-30": "160.80000", "2013-06-30": "206.58500", "2013-03-31": "81.63400", "2012-12-31": "154.90900", "2012-09-30": "162.62700", "2012-06-30": "207.43600", "2012-03-31": "99.55600", "2011-12-31": "185.12700", "2011-09-30": "175.03600", "2011-06-30": "127.07200", "2011-03-31": "96.92600", "2010-12-31": "156.42400", "2010-09-30": "210.91600", "2010-06-30": "164.40900", "2010-03-31": "45.52300", "2009-12-31": "292.20700", "2009-09-30": "256.67900", "2009-06-30": "199.84100", "2009-03-31": "59.92400", "2008-12-31": "204.34810", "2008-09-30": "211.41200", "2008-06-30": "316.16300", "2008-03-31": "182.44300", "2007-12-31": "348.10300", "2007-09-30": "222.62600", "2007-06-30": "246.63700", "2007-03-31": "160.90700", "2006-12-31": "199.54900", "2006-09-30": "145.53600", "2006-06-30": "145.90000", "2006-03-31": "103.56900", "2005-12-31": "95.61100", "2005-09-30": "126.12700", "2005-06-30": "92.05200", "2005-03-31": "58.81000"}, "Income Taxes": {"2020-09-30": "23.30000", "2020-06-30": "13.41200", "2020-03-31": "16.45500", "2019-12-31": "-73.37900", "2019-09-30": "29.90100", "2019-06-30": "52.12200", "2019-03-31": "26.09200", "2018-12-31": "41.72200", "2018-09-30": "17.11300", "2018-06-30": "45.72600", "2018-03-31": "24.60600", "2017-12-31": "41.90500", "2017-09-30": "38.84000", "2017-06-30": "57.34800", "2017-03-31": "-150.02900", "2016-12-31": "33.99800", "2016-09-30": "24.71100", "2016-06-30": "42.73700", "2016-03-31": "19.45500", "2015-12-31": "20.16000", "2015-09-30": "45.59200", "2015-06-30": "35.80500", "2015-03-31": "9.40300", "2014-12-31": "-10.34800", "2014-09-30": "319.49600", "2014-06-30": "26.73700", "2014-03-31": "23.64900", "2013-12-31": "40.95300", "2013-09-30": "-26.86900", "2013-06-30": "34.09400", "2013-03-31": "-7.03200", "2012-12-31": "25.61600", "2012-09-30": "22.27900", "2012-06-30": "21.53200", "2012-03-31": "12.69800", "2011-12-31": "19.57100", "2011-09-30": "24.65500", "2011-06-30": "17.59500", "2011-03-31": "1.44400", "2010-12-31": "23.51800", "2010-09-30": "-68.63600", "2010-06-30": "29.59300", "2010-03-31": "8.19400", "2009-12-31": "13.79900", "2009-09-30": "41.54600", "2009-06-30": "37.97000", "2009-03-31": "11.38600", "2008-12-31": "46.61500", "2008-09-30": "40.16800", "2008-06-30": "60.07100", "2008-03-31": "34.66400", "2007-12-31": "40.83600", "2007-09-30": "29.11900", "2007-06-30": "32.26000", "2007-03-31": "21.04700", "2006-12-31": "19.20600", "2006-09-30": "22.55800", "2006-06-30": "22.61400", "2006-03-31": "16.05300", "2005-12-31": "8.47700", "2005-09-30": "23.63700", "2005-06-30": "17.85800", "2005-03-31": "11.40900"}, "Income After Taxes": {"2020-09-30": "313.41700", "2020-06-30": "184.18000", "2020-03-31": "161.18000", "2019-12-31": "360.79100", "2019-09-30": "227.86600", "2019-06-30": "223.65600", "2019-03-31": "140.17300", "2018-12-31": "190.15010", "2018-09-30": "184.21400", "2018-06-30": "190.34200", "2018-03-31": "129.37400", "2017-12-31": "142.55000", "2017-09-30": "151.07400", "2017-06-30": "176.97900", "2017-03-31": "238.40400", "2016-12-31": "143.51400", "2016-09-30": "125.05400", "2016-06-30": "161.06400", "2016-03-31": "88.09200", "2015-12-31": "132.38200", "2015-09-30": "119.29900", "2015-06-30": "137.75300", "2015-03-31": "66.79300", "2014-12-31": "210.24400", "2014-09-30": "-146.83400", "2014-06-30": "181.98300", "2014-03-31": "118.81800", "2013-12-31": "163.58600", "2013-09-30": "187.66900", "2013-06-30": "172.49100", "2013-03-31": "88.66600", "2012-12-31": "129.29300", "2012-09-30": "140.34800", "2012-06-30": "185.90400", "2012-03-31": "86.85800", "2011-12-31": "165.55600", "2011-09-30": "150.38100", "2011-06-30": "109.47700", "2011-03-31": "95.48200", "2010-12-31": "132.90600", "2010-09-30": "279.55200", "2010-06-30": "134.81600", "2010-03-31": "37.32900", "2009-12-31": "278.40800", "2009-09-30": "215.13300", "2009-06-30": "161.87100", "2009-03-31": "48.53800", "2008-12-31": "157.73300", "2008-09-30": "171.24400", "2008-06-30": "256.09200", "2008-03-31": "147.77900", "2007-12-31": "307.26700", "2007-09-30": "193.50700", "2007-06-30": "214.37700", "2007-03-31": "139.86000", "2006-12-31": "180.34310", "2006-09-30": "122.97800", "2006-06-30": "123.28600", "2006-03-31": "87.51600", "2005-12-31": "87.13400", "2005-09-30": "102.49000", "2005-06-30": "74.19400", "2005-03-31": "47.40100"}, "Other Income": {"2020-09-30": "", "2020-06-30": "", "2020-03-31": "", "2019-12-31": "", "2019-09-30": "", "2019-06-30": "", "2019-03-31": "", "2018-12-31": "", "2018-09-30": "", "2018-06-30": "", "2018-03-31": "", "2017-12-31": "", "2017-09-30": "", "2017-06-30": "", "2017-03-31": "", "2016-12-31": "", "2016-09-30": "", "2016-06-30": "", "2016-03-31": "", "2015-12-31": "", "2015-09-30": "", "2015-06-30": "", "2015-03-31": "", "2014-12-31": "", "2014-09-30": "", "2014-06-30": "", "2014-03-31": "", "2013-12-31": "", "2013-09-30": "", "2013-06-30": "", "2013-03-31": "", "2012-12-31": "", "2012-09-30": "", "2012-06-30": "", "2012-03-31": "", "2011-12-31": "", "2011-09-30": "", "2011-06-30": "", "2011-03-31": "", "2010-12-31": "", "2010-09-30": "", "2010-06-30": "", "2010-03-31": "", "2009-12-31": "", "2009-09-30": "", "2009-06-30": "", "2009-03-31": "", "2008-12-31": "", "2008-09-30": "", "2008-06-30": "", "2008-03-31": "", "2007-12-31": "", "2007-09-30": "", "2007-06-30": "", "2007-03-31": "", "2006-12-31": "", "2006-09-30": "", "2006-06-30": "", "2006-03-31": "", "2005-12-31": "", "2005-09-30": "", "2005-06-30": "", "2005-03-31": ""}, "Income From Continuous Operations": {"2020-09-30": "313.41700", "2020-06-30": "184.18000", "2020-03-31": "161.18000", "2019-12-31": "360.79100", "2019-09-30": "227.86600", "2019-06-30": "223.65600", "2019-03-31": "140.17300", "2018-12-31": "190.15010", "2018-09-30": "184.21400", "2018-06-30": "190.34200", "2018-03-31": "129.37400", "2017-12-31": "142.55000", "2017-09-30": "151.07400", "2017-06-30": "176.97900", "2017-03-31": "238.40400", "2016-12-31": "143.51400", "2016-09-30": "125.05400", "2016-06-30": "161.06400", "2016-03-31": "88.09200", "2015-12-31": "132.38200", "2015-09-30": "119.29900", "2015-06-30": "137.75300", "2015-03-31": "66.79300", "2014-12-31": "210.24400", "2014-09-30": "-146.83400", "2014-06-30": "181.98300", "2014-03-31": "118.81800", "2013-12-31": "163.58600", "2013-09-30": "187.66900", "2013-06-30": "172.49100", "2013-03-31": "88.66600", "2012-12-31": "129.29300", "2012-09-30": "140.34800", "2012-06-30": "185.90400", "2012-03-31": "86.85800", "2011-12-31": "165.55600", "2011-09-30": "150.38100", "2011-06-30": "109.47700", "2011-03-31": "95.48200", "2010-12-31": "132.90600", "2010-09-30": "279.55200", "2010-06-30": "134.81600", "2010-03-31": "37.32900", "2009-12-31": "278.40800", "2009-09-30": "215.13300", "2009-06-30": "161.87100", "2009-03-31": "48.53800", "2008-12-31": "157.73300", "2008-09-30": "171.24400", "2008-06-30": "256.09200", "2008-03-31": "147.77900", "2007-12-31": "307.26700", "2007-09-30": "193.50700", "2007-06-30": "214.37700", "2007-03-31": "139.86000", "2006-12-31": "180.34310", "2006-09-30": "122.97800", "2006-06-30": "123.28600", "2006-03-31": "87.51600", "2005-12-31": "87.13400", "2005-09-30": "102.49000", "2005-06-30": "74.19400", "2005-03-31": "47.40100"}, "Income From Discontinued Operations": {"2020-09-30": "", "2020-06-30": "", "2020-03-31": "", "2019-12-31": "", "2019-09-30": "", "2019-06-30": "", "2019-03-31": "", "2018-12-31": "", "2018-09-30": "", "2018-06-30": "", "2018-03-31": "", "2017-12-31": "", "2017-09-30": "", "2017-06-30": "", "2017-03-31": "", "2016-12-31": "", "2016-09-30": "", "2016-06-30": "", "2016-03-31": "", "2015-12-31": "", "2015-09-30": "", "2015-06-30": "", "2015-03-31": "", "2014-12-31": "", "2014-09-30": "", "2014-06-30": "", "2014-03-31": "", "2013-12-31": "", "2013-09-30": "", "2013-06-30": "", "2013-03-31": "", "2012-12-31": "", "2012-09-30": "", "2012-06-30": "", "2012-03-31": "", "2011-12-31": "", "2011-09-30": "", "2011-06-30": "", "2011-03-31": "", "2010-12-31": "", "2010-09-30": "", "2010-06-30": "", "2010-03-31": "", "2009-12-31": "", "2009-09-30": "", "2009-06-30": "", "2009-03-31": "", "2008-12-31": "", "2008-09-30": "", "2008-06-30": "", "2008-03-31": "", "2007-12-31": "", "2007-09-30": "", "2007-06-30": "", "2007-03-31": "", "2006-12-31": "", "2006-09-30": "", "2006-06-30": "", "2006-03-31": "", "2005-12-31": "", "2005-09-30": "", "2005-06-30": "", "2005-03-31": ""}, "Net Income": {"2020-09-30": "313.41700", "2020-06-30": "184.18000", "2020-03-31": "161.18000", "2019-12-31": "360.79100", "2019-09-30": "227.86600", "2019-06-30": "223.65600", "2019-03-31": "140.17300", "2018-12-31": "190.15010", "2018-09-30": "184.21400", "2018-06-30": "190.34200", "2018-03-31": "129.37400", "2017-12-31": "142.55000", "2017-09-30": "151.07400", "2017-06-30": "176.97900", "2017-03-31": "238.40400", "2016-12-31": "143.51400", "2016-09-30": "125.05400", "2016-06-30": "161.06400", "2016-03-31": "88.09200", "2015-12-31": "132.38200", "2015-09-30": "119.29900", "2015-06-30": "137.75300", "2015-03-31": "66.79300", "2014-12-31": "210.24400", "2014-09-30": "-146.83400", "2014-06-30": "181.98300", "2014-03-31": "118.81800", "2013-12-31": "163.58600", "2013-09-30": "187.66900", "2013-06-30": "172.49100", "2013-03-31": "88.66600", "2012-12-31": "129.29300", "2012-09-30": "140.34800", "2012-06-30": "185.90400", "2012-03-31": "86.85800", "2011-12-31": "165.55600", "2011-09-30": "150.38100", "2011-06-30": "109.47700", "2011-03-31": "95.48200", "2010-12-31": "132.90600", "2010-09-30": "279.55200", "2010-06-30": "134.81600", "2010-03-31": "37.32900", "2009-12-31": "278.40800", "2009-09-30": "215.13300", "2009-06-30": "161.87100", "2009-03-31": "48.53800", "2008-12-31": "157.73300", "2008-09-30": "171.24400", "2008-06-30": "256.09200", "2008-03-31": "147.77900", "2007-12-31": "307.26700", "2007-09-30": "193.50700", "2007-06-30": "214.37700", "2007-03-31": "139.86000", "2006-12-31": "180.34300", "2006-09-30": "122.97800", "2006-06-30": "123.28600", "2006-03-31": "87.51600", "2005-12-31": "87.13400", "2005-09-30": "102.49000", "2005-06-30": "74.19400", "2005-03-31": "47.40100"}, "EBITDA": {"2020-09-30": "349.67900", "2020-06-30": "217.71700", "2020-03-31": "205.68600", "2019-12-31": "305.08160", "2019-09-30": "288.34100", "2019-06-30": "282.94400", "2019-03-31": "175.39400", "2018-12-31": "247.39210", "2018-09-30": "219.21500", "2018-06-30": "242.58200", "2018-03-31": "165.34800", "2017-12-31": "205.89170", "2017-09-30": "194.51600", "2017-06-30": "230.72500", "2017-03-31": "138.75600", "2016-12-31": "192.56910", "2016-09-30": "180.64900", "2016-06-30": "221.99000", "2016-03-31": "123.99600", "2015-12-31": "165.73910", "2015-09-30": "145.71000", "2015-06-30": "185.93000", "2015-03-31": "130.56200", "2014-12-31": "197.44900", "2014-09-30": "193.61100", "2014-06-30": "237.80000", "2014-03-31": "138.78100", "2013-12-31": "190.80600", "2013-09-30": "172.30000", "2013-06-30": "188.91400", "2013-03-31": "100.81600", "2012-12-31": "179.00890", "2012-09-30": "170.21900", "2012-06-30": "229.66700", "2012-03-31": "115.73200", "2011-12-31": "234.29420", "2011-09-30": "169.41000", "2011-06-30": "147.42300", "2011-03-31": "97.17500", "2010-12-31": "207.07310", "2010-09-30": "187.30800", "2010-06-30": "231.72100", "2010-03-31": "105.22500", "2009-12-31": "322.61210", "2009-09-30": "260.52400", "2009-06-30": "219.73900", "2009-03-31": "79.62100", "2008-12-31": "260.21620", "2008-09-30": "241.86290", "2008-06-30": "247.98700", "2008-03-31": "190.36800", "2007-12-31": "335.75100", "2007-09-30": "226.41100", "2007-06-30": "254.81700", "2007-03-31": "154.40900", "2006-12-31": "208.08180", "2006-09-30": "128.99700", "2006-06-30": "147.87000", "2006-03-31": "114.08500", "2005-12-31": "107.64990", "2005-09-30": "94.34900", "2005-06-30": "104.57300", "2005-03-31": "75.19400"}, "EBIT": {"2020-09-30": "317.10100", "2020-06-30": "188.38900", "2020-03-31": "177.48200", "2019-12-31": "276.52190", "2019-09-30": "261.46000", "2019-06-30": "256.22100", "2019-03-31": "151.38300", "2018-12-31": "222.67410", "2018-09-30": "195.95900", "2018-06-30": "217.50800", "2018-03-31": "142.20200", "2017-12-31": "183.33890", "2017-09-30": "173.64800", "2017-06-30": "209.62200", "2017-03-31": "117.02800", "2016-12-31": "168.77110", "2016-09-30": "159.61600", "2016-06-30": "200.67400", "2016-03-31": "103.80300", "2015-12-31": "145.76210", "2015-09-30": "125.45700", "2015-06-30": "166.66400", "2015-03-31": "111.69800", "2014-12-31": "175.99890", "2014-09-30": "175.50400", "2014-06-30": "218.75400", "2014-03-31": "120.36900", "2013-12-31": "172.47100", "2013-09-30": "151.74900", "2013-06-30": "169.88600", "2013-03-31": "79.92600", "2012-12-31": "149.75890", "2012-09-30": "160.06200", "2012-06-30": "204.00600", "2012-03-31": "90.33300", "2011-12-31": "200.08910", "2011-09-30": "147.33400", "2011-06-30": "131.59100", "2011-03-31": "74.75300", "2010-12-31": "184.64800", "2010-09-30": "166.63700", "2010-06-30": "202.04300", "2010-03-31": "83.34800", "2009-12-31": "292.01590", "2009-09-30": "236.88310", "2009-06-30": "199.15200", "2009-03-31": "57.95900", "2008-12-31": "236.41920", "2008-09-30": "214.36290", "2008-06-30": "238.50300", "2008-03-31": "172.73200", "2007-12-31": "313.30310", "2007-09-30": "214.15700", "2007-06-30": "241.56700", "2007-03-31": "138.32400", "2006-12-31": "198.89790", "2006-09-30": "120.97200", "2006-06-30": "134.57600", "2006-03-31": "100.11300", "2005-12-31": "98.19190", "2005-09-30": "85.15600", "2005-06-30": "89.07000", "2005-03-31": "65.75200"}, "Basic Shares Outstanding": {"2020-09-30": "191.23400", "2020-06-30": "191.02400", "2020-03-31": "190.80300", "2019-12-31": "189.93100", "2019-09-30": "190.10200", "2019-06-30": "189.85500", "2019-03-31": "189.60100", "2018-12-31": "188.63500", "2018-09-30": "188.79900", "2018-06-30": "188.54200", "2018-03-31": "188.32200", "2017-12-31": "187.82800", "2017-09-30": "187.61600", "2017-06-30": "187.75700", "2017-03-31": "188.33300", "2016-12-31": "188.81800", "2016-09-30": "188.69200", "2016-06-30": "188.89200", "2016-03-31": "189.49700", "2015-12-31": "190.63100", "2015-09-30": "190.34200", "2015-06-30": "191.10100", "2015-03-31": "191.76200", "2014-12-31": "193.10600", "2014-09-30": "192.23900", "2014-06-30": "193.77100", "2014-03-31": "195.09000", "2013-12-31": "195.41100", "2013-09-30": "195.32500", "2013-06-30": "195.57000", "2013-03-31": "195.63000", "2012-12-31": "194.90900", "2012-09-30": "194.91200", "2012-06-30": "194.84900", "2012-03-31": "194.74200", "2011-12-31": "194.10500", "2011-09-30": "194.11200", "2011-06-30": "194.05100", "2011-03-31": "193.92200", "2010-12-31": "196.97900", "2010-09-30": "194.48200", "2010-06-30": "198.94800", "2010-03-31": "199.92600", "2009-12-31": "200.39500", "2009-09-30": "200.54600", "2009-06-30": "200.29600", "2009-03-31": "200.35200", "2008-12-31": "208.99300", "2008-09-30": "206.63400", "2008-06-30": "213.75600", "2008-03-31": "216.50500", "2007-12-31": "216.52400", "2007-09-30": "216.77300", "2007-06-30": "216.38000", "2007-03-31": "216.21500", "2006-12-31": "216.34000", "2006-09-30": "216.31700", "2006-06-30": "216.81800", "2006-03-31": "216.37000", "2005-12-31": "216.29400", "2005-09-30": "215.69000", "2005-06-30": "216.73600", "2005-03-31": "216.81600"}, "Shares Outstanding": {"2020-09-30": "191.99800", "2020-06-30": "191.59700", "2020-03-31": "191.68400", "2019-12-31": "190.89900", "2019-09-30": "190.96200", "2019-06-30": "190.71400", "2019-03-31": "190.59900", "2018-12-31": "189.73400", "2018-09-30": "190.00500", "2018-06-30": "189.46100", "2018-03-31": "189.29200", "2017-12-31": "188.73200", "2017-09-30": "188.49000", "2017-06-30": "188.49200", "2017-03-31": "189.03100", "2016-12-31": "189.34300", "2016-09-30": "189.23800", "2016-06-30": "189.35600", "2016-03-31": "189.65100", "2015-12-31": "191.10700", "2015-09-30": "190.82200", "2015-06-30": "191.60000", "2015-03-31": "192.34100", "2014-12-31": "194.16500", "2014-09-30": "192.23900", "2014-06-30": "194.95500", "2014-03-31": "195.86000", "2013-12-31": "196.33900", "2013-09-30": "196.30000", "2013-06-30": "196.30000", "2013-03-31": "196.45700", "2012-12-31": "196.21300", "2012-09-30": "196.16100", "2012-06-30": "196.26100", "2012-03-31": "195.67300", "2011-12-31": "194.89400", "2011-09-30": "194.82800", "2011-06-30": "194.87500", "2011-03-31": "194.72000", "2010-12-31": "198.00900", "2010-09-30": "195.30500", "2010-06-30": "200.10200", "2010-03-31": "201.09100", "2009-12-31": "201.16100", "2009-09-30": "201.59900", "2009-06-30": "200.85300", "2009-03-31": "200.72500", "2008-12-31": "210.68000", "2008-09-30": "208.10700", "2008-06-30": "215.57200", "2008-03-31": "218.97900", "2007-12-31": "219.87500", "2007-09-30": "220.64400", "2007-06-30": "219.07800", "2007-03-31": "218.70400", "2006-12-31": "218.84500", "2006-09-30": "218.86600", "2006-06-30": "219.34400", "2006-03-31": "218.32200", "2005-12-31": "218.23600", "2005-09-30": "217.86000", "2005-06-30": "218.28600", "2005-03-31": "218.84200"}, "Basic EPS": {"2020-09-30": "1.64000", "2020-06-30": "0.96000", "2020-03-31": "0.84000", "2019-12-31": "1.89000", "2019-09-30": "1.20000", "2019-06-30": "1.18000", "2019-03-31": "0.74000", "2018-12-31": "1.00000", "2018-09-30": "0.98000", "2018-06-30": "1.01000", "2018-03-31": "0.69000", "2017-12-31": "0.75000", "2017-09-30": "0.81000", "2017-06-30": "0.94000", "2017-03-31": "1.27000", "2016-12-31": "0.77000", "2016-09-30": "0.66000", "2016-06-30": "0.85000", "2016-03-31": "0.46000", "2015-12-31": "0.69000", "2015-09-30": "0.63000", "2015-06-30": "0.72000", "2015-03-31": "0.35000", "2014-12-31": "1.10000", "2014-09-30": "-0.76000", "2014-06-30": "0.94000", "2014-03-31": "0.61000", "2013-12-31": "0.84000", "2013-09-30": "0.96000", "2013-06-30": "0.88000", "2013-03-31": "0.45000", "2012-12-31": "0.66000", "2012-09-30": "0.72000", "2012-06-30": "0.95000", "2012-03-31": "0.45000", "2011-12-31": "0.86000", "2011-09-30": "0.77000", "2011-06-30": "0.56000", "2011-03-31": "0.49000", "2010-12-31": "0.66000", "2010-09-30": "1.44000", "2010-06-30": "0.68000", "2010-03-31": "0.19000", "2009-12-31": "1.39000", "2009-09-30": "1.07000", "2009-06-30": "0.81000", "2009-03-31": "0.24000", "2008-12-31": "0.80000", "2008-09-30": "0.83000", "2008-06-30": "1.20000", "2008-03-31": "0.68000", "2007-12-31": "1.42000", "2007-09-30": "0.89000", "2007-06-30": "0.99000", "2007-03-31": "0.65000", "2006-12-31": "0.84000", "2006-09-30": "0.57000", "2006-06-30": "0.57000", "2006-03-31": "0.40000", "2005-12-31": "0.40000", "2005-09-30": "0.48000", "2005-06-30": "0.34000", "2005-03-31": "0.22000"}, "EPS - Earnings Per Share": {"2020-09-30": "1.63000", "2020-06-30": "0.96000", "2020-03-31": "0.84000", "2019-12-31": "1.89000", "2019-09-30": "1.19000", "2019-06-30": "1.17000", "2019-03-31": "0.74000", "2018-12-31": "1.01000", "2018-09-30": "0.97000", "2018-06-30": "1.00000", "2018-03-31": "0.68000", "2017-12-31": "0.76000", "2017-09-30": "0.80000", "2017-06-30": "0.94000", "2017-03-31": "1.26000", "2016-12-31": "0.76000", "2016-09-30": "0.66000", "2016-06-30": "0.85000", "2016-03-31": "0.46000", "2015-12-31": "0.69000", "2015-09-30": "0.63000", "2015-06-30": "0.72000", "2015-03-31": "0.35000", "2014-12-31": "1.10000", "2014-09-30": "-0.76000", "2014-06-30": "0.93000", "2014-03-31": "0.61000", "2013-12-31": "0.83000", "2013-09-30": "0.96000", "2013-06-30": "0.88000", "2013-03-31": "0.45000", "2012-12-31": "0.65000", "2012-09-30": "0.72000", "2012-06-30": "0.95000", "2012-03-31": "0.44000", "2011-12-31": "0.85000", "2011-09-30": "0.77000", "2011-06-30": "0.56000", "2011-03-31": "0.49000", "2010-12-31": "0.66000", "2010-09-30": "1.43000", "2010-06-30": "0.67000", "2010-03-31": "0.19000", "2009-12-31": "1.38000", "2009-09-30": "1.07000", "2009-06-30": "0.81000", "2009-03-31": "0.24000", "2008-12-31": "0.80000", "2008-09-30": "0.82000", "2008-06-30": "1.19000", "2008-03-31": "0.67000", "2007-12-31": "1.39000", "2007-09-30": "0.88000", "2007-06-30": "0.98000", "2007-03-31": "0.64000", "2006-12-31": "0.83000", "2006-09-30": "0.56000", "2006-06-30": "0.56000", "2006-03-31": "0.40000", "2005-12-31": "0.40500", "2005-09-30": "0.47000", "2005-06-30": "0.34000", "2005-03-31": "0.21500"}}, "balance sheet": {"Cash On Hand": {"2019-12-31": "1404.03000", "2018-12-31": "1384.72100", "2017-12-31": "1053.17500", "2016-12-31": "1113.83500", "2015-12-31": "1048.23100", "2014-12-31": "1364.25700", "2013-12-31": "1329.01100", "2012-12-31": "1384.26300", "2011-12-31": "1398.31300", "2010-12-31": "1285.35400", "2009-12-31": "1111.16400", "2008-12-31": "709.22100", "2007-12-31": "745.24010", "2006-12-31": "410.35400", "2005-12-31": "366.40200"}, "Receivables": {"2019-12-31": "706.76300", "2018-12-31": "569.83300", "2017-12-31": "590.88200", "2016-12-31": "527.06200", "2015-12-31": "531.48100", "2014-12-31": "570.19100", "2013-12-31": "564.58600", "2012-12-31": "603.67300", "2011-12-31": "607.45000", "2010-12-31": "747.24900", "2009-12-31": "874.11000", "2008-12-31": "741.32100", "2007-12-31": "952.51300", "2006-12-31": "403.52400", "2005-12-31": "170.99700"}, "Inventory": {"2019-12-31": "752.90800", "2018-12-31": "561.84000", "2017-12-31": "517.64400", "2016-12-31": "484.82100", "2015-12-31": "500.55400", "2014-12-31": "420.47500", "2013-12-31": "382.22600", "2012-12-31": "389.93100", "2011-12-31": "397.74100", "2010-12-31": "387.57700", "2009-12-31": "309.93800", "2008-12-31": "425.31200", "2007-12-31": "505.46700", "2006-12-31": "271.00800", "2005-12-31": "199.84100"}, "Pre-Paid Expenses": {"2019-12-31": "169.04400", "2018-12-31": "120.51200", "2017-12-31": "153.91200", "2016-12-31": "89.90300", "2015-12-31": "81.64500", "2014-12-31": "48.61500", "2013-12-31": "55.24300", "2012-12-31": "35.52000", "2011-12-31": "77.63000", "2010-12-31": "24.89400", "2009-12-31": "34.15600", "2008-12-31": "58.74600", "2007-12-31": "22.17900", "2006-12-31": "28.20200", "2005-12-31": "34.31200"}, "Other Current Assets": {"2019-12-31": "", "2018-12-31": "", "2017-12-31": "", "2016-12-31": "", "2015-12-31": "", "2014-12-31": "", "2013-12-31": "", "2012-12-31": "", "2011-12-31": "", "2010-12-31": "", "2009-12-31": "", "2008-12-31": "", "2007-12-31": "", "2006-12-31": "", "2005-12-31": ""}, "Total Current Assets": {"2019-12-31": "3057.85000", "2018-12-31": "2665.36800", "2017-12-31": "2346.13800", "2016-12-31": "2263.01600", "2015-12-31": "2211.08700", "2014-12-31": "2510.97600", "2013-12-31": "2595.63600", "2012-12-31": "2536.12000", "2011-12-31": "2574.83700", "2010-12-31": "2498.75500", "2009-12-31": "2396.07900", "2008-12-31": "1984.42500", "2007-12-31": "2332.77500", "2006-12-31": "1169.08400", "2005-12-31": "801.16700"}, "Property, Plant, And Equipment": {"2019-12-31": "728.92100", "2018-12-31": "663.52700", "2017-12-31": "595.68400", "2016-12-31": "482.87800", "2015-12-31": "446.08900", "2014-12-31": "430.88700", "2013-12-31": "414.84800", "2012-12-31": "409.75100", "2011-12-31": "417.10500", "2010-12-31": "427.80500", "2009-12-31": "441.33800", "2008-12-31": "445.25200", "2007-12-31": "374.14700", "2006-12-31": "250.98800", "2005-12-31": "179.17300"}, "Long-Term Investments": {"2019-12-31": "1205.47500", "2018-12-31": "1330.12300", "2017-12-31": "1260.03300", "2016-12-31": "1213.28500", "2015-12-31": "1343.38700", "2014-12-31": "1407.34400", "2013-12-31": "1502.10600", "2012-12-31": "1488.31200", "2011-12-31": "1097.00200", "2010-12-31": "777.40100", "2009-12-31": "746.46400", "2008-12-31": "262.00900", "2007-12-31": "386.95400", "2006-12-31": "407.84300", "2005-12-31": "344.67300"}, "Goodwill And Intangible Assets": {"2019-12-31": "659.62900", "2018-12-31": "417.08000", "2017-12-31": "409.80100", "2016-12-31": "305.00200", "2015-12-31": "245.55200", "2014-12-31": "218.08300", "2013-12-31": "219.49400", "2012-12-31": "232.59700", "2011-12-31": "246.64600", "2010-12-31": "185.15200", "2009-12-31": "213.66000", "2008-12-31": "230.95400", "2007-12-31": "196.03000", "2006-12-31": "67.58000", "2005-12-31": "35.86600"}, "Other Long-Term Assets": {"2019-12-31": "159.32400", "2018-12-31": "100.32800", "2017-12-31": "107.62300", "2016-12-31": "94.50800", "2015-12-31": "97.98900", "2014-12-31": "22.16100", "2013-12-31": "18.03800", "2012-12-31": "16.06500", "2011-12-31": "6.28800", "2010-12-31": "1.27700", "2009-12-31": "2.04700", "2008-12-31": "1.94100", "2007-12-31": "1.55400", "2006-12-31": "1.52500", "2005-12-31": "1.35600"}, "Total Long-Term Assets": {"2019-12-31": "3108.94900", "2018-12-31": "2717.49000", "2017-12-31": "2602.15100", "2016-12-31": "2262.11700", "2015-12-31": "2288.30400", "2014-12-31": "2182.32700", "2013-12-31": "2283.96700", "2012-12-31": "2283.00400", "2011-12-31": "1896.50100", "2010-12-31": "1489.93300", "2009-12-31": "1432.00300", "2008-12-31": "949.99600", "2007-12-31": "958.68500", "2006-12-31": "727.93600", "2005-12-31": "561.06810"}, "Total Assets": {"2019-12-31": "6166.79900", "2018-12-31": "5382.85800", "2017-12-31": "4948.28900", "2016-12-31": "4525.13300", "2015-12-31": "4499.39100", "2014-12-31": "4693.30300", "2013-12-31": "4879.60300", "2012-12-31": "4819.12400", "2011-12-31": "4471.33800", "2010-12-31": "3988.68800", "2009-12-31": "3828.08200", "2008-12-31": "2934.42100", "2007-12-31": "3291.46000", "2006-12-31": "1897.02000", "2005-12-31": "1362.23500"}, "Total Current Liabilities": {"2019-12-31": "1035.93300", "2018-12-31": "921.31300", "2017-12-31": "792.11500", "2016-12-31": "782.73500", "2015-12-31": "865.99800", "2014-12-31": "1033.26100", "2013-12-31": "905.30400", "2012-12-31": "909.02600", "2011-12-31": "858.27900", "2010-12-31": "669.03700", "2009-12-31": "685.87600", "2008-12-31": "479.17600", "2007-12-31": "801.88300", "2006-12-31": "337.68200", "2005-12-31": "195.48500"}, "Long Term Debt": {"2019-12-31": "", "2018-12-31": "", "2017-12-31": "", "2016-12-31": "", "2015-12-31": "", "2014-12-31": "", "2013-12-31": "", "2012-12-31": "", "2011-12-31": "", "2010-12-31": "", "2009-12-31": "", "2008-12-31": "", "2007-12-31": "", "2006-12-31": "0.24800", "2005-12-31": ""}, "Other Non-Current Liabilities": {"2019-12-31": "106.04900", "2018-12-31": "129.06100", "2017-12-31": "140.08300", "2016-12-31": "122.76800", "2015-12-31": "103.32600", "2014-12-31": "82.04800", "2013-12-31": "141.82300", "2012-12-31": "182.78800", "2011-12-31": "163.39500", "2010-12-31": "155.02700", "2009-12-31": "257.01500", "2008-12-31": "215.48100", "2007-12-31": "127.02800", "2006-12-31": "", "2005-12-31": ""}, "Total Long Term Liabilities": {"2019-12-31": "337.37000", "2018-12-31": "298.57100", "2017-12-31": "303.75500", "2016-12-31": "324.39500", "2015-12-31": "288.26700", "2014-12-31": "256.67500", "2013-12-31": "314.59300", "2012-12-31": "378.30200", "2011-12-31": "356.47800", "2010-12-31": "270.08900", "2009-12-31": "305.75900", "2008-12-31": "229.39100", "2007-12-31": "138.96300", "2006-12-31": "1.43900", "2005-12-31": "9.48600"}, "Total Liabilities": {"2019-12-31": "1373.30300", "2018-12-31": "1219.88400", "2017-12-31": "1095.87000", "2016-12-31": "1107.13000", "2015-12-31": "1154.26500", "2014-12-31": "1289.93600", "2013-12-31": "1219.89700", "2012-12-31": "1287.32800", "2011-12-31": "1214.75700", "2010-12-31": "939.12600", "2009-12-31": "991.63500", "2008-12-31": "708.56700", "2007-12-31": "940.84600", "2006-12-31": "339.12100", "2005-12-31": "204.97100"}, "Common Stock Net": {"2019-12-31": "17.97900", "2018-12-31": "17.97900", "2017-12-31": "17.97900", "2016-12-31": "17.97900", "2015-12-31": "1797.43500", "2014-12-31": "1797.43500", "2013-12-31": "1797.43500", "2012-12-31": "1797.43500", "2011-12-31": "1797.43500", "2010-12-31": "1797.43500", "2009-12-31": "1.00100", "2008-12-31": "1.00200", "2007-12-31": "1.08600", "2006-12-31": "1.08200", "2005-12-31": "1.08100"}, "Retained Earnings (Accumulated Deficit)": {"2019-12-31": "3229.06100", "2018-12-31": "2710.61900", "2017-12-31": "2418.44400", "2016-12-31": "2056.70200", "2015-12-31": "1930.51700", "2014-12-31": "1859.97200", "2013-12-31": "1865.58700", "2012-12-31": "1604.62500", "2011-12-31": "1413.58200", "2010-12-31": "1264.61300", "2009-12-31": "2816.60700", "2008-12-31": "2262.50300", "2007-12-31": "2171.13400", "2006-12-31": "1478.65400", "2005-12-31": "1072.45400"}, "Comprehensive Income": {"2019-12-31": "55.87400", "2018-12-31": "8.43000", "2017-12-31": "56.42800", "2016-12-31": "-36.76100", "2015-12-31": "-30.42800", "2014-12-31": "2.57100", "2013-12-31": "38.04100", "2012-12-31": "138.55400", "2011-12-31": "87.19300", "2010-12-31": "56.00400", "2009-12-31": "-13.38200", "2008-12-31": "-37.65100", "2007-12-31": "46.13000", "2006-12-31": "-5.27500", "2005-12-31": "-12.51300"}, "Other Share Holders Equity": {"2019-12-31": "", "2018-12-31": "", "2017-12-31": "", "2016-12-31": "", "2015-12-31": "", "2014-12-31": "", "2013-12-31": "", "2012-12-31": "", "2011-12-31": "", "2010-12-31": "", "2009-12-31": "", "2008-12-31": "", "2007-12-31": "", "2006-12-31": "", "2005-12-31": ""}, "Share Holder Equity": {"2019-12-31": "4793.49600", "2018-12-31": "4162.97400", "2017-12-31": "3852.41900", "2016-12-31": "3418.00300", "2015-12-31": "3345.12600", "2014-12-31": "3403.36700", "2013-12-31": "3659.70600", "2012-12-31": "3531.79600", "2011-12-31": "3256.58100", "2010-12-31": "3049.56200", "2009-12-31": "2836.44700", "2008-12-31": "2225.85400", "2007-12-31": "2350.61400", "2006-12-31": "1557.89900", "2005-12-31": "1157.26400"}, "Total Liabilities And Share Holders Equity": {"2019-12-31": "6166.79900", "2018-12-31": "5382.85800", "2017-12-31": "4948.28900", "2016-12-31": "4525.13300", "2015-12-31": "4499.39100", "2014-12-31": "4693.30300", "2013-12-31": "4879.60300", "2012-12-31": "4819.12400", "2011-12-31": "4471.33800", "2010-12-31": "3988.68800", "2009-12-31": "3828.08200", "2008-12-31": "2934.42100", "2007-12-31": "3291.46000", "2006-12-31": "1897.02000", "2005-12-31": "1362.23500"}}, "balance sheet, quarterly": {"Cash On Hand": {"2020-09-30": "1653.68000", "2020-06-30": "1735.80400", "2020-03-31": "1440.25000", "2019-12-31": "1404.03000", "2019-09-30": "1276.94400", "2019-06-30": "1059.94600", "2019-03-31": "1313.33600", "2018-12-31": "1384.72100", "2018-09-30": "1230.09400", "2018-06-30": "1119.97400", "2018-03-31": "1066.72600", "2017-12-31": "1053.17500", "2017-09-30": "1144.97800", "2017-06-30": "1108.46400", "2017-03-31": "1091.97700", "2016-12-31": "1113.83500", "2016-09-30": "1114.11900", "2016-06-30": "1053.71700", "2016-03-31": "1055.82600", "2015-12-31": "1048.23100", "2015-09-30": "1126.74100", "2015-06-30": "1137.19000", "2015-03-31": "1441.60000", "2014-12-31": "1364.25700", "2014-09-30": "1305.92400", "2014-06-30": "1395.78700", "2014-03-31": "1300.35100", "2013-12-31": "1329.01100", "2013-09-30": "1202.95300", "2013-06-30": "1226.07200", "2013-03-31": "1238.91800", "2012-12-31": "1384.26300", "2012-09-30": "1369.52100", "2012-06-30": "1364.89600", "2012-03-31": "1375.14700", "2011-12-31": "1398.31300", "2011-09-30": "1462.19000", "2011-06-30": "1481.49700", "2011-03-31": "1252.33800", "2010-12-31": "1285.35400", "2010-09-30": "1257.88500", "2010-06-30": "1191.79100", "2010-03-31": "1310.97800", "2009-12-31": "1111.16400", "2009-09-30": "1029.40600", "2009-06-30": "977.79800", "2009-03-31": "938.07600", "2008-12-31": "709.22100", "2008-09-30": "539.58800", "2008-06-30": "660.81700", "2008-03-31": "616.79100", "2007-12-31": "745.24010", "2007-09-30": "762.41700", "2007-06-30": "815.10600", "2007-03-31": "573.05400", "2006-12-31": "410.35400", "2006-09-30": "461.33200", "2006-06-30": "420.74900", "2006-03-31": "360.87200", "2005-12-31": "366.40200", "2005-09-30": "367.29300", "2005-06-30": "342.70300", "2005-03-31": "301.46300"}, "Receivables": {"2020-09-30": "658.00000", "2020-06-30": "523.90100", "2020-03-31": "500.24200", "2019-12-31": "706.76300", "2019-09-30": "558.29900", "2019-06-30": "583.91300", "2019-03-31": "453.06900", "2018-12-31": "569.83300", "2018-09-30": "467.78400", "2018-06-30": "533.07600", "2018-03-31": "409.70400", "2017-12-31": "590.88200", "2017-09-30": "457.39100", "2017-06-30": "514.94200", "2017-03-31": "391.34500", "2016-12-31": "527.06200", "2016-09-30": "461.35500", "2016-06-30": "510.30900", "2016-03-31": "408.28300", "2015-12-31": "531.48100", "2015-09-30": "431.94200", "2015-06-30": "502.03400", "2015-03-31": "425.65000", "2014-12-31": "570.19100", "2014-09-30": "478.72200", "2014-06-30": "496.97900", "2014-03-31": "427.45700", "2013-12-31": "564.58600", "2013-09-30": "475.70700", "2013-06-30": "484.24600", "2013-03-31": "450.59400", "2012-12-31": "603.67300", "2012-09-30": "508.72500", "2012-06-30": "486.39500", "2012-03-31": "430.14500", "2011-12-31": "607.45000", "2011-09-30": "519.22600", "2011-06-30": "493.05700", "2011-03-31": "434.93500", "2010-12-31": "747.24900", "2010-09-30": "524.92400", "2010-06-30": "499.32400", "2010-03-31": "418.52000", "2009-12-31": "874.11000", "2009-09-30": "573.84700", "2009-06-30": "519.43300", "2009-03-31": "420.08100", "2008-12-31": "741.32100", "2008-09-30": "678.75000", "2008-06-30": "679.78900", "2008-03-31": "515.64800", "2007-12-31": "952.51300", "2007-09-30": "520.53800", "2007-06-30": "506.48300", "2007-03-31": "334.01000", "2006-12-31": "403.52400", "2006-09-30": "249.84900", "2006-06-30": "295.79500", "2006-03-31": "200.25100", "2005-12-31": "170.99700", "2005-09-30": "151.77700", "2005-06-30": "154.69700", "2005-03-31": "101.72000"}, "Inventory": {"2020-09-30": "821.37700", "2020-06-30": "813.24300", "2020-03-31": "790.18000", "2019-12-31": "752.90800", "2019-09-30": "749.82500", "2019-06-30": "648.14000", "2019-03-31": "598.38700", "2018-12-31": "561.84000", "2018-09-30": "556.64000", "2018-06-30": "501.49000", "2018-03-31": "547.41200", "2017-12-31": "517.64400", "2017-09-30": "575.33500", "2017-06-30": "525.16700", "2017-03-31": "533.15100", "2016-12-31": "484.82100", "2016-09-30": "534.68300", "2016-06-30": "508.16100", "2016-03-31": "517.76700", "2015-12-31": "500.55400", "2015-09-30": "503.18300", "2015-06-30": "458.45100", "2015-03-31": "470.44400", "2014-12-31": "420.47500", "2014-09-30": "466.48200", "2014-06-30": "429.67300", "2014-03-31": "442.02500", "2013-12-31": "382.22600", "2013-09-30": "416.72500", "2013-06-30": "383.49200", "2013-03-31": "396.01000", "2012-12-31": "389.93100", "2012-09-30": "443.41600", "2012-06-30": "384.20700", "2012-03-31": "407.47600", "2011-12-31": "397.74100", "2011-09-30": "461.30400", "2011-06-30": "385.67800", "2011-03-31": "411.02100", "2010-12-31": "387.57700", "2010-09-30": "494.35400", "2010-06-30": "358.57600", "2010-03-31": "356.07300", "2009-12-31": "309.93800", "2009-09-30": "373.29000", "2009-06-30": "323.16100", "2009-03-31": "353.53200", "2008-12-31": "425.31200", "2008-09-30": "698.92700", "2008-06-30": "656.01800", "2008-03-31": "676.05100", "2007-12-31": "505.46700", "2007-09-30": "493.73900", "2007-06-30": "290.68200", "2007-03-31": "283.20000", "2006-12-31": "271.00800", "2006-09-30": "333.47100", "2006-06-30": "227.91200", "2006-03-31": "200.25300", "2005-12-31": "199.84100", "2005-09-30": "173.19800", "2005-06-30": "160.32800", "2005-03-31": "166.42900"}, "Pre-Paid Expenses": {"2020-09-30": "187.74600", "2020-06-30": "163.45800", "2020-03-31": "174.56400", "2019-12-31": "169.04400", "2019-09-30": "146.32500", "2019-06-30": "141.53900", "2019-03-31": "119.77800", "2018-12-31": "120.51200", "2018-09-30": "117.86600", "2018-06-30": "137.11800", "2018-03-31": "138.11400", "2017-12-31": "153.91200", "2017-09-30": "107.28700", "2017-06-30": "106.75800", "2017-03-31": "94.31300", "2016-12-31": "89.90300", "2016-09-30": "90.73300", "2016-06-30": "93.84800", "2016-03-31": "96.39600", "2015-12-31": "81.64500", "2015-09-30": "72.70400", "2015-06-30": "83.73000", "2015-03-31": "57.62400", "2014-12-31": "48.61500", "2014-09-30": "59.05800", "2014-06-30": "58.74800", "2014-03-31": "54.99900", "2013-12-31": "55.24300", "2013-09-30": "225.06700", "2013-06-30": "135.10400", "2013-03-31": "106.37100", "2012-12-31": "35.52000", "2012-09-30": "50.88200", "2012-06-30": "51.98300", "2012-03-31": "48.30400", "2011-12-31": "77.63000", "2011-09-30": "53.11700", "2011-06-30": "46.26100", "2011-03-31": "38.01800", "2010-12-31": "24.89400", "2010-09-30": "35.80700", "2010-06-30": "52.75800", "2010-03-31": "63.42700", "2009-12-31": "34.15600", "2009-09-30": "49.56900", "2009-06-30": "65.08100", "2009-03-31": "55.34800", "2008-12-31": "58.74600", "2008-09-30": "32.20400", "2008-06-30": "27.71200", "2008-03-31": "24.12900", "2007-12-31": "22.17900", "2007-09-30": "23.53800", "2007-06-30": "19.10400", "2007-03-31": "25.13600", "2006-12-31": "28.20200", "2006-09-30": "25.03400", "2006-06-30": "34.35800", "2006-03-31": "46.36100", "2005-12-31": "34.31200", "2005-09-30": "17.83400", "2005-06-30": "19.27000", "2005-03-31": "16.99100"}, "Other Current Assets": {"2020-09-30": "", "2020-06-30": "", "2020-03-31": "", "2019-12-31": "", "2019-09-30": "", "2019-06-30": "", "2019-03-31": "", "2018-12-31": "", "2018-09-30": "", "2018-06-30": "", "2018-03-31": "", "2017-12-31": "", "2017-09-30": "", "2017-06-30": "", "2017-03-31": "", "2016-12-31": "", "2016-09-30": "", "2016-06-30": "", "2016-03-31": "", "2015-12-31": "", "2015-09-30": "", "2015-06-30": "", "2015-03-31": "", "2014-12-31": "", "2014-09-30": "", "2014-06-30": "", "2014-03-31": "", "2013-12-31": "", "2013-09-30": "", "2013-06-30": "", "2013-03-31": "", "2012-12-31": "", "2012-09-30": "", "2012-06-30": "", "2012-03-31": "", "2011-12-31": "", "2011-09-30": "", "2011-06-30": "", "2011-03-31": "", "2010-12-31": "", "2010-09-30": "", "2010-06-30": "", "2010-03-31": "", "2009-12-31": "", "2009-09-30": "", "2009-06-30": "", "2009-03-31": "", "2008-12-31": "", "2008-09-30": "", "2008-06-30": "", "2008-03-31": "", "2007-12-31": "", "2007-09-30": "", "2007-06-30": "", "2007-03-31": "", "2006-12-31": "", "2006-09-30": "", "2006-06-30": "", "2006-03-31": "", "2005-12-31": "", "2005-09-30": "", "2005-06-30": "", "2005-03-31": ""}, "Total Current Assets": {"2020-09-30": "3341.87000", "2020-06-30": "3258.43900", "2020-03-31": "2928.88600", "2019-12-31": "3057.85000", "2019-09-30": "2757.84300", "2019-06-30": "2460.57800", "2019-03-31": "2512.13700", "2018-12-31": "2665.36800", "2018-09-30": "2400.61900", "2018-06-30": "2323.58200", "2018-03-31": "2191.28300", "2017-12-31": "2346.13800", "2017-09-30": "2332.47400", "2017-06-30": "2304.93400", "2017-03-31": "2156.91000", "2016-12-31": "2263.01600", "2016-09-30": "2247.45900", "2016-06-30": "2212.58700", "2016-03-31": "2129.13300", "2015-12-31": "2211.08700", "2015-09-30": "2231.95300", "2015-06-30": "2283.29600", "2015-03-31": "2500.30700", "2014-12-31": "2510.97600", "2014-09-30": "2421.48500", "2014-06-30": "2496.56900", "2014-03-31": "2387.49500", "2013-12-31": "2595.63600", "2013-09-30": "2444.63800", "2013-06-30": "2346.25900", "2013-03-31": "2313.95500", "2012-12-31": "2536.12000", "2012-09-30": "2473.04800", "2012-06-30": "2381.21400", "2012-03-31": "2349.26600", "2011-12-31": "2574.83700", "2011-09-30": "2553.91400", "2011-06-30": "2462.52700", "2011-03-31": "2192.83700", "2010-12-31": "2498.75500", "2010-09-30": "2371.39800", "2010-06-30": "2159.51700", "2010-03-31": "2209.35900", "2009-12-31": "2396.07900", "2009-09-30": "2078.93600", "2009-06-30": "1944.80400", "2009-03-31": "1827.83200", "2008-12-31": "1984.42500", "2008-09-30": "2036.57800", "2008-06-30": "2117.57100", "2008-03-31": "1931.12500", "2007-12-31": "2332.77500", "2007-09-30": "1857.93200", "2007-06-30": "1688.30900", "2007-03-31": "1270.53800", "2006-12-31": "1169.08400", "2006-09-30": "1132.34500", "2006-06-30": "1023.86300", "2006-03-31": "844.46000", "2005-12-31": "801.16700", "2005-09-30": "757.72300", "2005-06-30": "719.31000", "2005-03-31": "623.56500"}, "Property, Plant, And Equipment": {"2020-09-30": "813.56100", "2020-06-30": "791.17500", "2020-03-31": "754.54900", "2019-12-31": "728.92100", "2019-09-30": "710.59100", "2019-06-30": "702.10800", "2019-03-31": "672.29900", "2018-12-31": "663.52700", "2018-09-30": "650.80500", "2018-06-30": "637.24500", "2018-03-31": "604.81300", "2017-12-31": "595.68400", "2017-09-30": "554.44100", "2017-06-30": "517.29000", "2017-03-31": "503.84000", "2016-12-31": "482.87800", "2016-09-30": "454.24600", "2016-06-30": "450.65400", "2016-03-31": "448.96700", "2015-12-31": "446.08900", "2015-09-30": "439.09400", "2015-06-30": "445.67200", "2015-03-31": "436.10400", "2014-12-31": "430.88700", "2014-09-30": "431.75300", "2014-06-30": "428.48200", "2014-03-31": "417.16400", "2013-12-31": "414.84800", "2013-09-30": "413.67500", "2013-06-30": "410.53300", "2013-03-31": "407.59100", "2012-12-31": "409.75100", "2012-09-30": "407.85300", "2012-06-30": "407.85000", "2012-03-31": "412.59200", "2011-12-31": "417.10500", "2011-09-30": "423.04100", "2011-06-30": "423.69700", "2011-03-31": "427.11000", "2010-12-31": "427.80500", "2010-09-30": "427.85600", "2010-06-30": "426.80500", "2010-03-31": "432.60600", "2009-12-31": "441.33800", "2009-09-30": "444.17200", "2009-06-30": "443.02600", "2009-03-31": "440.61100", "2008-12-31": "445.25200", "2008-09-30": "453.41900", "2008-06-30": "449.72700", "2008-03-31": "392.00100", "2007-12-31": "374.14700", "2007-09-30": "358.57800", "2007-06-30": "350.29900", "2007-03-31": "257.93500", "2006-12-31": "250.98800", "2006-09-30": "209.13500", "2006-06-30": "195.38300", "2006-03-31": "188.82000", "2005-12-31": "179.17300", "2005-09-30": "177.06400", "2005-06-30": "179.76600", "2005-03-31": "180.34200"}, "Long-Term Investments": {"2020-09-30": "1058.10300", "2020-06-30": "993.02100", "2020-03-31": "1199.61300", "2019-12-31": "1205.47500", "2019-09-30": "1252.21900", "2019-06-30": "1319.02600", "2019-03-31": "1337.77100", "2018-12-31": "1330.12300", "2018-09-30": "1301.11100", "2018-06-30": "1302.44700", "2018-03-31": "1309.18500", "2017-12-31": "1260.03300", "2017-09-30": "1210.32300", "2017-06-30": "1200.43200", "2017-03-31": "1211.14100", "2016-12-31": "1213.28500", "2016-09-30": "1327.34700", "2016-06-30": "1306.15900", "2016-03-31": "1279.79900", "2015-12-31": "1343.38700", "2015-09-30": "1290.14700", "2015-06-30": "1309.40500", "2015-03-31": "1259.10200", "2014-12-31": "1407.34400", "2014-09-30": "1453.04700", "2014-06-30": "1456.10300", "2014-03-31": "1571.16600", "2013-12-31": "1502.10600", "2013-09-30": "1594.14400", "2013-06-30": "1475.76100", "2013-03-31": "1479.76400", "2012-12-31": "1488.31200", "2012-09-30": "1349.17600", "2012-06-30": "1280.35400", "2012-03-31": "1161.10900", "2011-12-31": "1097.00200", "2011-09-30": "983.56300", "2011-06-30": "1016.86900", "2011-03-31": "1027.38100", "2010-12-31": "777.40100", "2010-09-30": "639.11800", "2010-06-30": "636.18400", "2010-03-31": "681.04900", "2009-12-31": "746.46400", "2009-09-30": "770.44400", "2009-06-30": "524.93500", "2009-03-31": "303.63600", "2008-12-31": "262.00900", "2008-09-30": "309.49200", "2008-06-30": "348.99700", "2008-03-31": "542.93700", "2007-12-31": "386.95400", "2007-09-30": "263.73500", "2007-06-30": "258.44500", "2007-03-31": "337.77000", "2006-12-31": "407.84300", "2006-09-30": "425.17900", "2006-06-30": "408.14500", "2006-03-31": "402.41700", "2005-12-31": "344.67300", "2005-09-30": "333.60900", "2005-06-30": "291.99200", "2005-03-31": "299.85000"}, "Goodwill And Intangible Assets": {"2020-09-30": "818.78100", "2020-06-30": "656.89800", "2020-03-31": "658.77700", "2019-12-31": "659.62900", "2019-09-30": "637.71600", "2019-06-30": "653.01400", "2019-03-31": "411.16200", "2018-12-31": "417.08000", "2018-09-30": "424.77600", "2018-06-30": "409.45900", "2018-03-31": "421.00600", "2017-12-31": "409.80100", "2017-09-30": "313.26900", "2017-06-30": "309.31800", "2017-03-31": "303.41400", "2016-12-31": "305.00200", "2016-09-30": "301.98300", "2016-06-30": "303.34800", "2016-03-31": "306.30300", "2015-12-31": "245.55200", "2015-09-30": "220.84800", "2015-06-30": "222.96800", "2015-03-31": "224.38100", "2014-12-31": "218.08300", "2014-09-30": "221.56600", "2014-06-30": "213.24200", "2014-03-31": "216.26000", "2013-12-31": "219.49400", "2013-09-30": "221.97900", "2013-06-30": "220.53100", "2013-03-31": "223.31600", "2012-12-31": "232.59700", "2012-09-30": "252.89500", "2012-06-30": "246.33500", "2012-03-31": "254.93700", "2011-12-31": "246.64600", "2011-09-30": "263.22100", "2011-06-30": "189.30900", "2011-03-31": "189.47900", "2010-12-31": "185.15200", "2010-09-30": "198.19100", "2010-06-30": "187.41900", "2010-03-31": "207.07400", "2009-12-31": "213.66000", "2009-09-30": "220.95500", "2009-06-30": "229.53500", "2009-03-31": "220.21200", "2008-12-31": "230.95400", "2008-09-30": "214.37200", "2008-06-30": "214.18600", "2008-03-31": "215.77000", "2007-12-31": "196.03000", "2007-09-30": "163.67500", "2007-06-30": "145.99000", "2007-03-31": "149.39600", "2006-12-31": "67.58000", "2006-09-30": "31.41700", "2006-06-30": "33.01700", "2006-03-31": "34.43200", "2005-12-31": "35.86600", "2005-09-30": "", "2005-06-30": "", "2005-03-31": ""}, "Other Long-Term Assets": {"2020-09-30": "178.22700", "2020-06-30": "171.34500", "2020-03-31": "160.54800", "2019-12-31": "159.32400", "2019-09-30": "157.21800", "2019-06-30": "141.13400", "2019-03-31": "92.43500", "2018-12-31": "100.32800", "2018-09-30": "102.47900", "2018-06-30": "97.22300", "2018-03-31": "97.41700", "2017-12-31": "107.62300", "2017-09-30": "93.12500", "2017-06-30": "88.33800", "2017-03-31": "84.35700", "2016-12-31": "94.50800", "2016-09-30": "88.39200", "2016-06-30": "88.98000", "2016-03-31": "88.99200", "2015-12-31": "97.98900", "2015-09-30": "106.59500", "2015-06-30": "62.31800", "2015-03-31": "24.57900", "2014-12-31": "22.16100", "2014-09-30": "21.89600", "2014-06-30": "20.12800", "2014-03-31": "20.92100", "2013-12-31": "18.03800", "2013-09-30": "14.43100", "2013-06-30": "12.85600", "2013-03-31": "15.01100", "2012-12-31": "16.06500", "2012-09-30": "0.83000", "2012-06-30": "0.82500", "2012-03-31": "0.82800", "2011-12-31": "6.28800", "2011-09-30": "1.39900", "2011-06-30": "1.39300", "2011-03-31": "1.38900", "2010-12-31": "1.27700", "2010-09-30": "0.95600", "2010-06-30": "0.93600", "2010-03-31": "0.94100", "2009-12-31": "2.04700", "2009-09-30": "2.04400", "2009-06-30": "2.06600", "2009-03-31": "1.89800", "2008-12-31": "1.94100", "2008-09-30": "1.45200", "2008-06-30": "1.55000", "2008-03-31": "1.56500", "2007-12-31": "1.55400", "2007-09-30": "1.58000", "2007-06-30": "1.55800", "2007-03-31": "1.52900", "2006-12-31": "1.52500", "2006-09-30": "1.46100", "2006-06-30": "1.44900", "2006-03-31": "1.37000", "2005-12-31": "1.35600", "2005-09-30": "36.33000", "2005-06-30": "38.15500", "2005-03-31": "49.47400"}, "Total Long-Term Assets": {"2020-09-30": "3208.79900", "2020-06-30": "2961.60300", "2020-03-31": "3125.10700", "2019-12-31": "3108.94900", "2019-09-30": "2997.26200", "2019-06-30": "3064.20500", "2019-03-31": "2768.00800", "2018-12-31": "2717.49000", "2018-09-30": "2695.34800", "2018-06-30": "2665.13800", "2018-03-31": "2663.93900", "2017-12-31": "2602.15100", "2017-09-30": "2502.91700", "2017-06-30": "2443.83800", "2017-03-31": "2443.77100", "2016-12-31": "2262.11700", "2016-09-30": "2344.44700", "2016-06-30": "2314.99600", "2016-03-31": "2281.19100", "2015-12-31": "2288.30400", "2015-09-30": "2156.51900", "2015-06-30": "2140.11300", "2015-03-31": "2042.97200", "2014-12-31": "2182.32700", "2014-09-30": "2247.87900", "2014-06-30": "2245.23300", "2014-03-31": "2351.41900", "2013-12-31": "2283.96700", "2013-09-30": "2378.58800", "2013-06-30": "2252.92200", "2013-03-31": "2256.46500", "2012-12-31": "2283.00400", "2012-09-30": "2157.69400", "2012-06-30": "2081.54800", "2012-03-31": "1975.52700", "2011-12-31": "1896.50100", "2011-09-30": "1780.97100", "2011-06-30": "1735.92800", "2011-03-31": "1744.67200", "2010-12-31": "1489.93300", "2010-09-30": "1286.62000", "2010-06-30": "1271.84200", "2010-03-31": "1342.16900", "2009-12-31": "1432.00300", "2009-09-30": "1437.61500", "2009-06-30": "1199.56200", "2009-03-31": "966.35690", "2008-12-31": "949.99600", "2008-09-30": "978.73500", "2008-06-30": "1014.46000", "2008-03-31": "1152.27300", "2007-12-31": "958.68500", "2007-09-30": "787.56800", "2007-06-30": "756.29200", "2007-03-31": "746.62990", "2006-12-31": "727.93600", "2006-09-30": "667.19200", "2006-06-30": "637.99400", "2006-03-31": "627.03900", "2005-12-31": "561.06810", "2005-09-30": "547.00300", "2005-06-30": "509.91300", "2005-03-31": "529.66600"}, "Total Assets": {"2020-09-30": "6550.66900", "2020-06-30": "6220.04200", "2020-03-31": "6053.99300", "2019-12-31": "6166.79900", "2019-09-30": "5755.10500", "2019-06-30": "5524.78300", "2019-03-31": "5280.14500", "2018-12-31": "5382.85800", "2018-09-30": "5095.96700", "2018-06-30": "4988.72000", "2018-03-31": "4855.22200", "2017-12-31": "4948.28900", "2017-09-30": "4835.39100", "2017-06-30": "4748.77200", "2017-03-31": "4600.68100", "2016-12-31": "4525.13300", "2016-09-30": "4591.90600", "2016-06-30": "4527.58300", "2016-03-31": "4410.32400", "2015-12-31": "4499.39100", "2015-09-30": "4388.47200", "2015-06-30": "4423.40900", "2015-03-31": "4543.27900", "2014-12-31": "4693.30300", "2014-09-30": "4669.36400", "2014-06-30": "4741.80200", "2014-03-31": "4738.91400", "2013-12-31": "4879.60300", "2013-09-30": "4823.22600", "2013-06-30": "4599.18100", "2013-03-31": "4570.42000", "2012-12-31": "4819.12400", "2012-09-30": "4630.74200", "2012-06-30": "4462.76200", "2012-03-31": "4324.79300", "2011-12-31": "4471.33800", "2011-09-30": "4334.88500", "2011-06-30": "4198.45500", "2011-03-31": "3937.50900", "2010-12-31": "3988.68800", "2010-09-30": "3658.01800", "2010-06-30": "3431.35900", "2010-03-31": "3551.52800", "2009-12-31": "3828.08200", "2009-09-30": "3516.55100", "2009-06-30": "3144.36600", "2009-03-31": "2794.18900", "2008-12-31": "2934.42100", "2008-09-30": "3015.31300", "2008-06-30": "3132.03100", "2008-03-31": "3083.39800", "2007-12-31": "3291.46000", "2007-09-30": "2645.50000", "2007-06-30": "2444.60100", "2007-03-31": "2017.16800", "2006-12-31": "1897.02000", "2006-09-30": "1799.53700", "2006-06-30": "1661.85700", "2006-03-31": "1471.49900", "2005-12-31": "1362.23500", "2005-09-30": "1304.72600", "2005-06-30": "1229.22300", "2005-03-31": "1153.23100"}, "Total Current Liabilities": {"2020-09-30": "1122.95600", "2020-06-30": "1163.92700", "2020-03-31": "781.87200", "2019-12-31": "1035.93300", "2019-09-30": "1042.95500", "2019-06-30": "1027.70100", "2019-03-31": "622.52600", "2018-12-31": "921.31300", "2018-09-30": "854.02600", "2018-06-30": "929.14700", "2018-03-31": "557.84300", "2017-12-31": "792.11500", "2017-09-30": "846.04500", "2017-06-30": "928.50900", "2017-03-31": "571.45900", "2016-12-31": "782.73500", "2016-09-30": "919.99500", "2016-06-30": "1010.42900", "2016-03-31": "680.72000", "2015-12-31": "865.99800", "2015-09-30": "894.65600", "2015-06-30": "961.68100", "2015-03-31": "824.26100", "2014-12-31": "1033.26100", "2014-09-30": "1123.48300", "2014-06-30": "969.25000", "2014-03-31": "697.10800", "2013-12-31": "905.30400", "2013-09-30": "974.03300", "2013-06-30": "889.73500", "2013-03-31": "605.10100", "2012-12-31": "909.02600", "2012-09-30": "883.55400", "2012-06-30": "901.95200", "2012-03-31": "594.54200", "2011-12-31": "858.27900", "2011-09-30": "914.07200", "2011-06-30": "916.08700", "2011-03-31": "469.91300", "2010-12-31": "669.03700", "2010-09-30": "569.52700", "2010-06-30": "436.43600", "2010-03-31": "679.55600", "2009-12-31": "685.87600", "2009-09-30": "712.04500", "2009-06-30": "429.53800", "2009-03-31": "302.16200", "2008-12-31": "479.17600", "2008-09-30": "697.04200", "2008-06-30": "673.46800", "2008-03-31": "466.71300", "2007-12-31": "801.88300", "2007-09-30": "567.96200", "2007-06-30": "428.15200", "2007-03-31": "243.42000", "2006-12-31": "337.68200", "2006-09-30": "445.16500", "2006-06-30": "373.64000", "2006-03-31": "197.08300", "2005-12-31": "195.48500", "2005-09-30": "222.19100", "2005-06-30": "154.29000", "2005-03-31": "147.55000"}, "Long Term Debt": {"2020-09-30": "", "2020-06-30": "", "2020-03-31": "", "2019-12-31": "", "2019-09-30": "", "2019-06-30": "", "2019-03-31": "", "2018-12-31": "", "2018-09-30": "", "2018-06-30": "", "2018-03-31": "", "2017-12-31": "", "2017-09-30": "", "2017-06-30": "", "2017-03-31": "", "2016-12-31": "", "2016-09-30": "", "2016-06-30": "", "2016-03-31": "", "2015-12-31": "", "2015-09-30": "", "2015-06-30": "", "2015-03-31": "", "2014-12-31": "", "2014-09-30": "", "2014-06-30": "", "2014-03-31": "", "2013-12-31": "", "2013-09-30": "", "2013-06-30": "", "2013-03-31": "", "2012-12-31": "", "2012-09-30": "", "2012-06-30": "", "2012-03-31": "", "2011-12-31": "", "2011-09-30": "", "2011-06-30": "", "2011-03-31": "", "2010-12-31": "", "2010-09-30": "", "2010-06-30": "", "2010-03-31": "", "2009-12-31": "", "2009-09-30": "", "2009-06-30": "", "2009-03-31": "", "2008-12-31": "", "2008-09-30": "", "2008-06-30": "", "2008-03-31": "", "2007-12-31": "", "2007-09-30": "0.60300", "2007-06-30": "", "2007-03-31": "0.23300", "2006-12-31": "0.24800", "2006-09-30": "", "2006-06-30": "", "2006-03-31": "", "2005-12-31": "", "2005-09-30": "", "2005-06-30": "", "2005-03-31": ""}, "Other Non-Current Liabilities": {"2020-09-30": "87.49500", "2020-06-30": "96.81100", "2020-03-31": "105.10300", "2019-12-31": "106.04900", "2019-09-30": "105.57600", "2019-06-30": "122.27000", "2019-03-31": "127.56600", "2018-12-31": "129.06100", "2018-09-30": "128.75300", "2018-06-30": "142.44400", "2018-03-31": "142.25000", "2017-12-31": "140.08300", "2017-09-30": "125.64300", "2017-06-30": "133.54300", "2017-03-31": "125.90200", "2016-12-31": "122.76800", "2016-09-30": "118.98300", "2016-06-30": "113.34400", "2016-03-31": "104.71100", "2015-12-31": "103.32600", "2015-09-30": "97.87100", "2015-06-30": "86.97000", "2015-03-31": "80.03400", "2014-12-31": "82.04800", "2014-09-30": "137.37000", "2014-06-30": "149.07100", "2014-03-31": "143.02200", "2013-12-31": "141.82300", "2013-09-30": "122.00800", "2013-06-30": "174.60200", "2013-03-31": "172.91100", "2012-12-31": "182.78800", "2012-09-30": "172.64900", "2012-06-30": "166.73100", "2012-03-31": "166.51600", "2011-12-31": "163.39500", "2011-09-30": "167.06700", "2011-06-30": "159.52100", "2011-03-31": "148.50400", "2010-12-31": "155.02700", "2010-09-30": "156.27100", "2010-06-30": "277.19300", "2010-03-31": "261.00900", "2009-12-31": "257.01500", "2009-09-30": "240.66100", "2009-06-30": "238.15800", "2009-03-31": "221.60300", "2008-12-31": "215.48100", "2008-09-30": "167.13300", "2008-06-30": "137.16200", "2008-03-31": "137.11700", "2007-12-31": "127.02800", "2007-09-30": "90.50500", "2007-06-30": "90.47000", "2007-03-31": "76.47400", "2006-12-31": "", "2006-09-30": "", "2006-06-30": "", "2006-03-31": "", "2005-12-31": "", "2005-09-30": "", "2005-06-30": "", "2005-03-31": ""}, "Total Long Term Liabilities": {"2020-09-30": "323.37200", "2020-06-30": "315.25400", "2020-03-31": "337.72100", "2019-12-31": "337.37000", "2019-09-30": "331.25600", "2019-06-30": "346.11600", "2019-03-31": "342.33300", "2018-12-31": "298.57100", "2018-09-30": "289.23300", "2018-06-30": "300.69200", "2018-03-31": "300.18600", "2017-12-31": "303.75500", "2017-09-30": "349.66100", "2017-06-30": "335.81600", "2017-03-31": "327.16000", "2016-12-31": "324.39500", "2016-09-30": "309.68200", "2016-06-30": "298.31900", "2016-03-31": "292.35700", "2015-12-31": "288.26700", "2015-09-30": "259.13100", "2015-06-30": "253.22300", "2015-03-31": "241.38800", "2014-12-31": "256.67500", "2014-09-30": "309.46800", "2014-06-30": "291.93600", "2014-03-31": "289.43600", "2013-12-31": "314.59300", "2013-09-30": "291.68900", "2013-06-30": "343.08900", "2013-03-31": "346.99400", "2012-12-31": "378.30200", "2012-09-30": "359.44100", "2012-06-30": "350.12300", "2012-03-31": "350.84600", "2011-12-31": "356.47800", "2011-09-30": "352.62100", "2011-06-30": "319.67400", "2011-03-31": "274.36700", "2010-12-31": "270.08900", "2010-09-30": "238.24200", "2010-06-30": "343.30900", "2010-03-31": "317.03700", "2009-12-31": "305.75900", "2009-09-30": "249.10800", "2009-06-30": "252.67200", "2009-03-31": "233.55400", "2008-12-31": "229.39100", "2008-09-30": "178.43100", "2008-06-30": "148.91000", "2008-03-31": "149.24000", "2007-12-31": "138.96300", "2007-09-30": "92.32700", "2007-06-30": "91.48000", "2007-03-31": "78.06600", "2006-12-31": "1.43900", "2006-09-30": "13.00000", "2006-06-30": "11.35000", "2006-03-31": "9.73000", "2005-12-31": "9.48600", "2005-09-30": "14.10300", "2005-06-30": "5.10100", "2005-03-31": "5.33400"}, "Total Liabilities": {"2020-09-30": "1446.32800", "2020-06-30": "1479.18100", "2020-03-31": "1119.59300", "2019-12-31": "1373.30300", "2019-09-30": "1374.21100", "2019-06-30": "1373.81700", "2019-03-31": "964.85900", "2018-12-31": "1219.88400", "2018-09-30": "1143.25900", "2018-06-30": "1229.83900", "2018-03-31": "858.02900", "2017-12-31": "1095.87000", "2017-09-30": "1195.70600", "2017-06-30": "1264.32500", "2017-03-31": "898.61900", "2016-12-31": "1107.13000", "2016-09-30": "1229.67700", "2016-06-30": "1308.74800", "2016-03-31": "973.07700", "2015-12-31": "1154.26500", "2015-09-30": "1153.78700", "2015-06-30": "1214.90400", "2015-03-31": "1065.64900", "2014-12-31": "1289.93600", "2014-09-30": "1432.95100", "2014-06-30": "1261.18600", "2014-03-31": "986.54400", "2013-12-31": "1219.89700", "2013-09-30": "1265.72200", "2013-06-30": "1232.82400", "2013-03-31": "952.09500", "2012-12-31": "1287.32800", "2012-09-30": "1242.99500", "2012-06-30": "1252.07500", "2012-03-31": "945.38800", "2011-12-31": "1214.75700", "2011-09-30": "1266.69300", "2011-06-30": "1235.76100", "2011-03-31": "744.28000", "2010-12-31": "939.12600", "2010-09-30": "807.76900", "2010-06-30": "779.74500", "2010-03-31": "996.59300", "2009-12-31": "991.63500", "2009-09-30": "961.15300", "2009-06-30": "682.21000", "2009-03-31": "535.71600", "2008-12-31": "708.56700", "2008-09-30": "875.47300", "2008-06-30": "822.37800", "2008-03-31": "615.95300", "2007-12-31": "940.84600", "2007-09-30": "660.28900", "2007-06-30": "519.63200", "2007-03-31": "321.48600", "2006-12-31": "339.12100", "2006-09-30": "458.16500", "2006-06-30": "384.99000", "2006-03-31": "206.81300", "2005-12-31": "204.97100", "2005-09-30": "236.29400", "2005-06-30": "159.39100", "2005-03-31": "152.88400"}, "Common Stock Net": {"2020-09-30": "17.97900", "2020-06-30": "17.97900", "2020-03-31": "17.97900", "2019-12-31": "17.97900", "2019-09-30": "17.97900", "2019-06-30": "17.97900", "2019-03-31": "17.97900", "2018-12-31": "17.97900", "2018-09-30": "17.97900", "2018-06-30": "17.97900", "2018-03-31": "17.97900", "2017-12-31": "17.97900", "2017-09-30": "17.97900", "2017-06-30": "17.97900", "2017-03-31": "17.97900", "2016-12-31": "17.97900", "2016-09-30": "17.97900", "2016-06-30": "1797.43500", "2016-03-31": "1797.43500", "2015-12-31": "1797.43500", "2015-09-30": "1797.43500", "2015-06-30": "1797.43500", "2015-03-31": "1797.43500", "2014-12-31": "1797.43500", "2014-09-30": "1797.43500", "2014-06-30": "1797.43500", "2014-03-31": "1797.43500", "2013-12-31": "1797.43500", "2013-09-30": "1797.43500", "2013-06-30": "1797.43500", "2013-03-31": "1797.43500", "2012-12-31": "1797.43500", "2012-09-30": "1797.43500", "2012-06-30": "1797.43500", "2012-03-31": "1797.43500", "2011-12-31": "1797.43500", "2011-09-30": "1797.43500", "2011-06-30": "1797.43500", "2011-03-31": "1797.43500", "2010-12-31": "1797.43500", "2010-09-30": "1792.76800", "2010-06-30": "0.98700", "2010-03-31": "0.99400", "2009-12-31": "1.00100", "2009-09-30": "1.00200", "2009-06-30": "1.00000", "2009-03-31": "1.00000", "2008-12-31": "1.00200", "2008-09-30": "1.51100", "2008-06-30": "1.05400", "2008-03-31": "1.07900", "2007-12-31": "1.08600", "2007-09-30": "1.08600", "2007-06-30": "1.08500", "2007-03-31": "1.08300", "2006-12-31": "1.08200", "2006-09-30": "1.08000", "2006-06-30": "1.08500", "2006-03-31": "1.08400", "2005-12-31": "1.08100", "2005-09-30": "1.08000", "2005-06-30": "1.08200", "2005-03-31": "1.08500"}, "Retained Earnings (Accumulated Deficit)": {"2020-09-30": "3421.15900", "2020-06-30": "3107.76800", "2020-03-31": "3390.05300", "2019-12-31": "3229.06100", "2019-09-30": "2868.81600", "2019-06-30": "2641.37100", "2019-03-31": "2850.58800", "2018-12-31": "2710.61900", "2018-09-30": "2520.82800", "2018-06-30": "2336.61400", "2018-03-31": "2546.40000", "2017-12-31": "2418.44400", "2017-09-30": "2230.48900", "2017-06-30": "2083.07600", "2017-03-31": "2294.65400", "2016-12-31": "2056.70200", "2016-09-30": "1919.84600", "2016-06-30": "1794.79200", "2016-03-31": "2018.60900", "2015-12-31": "1930.51700", "2015-09-30": "1795.90000", "2015-06-30": "1676.60100", "2015-03-31": "1928.16500", "2014-12-31": "1859.97200", "2014-09-30": "1649.72700", "2014-06-30": "1796.56100", "2014-03-31": "1984.40500", "2013-12-31": "1865.58700", "2013-09-30": "1701.82300", "2013-06-30": "1514.15300", "2013-03-31": "1693.29100", "2012-12-31": "1604.62500", "2012-09-30": "1477.50400", "2012-06-30": "1336.46000", "2012-03-31": "1500.39000", "2011-12-31": "1413.58200", "2011-09-30": "1248.44300", "2011-06-30": "1097.97000", "2011-03-31": "1377.00700", "2010-12-31": "1264.61300", "2010-09-30": "1136.37400", "2010-06-30": "2648.58900", "2010-03-31": "2552.92000", "2009-12-31": "2816.60700", "2009-09-30": "2537.59800", "2009-06-30": "2472.91200", "2009-03-31": "2311.04400", "2008-12-31": "2262.50300", "2008-09-30": "2139.21400", "2008-06-30": "2258.73000", "2008-03-31": "2318.91400", "2007-12-31": "2171.13400", "2007-09-30": "1863.86700", "2007-06-30": "1832.89100", "2007-03-31": "1618.51500", "2006-12-31": "1478.65400", "2006-09-30": "1297.84300", "2006-06-30": "1174.86600", "2006-03-31": "1159.97000", "2005-12-31": "1072.45400", "2005-09-30": "985.29300", "2005-06-30": "936.80400", "2005-03-31": "862.61000"}, "Comprehensive Income": {"2020-09-30": "118.97800", "2020-06-30": "89.72900", "2020-03-31": "31.80700", "2019-12-31": "55.87400", "2019-09-30": "20.59000", "2019-06-30": "34.68100", "2019-03-31": "18.33800", "2018-12-31": "8.43000", "2018-09-30": "4.62400", "2018-06-30": "9.73200", "2018-03-31": "64.44200", "2017-12-31": "56.42800", "2017-09-30": "46.48700", "2017-06-30": "40.14700", "2017-03-31": "32.46400", "2016-12-31": "-36.76100", "2016-09-30": "25.76600", "2016-06-30": "-1.40300", "2016-03-31": "-14.86400", "2015-12-31": "-30.42800", "2015-09-30": "-23.14900", "2015-06-30": "24.07500", "2015-03-31": "16.57500", "2014-12-31": "2.57100", "2014-09-30": "47.17000", "2014-06-30": "73.29300", "2014-03-31": "35.30200", "2013-12-31": "38.04100", "2013-09-30": "71.78100", "2013-06-30": "64.84300", "2013-03-31": "129.35500", "2012-12-31": "138.55400", "2012-09-30": "121.61700", "2012-06-30": "95.18200", "2012-03-31": "109.67000", "2011-12-31": "87.19300", "2011-09-30": "74.68600", "2011-06-30": "129.68100", "2011-03-31": "91.37000", "2010-12-31": "56.00400", "2010-09-30": "32.99700", "2010-06-30": "2.03800", "2010-03-31": "1.02100", "2009-12-31": "-13.38200", "2009-09-30": "-18.63000", "2009-06-30": "-35.02000", "2009-03-31": "-62.45600", "2008-12-31": "-37.65100", "2008-09-30": "-0.88500", "2008-06-30": "49.86900", "2008-03-31": "92.95000", "2007-12-31": "46.13000", "2007-09-30": "-2.76700", "2007-06-30": "-14.53200", "2007-03-31": "-16.33900", "2006-12-31": "-5.27500", "2006-09-30": "-29.21700", "2006-06-30": "-16.54900", "2006-03-31": "-6.14900", "2005-12-31": "-12.51300", "2005-09-30": "-6.88900", "2005-06-30": "31.62100", "2005-03-31": "25.79900"}, "Other Share Holders Equity": {"2020-09-30": "", "2020-06-30": "", "2020-03-31": "", "2019-12-31": "", "2019-09-30": "", "2019-06-30": "", "2019-03-31": "", "2018-12-31": "", "2018-09-30": "", "2018-06-30": "", "2018-03-31": "", "2017-12-31": "", "2017-09-30": "", "2017-06-30": "", "2017-03-31": "", "2016-12-31": "", "2016-09-30": "", "2016-06-30": "", "2016-03-31": "", "2015-12-31": "", "2015-09-30": "", "2015-06-30": "", "2015-03-31": "", "2014-12-31": "", "2014-09-30": "", "2014-06-30": "", "2014-03-31": "", "2013-12-31": "", "2013-09-30": "", "2013-06-30": "", "2013-03-31": "", "2012-12-31": "", "2012-09-30": "", "2012-06-30": "", "2012-03-31": "", "2011-12-31": "", "2011-09-30": "", "2011-06-30": "", "2011-03-31": "", "2010-12-31": "", "2010-09-30": "", "2010-06-30": "", "2010-03-31": "", "2009-12-31": "", "2009-09-30": "", "2009-06-30": "", "2009-03-31": "", "2008-12-31": "", "2008-09-30": "", "2008-06-30": "", "2008-03-31": "", "2007-12-31": "", "2007-09-30": "", "2007-06-30": "", "2007-03-31": "", "2006-12-31": "", "2006-09-30": "", "2006-06-30": "", "2006-03-31": "", "2005-12-31": "", "2005-09-30": "", "2005-06-30": "", "2005-03-31": ""}, "Share Holder Equity": {"2020-09-30": "5104.34100", "2020-06-30": "4740.86100", "2020-03-31": "4934.40000", "2019-12-31": "4793.49600", "2019-09-30": "4380.89400", "2019-06-30": "4150.96600", "2019-03-31": "4315.28600", "2018-12-31": "4162.97400", "2018-09-30": "3952.70800", "2018-06-30": "3758.88100", "2018-03-31": "3997.19300", "2017-12-31": "3852.41900", "2017-09-30": "3639.68500", "2017-06-30": "3484.44700", "2017-03-31": "3702.06200", "2016-12-31": "3418.00300", "2016-09-30": "3362.22900", "2016-06-30": "3218.83500", "2016-03-31": "3437.24700", "2015-12-31": "3345.12600", "2015-09-30": "3234.68500", "2015-06-30": "3208.50500", "2015-03-31": "3477.63000", "2014-12-31": "3403.36700", "2014-09-30": "3236.41300", "2014-06-30": "3480.61600", "2014-03-31": "3752.37000", "2013-12-31": "3659.70600", "2013-09-30": "3557.50400", "2013-06-30": "3366.35700", "2013-03-31": "3618.32500", "2012-12-31": "3531.79600", "2012-09-30": "3387.74700", "2012-06-30": "3210.68700", "2012-03-31": "3379.40500", "2011-12-31": "3256.58100", "2011-09-30": "3068.19200", "2011-06-30": "2962.69400", "2011-03-31": "3193.22900", "2010-12-31": "3049.56200", "2010-09-30": "2850.24900", "2010-06-30": "2651.61400", "2010-03-31": "2554.93500", "2009-12-31": "2836.44700", "2009-09-30": "2555.39800", "2009-06-30": "2462.15600", "2009-03-31": "2258.47300", "2008-12-31": "2225.85400", "2008-09-30": "2139.84000", "2008-06-30": "2309.65300", "2008-03-31": "2467.44500", "2007-12-31": "2350.61400", "2007-09-30": "1985.21100", "2007-06-30": "1924.96900", "2007-03-31": "1695.68200", "2006-12-31": "1557.89900", "2006-09-30": "1341.37200", "2006-06-30": "1276.86700", "2006-03-31": "1264.68600", "2005-12-31": "1157.26400", "2005-09-30": "1068.43200", "2005-06-30": "1069.83200", "2005-03-31": "1000.34700"}, "Total Liabilities And Share Holders Equity": {"2020-09-30": "6550.66900", "2020-06-30": "6220.04200", "2020-03-31": "6053.99300", "2019-12-31": "6166.79900", "2019-09-30": "5755.10500", "2019-06-30": "5524.78300", "2019-03-31": "5280.14500", "2018-12-31": "5382.85800", "2018-09-30": "5095.96700", "2018-06-30": "4988.72000", "2018-03-31": "4855.22200", "2017-12-31": "4948.28900", "2017-09-30": "4835.39100", "2017-06-30": "4748.77200", "2017-03-31": "4600.68100", "2016-12-31": "4525.13300", "2016-09-30": "4591.90600", "2016-06-30": "4527.58300", "2016-03-31": "4410.32400", "2015-12-31": "4499.39100", "2015-09-30": "4388.47200", "2015-06-30": "4423.40900", "2015-03-31": "4543.27900", "2014-12-31": "4693.30300", "2014-09-30": "4669.36400", "2014-06-30": "4741.80200", "2014-03-31": "4738.91400", "2013-12-31": "4879.60300", "2013-09-30": "4823.22600", "2013-06-30": "4599.18100", "2013-03-31": "4570.42000", "2012-12-31": "4819.12400", "2012-09-30": "4630.74200", "2012-06-30": "4462.76200", "2012-03-31": "4324.79300", "2011-12-31": "4471.33800", "2011-09-30": "4334.88500", "2011-06-30": "4198.45500", "2011-03-31": "3937.50900", "2010-12-31": "3988.68800", "2010-09-30": "3658.01800", "2010-06-30": "3431.35900", "2010-03-31": "3551.52800", "2009-12-31": "3828.08200", "2009-09-30": "3516.55100", "2009-06-30": "3144.36600", "2009-03-31": "2794.18900", "2008-12-31": "2934.42100", "2008-09-30": "3015.31300", "2008-06-30": "3132.03100", "2008-03-31": "3083.39800", "2007-12-31": "3291.46000", "2007-09-30": "2645.50000", "2007-06-30": "2444.60100", "2007-03-31": "2017.16800", "2006-12-31": "1897.02000", "2006-09-30": "1799.53700", "2006-06-30": "1661.85700", "2006-03-31": "1471.49900", "2005-12-31": "1362.23500", "2005-09-30": "1304.72600", "2005-06-30": "1229.22300", "2005-03-31": "1153.23100"}}, "cash flow statement": {"Net Income/Loss": {"2019-12-31": "952.48600", "2018-12-31": "694.08000", "2017-12-31": "709.00700", "2016-12-31": "517.72400", "2015-12-31": "456.22700", "2014-12-31": "364.21100", "2013-12-31": "612.41200", "2012-12-31": "542.40300", "2011-12-31": "520.89600", "2010-12-31": "584.60300", "2009-12-31": "703.95000", "2008-12-31": "732.84800", "2007-12-31": "855.01100", "2006-12-31": "514.12300", "2005-12-31": "311.21900"}, "Total Depreciation And Amortization - Cash Flow": {"2019-12-31": "106.17500", "2018-12-31": "96.19400", "2017-12-31": "86.25200", "2016-12-31": "86.34000", "2015-12-31": "78.36000", "2014-12-31": "77.01500", "2013-12-31": "78.80400", "2012-12-31": "90.46700", "2011-12-31": "94.53500", "2010-12-31": "94.65100", "2009-12-31": "96.48600", "2008-12-31": "78.41700", "2007-12-31": "64.03700", "2006-12-31": "44.47500", "2005-12-31": "43.59600"}, "Other Non-Cash Items": {"2019-12-31": "-7.32700", "2018-12-31": "109.50700", "2017-12-31": "-22.82300", "2016-12-31": "87.38900", "2015-12-31": "90.60100", "2014-12-31": "139.85200", "2013-12-31": "6.24600", "2012-12-31": "47.83900", "2011-12-31": "27.55100", "2010-12-31": "105.98400", "2009-12-31": "83.23600", "2008-12-31": "111.70200", "2007-12-31": "-2.55400", "2006-12-31": "-3.07600", "2005-12-31": "11.03800"}, "Total Non-Cash Items": {"2019-12-31": "98.84800", "2018-12-31": "205.70100", "2017-12-31": "63.42900", "2016-12-31": "173.72900", "2015-12-31": "168.96100", "2014-12-31": "216.86700", "2013-12-31": "85.05000", "2012-12-31": "138.30600", "2011-12-31": "122.08600", "2010-12-31": "200.63500", "2009-12-31": "179.72200", "2008-12-31": "190.11900", "2007-12-31": "61.48300", "2006-12-31": "41.39900", "2005-12-31": "54.63400"}, "Change In Accounts Receivable": {"2019-12-31": "-123.40100", "2018-12-31": "7.29000", "2017-12-31": "-39.06700", "2016-12-31": "9.00000", "2015-12-31": "22.47300", "2014-12-31": "-27.39800", "2013-12-31": "38.58900", "2012-12-31": "10.80800", "2011-12-31": "170.16200", "2010-12-31": "129.69800", "2009-12-31": "-131.97800", "2008-12-31": "206.10100", "2007-12-31": "-477.10800", "2006-12-31": "-230.11100", "2005-12-31": "-61.60700"}, "Change In Inventories": {"2019-12-31": "-170.16900", "2018-12-31": "-57.73700", "2017-12-31": "-7.50400", "2016-12-31": "-2.45500", "2015-12-31": "-121.71800", "2014-12-31": "-76.49100", "2013-12-31": "-17.59300", "2012-12-31": "3.99700", "2011-12-31": "-6.38500", "2010-12-31": "-77.12200", "2009-12-31": "61.18900", "2008-12-31": "83.03500", "2007-12-31": "-224.18000", "2006-12-31": "-92.70800", "2005-12-31": "-61.26200"}, "Change In Accounts Payable": {"2019-12-31": "26.19200", "2018-12-31": "40.62800", "2017-12-31": "-17.24000", "2016-12-31": "-11.49600", "2015-12-31": "36.07900", "2014-12-31": "8.98100", "2013-12-31": "18.04300", "2012-12-31": "-38.92900", "2011-12-31": "-26.32900", "2010-12-31": "-81.35400", "2009-12-31": "38.87500", "2008-12-31": "-236.28700", "2007-12-31": "174.78100", "2006-12-31": "10.18700", "2005-12-31": "24.12700"}, "Change In Assets/Liabilities": {"2019-12-31": "-51.11000", "2018-12-31": "-5.56200", "2017-12-31": "-34.34000", "2016-12-31": "16.16300", "2015-12-31": "-130.54100", "2014-12-31": "-59.42000", "2013-12-31": "-72.14200", "2012-12-31": "58.97200", "2011-12-31": "21.22000", "2010-12-31": "-38.06100", "2009-12-31": "226.92600", "2008-12-31": "-23.47200", "2007-12-31": "236.55300", "2006-12-31": "-7.30700", "2005-12-31": "-20.21300"}, "Total Change In Assets/Liabilities": {"2019-12-31": "-352.78500", "2018-12-31": "19.73900", "2017-12-31": "-111.59400", "2016-12-31": "14.22900", "2015-12-31": "-344.72100", "2014-12-31": "-58.36700", "2013-12-31": "-67.37800", "2012-12-31": "4.03600", "2011-12-31": "179.35200", "2010-12-31": "-14.60100", "2009-12-31": "210.78400", "2008-12-31": "-60.80300", "2007-12-31": "-234.40600", "2006-12-31": "-193.66700", "2005-12-31": "-118.84800"}, "Cash Flow From Operating Activities": {"2019-12-31": "698.54900", "2018-12-31": "919.52000", "2017-12-31": "660.84200", "2016-12-31": "705.68200", "2015-12-31": "280.46700", "2014-12-31": "522.71100", "2013-12-31": "630.08400", "2012-12-31": "684.74500", "2011-12-31": "822.33400", "2010-12-31": "770.63700", "2009-12-31": "1094.45600", "2008-12-31": "862.16400", "2007-12-31": "682.08800", "2006-12-31": "361.85500", "2005-12-31": "247.00500"}, "Net Change In Property, Plant, And Equipment": {"2019-12-31": "-117.50200", "2018-12-31": "-154.15500", "2017-12-31": "-139.33500", "2016-12-31": "-90.28400", "2015-12-31": "-72.67100", "2014-12-31": "-72.59100", "2013-12-31": "-55.19800", "2012-12-31": "-37.68800", "2011-12-31": "-34.23900", "2010-12-31": "-32.09300", "2009-12-31": "-49.19400", "2008-12-31": "-119.60400", "2007-12-31": "-156.77200", "2006-12-31": "-92.83000", "2005-12-31": "-27.13000"}, "Net Change In Intangible Assets": {"2019-12-31": "-2.37700", "2018-12-31": "-4.60000", "2017-12-31": "-12.23200", "2016-12-31": "-5.71500", "2015-12-31": "-3.88900", "2014-12-31": "-4.72000", "2013-12-31": "-1.12200", "2012-12-31": "-6.78300", "2011-12-31": "-6.93300", "2010-12-31": "-3.88300", "2009-12-31": "-7.57300", "2008-12-31": "-6.97100", "2007-12-31": "-2.91800", "2006-12-31": "-3.11500", "2005-12-31": "-3.56000"}, "Net Acquisitions/Divestitures": {"2019-12-31": "-300.28900", "2018-12-31": "-29.17000", "2017-12-31": "-90.47100", "2016-12-31": "-77.94500", "2015-12-31": "-38.68700", "2014-12-31": "-18.87100", "2013-12-31": "-5.68000", "2012-12-31": "-7.69700", "2011-12-31": "-54.19000", "2010-12-31": "-12.12000", "2009-12-31": "", "2008-12-31": "-60.13100", "2007-12-31": "-128.75100", "2006-12-31": "-36.49900", "2005-12-31": "-1.48300"}, "Net Change In Short-term Investments": {"2019-12-31": "", "2018-12-31": "", "2017-12-31": "", "2016-12-31": "", "2015-12-31": "", "2014-12-31": "", "2013-12-31": "", "2012-12-31": "", "2011-12-31": "", "2010-12-31": "", "2009-12-31": "", "2008-12-31": "", "2007-12-31": "", "2006-12-31": "", "2005-12-31": ""}, "Net Change In Long-Term Investments": {"2019-12-31": "-30.57800", "2018-12-31": "-119.57800", "2017-12-31": "47.65500", "2016-12-31": "52.26100", "2015-12-31": "3.22000", "2014-12-31": "90.19400", "2013-12-31": "-75.66000", "2012-12-31": "-443.99500", "2011-12-31": "-393.34200", "2010-12-31": "-25.54300", "2009-12-31": "-490.99600", "2008-12-31": "130.74400", "2007-12-31": "112.77500", "2006-12-31": "-93.77200", "2005-12-31": "-59.10600"}, "Net Change In Investments - Total": {"2019-12-31": "-30.57800", "2018-12-31": "-119.57800", "2017-12-31": "47.65500", "2016-12-31": "52.26100", "2015-12-31": "3.22000", "2014-12-31": "90.19400", "2013-12-31": "-75.66000", "2012-12-31": "-443.99500", "2011-12-31": "-393.34200", "2010-12-31": "-25.54300", "2009-12-31": "-490.99600", "2008-12-31": "130.74400", "2007-12-31": "112.77500", "2006-12-31": "-93.77200", "2005-12-31": "-59.10600"}, "Investing Activities - Other": {"2019-12-31": "", "2018-12-31": "", "2017-12-31": "", "2016-12-31": "", "2015-12-31": "0.04800", "2014-12-31": "137.32000", "2013-12-31": "-136.78200", "2012-12-31": "-0.06500", "2011-12-31": "0.50600", "2010-12-31": "0.77000", "2009-12-31": "-0.10600", "2008-12-31": "-0.38700", "2007-12-31": "-0.02900", "2006-12-31": "-0.16900", "2005-12-31": "0.09800"}, "Cash Flow From Investing Activities": {"2019-12-31": "-450.74600", "2018-12-31": "-307.50300", "2017-12-31": "-194.38300", "2016-12-31": "-121.68300", "2015-12-31": "-111.97900", "2014-12-31": "131.33200", "2013-12-31": "-274.44200", "2012-12-31": "-496.22800", "2011-12-31": "-488.19800", "2010-12-31": "-72.86900", "2009-12-31": "-547.86900", "2008-12-31": "-56.34900", "2007-12-31": "-175.69500", "2006-12-31": "-226.38500", "2005-12-31": "-91.18100"}, "Net Long-Term Debt": {"2019-12-31": "", "2018-12-31": "", "2017-12-31": "", "2016-12-31": "", "2015-12-31": "", "2014-12-31": "", "2013-12-31": "", "2012-12-31": "", "2011-12-31": "", "2010-12-31": "", "2009-12-31": "", "2008-12-31": "", "2007-12-31": "-0.24800", "2006-12-31": "-0.01100", "2005-12-31": ""}, "Net Current Debt": {"2019-12-31": "", "2018-12-31": "", "2017-12-31": "", "2016-12-31": "", "2015-12-31": "", "2014-12-31": "", "2013-12-31": "", "2012-12-31": "", "2011-12-31": "", "2010-12-31": "", "2009-12-31": "", "2008-12-31": "", "2007-12-31": "", "2006-12-31": "", "2005-12-31": ""}, "Debt Issuance/Retirement Net - Total": {"2019-12-31": "", "2018-12-31": "", "2017-12-31": "", "2016-12-31": "", "2015-12-31": "", "2014-12-31": "", "2013-12-31": "", "2012-12-31": "", "2011-12-31": "", "2010-12-31": "", "2009-12-31": "", "2008-12-31": "", "2007-12-31": "-0.24800", "2006-12-31": "-0.01100", "2005-12-31": ""}, "Net Common Equity Issued/Repurchased": {"2019-12-31": "1.23600", "2018-12-31": "9.98700", "2017-12-31": "-65.43600", "2016-12-31": "-81.91600", "2015-12-31": "-119.92600", "2014-12-31": "-239.46300", "2013-12-31": "-59.71500", "2012-12-31": "4.05300", "2011-12-31": "0.03700", "2010-12-31": "-216.46300", "2009-12-31": "-12.76300", "2008-12-31": "-659.94300", "2007-12-31": "9.22800", "2006-12-31": "-34.37600", "2005-12-31": "-16.96300"}, "Net Total Equity Issued/Repurchased": {"2019-12-31": "1.23600", "2018-12-31": "9.98700", "2017-12-31": "-65.43600", "2016-12-31": "-81.91600", "2015-12-31": "-119.92600", "2014-12-31": "-239.46300", "2013-12-31": "-59.71500", "2012-12-31": "4.05300", "2011-12-31": "0.03700", "2010-12-31": "-216.46300", "2009-12-31": "-12.76300", "2008-12-31": "-659.94300", "2007-12-31": "9.22800", "2006-12-31": "-34.37600", "2005-12-31": "-16.96300"}, "Total Common And Preferred Stock Dividends Paid": {"2019-12-31": "-417.26400", "2018-12-31": "-296.14800", "2017-12-31": "-382.97600", "2016-12-31": "-481.45200", "2015-12-31": "-378.11700", "2014-12-31": "-360.07500", "2013-12-31": "-351.70700", "2012-12-31": "-253.38600", "2011-12-31": "-310.76300", "2010-12-31": "-298.85300", "2009-12-31": "-149.84600", "2008-12-31": "-150.25100", "2007-12-31": "-162.53100", "2006-12-31": "-107.92300", "2005-12-31": "-53.97400"}, "Financial Activities - Other": {"2019-12-31": "", "2018-12-31": "", "2017-12-31": "", "2016-12-31": "1.69200", "2015-12-31": "-2.04900", "2014-12-31": "-0.08400", "2013-12-31": "4.58400", "2012-12-31": "-0.51600", "2011-12-31": "3.31300", "2010-12-31": "4.49500", "2009-12-31": "1.36600", "2008-12-31": "2.14300", "2007-12-31": "17.43400", "2006-12-31": "9.66000", "2005-12-31": ""}, "Cash Flow From Financial Activities": {"2019-12-31": "-416.02800", "2018-12-31": "-286.16100", "2017-12-31": "-448.41200", "2016-12-31": "-561.67600", "2015-12-31": "-500.09200", "2014-12-31": "-599.62200", "2013-12-31": "-406.83800", "2012-12-31": "-249.84900", "2011-12-31": "-307.41300", "2010-12-31": "-510.82100", "2009-12-31": "-161.24300", "2008-12-31": "-808.05100", "2007-12-31": "-136.11700", "2006-12-31": "-132.65000", "2005-12-31": "-70.93700"}, "Net Cash Flow": {"2019-12-31": "-174.16700", "2018-12-31": "310.04600", "2017-12-31": "44.76300", "2016-12-31": "13.66700", "2015-12-31": "-363.19800", "2014-12-31": "17.11900", "2013-12-31": "-52.03100", "2012-12-31": "-55.98000", "2011-12-31": "26.22400", "2010-12-31": "169.35500", "2009-12-31": "395.24600", "2008-12-31": "-11.35400", "2007-12-31": "370.36800", "2006-12-31": "2.96900", "2005-12-31": "84.44300"}, "Stock-Based Compensation": {"2019-12-31": "63.40000", "2018-12-31": "56.39100", "2017-12-31": "44.73500", "2016-12-31": "41.25000", "2015-12-31": "26.29000", "2014-12-31": "24.29300", "2013-12-31": "22.59200", "2012-12-31": "29.27400", "2011-12-31": "40.21200", "2010-12-31": "40.33200", "2009-12-31": "43.61600", "2008-12-31": "38.87200", "2007-12-31": "22.16400", "2006-12-31": "11.91300", "2005-12-31": "0.92500"}, "Common Stock Dividends Paid": {"2019-12-31": "-417.26400", "2018-12-31": "-296.14800", "2017-12-31": "-382.97600", "2016-12-31": "-481.45200", "2015-12-31": "-378.11700", "2014-12-31": "-360.07500", "2013-12-31": "-351.70700", "2012-12-31": "-253.38600", "2011-12-31": "-310.76300", "2010-12-31": "-298.85300", "2009-12-31": "-149.84600", "2008-12-31": "-150.25100", "2007-12-31": "-162.53100", "2006-12-31": "-107.92300", "2005-12-31": "-53.97400"}}, "cash flow statement, quarterly": {"Net Income/Loss": {"2020-09-30": 313.416, "2020-06-30": 184.18, "2020-03-31": "161.18000", "2019-12-31": 360.791, "2019-09-30": 227.866, "2019-06-30": 223.656, "2019-03-31": "140.17300", "2018-12-31": 190.15, "2018-09-30": 184.215, "2018-06-30": 190.341, "2018-03-31": "129.37400", "2017-12-31": 142.551, "2017-09-30": 151.074, "2017-06-30": 176.978, "2017-03-31": "238.40400", "2016-12-31": 143.515, "2016-09-30": 125.054, "2016-06-30": 161.063, "2016-03-31": "88.09200", "2015-12-31": 132.383, "2015-09-30": 119.299, "2015-06-30": 137.752, "2015-03-31": "66.79300", "2014-12-31": 210.245, "2014-09-30": -146.834, "2014-06-30": 181.982, "2014-03-31": "118.81800", "2013-12-31": 163.585, "2013-09-30": 187.67, "2013-06-30": 172.491, "2013-03-31": "88.66600", "2012-12-31": 129.294, "2012-09-30": 140.348, "2012-06-30": 185.903, "2012-03-31": "86.85800", "2011-12-31": 165.556, "2011-09-30": 150.381, "2011-06-30": 109.477, "2011-03-31": "95.48200", "2010-12-31": 132.907, "2010-09-30": 279.552, "2010-06-30": 134.815, "2010-03-31": "37.32900", "2009-12-31": 278.408, "2009-09-30": 215.133, "2009-06-30": 161.871, "2009-03-31": "48.53800", "2008-12-31": 157.733, "2008-09-30": 171.244, "2008-06-30": 256.092, "2008-03-31": "147.77900", "2007-12-31": 307.267, "2007-09-30": 193.507, "2007-06-30": 214.377, "2007-03-31": "139.86000", "2006-12-31": 180.345, "2006-09-30": 122.978, "2006-06-30": 123.284, "2006-03-31": "87.51600", "2005-12-31": 87.134, "2005-09-30": 102.49, "2005-06-30": 74.194, "2005-03-31": "47.40100"}, "Total Depreciation And Amortization - Cash Flow": {"2020-09-30": 32.578, "2020-06-30": 29.328, "2020-03-31": "28.20400", "2019-12-31": 28.56, "2019-09-30": 26.881, "2019-06-30": 26.723, "2019-03-31": "24.01100", "2018-12-31": 24.718, "2018-09-30": 23.256, "2018-06-30": 25.074, "2018-03-31": "23.14600", "2017-12-31": 22.553, "2017-09-30": 20.868, "2017-06-30": 21.103, "2017-03-31": "21.72800", "2016-12-31": 23.798, "2016-09-30": 21.033, "2016-06-30": 21.316, "2016-03-31": "20.19300", "2015-12-31": 19.977, "2015-09-30": 20.253, "2015-06-30": 19.266, "2015-03-31": "18.86400", "2014-12-31": 21.45, "2014-09-30": 18.107, "2014-06-30": 19.046, "2014-03-31": "18.41200", "2013-12-31": 18.335, "2013-09-30": 20.551, "2013-06-30": 19.028, "2013-03-31": "20.89000", "2012-12-31": 29.25, "2012-09-30": 10.157, "2012-06-30": 25.661, "2012-03-31": "25.39900", "2011-12-31": 34.205, "2011-09-30": 22.076, "2011-06-30": 15.832, "2011-03-31": "22.42200", "2010-12-31": 22.425, "2010-09-30": 20.671, "2010-06-30": 29.678, "2010-03-31": "21.87700", "2009-12-31": 30.596, "2009-09-30": 23.641, "2009-06-30": 20.587, "2009-03-31": "21.66200", "2008-12-31": 23.797, "2008-09-30": 27.5, "2008-06-30": 9.484, "2008-03-31": "17.63600", "2007-12-31": 22.448, "2007-09-30": 12.254, "2007-06-30": 13.25, "2007-03-31": "16.08500", "2006-12-31": 9.184, "2006-09-30": 8.025, "2006-06-30": 13.294, "2006-03-31": "13.97200", "2005-12-31": 9.458, "2005-09-30": 9.193, "2005-06-30": 15.503, "2005-03-31": "9.44200"}, "Other Non-Cash Items": {"2020-09-30": 22.825, "2020-06-30": 5.621, "2020-03-31": "40.67500", "2019-12-31": -87.327, "2019-09-30": 48.739, "2019-06-30": 3.616, "2019-03-31": "27.64500", "2018-12-31": 24.104, "2018-09-30": 32.725, "2018-06-30": 35.142, "2018-03-31": "17.53600", "2017-12-31": 52.799, "2017-09-30": 25.101, "2017-06-30": 12.734, "2017-03-31": "-113.45700", "2016-12-31": 22.874, "2016-09-30": 30.568, "2016-06-30": 19.384, "2016-03-31": "14.56300", "2015-12-31": 26.858, "2015-09-30": -5.846, "2015-06-30": 14.642, "2015-03-31": "54.94700", "2014-12-31": 21.247, "2014-09-30": 76.265, "2014-06-30": 41.285, "2014-03-31": "1.05500", "2013-12-31": -9.006, "2013-09-30": 4.203, "2013-06-30": -1.11, "2013-03-31": "12.15900", "2012-12-31": -1.032, "2012-09-30": 13.46, "2012-06-30": 15.942, "2012-03-31": "19.46900", "2011-12-31": -7.547, "2011-09-30": 1.574, "2011-06-30": 29.669, "2011-03-31": "3.85500", "2010-12-31": 25.319, "2010-09-30": 4.435, "2010-06-30": 19.234, "2010-03-31": "56.99600", "2009-12-31": 59.149, "2009-09-30": 0.763, "2009-06-30": 8.478, "2009-03-31": "14.84600", "2008-12-31": 60.397, "2008-09-30": 30.632, "2008-06-30": -77.237, "2008-03-31": "97.91000", "2007-12-31": -38.499, "2007-09-30": 20.697, "2007-06-30": 13.012, "2007-03-31": "2.23600", "2006-12-31": 25.941, "2006-09-30": -30.403, "2006-06-30": -5.211, "2006-03-31": "6.59700", "2005-12-31": 13.694, "2005-09-30": -25.347, "2005-06-30": 3.627, "2005-03-31": "19.06400"}, "Total Non-Cash Items": {"2020-09-30": 55.403, "2020-06-30": 34.949, "2020-03-31": "68.87900", "2019-12-31": -58.767, "2019-09-30": 75.62, "2019-06-30": 30.339, "2019-03-31": "51.65600", "2018-12-31": 48.822, "2018-09-30": 55.981, "2018-06-30": 60.216, "2018-03-31": "40.68200", "2017-12-31": 75.352, "2017-09-30": 45.969, "2017-06-30": 33.837, "2017-03-31": "-91.72900", "2016-12-31": 46.672, "2016-09-30": 51.601, "2016-06-30": 40.7, "2016-03-31": "34.75600", "2015-12-31": 46.835, "2015-09-30": 14.407, "2015-06-30": 33.908, "2015-03-31": "73.81100", "2014-12-31": 42.697, "2014-09-30": 94.372, "2014-06-30": 60.331, "2014-03-31": "19.46700", "2013-12-31": 9.329, "2013-09-30": 24.754, "2013-06-30": 17.918, "2013-03-31": "33.04900", "2012-12-31": 28.218, "2012-09-30": 23.617, "2012-06-30": 41.603, "2012-03-31": "44.86800", "2011-12-31": 26.658, "2011-09-30": 23.65, "2011-06-30": 45.501, "2011-03-31": "26.27700", "2010-12-31": 47.744, "2010-09-30": 25.106, "2010-06-30": 48.912, "2010-03-31": "78.87300", "2009-12-31": 89.745, "2009-09-30": 24.404, "2009-06-30": 29.065, "2009-03-31": "36.50800", "2008-12-31": 84.194, "2008-09-30": 58.132, "2008-06-30": -67.753, "2008-03-31": "115.54600", "2007-12-31": -16.051, "2007-09-30": 32.951, "2007-06-30": 26.262, "2007-03-31": "18.32100", "2006-12-31": 35.125, "2006-09-30": -22.378, "2006-06-30": 8.083, "2006-03-31": "20.56900", "2005-12-31": 23.152, "2005-09-30": -16.154, "2005-06-30": 19.13, "2005-03-31": "28.50600"}, "Change In Accounts Receivable": {"2020-09-30": -118.646, "2020-06-30": -19.037, "2020-03-31": "197.15700", "2019-12-31": -138.645, "2019-09-30": 9.055, "2019-06-30": -106.707, "2019-03-31": "112.89600", "2018-12-31": -104.665, "2018-09-30": 63.856, "2018-06-30": -139.594, "2018-03-31": "187.69300", "2017-12-31": -124.049, "2017-09-30": 61.197, "2017-06-30": -111.468, "2017-03-31": "135.25300", "2016-12-31": -67.372, "2016-09-30": 51.957, "2016-06-30": -105.621, "2016-03-31": "130.03600", "2015-12-31": -101.402, "2015-09-30": 63.859, "2015-06-30": -69.432, "2015-03-31": "129.44800", "2014-12-31": -101.721, "2014-09-30": 9.006, "2014-06-30": -71.881, "2014-03-31": "137.19800", "2013-12-31": -89.509, "2013-09-30": 17.498, "2013-06-30": -41.707, "2013-03-31": "152.30700", "2012-12-31": -92.231, "2012-09-30": -14.383, "2012-06-30": -67.744, "2012-03-31": "185.16600", "2011-12-31": -86.494, "2011-09-30": -8.792, "2011-06-30": -61.703, "2011-03-31": "327.15100", "2010-12-31": -221.527, "2010-09-30": -13.176, "2010-06-30": -72.045, "2010-03-31": "436.44600", "2009-12-31": -310.259, "2009-09-30": -54.885, "2009-06-30": -84.929, "2009-03-31": "318.09500", "2008-12-31": -95.911, "2008-09-30": -5.568, "2008-06-30": -151.241, "2008-03-31": "458.82100", "2007-12-31": -386.611, "2007-09-30": -2.092, "2007-06-30": -173.291, "2007-03-31": "84.88600", "2006-12-31": -150.463, "2006-09-30": 47.188, "2006-06-30": -97.083, "2006-03-31": "-29.75300", "2005-12-31": -19.592, "2005-09-30": 2.922, "2005-06-30": -53.377, "2005-03-31": "8.44000"}, "Change In Inventories": {"2020-09-30": 1.063, "2020-06-30": -9.808, "2020-03-31": "-47.31800", "2019-12-31": 7.952, "2019-09-30": -109.904, "2019-06-30": -29.15, "2019-03-31": "-39.06700", "2018-12-31": 11.402, "2018-09-30": -64.473, "2018-06-30": 21.789, "2018-03-31": "-26.45500", "2017-12-31": 79.127, "2017-09-30": -52.01, "2017-06-30": 6.777, "2017-03-31": "-41.39800", "2016-12-31": 38.547, "2016-09-30": -24.33, "2016-06-30": 2.201, "2016-03-31": "-18.87300", "2015-12-31": -10.71, "2015-09-30": -65.373, "2015-06-30": 11.262, "2015-03-31": "-56.89700", "2014-12-31": 30.782, "2014-09-30": -45.461, "2014-06-30": 2.271, "2014-03-31": "-64.08300", "2013-12-31": 26.744, "2013-09-30": -32.177, "2013-06-30": 1.448, "2013-03-31": "-13.60800", "2012-12-31": 48.758, "2012-09-30": -54.765, "2012-06-30": 22.51, "2012-03-31": "-12.50600", "2011-12-31": 52.27, "2011-09-30": -79.314, "2011-06-30": 31.726, "2011-03-31": "-11.06700", "2010-12-31": 119.148, "2010-09-30": -131.998, "2010-06-30": -14.104, "2010-03-31": "-50.16800", "2009-12-31": 17.849, "2009-09-30": -45.704, "2009-06-30": 30.168, "2009-03-31": "58.87600", "2008-12-31": 279.506, "2008-09-30": -55.291, "2008-06-30": 28.321, "2008-03-31": "-169.50100", "2007-12-31": 10.74, "2007-09-30": -201.514, "2007-06-30": -16.634, "2007-03-31": "-16.77200", "2006-12-31": 56.183, "2006-09-30": -111.483, "2006-06-30": -32.284, "2006-03-31": "-5.12400", "2005-12-31": -30.444, "2005-09-30": -20.536, "2005-06-30": 1.661, "2005-03-31": "-11.94300"}, "Change In Accounts Payable": {"2020-09-30": 39.524, "2020-06-30": -11.612, "2020-03-31": "-39.85100", "2019-12-31": -1.331, "2019-09-30": 21.563, "2019-06-30": 38.746, "2019-03-31": "-32.78600", "2018-12-31": 8.027, "2018-09-30": 30.983, "2018-06-30": 38.326, "2018-03-31": "-36.70800", "2017-12-31": 7.286, "2017-09-30": -3.584, "2017-06-30": 23.238, "2017-03-31": "-44.18000", "2016-12-31": 29.198, "2016-09-30": -8.403, "2016-06-30": 13.224, "2016-03-31": "-45.51500", "2015-12-31": 19.215, "2015-09-30": 23.948, "2015-06-30": 18.873, "2015-03-31": "-25.95700", "2014-12-31": 12.19, "2014-09-30": 11.389, "2014-06-30": 5.813, "2014-03-31": "-20.41100", "2013-12-31": -3.893, "2013-09-30": 22.483, "2013-06-30": 17.83, "2013-03-31": "-18.37700", "2012-12-31": -18.658, "2012-09-30": 6.356, "2012-06-30": 31.692, "2012-03-31": "-58.31900", "2011-12-31": -20.726, "2011-09-30": 7.479, "2011-06-30": 4.491, "2011-03-31": "-17.57300", "2010-12-31": -68.303, "2010-09-30": 39.197, "2010-06-30": 42.469, "2010-03-31": "-94.71700", "2009-12-31": 16.257, "2009-09-30": 45.793, "2009-06-30": 54.42, "2009-03-31": "-77.59500", "2008-12-31": -60.572, "2008-09-30": 37.792, "2008-06-30": -53.917, "2008-03-31": "-159.59000", "2007-12-31": 57.747, "2007-09-30": 53.562, "2007-06-30": 57.22, "2007-03-31": "6.25200", "2006-12-31": -38.533, "2006-09-30": 35.601, "2006-06-30": 20.826, "2006-03-31": "-7.70700", "2005-12-31": 26.3, "2005-09-30": 1.63, "2005-06-30": 10.543, "2005-03-31": "-14.34600"}, "Change In Assets/Liabilities": {"2020-09-30": 23.962, "2020-06-30": 28.58, "2020-03-31": "-109.15300", "2019-12-31": 91.253, "2019-09-30": -38.616, "2019-06-30": -25.841, "2019-03-31": "-77.90600", "2018-12-31": 55.923, "2018-09-30": -0.886, "2018-06-30": 36.86, "2018-03-31": "-97.45900", "2017-12-31": 30.717, "2017-09-30": 2.18, "2017-06-30": 15.661, "2017-03-31": "-82.89800", "2016-12-31": 34.387, "2016-09-30": 12.602, "2016-06-30": 19.55, "2016-03-31": "-50.37600", "2015-12-31": 67.5, "2015-09-30": -37.564, "2015-06-30": -52.132, "2015-03-31": "-108.34500", "2014-12-31": 10.625, "2014-09-30": 66.554, "2014-06-30": -17.836, "2014-03-31": "-118.76300", "2013-12-31": 29.576, "2013-09-30": 29.47, "2013-06-30": 37.433, "2013-03-31": "-168.62100", "2012-12-31": 82.044, "2012-09-30": 59.271, "2012-06-30": 29.498, "2012-03-31": "-111.84100", "2011-12-31": 44.923, "2011-09-30": 85.073, "2011-06-30": 87.345, "2011-03-31": "-196.12100", "2010-12-31": 146.598, "2010-09-30": -26.487, "2010-06-30": 45.412, "2010-03-31": "-203.58400", "2009-12-31": 166.327, "2009-09-30": 74.788, "2009-06-30": 74.81, "2009-03-31": "-88.99900", "2008-12-31": 76.284, "2008-09-30": -0.721, "2008-06-30": 40.854, "2008-03-31": "-139.88900", "2007-12-31": 107.029, "2007-09-30": 40.929, "2007-06-30": 140.479, "2007-03-31": "-51.88400", "2006-12-31": -73.333, "2006-09-30": 22.12, "2006-06-30": 58.916, "2006-03-31": "-15.01000", "2005-12-31": -19.575, "2005-09-30": 4.439, "2005-06-30": 5.818, "2005-03-31": "-10.89500"}, "Total Change In Assets/Liabilities": {"2020-09-30": -94.481, "2020-06-30": -19.892, "2020-03-31": "-4.18500", "2019-12-31": -67.645, "2019-09-30": -114.534, "2019-06-30": -143.359, "2019-03-31": "-27.24700", "2018-12-31": -21.234, "2018-09-30": 23.523, "2018-06-30": -26.684, "2018-03-31": "44.13400", "2017-12-31": -19.638, "2017-09-30": 1.707, "2017-06-30": -67.383, "2017-03-31": "-26.28000", "2016-12-31": 23.129, "2016-09-30": 36.339, "2016-06-30": -51.778, "2016-03-31": "6.53900", "2015-12-31": -20.882, "2015-09-30": 4.129, "2015-06-30": -269.019, "2015-03-31": "-58.94900", "2014-12-31": -107.925, "2014-09-30": 194.804, "2014-06-30": -78.134, "2014-03-31": "-67.11200", "2013-12-31": -23.101, "2013-09-30": 4.186, "2013-06-30": 13.889, "2013-03-31": "-62.35200", "2012-12-31": 17.199, "2012-09-30": 0.936, "2012-06-30": -4.601, "2012-03-31": "-9.49800", "2011-12-31": 32.644, "2011-09-30": 12.492, "2011-06-30": 48.376, "2011-03-31": "85.84000", "2010-12-31": 3.771, "2010-09-30": -100.31, "2010-06-30": -1.991, "2010-03-31": "83.92900", "2009-12-31": -122.252, "2009-09-30": 53.33, "2009-06-30": 65.336, "2009-03-31": "214.37000", "2008-12-31": 107.534, "2008-09-30": 3.146, "2008-06-30": -100.623, "2008-03-31": "-70.86000", "2007-12-31": -165.033, "2007-09-30": -92.692, "2007-06-30": 12.83, "2007-03-31": "10.48900", "2006-12-31": -102.74, "2006-09-30": 16.149, "2006-06-30": -55.207, "2006-03-31": "-51.86900", "2005-12-31": -38.623, "2005-09-30": -0.401, "2005-06-30": -46.764, "2005-03-31": "-33.06000"}, "Cash Flow From Operating Activities": {"2020-09-30": 274.338, "2020-06-30": 199.237, "2020-03-31": "225.87400", "2019-12-31": 234.379, "2019-09-30": 188.952, "2019-06-30": 110.636, "2019-03-31": "164.58200", "2018-12-31": 217.738, "2018-09-30": 263.719, "2018-06-30": 223.873, "2018-03-31": "214.19000", "2017-12-31": 198.265, "2017-09-30": 198.75, "2017-06-30": 143.432, "2017-03-31": "120.39500", "2016-12-31": 213.316, "2016-09-30": 212.994, "2016-06-30": 149.985, "2016-03-31": "129.38700", "2015-12-31": 158.336, "2015-09-30": 137.835, "2015-06-30": -97.359, "2015-03-31": "81.65500", "2014-12-31": 145.017, "2014-09-30": 142.342, "2014-06-30": 164.179, "2014-03-31": "71.17300", "2013-12-31": 149.813, "2013-09-30": 216.61, "2013-06-30": 204.298, "2013-03-31": "59.36300", "2012-12-31": 174.711, "2012-09-30": 164.901, "2012-06-30": 222.905, "2012-03-31": "122.22800", "2011-12-31": 224.858, "2011-09-30": 186.523, "2011-06-30": 203.354, "2011-03-31": "207.59900", "2010-12-31": 184.422, "2010-09-30": 204.348, "2010-06-30": 181.736, "2010-03-31": "200.13100", "2009-12-31": 245.901, "2009-09-30": 292.867, "2009-06-30": 256.272, "2009-03-31": "299.41600", "2008-12-31": 349.461, "2008-09-30": 232.522, "2008-06-30": 87.716, "2008-03-31": "192.46500", "2007-12-31": 126.183, "2007-09-30": 133.766, "2007-06-30": 253.469, "2007-03-31": "168.67000", "2006-12-31": 112.73, "2006-09-30": 116.749, "2006-06-30": 76.16, "2006-03-31": "56.21600", "2005-12-31": 71.663, "2005-09-30": 85.935, "2005-06-30": 46.56, "2005-03-31": "42.84700"}, "Net Change In Property, Plant, And Equipment": {"2020-09-30": -38.753, "2020-06-30": -56.9, "2020-03-31": "-39.45400", "2019-12-31": -26.403, "2019-09-30": -30.875, "2019-06-30": -30.177, "2019-03-31": "-30.04700", "2018-12-31": -32.605, "2018-09-30": -29.76, "2018-06-30": -65.575, "2018-03-31": "-26.21500", "2017-12-31": -54.388, "2017-09-30": -45.256, "2017-06-30": -14.16, "2017-03-31": "-25.53100", "2016-12-31": -48.142, "2016-09-30": -13.528, "2016-06-30": -14.706, "2016-03-31": "-13.90800", "2015-12-31": -20.044, "2015-09-30": -13.56, "2015-06-30": -21.588, "2015-03-31": "-17.47900", "2014-12-31": -18.51, "2014-09-30": -17.989, "2014-06-30": -21.164, "2014-03-31": "-14.92800", "2013-12-31": -13.938, "2013-09-30": -11.601, "2013-06-30": -18.055, "2013-03-31": "-11.60400", "2012-12-31": -10.832, "2012-09-30": -9.444, "2012-06-30": -11.656, "2012-03-31": "-5.75600", "2011-12-31": -7.716, "2011-09-30": -12.208, "2011-06-30": -7.137, "2011-03-31": "-7.17800", "2010-12-31": -9.11, "2010-09-30": -9.763, "2010-06-30": -9.285, "2010-03-31": "-3.93500", "2009-12-31": -13.746, "2009-09-30": -12.098, "2009-06-30": -10.214, "2009-03-31": "-13.13600", "2008-12-31": -9.132, "2008-09-30": -30.563, "2008-06-30": -53.227, "2008-03-31": "-26.68200", "2007-12-31": -27.883, "2007-09-30": -16.869, "2007-06-30": -99.621, "2007-03-31": "-12.39900", "2006-12-31": -47.429, "2006-09-30": -18.789, "2006-06-30": -11.744, "2006-03-31": "-14.86800", "2005-12-31": -6.62, "2005-09-30": -4.731, "2005-06-30": -4.002, "2005-03-31": "-11.77700"}, "Net Change In Intangible Assets": {"2020-09-30": -0.269, "2020-06-30": -0.421, "2020-03-31": "-0.95300", "2019-12-31": -0.515, "2019-09-30": -1.009, "2019-06-30": -0.44, "2019-03-31": "-0.41300", "2018-12-31": -1.618, "2018-09-30": -0.53, "2018-06-30": -0.83, "2018-03-31": "-1.62200", "2017-12-31": -3.163, "2017-09-30": -2.733, "2017-06-30": -5.114, "2017-03-31": "-1.22200", "2016-12-31": -1.009, "2016-09-30": -1.875, "2016-06-30": -1.115, "2016-03-31": "-1.71600", "2015-12-31": -1.072, "2015-09-30": -0.878, "2015-06-30": -1.222, "2015-03-31": "-0.71700", "2014-12-31": 4.702, "2014-09-30": -7.866, "2014-06-30": -0.445, "2014-03-31": "-1.11100", "2013-12-31": 0.452, "2013-09-30": -0.9, "2013-06-30": -0.327, "2013-03-31": "-0.34700", "2012-12-31": -1.609, "2012-09-30": -0.492, "2012-06-30": -1.753, "2012-03-31": "-2.92900", "2011-12-31": 1.678, "2011-09-30": -6.024, "2011-06-30": 0.039, "2011-03-31": "-2.62600", "2010-12-31": 4.008, "2010-09-30": 0.338, "2010-06-30": -3.2, "2010-03-31": "-5.02900", "2009-12-31": -0.112, "2009-09-30": -3.965, "2009-06-30": -2.624, "2009-03-31": "-0.87200", "2008-12-31": -2.91, "2008-09-30": -3.064, "2008-06-30": 1.565, "2008-03-31": "-2.56200", "2007-12-31": -0.437, "2007-09-30": -0.6, "2007-06-30": -0.317, "2007-03-31": "-1.56400", "2006-12-31": -1.602, "2006-09-30": -0.398, "2006-06-30": -0.432, "2006-03-31": "-0.68300", "2005-12-31": -3.156, "2005-09-30": -0.18, "2005-06-30": -0.047, "2005-03-31": "-0.17700"}, "Net Acquisitions/Divestitures": {"2020-09-30": -140.755, "2020-06-30": -1.835, "2020-03-31": "-6.05800", "2019-12-31": -24.979, "2019-09-30": 0.704, "2019-06-30": -276.014, "2019-03-31": "", "2018-12-31": 0, "2018-09-30": -19.753, "2018-06-30": 0, "2018-03-31": "-9.41700", "2017-12-31": -78.071, "2017-09-30": -4.9, "2017-06-30": -7.5, "2017-03-31": "", "2016-12-31": -15.808, "2016-09-30": 0, "2016-06-30": 0, "2016-03-31": "-62.13700", "2015-12-31": -26.055, "2015-09-30": 0, "2015-06-30": 0, "2015-03-31": "-12.63200", "2014-12-31": 0, "2014-09-30": -18.871, "2014-06-30": 0, "2014-03-31": "", "2013-12-31": 0.006, "2013-09-30": -5.661, "2013-06-30": -0.025, "2013-03-31": "", "2012-12-31": -3.687, "2012-09-30": -1.192, "2012-06-30": -0.002, "2012-03-31": "-2.81600", "2011-12-31": -1.502, "2011-09-30": -52.688, "2011-06-30": 0, "2011-03-31": "", "2010-12-31": -12.12, "2010-09-30": 0, "2010-06-30": 0, "2010-03-31": "", "2009-12-31": 0, "2009-09-30": 0, "2009-06-30": 0, "2009-03-31": "", "2008-12-31": -9.634, "2008-09-30": -15.729, "2008-06-30": -11.043, "2008-03-31": "-23.72500", "2007-12-31": -44.625, "2007-09-30": -15.224, "2007-06-30": 0, "2007-03-31": "-68.90200", "2006-12-31": -36.499, "2006-09-30": 0, "2006-06-30": 0, "2006-03-31": "", "2005-12-31": -1.483, "2005-09-30": 0, "2005-06-30": 0, "2005-03-31": ""}, "Net Change In Short-term Investments": {"2020-09-30": 0, "2020-06-30": 0, "2020-03-31": "", "2019-12-31": 0, "2019-09-30": 0, "2019-06-30": 0, "2019-03-31": "", "2018-12-31": 0, "2018-09-30": 0, "2018-06-30": 0, "2018-03-31": "", "2017-12-31": 0, "2017-09-30": 0, "2017-06-30": 0, "2017-03-31": "", "2016-12-31": 0, "2016-09-30": 0, "2016-06-30": 0, "2016-03-31": "", "2015-12-31": 0, "2015-09-30": 0, "2015-06-30": 0, "2015-03-31": "", "2014-12-31": 0, "2014-09-30": 0, "2014-06-30": 0, "2014-03-31": "", "2013-12-31": 0, "2013-09-30": 0, "2013-06-30": 0, "2013-03-31": "", "2012-12-31": 0, "2012-09-30": 0, "2012-06-30": 0, "2012-03-31": "", "2011-12-31": 0, "2011-09-30": 0, "2011-06-30": 0, "2011-03-31": "", "2010-12-31": 0, "2010-09-30": 0, "2010-06-30": 0, "2010-03-31": "", "2009-12-31": 0, "2009-09-30": 0, "2009-06-30": 0, "2009-03-31": "", "2008-12-31": 0, "2008-09-30": 0, "2008-06-30": 0, "2008-03-31": "", "2007-12-31": 0, "2007-09-30": 0, "2007-06-30": 0, "2007-03-31": "", "2006-12-31": 0, "2006-09-30": 0, "2006-06-30": 0, "2006-03-31": "", "2005-12-31": 0, "2005-09-30": 0, "2005-06-30": 0, "2005-03-31": ""}, "Net Change In Long-Term Investments": {"2020-09-30": -114.492, "2020-06-30": 252.966, "2020-03-31": "-32.40700", "2019-12-31": -31.041, "2019-09-30": 9.771, "2019-06-30": -7.147, "2019-03-31": "-2.16100", "2018-12-31": -34.465, "2018-09-30": -2.878, "2018-06-30": -6.865, "2018-03-31": "-75.37000", "2017-12-31": 30.325, "2017-09-30": -17.509, "2017-06-30": 21.362, "2017-03-31": "13.47700", "2016-12-31": 19.204, "2016-09-30": 23.964, "2016-06-30": -77.301, "2016-03-31": "86.39400", "2015-12-31": -67.616, "2015-09-30": 10.141, "2015-06-30": 6.685, "2015-03-31": "54.01000", "2014-12-31": 28.721, "2014-09-30": 5.538, "2014-06-30": 130.844, "2014-03-31": "-74.90900", "2013-12-31": 62.102, "2013-09-30": -119.333, "2013-06-30": -30.75, "2013-03-31": "12.32100", "2012-12-31": -175.495, "2012-09-30": -93.217, "2012-06-30": -131.995, "2012-03-31": "-43.28800", "2011-12-31": -157.117, "2011-09-30": 21.106, "2011-06-30": 7.318, "2011-03-31": "-264.64900", "2010-12-31": -146.731, "2010-09-30": -4.1, "2010-06-30": 53.518, "2010-03-31": "71.77000", "2009-12-31": 24.4081, "2009-09-30": -242.1541, "2009-06-30": -221.226, "2009-03-31": "-52.02400", "2008-12-31": 52.978, "2008-09-30": 31.706, "2008-06-30": 209.444, "2008-03-31": "-163.38400", "2007-12-31": -44.94, "2007-09-30": 81.026, "2007-06-30": 24.962, "2007-03-31": "51.72700", "2006-12-31": 57.841, "2006-09-30": -69.965, "2006-06-30": -10.041, "2006-03-31": "-71.60700", "2005-12-31": -9.02, "2005-09-30": -36, "2005-06-30": 19.076, "2005-03-31": "-33.16200"}, "Net Change In Investments - Total": {"2020-09-30": -114.492, "2020-06-30": 252.966, "2020-03-31": "-32.40700", "2019-12-31": -31.041, "2019-09-30": 9.771, "2019-06-30": -7.147, "2019-03-31": "-2.16100", "2018-12-31": -34.465, "2018-09-30": -2.878, "2018-06-30": -6.865, "2018-03-31": "-75.37000", "2017-12-31": 30.325, "2017-09-30": -17.509, "2017-06-30": 21.362, "2017-03-31": "13.47700", "2016-12-31": 19.204, "2016-09-30": 23.964, "2016-06-30": -77.301, "2016-03-31": "86.39400", "2015-12-31": -67.616, "2015-09-30": 10.141, "2015-06-30": 6.685, "2015-03-31": "54.01000", "2014-12-31": 28.721, "2014-09-30": 5.538, "2014-06-30": 130.844, "2014-03-31": "-74.90900", "2013-12-31": 62.102, "2013-09-30": -119.333, "2013-06-30": -30.75, "2013-03-31": "12.32100", "2012-12-31": -175.495, "2012-09-30": -93.217, "2012-06-30": -131.995, "2012-03-31": "-43.28800", "2011-12-31": -157.117, "2011-09-30": 21.106, "2011-06-30": 7.318, "2011-03-31": "-264.64900", "2010-12-31": -146.731, "2010-09-30": -4.1, "2010-06-30": 53.518, "2010-03-31": "71.77000", "2009-12-31": 24.4081, "2009-09-30": -242.1541, "2009-06-30": -221.226, "2009-03-31": "-52.02400", "2008-12-31": 52.978, "2008-09-30": 31.706, "2008-06-30": 209.444, "2008-03-31": "-163.38400", "2007-12-31": -44.94, "2007-09-30": 81.026, "2007-06-30": 24.962, "2007-03-31": "51.72700", "2006-12-31": 57.841, "2006-09-30": -69.965, "2006-06-30": -10.041, "2006-03-31": "-71.60700", "2005-12-31": -9.02, "2005-09-30": -36, "2005-06-30": 19.076, "2005-03-31": "-33.16200"}, "Investing Activities - Other": {"2020-09-30": 0, "2020-06-30": 0, "2020-03-31": "", "2019-12-31": 0, "2019-09-30": 0, "2019-06-30": 0, "2019-03-31": "", "2018-12-31": 0, "2018-09-30": 0, "2018-06-30": 0, "2018-03-31": "", "2017-12-31": 0, "2017-09-30": 0, "2017-06-30": 0, "2017-03-31": "", "2016-12-31": 0.006, "2016-09-30": -0.008, "2016-06-30": 0.004, "2016-03-31": "-0.00200", "2015-12-31": 0, "2015-09-30": 0.019, "2015-06-30": 0.034, "2015-03-31": "-0.00500", "2014-12-31": -0.015, "2014-09-30": -0.043, "2014-06-30": 42.868, "2014-03-31": "94.51000", "2013-12-31": 36.342, "2013-09-30": -91.691, "2013-06-30": -63.108, "2013-03-31": "-18.32500", "2012-12-31": -0.006, "2012-09-30": -0.005, "2012-06-30": 0.003, "2012-03-31": "-0.05700", "2011-12-31": 0.628, "2011-09-30": -0.006, "2011-06-30": -0.004, "2011-03-31": "-0.11200", "2010-12-31": -0.321, "2010-09-30": -0.02, "2010-06-30": 0.005, "2010-03-31": "1.10600", "2009-12-31": -0.003, "2009-09-30": 0.022, "2009-06-30": -0.168, "2009-03-31": "0.04300", "2008-12-31": -0.493, "2008-09-30": 0.092, "2008-06-30": 0.025, "2008-03-31": "-0.01100", "2007-12-31": 0.027, "2007-09-30": -0.023, "2007-06-30": -0.029, "2007-03-31": "-0.00400", "2006-12-31": -0.065, "2006-09-30": -0.012, "2006-06-30": -0.078, "2006-03-31": "-0.01400", "2005-12-31": 0.056, "2005-09-30": 0.021, "2005-06-30": 0.043, "2005-03-31": "-0.02200"}, "Cash Flow From Investing Activities": {"2020-09-30": -294.269, "2020-06-30": 193.81, "2020-03-31": "-78.87200", "2019-12-31": -82.938, "2019-09-30": -21.409, "2019-06-30": -313.778, "2019-03-31": "-32.62100", "2018-12-31": -68.688, "2018-09-30": -52.921, "2018-06-30": -73.27, "2018-03-31": "-112.62400", "2017-12-31": -105.297, "2017-09-30": -70.398, "2017-06-30": -5.412, "2017-03-31": "-13.27600", "2016-12-31": -45.749, "2016-09-30": 8.553, "2016-06-30": -93.118, "2016-03-31": "8.63100", "2015-12-31": -114.787, "2015-09-30": -4.278, "2015-06-30": -16.091, "2015-03-31": "23.17700", "2014-12-31": 14.898, "2014-09-30": -39.231, "2014-06-30": 152.103, "2014-03-31": "3.56200", "2013-12-31": 84.964, "2013-09-30": -229.186, "2013-06-30": -112.265, "2013-03-31": "-17.95500", "2012-12-31": -191.629, "2012-09-30": -104.35, "2012-06-30": -145.403, "2012-03-31": "-54.84600", "2011-12-31": -164.029, "2011-09-30": -49.82, "2011-06-30": 0.216, "2011-03-31": "-274.56500", "2010-12-31": -164.274, "2010-09-30": -13.545, "2010-06-30": 41.038, "2010-03-31": "63.91200", "2009-12-31": 10.547, "2009-09-30": -258.195, "2009-06-30": -234.232, "2009-03-31": "-65.98900", "2008-12-31": 30.809, "2008-09-30": -17.558, "2008-06-30": 146.764, "2008-03-31": "-216.36400", "2007-12-31": -117.858, "2007-09-30": 48.31, "2007-06-30": -75.005, "2007-03-31": "-31.14200", "2006-12-31": -27.754, "2006-09-30": -89.164, "2006-06-30": -22.295, "2006-03-31": "-87.17200", "2005-12-31": -20.223, "2005-09-30": -40.89, "2005-06-30": 15.07, "2005-03-31": "-45.13800"}, "Net Long-Term Debt": {"2020-09-30": 0, "2020-06-30": 0, "2020-03-31": "", "2019-12-31": 0, "2019-09-30": 0, "2019-06-30": 0, "2019-03-31": "", "2018-12-31": 0, "2018-09-30": 0, "2018-06-30": 0, "2018-03-31": "", "2017-12-31": 0, "2017-09-30": 0, "2017-06-30": 0, "2017-03-31": "", "2016-12-31": 0, "2016-09-30": 0, "2016-06-30": 0, "2016-03-31": "", "2015-12-31": 0, "2015-09-30": 0, "2015-06-30": 0, "2015-03-31": "", "2014-12-31": 0, "2014-09-30": 0, "2014-06-30": 0, "2014-03-31": "", "2013-12-31": 0, "2013-09-30": 0, "2013-06-30": 0, "2013-03-31": "", "2012-12-31": 0, "2012-09-30": 0, "2012-06-30": 0, "2012-03-31": "", "2011-12-31": 0, "2011-09-30": 0, "2011-06-30": 0, "2011-03-31": "", "2010-12-31": 0, "2010-09-30": 0, "2010-06-30": 0, "2010-03-31": "", "2009-12-31": 0, "2009-09-30": 0, "2009-06-30": 0, "2009-03-31": "", "2008-12-31": 0, "2008-09-30": 0, "2008-06-30": 0, "2008-03-31": "", "2007-12-31": -0.03, "2007-09-30": 0.03, "2007-06-30": -0.234, "2007-03-31": "-0.01400", "2006-12-31": -0.011, "2006-09-30": 0, "2006-06-30": 0, "2006-03-31": "", "2005-12-31": 0, "2005-09-30": 0, "2005-06-30": 0, "2005-03-31": ""}, "Net Current Debt": {"2020-09-30": 0, "2020-06-30": 0, "2020-03-31": "", "2019-12-31": 0, "2019-09-30": 0, "2019-06-30": 0, "2019-03-31": "", "2018-12-31": 0, "2018-09-30": 0, "2018-06-30": 0, "2018-03-31": "", "2017-12-31": 0, "2017-09-30": 0, "2017-06-30": 0, "2017-03-31": "", "2016-12-31": 0, "2016-09-30": 0, "2016-06-30": 0, "2016-03-31": "", "2015-12-31": 0, "2015-09-30": 0, "2015-06-30": 0, "2015-03-31": "", "2014-12-31": 0, "2014-09-30": 0, "2014-06-30": 0, "2014-03-31": "", "2013-12-31": 0, "2013-09-30": 0, "2013-06-30": 0, "2013-03-31": "", "2012-12-31": 0, "2012-09-30": 0, "2012-06-30": 0, "2012-03-31": "", "2011-12-31": 0, "2011-09-30": 0, "2011-06-30": 0, "2011-03-31": "", "2010-12-31": 0, "2010-09-30": 0, "2010-06-30": 0, "2010-03-31": "", "2009-12-31": 0, "2009-09-30": 0, "2009-06-30": 0, "2009-03-31": "", "2008-12-31": 0, "2008-09-30": 0, "2008-06-30": 0, "2008-03-31": "", "2007-12-31": 0, "2007-09-30": 0, "2007-06-30": 0, "2007-03-31": "", "2006-12-31": 0, "2006-09-30": 0, "2006-06-30": 0, "2006-03-31": "", "2005-12-31": 0, "2005-09-30": 0, "2005-06-30": 0, "2005-03-31": ""}, "Debt Issuance/Retirement Net - Total": {"2020-09-30": 0, "2020-06-30": 0, "2020-03-31": "", "2019-12-31": 0, "2019-09-30": 0, "2019-06-30": 0, "2019-03-31": "", "2018-12-31": 0, "2018-09-30": 0, "2018-06-30": 0, "2018-03-31": "", "2017-12-31": 0, "2017-09-30": 0, "2017-06-30": 0, "2017-03-31": "", "2016-12-31": 0, "2016-09-30": 0, "2016-06-30": 0, "2016-03-31": "", "2015-12-31": 0, "2015-09-30": 0, "2015-06-30": 0, "2015-03-31": "", "2014-12-31": 0, "2014-09-30": 0, "2014-06-30": 0, "2014-03-31": "", "2013-12-31": 0, "2013-09-30": 0, "2013-06-30": 0, "2013-03-31": "", "2012-12-31": 0, "2012-09-30": 0, "2012-06-30": 0, "2012-03-31": "", "2011-12-31": 0, "2011-09-30": 0, "2011-06-30": 0, "2011-03-31": "", "2010-12-31": 0, "2010-09-30": 0, "2010-06-30": 0, "2010-03-31": "", "2009-12-31": 0, "2009-09-30": 0, "2009-06-30": 0, "2009-03-31": "", "2008-12-31": 0, "2008-09-30": 0, "2008-06-30": 0, "2008-03-31": "", "2007-12-31": -0.03, "2007-09-30": 0.03, "2007-06-30": -0.234, "2007-03-31": "-0.01400", "2006-12-31": -0.011, "2006-09-30": 0, "2006-06-30": 0, "2006-03-31": "", "2005-12-31": 0, "2005-09-30": 0, "2005-06-30": 0, "2005-03-31": ""}, "Net Common Equity Issued/Repurchased": {"2020-09-30": -1.191, "2020-06-30": 14.899, "2020-03-31": "-11.58000", "2019-12-31": 1.226, "2019-09-30": -0.018, "2019-06-30": 12.722, "2019-03-31": "-12.69400", "2018-12-31": 2.372, "2018-09-30": 0.373, "2018-06-30": 11.878, "2018-03-31": "-4.63600", "2017-12-31": 2.358, "2017-09-30": -10.571, "2017-06-30": -25.898, "2017-03-31": "-31.32500", "2016-12-31": -26.721, "2016-09-30": -18.895, "2016-06-30": -16.591, "2016-03-31": "-19.70900", "2015-12-31": -20.182, "2015-09-30": -50.769, "2015-06-30": -32.872, "2015-03-31": "-16.10300", "2014-12-31": 0.51, "2014-09-30": -77.763, "2014-06-30": -130.273, "2014-03-31": "-31.93700", "2013-12-31": -38.979, "2013-09-30": -8.201, "2013-06-30": -13.947, "2013-03-31": "1.41200", "2012-12-31": -0.376, "2012-09-30": 0.756, "2012-06-30": 1.101, "2012-03-31": "2.57200", "2011-12-31": -5.207, "2011-09-30": 1.243, "2011-06-30": 0.96, "2011-03-31": "3.04100", "2010-12-31": 0.546, "2010-09-30": -138.133, "2010-06-30": -34.395, "2010-03-31": "-44.48100", "2009-12-31": -16.255, "2009-09-30": 1.319, "2009-06-30": 3.903, "2009-03-31": "-1.73000", "2008-12-31": -42.958, "2008-09-30": -305.708, "2008-06-30": -222.751, "2008-03-31": "-88.52600", "2007-12-31": -6.13, "2007-09-30": 7.824, "2007-06-30": 4.692, "2007-03-31": "2.84200", "2006-12-31": 6.033, "2006-09-30": -49.888, "2006-06-30": 2.808, "2006-03-31": "6.67100", "2005-12-31": 5.453, "2005-09-30": -12.913, "2005-06-30": -10.607, "2005-03-31": "1.10400"}, "Net Total Equity Issued/Repurchased": {"2020-09-30": -1.191, "2020-06-30": 14.899, "2020-03-31": "-11.58000", "2019-12-31": 1.226, "2019-09-30": -0.018, "2019-06-30": 12.722, "2019-03-31": "-12.69400", "2018-12-31": 2.372, "2018-09-30": 0.373, "2018-06-30": 11.878, "2018-03-31": "-4.63600", "2017-12-31": 2.358, "2017-09-30": -10.571, "2017-06-30": -25.898, "2017-03-31": "-31.32500", "2016-12-31": -26.721, "2016-09-30": -18.895, "2016-06-30": -16.591, "2016-03-31": "-19.70900", "2015-12-31": -20.182, "2015-09-30": -50.769, "2015-06-30": -32.872, "2015-03-31": "-16.10300", "2014-12-31": 0.51, "2014-09-30": -77.763, "2014-06-30": -130.273, "2014-03-31": "-31.93700", "2013-12-31": -38.979, "2013-09-30": -8.201, "2013-06-30": -13.947, "2013-03-31": "1.41200", "2012-12-31": -0.376, "2012-09-30": 0.756, "2012-06-30": 1.101, "2012-03-31": "2.57200", "2011-12-31": -5.207, "2011-09-30": 1.243, "2011-06-30": 0.96, "2011-03-31": "3.04100", "2010-12-31": 0.546, "2010-09-30": -138.133, "2010-06-30": -34.395, "2010-03-31": "-44.48100", "2009-12-31": -16.255, "2009-09-30": 1.319, "2009-06-30": 3.903, "2009-03-31": "-1.73000", "2008-12-31": -42.958, "2008-09-30": -305.708, "2008-06-30": -222.751, "2008-03-31": "-88.52600", "2007-12-31": -6.13, "2007-09-30": 7.824, "2007-06-30": 4.692, "2007-03-31": "2.84200", "2006-12-31": 6.033, "2006-09-30": -49.888, "2006-06-30": 2.808, "2006-03-31": "6.67100", "2005-12-31": 5.453, "2005-09-30": -12.913, "2005-06-30": -10.607, "2005-03-31": "1.10400"}, "Total Common And Preferred Stock Dividends Paid": {"2020-09-30": -116.525, "2020-06-30": -108.879, "2020-03-31": "-108.57100", "2019-12-31": -108.359, "2019-09-30": 0, "2019-06-30": -108.218, "2019-03-31": "-200.68700", "2018-12-31": 0.001, "2018-09-30": -100.063, "2018-06-30": -99.94, "2018-03-31": "-96.14600", "2017-12-31": -95.658, "2017-09-30": -95.627, "2017-06-30": -95.663, "2017-03-31": "-96.02800", "2016-12-31": -192.121, "2016-09-30": -96.22, "2016-06-30": -96.545, "2016-03-31": "-96.56600", "2015-12-31": -96.87, "2015-09-30": -97.322, "2015-06-30": -91.961, "2015-03-31": "-91.96400", "2014-12-31": -92.052, "2014-09-30": -92.449, "2014-06-30": -87.721, "2014-03-31": "-87.85300", "2013-12-31": -87.85, "2013-09-30": 0, "2013-06-30": -87.901, "2013-03-31": "-175.95600", "2012-12-31": 0, "2012-09-30": -87.748, "2012-06-30": -87.723, "2012-03-31": "-77.91500", "2011-12-31": -155.928, "2011-09-30": -154.835, "2011-06-30": 0, "2011-03-31": "", "2010-12-31": 0.25, "2010-09-30": 0, "2010-06-30": -299.103, "2010-03-31": "", "2009-12-31": -149.846, "2009-09-30": 0, "2009-06-30": 0, "2009-03-31": "", "2008-12-31": -150.251, "2008-09-30": 0, "2008-06-30": 0, "2008-03-31": "", "2007-12-31": 0, "2007-09-30": -162.531, "2007-06-30": 0, "2007-03-31": "", "2006-12-31": -107.923, "2006-09-30": 0, "2006-06-30": 0, "2006-03-31": "", "2005-12-31": -53.974, "2005-09-30": 0, "2005-06-30": 0, "2005-03-31": ""}, "Financial Activities - Other": {"2020-09-30": 0, "2020-06-30": 0, "2020-03-31": "", "2019-12-31": 0, "2019-09-30": 0, "2019-06-30": 0, "2019-03-31": "", "2018-12-31": 0, "2018-09-30": 0, "2018-06-30": 0, "2018-03-31": "", "2017-12-31": 0, "2017-09-30": 0, "2017-06-30": 0, "2017-03-31": "", "2016-12-31": 1.327, "2016-09-30": 0.361, "2016-06-30": 0.002, "2016-03-31": "0.00200", "2015-12-31": -3.306, "2015-09-30": 0.018, "2015-06-30": 0.84, "2015-03-31": "0.39900", "2014-12-31": -4.506, "2014-09-30": 0.988, "2014-06-30": 1.235, "2014-03-31": "2.19900", "2013-12-31": 4.173, "2013-09-30": 0.111, "2013-06-30": 0.042, "2013-03-31": "0.25800", "2012-12-31": -2.326, "2012-09-30": 0.506, "2012-06-30": 0.444, "2012-03-31": "0.86000", "2011-12-31": 1.771, "2011-09-30": 0.345, "2011-06-30": 0.41, "2011-03-31": "0.78700", "2010-12-31": 2.118, "2010-09-30": 0.479, "2010-06-30": 0.49, "2010-03-31": "1.40800", "2009-12-31": 0.911, "2009-09-30": 0.39, "2009-06-30": 0.039, "2009-03-31": "0.02600", "2008-12-31": -0.166, "2008-09-30": 0.344, "2008-06-30": 0.332, "2008-03-31": "1.63300", "2007-12-31": 1.658, "2007-09-30": 8.416, "2007-06-30": 5.17, "2007-03-31": "2.19000", "2006-12-31": 2.207, "2006-09-30": 0.465, "2006-06-30": 2.617, "2006-03-31": "4.37100", "2005-12-31": 0, "2005-09-30": 0, "2005-06-30": 0, "2005-03-31": ""}, "Cash Flow From Financial Activities": {"2020-09-30": -117.716, "2020-06-30": -93.98, "2020-03-31": "-120.15100", "2019-12-31": -107.133, "2019-09-30": -0.018, "2019-06-30": -95.496, "2019-03-31": "-213.38100", "2018-12-31": 2.373, "2018-09-30": -99.69, "2018-06-30": -88.062, "2018-03-31": "-100.78200", "2017-12-31": -93.3, "2017-09-30": -106.198, "2017-06-30": -121.561, "2017-03-31": "-127.35300", "2016-12-31": -217.515, "2016-09-30": -114.752, "2016-06-30": -113.136, "2016-03-31": "-116.27300", "2015-12-31": -120.358, "2015-09-30": -148.073, "2015-06-30": -123.993, "2015-03-31": "-107.66800", "2014-12-31": -96.048, "2014-09-30": -169.224, "2014-06-30": -216.759, "2014-03-31": "-117.59100", "2013-12-31": -122.656, "2013-09-30": -8.09, "2013-06-30": -101.806, "2013-03-31": "-174.28600", "2012-12-31": -2.702, "2012-09-30": -86.486, "2012-06-30": -86.178, "2012-03-31": "-74.48300", "2011-12-31": -159.364, "2011-09-30": -153.247, "2011-06-30": 1.37, "2011-03-31": "3.82800", "2010-12-31": 2.914, "2010-09-30": -137.654, "2010-06-30": -333.008, "2010-03-31": "-43.07300", "2009-12-31": -165.19, "2009-09-30": 1.709, "2009-06-30": 3.942, "2009-03-31": "-1.70400", "2008-12-31": -193.375, "2008-09-30": -305.364, "2008-06-30": -222.419, "2008-03-31": "-86.89300", "2007-12-31": -4.5, "2007-09-30": -146.263, "2007-06-30": 9.628, "2007-03-31": "5.01800", "2006-12-31": -99.694, "2006-09-30": -49.423, "2006-06-30": 5.425, "2006-03-31": "11.04200", "2005-12-31": -48.521, "2005-09-30": -12.913, "2005-06-30": -10.607, "2005-03-31": "1.10400"}, "Net Cash Flow": {"2020-09-30": -131.398, "2020-06-30": 306.32, "2020-03-31": "21.24900", "2019-12-31": 50.2, "2019-09-30": 157.184, "2019-06-30": -295.845, "2019-03-31": "-85.70600", "2018-12-31": 145.263, "2018-09-30": 109.675, "2018-06-30": 47.607, "2018-03-31": "7.50100", "2017-12-31": 0.363, "2017-09-30": 31.719, "2017-06-30": 25.983, "2017-03-31": "-13.30200", "2016-12-31": -65.822, "2016-09-30": 111.095, "2016-06-30": -56.215, "2016-03-31": "24.60900", "2015-12-31": -81.837, "2015-09-30": -23.276, "2015-06-30": -233.205, "2015-03-31": "-24.88000", "2014-12-31": 41.71, "2014-09-30": -80.328, "2014-06-30": 98.195, "2014-03-31": "-42.45800", "2013-12-31": 110.449, "2013-09-30": -14.79, "2013-06-30": -9.95, "2013-03-31": "-137.74000", "2012-12-31": -15.893, "2012-09-30": -20.646, "2012-06-30": -18.072, "2012-03-31": "-1.36900", "2011-12-31": -102.246, "2011-09-30": -29.465, "2011-06-30": 208.256, "2011-03-31": "-50.32100", "2010-12-31": 24.971, "2010-09-30": 62.796, "2010-06-30": -118.174, "2010-03-31": "199.76200", "2009-12-31": 79.818, "2009-09-30": 52.854, "2009-06-30": 36.58, "2009-03-31": "225.99400", "2008-12-31": 174.795, "2008-09-30": -102.942, "2008-06-30": 25.667, "2008-03-31": "-108.87400", "2007-12-31": 3.94, "2007-09-30": 36.078, "2007-06-30": 188.291, "2007-03-31": "142.05900", "2006-12-31": -14.402, "2006-09-30": -22.221, "2006-06-30": 59.321, "2006-03-31": "-19.72900", "2005-12-31": 3.107, "2005-09-30": 31.012, "2005-06-30": 51.04, "2005-03-31": "-0.71600"}, "Stock-Based Compensation": {"2020-09-30": 22.031, "2020-06-30": 15.925, "2020-03-31": "15.55900", "2019-12-31": 15.847, "2019-09-30": 16.592, "2019-06-30": 15.832, "2019-03-31": "15.12900", "2018-12-31": 14.297, "2018-09-30": 14.347, "2018-06-30": 14.307, "2018-03-31": "13.44000", "2017-12-31": 12.294, "2017-09-30": 12.056, "2017-06-30": 12.179, "2017-03-31": "8.20600", "2016-12-31": 12.039, "2016-09-30": 9.704, "2016-06-30": 11.335, "2016-03-31": "8.17200", "2015-12-31": 6.694, "2015-09-30": 4.854, "2015-06-30": 6.973, "2015-03-31": "7.76900", "2014-12-31": 5.305, "2014-09-30": 5.529, "2014-06-30": 7.134, "2014-03-31": "6.32500", "2013-12-31": 6.984, "2013-09-30": 4.63, "2013-06-30": 5.54, "2013-03-31": "5.43800", "2012-12-31": 2.91, "2012-09-30": 8.321, "2012-06-30": 8.199, "2012-03-31": "9.84400", "2011-12-31": 12.954, "2011-09-30": 9.943, "2011-06-30": 8.649, "2011-03-31": "8.66600", "2010-12-31": 10.92, "2010-09-30": 10.313, "2010-06-30": 9.399, "2010-03-31": "9.70000", "2009-12-31": 12.114, "2009-09-30": 10.473, "2009-06-30": 10.442, "2009-03-31": "10.58700", "2008-12-31": 10.057, "2008-09-30": 10.562, "2008-06-30": 9.129, "2008-03-31": "9.12400", "2007-12-31": 13.334, "2007-09-30": 1.634, "2007-06-30": 3.241, "2007-03-31": "3.95500", "2006-12-31": 3.535, "2006-09-30": 3.619, "2006-06-30": 2.259, "2006-03-31": "2.50000", "2005-12-31": 0.562, "2005-09-30": 0.363, "2005-06-30": 0, "2005-03-31": ""}, "Common Stock Dividends Paid": {"2020-09-30": -116.525, "2020-06-30": -108.879, "2020-03-31": "-108.57100", "2019-12-31": -108.359, "2019-09-30": 0, "2019-06-30": -108.218, "2019-03-31": "-200.68700", "2018-12-31": 0.001, "2018-09-30": -100.063, "2018-06-30": -99.94, "2018-03-31": "-96.14600", "2017-12-31": -95.658, "2017-09-30": -95.627, "2017-06-30": -95.663, "2017-03-31": "-96.02800", "2016-12-31": -192.121, "2016-09-30": -96.22, "2016-06-30": -96.545, "2016-03-31": "-96.56600", "2015-12-31": -96.87, "2015-09-30": -97.322, "2015-06-30": -91.961, "2015-03-31": "-91.96400", "2014-12-31": -92.052, "2014-09-30": -92.449, "2014-06-30": -87.721, "2014-03-31": "-87.85300", "2013-12-31": -87.85, "2013-09-30": 0, "2013-06-30": -87.901, "2013-03-31": "-175.95600", "2012-12-31": 0, "2012-09-30": -87.748, "2012-06-30": -87.723, "2012-03-31": "-77.91500", "2011-12-31": -155.928, "2011-09-30": -154.835, "2011-06-30": 0, "2011-03-31": "0.00000", "2010-12-31": 0.25, "2010-09-30": 0, "2010-06-30": -299.103, "2010-03-31": "", "2009-12-31": -149.846, "2009-09-30": 0, "2009-06-30": 0, "2009-03-31": "", "2008-12-31": -150.251, "2008-09-30": 0, "2008-06-30": 0, "2008-03-31": "", "2007-12-31": 0, "2007-09-30": -162.531, "2007-06-30": 0, "2007-03-31": "", "2006-12-31": -107.923, "2006-09-30": 0, "2006-06-30": 0, "2006-03-31": "", "2005-12-31": -53.974, "2005-09-30": 0, "2005-06-30": 0, "2005-03-31": ""}}, "financial ratios": {"Current Ratio": {"2019-12-31": "2.95180", "2018-12-31": "2.89300", "2017-12-31": "2.96190", "2016-12-31": "2.89120", "2015-12-31": "2.55320", "2014-12-31": "2.43010", "2013-12-31": "2.86710", "2012-12-31": "2.78990", "2011-12-31": "3.00000", "2010-12-31": "3.73490", "2009-12-31": "3.49350", "2008-12-31": "4.14130", "2007-12-31": "2.90910", "2006-12-31": "3.46210", "2005-12-31": "4.09840"}, "Long-term Debt / Capital": {"2019-12-31": "", "2018-12-31": "", "2017-12-31": "", "2016-12-31": "", "2015-12-31": "", "2014-12-31": "", "2013-12-31": "", "2012-12-31": "", "2011-12-31": "", "2010-12-31": "", "2009-12-31": "", "2008-12-31": "", "2007-12-31": "", "2006-12-31": "0.00020", "2005-12-31": ""}, "Debt/Equity Ratio": {"2019-12-31": "", "2018-12-31": "", "2017-12-31": "", "2016-12-31": "", "2015-12-31": "", "2014-12-31": "", "2013-12-31": "", "2012-12-31": "", "2011-12-31": "", "2010-12-31": "", "2009-12-31": "", "2008-12-31": "", "2007-12-31": "", "2006-12-31": "0.00020", "2005-12-31": ""}, "Gross Margin": {"2019-12-31": "59.45370", "2018-12-31": "59.14120", "2017-12-31": "57.59750", "2016-12-31": "55.43790", "2015-12-31": "54.55880", "2014-12-31": "55.89000", "2013-12-31": "53.47190", "2012-12-31": "52.96950", "2011-12-31": "48.52490", "2010-12-31": "50.05270", "2009-12-31": "49.01210", "2008-12-31": "44.46140", "2007-12-31": "46.00970", "2006-12-31": "49.73990", "2005-12-31": "52.06110"}, "Operating Margin": {"2019-12-31": "25.16530", "2018-12-31": "23.25190", "2017-12-31": "21.90050", "2016-12-31": "20.77830", "2015-12-31": "19.48680", "2014-12-31": "24.05810", "2013-12-31": "21.81100", "2012-12-31": "22.24710", "2011-12-31": "20.07440", "2010-12-31": "23.66900", "2009-12-31": "26.67660", "2008-12-31": "24.67080", "2007-12-31": "28.53020", "2006-12-31": "31.26040", "2005-12-31": "32.90320"}, "EBIT Margin": {"2019-12-31": "25.16530", "2018-12-31": "23.25190", "2017-12-31": "21.90050", "2016-12-31": "20.77830", "2015-12-31": "19.48680", "2014-12-31": "24.05810", "2013-12-31": "21.81100", "2012-12-31": "22.24710", "2011-12-31": "20.07440", "2010-12-31": "23.66900", "2009-12-31": "26.67660", "2008-12-31": "24.67080", "2007-12-31": "28.53020", "2006-12-31": "31.26040", "2005-12-31": "32.90320"}, "EBITDA Margin": {"2019-12-31": "27.99090", "2018-12-31": "26.12550", "2017-12-31": "24.66360", "2016-12-31": "23.61300", "2015-12-31": "22.26530", "2014-12-31": "26.74090", "2013-12-31": "24.80520", "2012-12-31": "25.57840", "2011-12-31": "23.50140", "2010-12-31": "27.18780", "2009-12-31": "29.95130", "2008-12-31": "26.91510", "2007-12-31": "30.54370", "2006-12-31": "33.76740", "2005-12-31": "37.14500"}, "Pre-Tax Profit Margin": {"2019-12-31": "26.27330", "2018-12-31": "24.59330", "2017-12-31": "22.33090", "2016-12-31": "20.96740", "2015-12-31": "20.11110", "2014-12-31": "25.21180", "2013-12-31": "24.83260", "2012-12-31": "22.99720", "2011-12-31": "21.17620", "2010-12-31": "21.46060", "2009-12-31": "27.44500", "2008-12-31": "26.16900", "2007-12-31": "30.76020", "2006-12-31": "33.51490", "2005-12-31": "36.25320"}, "Net Profit Margin": {"2019-12-31": "25.34890", "2018-12-31": "20.73460", "2017-12-31": "22.71320", "2016-12-31": "16.99800", "2015-12-31": "16.17670", "2014-12-31": "12.68740", "2013-12-31": "23.26930", "2012-12-31": "19.97310", "2011-12-31": "18.88280", "2010-12-31": "21.73320", "2009-12-31": "23.89150", "2008-12-31": "20.97400", "2007-12-31": "26.88440", "2006-12-31": "28.98100", "2005-12-31": "30.28090"}, "Asset Turnover": {"2019-12-31": "0.60930", "2018-12-31": "0.62190", "2017-12-31": "0.63080", "2016-12-31": "0.67310", "2015-12-31": "0.62680", "2014-12-31": "0.61160", "2013-12-31": "0.53940", "2012-12-31": "0.56350", "2011-12-31": "0.61690", "2010-12-31": "0.67440", "2009-12-31": "0.76970", "2008-12-31": "1.19070", "2007-12-31": "0.96620", "2006-12-31": "0.93520", "2005-12-31": "0.75450"}, "Inventory Turnover Ratio": {"2019-12-31": "2.02350", "2018-12-31": "2.43440", "2017-12-31": "2.55700", "2016-12-31": "2.79950", "2015-12-31": "2.56030", "2014-12-31": "3.01150", "2013-12-31": "3.20370", "2012-12-31": "3.27540", "2011-12-31": "3.57010", "2010-12-31": "3.46650", "2009-12-31": "4.84720", "2008-12-31": "4.56270", "2007-12-31": "3.39700", "2006-12-31": "3.29000", "2005-12-31": "2.46550"}, "Receiveable Turnover": {"2019-12-31": "5.31650", "2018-12-31": "5.87440", "2017-12-31": "5.28290", "2016-12-31": "5.77880", "2015-12-31": "5.30640", "2014-12-31": "5.03460", "2013-12-31": "4.66160", "2012-12-31": "4.49860", "2011-12-31": "4.54120", "2010-12-31": "3.59980", "2009-12-31": "3.37080", "2008-12-31": "4.71330", "2007-12-31": "3.33890", "2006-12-31": "4.39630", "2005-12-31": "6.01050"}, "Days Sales In Receivables": {"2019-12-31": "68.65420", "2018-12-31": "62.13370", "2017-12-31": "69.09110", "2016-12-31": "63.16170", "2015-12-31": "68.78440", "2014-12-31": "72.49900", "2013-12-31": "78.30000", "2012-12-31": "81.13660", "2011-12-31": "80.37470", "2010-12-31": "101.39590", "2009-12-31": "108.28330", "2008-12-31": "77.44020", "2007-12-31": "109.31840", "2006-12-31": "83.02500", "2005-12-31": "60.72730"}, "ROE - Return On Equity": {"2019-12-31": "19.87040", "2018-12-31": "16.67270", "2017-12-31": "18.40420", "2016-12-31": "15.14700", "2015-12-31": "13.63860", "2014-12-31": "10.70150", "2013-12-31": "16.73390", "2012-12-31": "15.35770", "2011-12-31": "15.99520", "2010-12-31": "19.17010", "2009-12-31": "24.81800", "2008-12-31": "32.92440", "2007-12-31": "36.37390", "2006-12-31": "33.00110", "2005-12-31": "26.89270"}, "Return On Tangible Equity": {"2019-12-31": "23.04100", "2018-12-31": "18.52910", "2017-12-31": "20.59500", "2016-12-31": "16.63100", "2015-12-31": "14.71900", "2014-12-31": "11.43420", "2013-12-31": "17.80160", "2012-12-31": "16.44040", "2011-12-31": "17.30590", "2010-12-31": "20.40920", "2009-12-31": "26.83980", "2008-12-31": "36.73610", "2007-12-31": "39.68340", "2006-12-31": "34.49750", "2005-12-31": "27.75280"}, "ROA - Return On Assets": {"2019-12-31": "15.44540", "2018-12-31": "12.89430", "2017-12-31": "14.32830", "2016-12-31": "11.44110", "2015-12-31": "10.13980", "2014-12-31": "7.76020", "2013-12-31": "12.55050", "2012-12-31": "11.25520", "2011-12-31": "11.64970", "2010-12-31": "14.65650", "2009-12-31": "18.38910", "2008-12-31": "24.97420", "2007-12-31": "25.97670", "2006-12-31": "27.10160", "2005-12-31": "22.84620"}, "ROI - Return On Investment": {"2019-12-31": "19.87040", "2018-12-31": "16.67270", "2017-12-31": "18.40420", "2016-12-31": "15.14700", "2015-12-31": "13.63860", "2014-12-31": "10.70150", "2013-12-31": "16.73390", "2012-12-31": "15.35770", "2011-12-31": "15.99520", "2010-12-31": "19.17010", "2009-12-31": "24.81800", "2008-12-31": "32.92440", "2007-12-31": "36.37390", "2006-12-31": "32.99580", "2005-12-31": "26.89270"}, "Book Value Per Share": {"2019-12-31": "25.13820", "2018-12-31": "21.97270", "2017-12-31": "20.47100", "2016-12-31": "18.12640", "2015-12-31": "17.63170", "2014-12-31": "17.74300", "2013-12-31": "18.75330", "2012-12-31": "18.05700", "2011-12-31": "16.72930", "2010-12-31": "15.69040", "2009-12-31": "14.16280", "2008-12-31": "11.10910", "2007-12-31": "10.83330", "2006-12-31": "7.20930", "2005-12-31": "5.35440"}, "Operating Cash Flow Per Share": {"2019-12-31": -1.1871, "2018-12-31": 1.3449, "2017-12-31": -0.2255, "2016-12-31": 2.2594, "2015-12-31": -1.2245, "2014-12-31": -0.5171, "2013-12-31": -0.2806, "2012-12-31": -0.7296, "2011-12-31": 0.3275, "2010-12-31": -1.5488, "2009-12-31": 1.3484, "2008-12-31": 0.9901, "2007-12-31": 1.4487, "2006-12-31": 0.5217, "2005-12-31": 1.1318}, "Free Cash Flow Per Share": {"2019-12-31": -0.9902, "2018-12-31": 1.2707, "2017-12-31": -0.487, "2016-12-31": 2.1629, "2015-12-31": -1.2309, "2014-12-31": -0.6098, "2013-12-31": -0.3697, "2012-12-31": -0.746, "2011-12-31": 0.3138, "2010-12-31": -1.4662, "2009-12-31": 1.6715, "2008-12-31": 1.1354, "2007-12-31": 1.1599, "2006-12-31": 0.2218, "2005-12-31": 1.0075}}, "financial ratios, quarterly": {"Current Ratio": {"2020-09-30": "2.97600", "2020-06-30": "2.79950", "2020-03-31": "3.74600", "2019-12-31": "2.95180", "2019-09-30": "2.64430", "2019-06-30": "2.39430", "2019-03-31": "4.03540", "2018-12-31": "2.89300", "2018-09-30": "2.81090", "2018-06-30": "2.50080", "2018-03-31": "3.92810", "2017-12-31": "2.96190", "2017-09-30": "2.75690", "2017-06-30": "2.48240", "2017-03-31": "3.77440", "2016-12-31": "2.89120", "2016-09-30": "2.44290", "2016-06-30": "2.18980", "2016-03-31": "3.12780", "2015-12-31": "2.55320", "2015-09-30": "2.49480", "2015-06-30": "2.37430", "2015-03-31": "3.03340", "2014-12-31": "2.43010", "2014-09-30": "2.15530", "2014-06-30": "2.57580", "2014-03-31": "3.42490", "2013-12-31": "2.86710", "2013-09-30": "2.50980", "2013-06-30": "2.63700", "2013-03-31": "3.82410", "2012-12-31": "2.78990", "2012-09-30": "2.79900", "2012-06-30": "2.64010", "2012-03-31": "3.95140", "2011-12-31": "3.00000", "2011-09-30": "2.79400", "2011-06-30": "2.68810", "2011-03-31": "4.66650", "2010-12-31": "3.73490", "2010-09-30": "4.16380", "2010-06-30": "4.94810", "2010-03-31": "3.25120", "2009-12-31": "3.49350", "2009-09-30": "2.91970", "2009-06-30": "4.52770", "2009-03-31": "6.04920", "2008-12-31": "4.14130", "2008-09-30": "2.92170", "2008-06-30": "3.14430", "2008-03-31": "4.13770", "2007-12-31": "2.90910", "2007-09-30": "3.27120", "2007-06-30": "3.94320", "2007-03-31": "5.21950", "2006-12-31": "3.46210", "2006-09-30": "2.54370", "2006-06-30": "2.74020", "2006-03-31": "4.28480", "2005-12-31": "4.09840", "2005-09-30": "3.41020", "2005-06-30": "4.66210", "2005-03-31": "4.22610"}, "Long-term Debt / Capital": {"2020-09-30": "", "2020-06-30": "", "2020-03-31": "", "2019-12-31": "", "2019-09-30": "", "2019-06-30": "", "2019-03-31": "", "2018-12-31": "", "2018-09-30": "", "2018-06-30": "", "2018-03-31": "", "2017-12-31": "", "2017-09-30": "", "2017-06-30": "", "2017-03-31": "", "2016-12-31": "", "2016-09-30": "", "2016-06-30": "", "2016-03-31": "", "2015-12-31": "", "2015-09-30": "", "2015-06-30": "", "2015-03-31": "", "2014-12-31": "", "2014-09-30": "", "2014-06-30": "", "2014-03-31": "", "2013-12-31": "", "2013-09-30": "", "2013-06-30": "", "2013-03-31": "", "2012-12-31": "", "2012-09-30": "", "2012-06-30": "", "2012-03-31": "", "2011-12-31": "", "2011-09-30": "", "2011-06-30": "", "2011-03-31": "", "2010-12-31": "", "2010-09-30": "", "2010-06-30": "", "2010-03-31": "", "2009-12-31": "", "2009-09-30": "", "2009-06-30": "", "2009-03-31": "", "2008-12-31": "", "2008-09-30": "", "2008-06-30": "", "2008-03-31": "", "2007-12-31": "", "2007-09-30": "0.00030", "2007-06-30": "", "2007-03-31": "0.00010", "2006-12-31": "0.00020", "2006-09-30": "", "2006-06-30": "", "2006-03-31": "", "2005-12-31": "", "2005-09-30": "", "2005-06-30": "", "2005-03-31": ""}, "Debt/Equity Ratio": {"2020-09-30": "", "2020-06-30": "", "2020-03-31": "", "2019-12-31": "", "2019-09-30": "", "2019-06-30": "", "2019-03-31": "", "2018-12-31": "", "2018-09-30": "", "2018-06-30": "", "2018-03-31": "", "2017-12-31": "", "2017-09-30": "", "2017-06-30": "", "2017-03-31": "", "2016-12-31": "", "2016-09-30": "", "2016-06-30": "", "2016-03-31": "", "2015-12-31": "", "2015-09-30": "", "2015-06-30": "", "2015-03-31": "", "2014-12-31": "", "2014-09-30": "", "2014-06-30": "", "2014-03-31": "", "2013-12-31": "", "2013-09-30": "", "2013-06-30": "", "2013-03-31": "", "2012-12-31": "", "2012-09-30": "", "2012-06-30": "", "2012-03-31": "", "2011-12-31": "", "2011-09-30": "", "2011-06-30": "", "2011-03-31": "", "2010-12-31": "", "2010-09-30": "", "2010-06-30": "", "2010-03-31": "", "2009-12-31": "", "2009-09-30": "", "2009-06-30": "", "2009-03-31": "", "2008-12-31": "", "2008-09-30": "", "2008-06-30": "", "2008-03-31": "", "2007-12-31": "", "2007-09-30": "0.00030", "2007-06-30": "", "2007-03-31": "0.00010", "2006-12-31": "0.00020", "2006-09-30": "", "2006-06-30": "", "2006-03-31": "", "2005-12-31": "", "2005-09-30": "", "2005-06-30": "", "2005-03-31": ""}, "Gross Margin": {"2020-09-30": "60.22240", "2020-06-30": "59.25390", "2020-03-31": "59.21450", "2019-12-31": "58.01460", "2019-09-30": "60.73080", "2019-06-30": "60.25770", "2019-03-31": "58.96460", "2018-12-31": "58.91660", "2018-09-30": "59.35070", "2018-06-30": "58.50170", "2018-03-31": "60.00170", "2017-12-31": "56.10950", "2017-09-30": "58.23980", "2017-06-30": "58.22470", "2017-03-31": "58.11380", "2016-12-31": "54.03060", "2016-09-30": "56.21050", "2016-06-30": "57.04200", "2016-03-31": "54.45970", "2015-12-31": "52.87500", "2015-09-30": "53.28750", "2015-06-30": "54.17860", "2015-03-31": "58.78470", "2014-12-31": "53.63420", "2014-09-30": "56.38620", "2014-06-30": "57.14290", "2014-03-31": "56.72530", "2013-12-31": "51.94700", "2013-09-30": "54.82730", "2013-06-30": "55.07610", "2013-03-31": "51.90890", "2012-12-31": "48.64410", "2012-09-30": "53.40090", "2012-06-30": "58.73570", "2012-03-31": "50.98110", "2011-12-31": "47.68760", "2011-09-30": "51.62440", "2011-06-30": "47.78230", "2011-03-31": "46.93940", "2010-12-31": "45.33680", "2010-09-30": "49.68770", "2010-06-30": "53.74190", "2010-03-31": "53.56690", "2009-12-31": "45.94750", "2009-09-30": "52.44670", "2009-06-30": "52.55000", "2009-03-31": "44.88100", "2008-12-31": "41.08130", "2008-09-30": "44.30830", "2008-06-30": "45.75420", "2008-03-31": "48.22430", "2007-12-31": "41.82220", "2007-09-30": "46.91420", "2007-06-30": "50.46250", "2007-03-31": "48.30800", "2006-12-31": "49.81020", "2006-09-30": "48.74060", "2006-06-30": "50.01160", "2006-03-31": "50.50710", "2005-12-31": "50.87410", "2005-09-30": "51.50700", "2005-06-30": "52.92350", "2005-03-31": "53.56730"}, "Operating Margin": {"2020-09-30": "28.58840", "2020-06-30": "21.65720", "2020-03-31": "20.73130", "2019-12-31": "25.08740", "2019-09-30": "27.98210", "2019-06-30": "26.83390", "2019-03-31": "19.76150", "2018-12-31": "23.88930", "2018-09-30": "24.19210", "2018-06-30": "24.31750", "2018-03-31": "20.00390", "2017-12-31": "20.43180", "2017-09-30": "23.11470", "2017-06-30": "25.21050", "2017-03-31": "18.24260", "2016-12-31": "19.00790", "2016-09-30": "22.09980", "2016-06-30": "24.72550", "2016-03-31": "16.63400", "2015-12-31": "18.65500", "2015-09-30": "18.45800", "2015-06-30": "21.53760", "2015-03-31": "19.08080", "2014-12-31": "21.90930", "2014-09-30": "24.84900", "2014-06-30": "28.12300", "2014-03-31": "20.63870", "2013-12-31": "22.70270", "2013-09-30": "23.57680", "2013-06-30": "24.38920", "2013-03-31": "15.02490", "2012-12-31": "19.48600", "2012-09-30": "23.80540", "2012-06-30": "28.40700", "2012-03-31": "16.22950", "2011-12-31": "21.99650", "2011-09-30": "22.08930", "2011-06-30": "19.52100", "2011-03-31": "14.72000", "2010-12-31": "22.04190", "2010-09-30": "24.06780", "2010-06-30": "27.72400", "2010-03-31": "19.33530", "2009-12-31": "27.56470", "2009-09-30": "30.32090", "2009-06-30": "29.76400", "2009-03-31": "13.27210", "2008-12-31": "22.55380", "2008-09-30": "24.62940", "2008-06-30": "26.16110", "2008-03-31": "26.02150", "2007-12-31": "25.74340", "2007-09-30": "29.39000", "2007-06-30": "32.53580", "2007-03-31": "28.10560", "2006-12-31": "32.54090", "2006-09-30": "29.65020", "2006-06-30": "31.11810", "2006-03-31": "31.06100", "2005-12-31": "30.75260", "2005-09-30": "33.88230", "2005-06-30": "33.67520", "2005-03-31": "34.13010"}, "EBIT Margin": {"2020-09-30": "28.58840", "2020-06-30": "21.65720", "2020-03-31": "20.73130", "2019-12-31": "25.08750", "2019-09-30": "27.98210", "2019-06-30": "26.83390", "2019-03-31": "19.76150", "2018-12-31": "23.88930", "2018-09-30": "24.19210", "2018-06-30": "24.31750", "2018-03-31": "20.00390", "2017-12-31": "20.43180", "2017-09-30": "23.11470", "2017-06-30": "25.21050", "2017-03-31": "18.24260", "2016-12-31": "19.00790", "2016-09-30": "22.09980", "2016-06-30": "24.72550", "2016-03-31": "16.63400", "2015-12-31": "18.65500", "2015-09-30": "18.45800", "2015-06-30": "21.53760", "2015-03-31": "19.08080", "2014-12-31": "21.90930", "2014-09-30": "24.84900", "2014-06-30": "28.12300", "2014-03-31": "20.63870", "2013-12-31": "22.70270", "2013-09-30": "23.57680", "2013-06-30": "24.38920", "2013-03-31": "15.02490", "2012-12-31": "19.48600", "2012-09-30": "23.80540", "2012-06-30": "28.40700", "2012-03-31": "16.22950", "2011-12-31": "21.99640", "2011-09-30": "22.08930", "2011-06-30": "19.52100", "2011-03-31": "14.72000", "2010-12-31": "22.04190", "2010-09-30": "24.06780", "2010-06-30": "27.72400", "2010-03-31": "19.33530", "2009-12-31": "27.56470", "2009-09-30": "30.32090", "2009-06-30": "29.76400", "2009-03-31": "13.27210", "2008-12-31": "22.55380", "2008-09-30": "24.62940", "2008-06-30": "26.16110", "2008-03-31": "26.02150", "2007-12-31": "25.74340", "2007-09-30": "29.39000", "2007-06-30": "32.53580", "2007-03-31": "28.10560", "2006-12-31": "32.54090", "2006-09-30": "29.65020", "2006-06-30": "31.11810", "2006-03-31": "31.06100", "2005-12-31": "30.75260", "2005-09-30": "33.88230", "2005-06-30": "33.67520", "2005-03-31": "34.13010"}, "EBITDA Margin": {"2020-09-30": "", "2020-06-30": "", "2020-03-31": "", "2019-12-31": "", "2019-09-30": "", "2019-06-30": "", "2019-03-31": "", "2018-12-31": "", "2018-09-30": "", "2018-06-30": "", "2018-03-31": "", "2017-12-31": "", "2017-09-30": "", "2017-06-30": "", "2017-03-31": "", "2016-12-31": "", "2016-09-30": "", "2016-06-30": "", "2016-03-31": "", "2015-12-31": "", "2015-09-30": "", "2015-06-30": "", "2015-03-31": "", "2014-12-31": "", "2014-09-30": "", "2014-06-30": "", "2014-03-31": "", "2013-12-31": "", "2013-09-30": "", "2013-06-30": "", "2013-03-31": "", "2012-12-31": "", "2012-09-30": "", "2012-06-30": "", "2012-03-31": "", "2011-12-31": "", "2011-09-30": "", "2011-06-30": "", "2011-03-31": "", "2010-12-31": "", "2010-09-30": "", "2010-06-30": "", "2010-03-31": "", "2009-12-31": "", "2009-09-30": "", "2009-06-30": "", "2009-03-31": "", "2008-12-31": "", "2008-09-30": "", "2008-06-30": "", "2008-03-31": "", "2007-12-31": "", "2007-09-30": "", "2007-06-30": "", "2007-03-31": "", "2006-12-31": "", "2006-09-30": "", "2006-06-30": "", "2006-03-31": "", "2005-12-31": "", "2005-09-30": "", "2005-06-30": "", "2005-03-31": ""}, "Pre-Tax Profit Margin": {"2020-09-30": "30.35690", "2020-06-30": "22.71520", "2020-03-31": "20.74910", "2019-12-31": "26.07550", "2019-09-30": "27.58690", "2019-06-30": "28.88210", "2019-03-31": "21.70420", "2018-12-31": "24.87610", "2018-09-30": "24.85490", "2018-06-30": "26.39250", "2018-03-31": "21.66070", "2017-12-31": "20.55620", "2017-09-30": "25.27990", "2017-06-30": "28.18170", "2017-03-31": "13.77610", "2016-12-31": "19.99240", "2016-09-30": "20.73590", "2016-06-30": "25.11070", "2016-03-31": "17.23400", "2015-12-31": "19.52270", "2015-09-30": "24.25970", "2015-06-30": "22.42840", "2015-03-31": "13.01620", "2014-12-31": "24.88420", "2014-09-30": "24.44660", "2014-06-30": "26.83300", "2014-03-31": "24.42760", "2013-12-31": "26.92390", "2013-09-30": "24.98300", "2013-06-30": "29.65780", "2013-03-31": "15.34600", "2012-12-31": "20.15610", "2012-09-30": "24.18690", "2012-06-30": "28.88460", "2012-03-31": "17.88660", "2011-12-31": "20.35160", "2011-09-30": "26.24260", "2011-06-30": "18.85060", "2011-03-31": "19.08620", "2010-12-31": "18.67270", "2010-09-30": "30.46320", "2010-06-30": "22.56000", "2010-03-31": "10.56050", "2009-12-31": "27.58280", "2009-09-30": "32.85470", "2009-06-30": "29.86700", "2009-03-31": "13.72200", "2008-12-31": "19.49430", "2008-09-30": "24.29030", "2008-06-30": "34.67950", "2008-03-31": "27.48440", "2007-12-31": "28.60290", "2007-09-30": "30.55230", "2007-06-30": "33.21860", "2007-03-31": "32.69410", "2006-12-31": "32.64750", "2006-09-30": "35.67090", "2006-06-30": "33.73660", "2006-03-31": "32.13330", "2005-12-31": "29.94430", "2005-09-30": "50.18400", "2005-06-30": "34.80270", "2005-03-31": "30.52670"}, "Net Profit Margin": {"2020-09-30": "28.25630", "2020-06-30": "21.17340", "2020-03-31": "18.82710", "2019-12-31": "32.73280", "2019-09-30": "24.38680", "2019-06-30": "23.42340", "2019-03-31": "18.29820", "2018-12-31": "20.40000", "2018-09-30": "22.74220", "2018-06-30": "21.28030", "2018-03-31": "18.19930", "2017-12-31": "15.88620", "2017-09-30": "20.10980", "2017-06-30": "21.28470", "2017-03-31": "37.16290", "2016-12-31": "16.16330", "2016-09-30": "17.31450", "2016-06-30": "19.84500", "2016-03-31": "14.11640", "2015-12-31": "16.94260", "2015-09-30": "17.55200", "2015-06-30": "17.80150", "2015-03-31": "11.40990", "2014-12-31": "26.17230", "2014-09-30": "-20.78970", "2014-06-30": "23.39570", "2014-03-31": "20.37270", "2013-12-31": "21.53310", "2013-09-30": "29.15760", "2013-06-30": "24.76320", "2013-03-31": "16.66790", "2012-12-31": "16.82300", "2012-09-30": "20.87340", "2012-06-30": "25.88640", "2012-03-31": "15.60520", "2011-12-31": "18.20010", "2011-09-30": "22.54610", "2011-06-30": "16.24050", "2011-03-31": "18.80180", "2010-12-31": "15.86530", "2010-09-30": "40.37650", "2010-06-30": "18.49920", "2010-03-31": "8.65970", "2009-12-31": "26.28020", "2009-09-30": "27.53690", "2009-06-30": "24.19220", "2009-03-31": "11.11480", "2008-12-31": "15.04730", "2008-09-30": "19.67520", "2008-06-30": "28.09040", "2008-03-31": "22.26240", "2007-12-31": "25.24750", "2007-09-30": "26.55610", "2007-06-30": "28.87370", "2007-03-31": "28.41770", "2006-12-31": "29.50520", "2006-09-30": "30.14190", "2006-06-30": "28.50760", "2006-03-31": "27.15270", "2005-12-31": "27.28940", "2005-09-30": "40.77920", "2005-06-30": "28.05100", "2005-03-31": "24.60460"}, "Asset Turnover": {"2020-09-30": "0.16930", "2020-06-30": "0.13980", "2020-03-31": "0.14140", "2019-12-31": "0.17870", "2019-09-30": "0.16240", "2019-06-30": "0.17280", "2019-03-31": "0.14510", "2018-12-31": "0.17320", "2018-09-30": "0.15900", "2018-06-30": "0.17930", "2018-03-31": "0.14640", "2017-12-31": "0.18130", "2017-09-30": "0.15540", "2017-06-30": "0.17510", "2017-03-31": "0.13940", "2016-12-31": "0.19620", "2016-09-30": "0.15730", "2016-06-30": "0.17930", "2016-03-31": "0.14150", "2015-12-31": "0.17370", "2015-09-30": "0.15490", "2015-06-30": "0.17490", "2015-03-31": "0.12880", "2014-12-31": "0.17120", "2014-09-30": "0.15130", "2014-06-30": "0.16400", "2014-03-31": "0.12310", "2013-12-31": "0.15570", "2013-09-30": "0.13340", "2013-06-30": "0.15150", "2013-03-31": "0.11640", "2012-12-31": "0.15950", "2012-09-30": "0.14520", "2012-06-30": "0.16090", "2012-03-31": "0.12870", "2011-12-31": "0.20340", "2011-09-30": "0.15390", "2011-06-30": "0.16060", "2011-03-31": "0.12900", "2010-12-31": "0.21000", "2010-09-30": "0.18930", "2010-06-30": "0.21240", "2010-03-31": "0.12140", "2009-12-31": "0.27670", "2009-09-30": "0.22220", "2009-06-30": "0.21280", "2009-03-31": "0.15630", "2008-12-31": "0.35720", "2008-09-30": "0.28860", "2008-06-30": "0.29110", "2008-03-31": "0.21530", "2007-12-31": "0.36980", "2007-09-30": "0.27540", "2007-06-30": "0.30370", "2007-03-31": "0.24400", "2006-12-31": "0.32220", "2006-09-30": "0.22670", "2006-06-30": "0.26020", "2006-03-31": "0.21900", "2005-12-31": "0.23440", "2005-09-30": "0.19260", "2005-06-30": "0.21520", "2005-03-31": "0.16710"}, "Inventory Turnover Ratio": {"2020-09-30": "0.53720", "2020-06-30": "0.43580", "2020-03-31": "0.44190", "2019-12-31": "0.61470", "2019-09-30": "0.48930", "2019-06-30": "0.58550", "2019-03-31": "0.52530", "2018-12-31": "0.68160", "2018-09-30": "0.59150", "2018-06-30": "0.74020", "2018-03-31": "0.51940", "2017-12-31": "0.76080", "2017-09-30": "0.54530", "2017-06-30": "0.66140", "2017-03-31": "0.50400", "2016-12-31": "0.84190", "2016-09-30": "0.59150", "2016-06-30": "0.68610", "2016-03-31": "0.54890", "2015-12-31": "0.73560", "2015-09-30": "0.63100", "2015-06-30": "0.77340", "2015-03-31": "0.51290", "2014-12-31": "0.88580", "2014-09-30": "0.66030", "2014-06-30": "0.77590", "2014-03-31": "0.57100", "2013-12-31": "0.95510", "2013-09-30": "0.69770", "2013-06-30": "0.81600", "2013-03-31": "0.64600", "2012-12-31": "1.01220", "2012-09-30": "0.70660", "2012-06-30": "0.77130", "2012-03-31": "0.66960", "2011-12-31": "1.19640", "2011-09-30": "0.69950", "2011-06-30": "0.91270", "2011-03-31": "0.65560", "2010-12-31": "1.18150", "2010-09-30": "0.70460", "2010-06-30": "0.94010", "2010-03-31": "0.56210", "2009-12-31": "1.84750", "2009-09-30": "0.99520", "2009-06-30": "0.98250", "2009-03-31": "0.68090", "2008-12-31": "1.45210", "2008-09-30": "0.69350", "2008-06-30": "0.75390", "2008-03-31": "0.50840", "2007-12-31": "1.40080", "2007-09-30": "0.78350", "2007-06-30": "1.26530", "2007-03-31": "0.89830", "2006-12-31": "1.13200", "2006-09-30": "0.62720", "2006-06-30": "0.94850", "2006-03-31": "0.79660", "2005-12-31": "0.78490", "2005-09-30": "0.70370", "2005-06-30": "0.77660", "2005-03-31": "0.53750"}, "Receiveable Turnover": {"2020-09-30": "1.68570", "2020-06-30": "1.66040", "2020-03-31": "1.71140", "2019-12-31": "1.55950", "2019-09-30": "1.67360", "2019-06-30": "1.63520", "2019-03-31": "1.69080", "2018-12-31": "1.63580", "2018-09-30": "1.73160", "2018-06-30": "1.67790", "2018-03-31": "1.73510", "2017-12-31": "1.51860", "2017-09-30": "1.64250", "2017-06-30": "1.61470", "2017-03-31": "1.63920", "2016-12-31": "1.68460", "2016-09-30": "1.56550", "2016-06-30": "1.59040", "2016-03-31": "1.52850", "2015-12-31": "1.47010", "2015-09-30": "1.57360", "2015-06-30": "1.54140", "2015-03-31": "1.37530", "2014-12-31": "1.40880", "2014-09-30": "1.47540", "2014-06-30": "1.56520", "2014-03-31": "1.36440", "2013-12-31": "1.34560", "2013-09-30": "1.35300", "2013-06-30": "1.43840", "2013-03-31": "1.18060", "2012-12-31": "1.27310", "2012-09-30": "1.32170", "2012-06-30": "1.47650", "2012-03-31": "1.29400", "2011-12-31": "1.49750", "2011-09-30": "1.28460", "2011-06-30": "1.36720", "2011-03-31": "1.16760", "2010-12-31": "1.12110", "2010-09-30": "1.31900", "2010-06-30": "1.45950", "2010-03-31": "1.03000", "2009-12-31": "1.21200", "2009-09-30": "1.36140", "2009-06-30": "1.28810", "2009-03-31": "1.03960", "2008-12-31": "1.41400", "2008-09-30": "1.28230", "2008-06-30": "1.34110", "2008-03-31": "1.28730", "2007-12-31": "1.27770", "2007-09-30": "1.39980", "2007-06-30": "1.46590", "2007-03-31": "1.47350", "2006-12-31": "1.51470", "2006-09-30": "1.63300", "2006-06-30": "1.46210", "2006-03-31": "1.60950", "2005-12-31": "1.86730", "2005-09-30": "1.65590", "2005-06-30": "1.70980", "2005-03-31": "1.89390"}, "Days Sales In Receivables": {"2020-09-30": "53.39010", "2020-06-30": "54.20490", "2020-03-31": "52.58890", "2019-12-31": "57.70900", "2019-09-30": "53.77550", "2019-06-30": "55.03770", "2019-03-31": "53.22920", "2018-12-31": "55.02040", "2018-09-30": "51.97530", "2018-06-30": "53.63820", "2018-03-31": "51.87060", "2017-12-31": "59.26470", "2017-09-30": "54.79600", "2017-06-30": "55.73730", "2017-03-31": "54.90340", "2016-12-31": "53.42460", "2016-09-30": "57.48970", "2016-06-30": "56.58860", "2016-03-31": "58.88320", "2015-12-31": "61.21830", "2015-09-30": "57.19490", "2015-06-30": "58.38890", "2015-03-31": "65.44050", "2014-12-31": "63.88250", "2014-09-30": "61.00240", "2014-06-30": "57.50240", "2014-03-31": "65.96320", "2013-12-31": "66.88580", "2013-09-30": "66.51830", "2013-06-30": "62.56740", "2013-03-31": "76.23450", "2012-12-31": "70.69250", "2012-09-30": "68.09470", "2012-06-30": "60.95570", "2012-03-31": "69.55310", "2011-12-31": "60.10100", "2011-09-30": "70.06120", "2011-06-30": "65.82880", "2011-03-31": "77.08060", "2010-12-31": "80.28080", "2010-09-30": "68.23460", "2010-06-30": "61.66480", "2010-03-31": "87.38040", "2009-12-31": "74.26010", "2009-09-30": "66.10680", "2009-06-30": "69.86800", "2009-03-31": "86.57520", "2008-12-31": "63.64810", "2008-09-30": "70.18690", "2008-06-30": "67.10870", "2008-03-31": "69.91260", "2007-12-31": "70.43940", "2007-09-30": "64.29280", "2007-06-30": "61.39470", "2007-03-31": "61.07970", "2006-12-31": "59.41710", "2006-09-30": "55.11420", "2006-06-30": "61.55730", "2006-03-31": "55.91680", "2005-12-31": "48.19900", "2005-09-30": "54.35080", "2005-06-30": "52.63850", "2005-03-31": "47.52010"}, "ROE - Return On Equity": {"2020-09-30": "6.14020", "2020-06-30": "3.88490", "2020-03-31": "3.26650", "2019-12-31": "7.52670", "2019-09-30": "5.20140", "2019-06-30": "5.38800", "2019-03-31": "3.24830", "2018-12-31": "4.56760", "2018-09-30": "4.66050", "2018-06-30": "5.06380", "2018-03-31": "3.23660", "2017-12-31": "3.70030", "2017-09-30": "4.15070", "2017-06-30": "5.07910", "2017-03-31": "6.43980", "2016-12-31": "4.19880", "2016-09-30": "3.71940", "2016-06-30": "5.00380", "2016-03-31": "2.56290", "2015-12-31": "3.95750", "2015-09-30": "3.68810", "2015-06-30": "4.29340", "2015-03-31": "1.92060", "2014-12-31": "6.17750", "2014-09-30": "-4.53690", "2014-06-30": "5.22850", "2014-03-31": "3.16650", "2013-12-31": "4.46990", "2013-09-30": "5.27530", "2013-06-30": "5.12400", "2013-03-31": "2.45050", "2012-12-31": "3.66080", "2012-09-30": "4.14280", "2012-06-30": "5.79020", "2012-03-31": "2.57020", "2011-12-31": "5.08370", "2011-09-30": "4.90130", "2011-06-30": "3.69520", "2011-03-31": "2.99010", "2010-12-31": "4.35820", "2010-09-30": "9.80800", "2010-06-30": "5.08430", "2010-03-31": "1.46110", "2009-12-31": "9.81540", "2009-09-30": "8.41880", "2009-06-30": "6.57440", "2009-03-31": "2.14920", "2008-12-31": "7.08640", "2008-09-30": "8.00270", "2008-06-30": "11.08790", "2008-03-31": "5.98920", "2007-12-31": "13.07180", "2007-09-30": "9.74740", "2007-06-30": "11.13670", "2007-03-31": "8.24800", "2006-12-31": "11.57600", "2006-09-30": "9.16810", "2006-06-30": "9.65540", "2006-03-31": "6.92000", "2005-12-31": "7.52930", "2005-09-30": "9.59260", "2005-06-30": "6.93510", "2005-03-31": "4.73850"}, "Return On Tangible Equity": {"2020-09-30": "7.31330", "2020-06-30": "4.50980", "2020-03-31": "3.76970", "2019-12-31": "8.72770", "2019-09-30": "6.08750", "2019-06-30": "6.39390", "2019-03-31": "3.59040", "2018-12-31": "5.07620", "2018-09-30": "5.22160", "2018-06-30": "5.68280", "2018-03-31": "3.61770", "2017-12-31": "4.14070", "2017-09-30": "4.54160", "2017-06-30": "5.57390", "2017-03-31": "7.01470", "2016-12-31": "4.61010", "2016-09-30": "4.08640", "2016-06-30": "5.52440", "2016-03-31": "2.81360", "2015-12-31": "4.27100", "2015-09-30": "3.95840", "2015-06-30": "4.61400", "2015-03-31": "2.05310", "2014-12-31": "6.60050", "2014-09-30": "-4.87040", "2014-06-30": "5.56970", "2014-03-31": "3.36010", "2013-12-31": "4.75510", "2013-09-30": "5.62640", "2013-06-30": "5.48320", "2013-03-31": "2.61170", "2012-12-31": "3.91890", "2012-09-30": "4.47700", "2012-06-30": "6.27130", "2012-03-31": "2.77990", "2011-12-31": "5.50030", "2011-09-30": "5.36120", "2011-06-30": "3.94740", "2011-03-31": "3.17880", "2010-12-31": "4.63990", "2010-09-30": "10.54100", "2010-06-30": "5.47100", "2010-03-31": "1.58990", "2009-12-31": "10.61500", "2009-09-30": "9.21560", "2009-06-30": "7.25030", "2009-03-31": "2.38130", "2008-12-31": "7.90680", "2008-09-30": "8.89360", "2008-06-30": "12.22120", "2008-03-31": "6.56310", "2007-12-31": "14.26110", "2007-09-30": "10.62330", "2007-06-30": "12.05060", "2007-03-31": "9.04490", "2006-12-31": "12.10100", "2006-09-30": "9.38800", "2006-06-30": "9.91160", "2006-03-31": "7.11370", "2005-12-31": "7.77010", "2005-09-30": "9.59260", "2005-06-30": "6.93510", "2005-03-31": "4.73850"}, "ROA - Return On Assets": {"2020-09-30": "4.78450", "2020-06-30": "2.96110", "2020-03-31": "2.66240", "2019-12-31": "5.85050", "2019-09-30": "3.95940", "2019-06-30": "4.04820", "2019-03-31": "2.65470", "2018-12-31": "3.53250", "2018-09-30": "3.61490", "2018-06-30": "3.81540", "2018-03-31": "2.66460", "2017-12-31": "2.88080", "2017-09-30": "3.12430", "2017-06-30": "3.72680", "2017-03-31": "5.18190", "2016-12-31": "3.17150", "2016-09-30": "2.72340", "2016-06-30": "3.55740", "2016-03-31": "1.99740", "2015-12-31": "2.94220", "2015-09-30": "2.71850", "2015-06-30": "3.11420", "2015-03-31": "1.47020", "2014-12-31": "4.47970", "2014-09-30": "-3.14460", "2014-06-30": "3.83780", "2014-03-31": "2.50730", "2013-12-31": "3.35240", "2013-09-30": "3.89090", "2013-06-30": "3.75050", "2013-03-31": "1.94000", "2012-12-31": "2.68290", "2012-09-30": "3.03080", "2012-06-30": "4.16570", "2012-03-31": "2.00840", "2011-12-31": "3.70260", "2011-09-30": "3.46910", "2011-06-30": "2.60760", "2011-03-31": "2.42490", "2010-12-31": "3.33210", "2010-09-30": "7.64220", "2010-06-30": "3.92890", "2010-03-31": "1.05110", "2009-12-31": "7.27280", "2009-09-30": "6.11770", "2009-06-30": "5.14800", "2009-03-31": "1.73710", "2008-12-31": "5.37530", "2008-09-30": "5.67910", "2008-06-30": "8.17650", "2008-03-31": "4.79270", "2007-12-31": "9.33530", "2007-09-30": "7.31460", "2007-06-30": "8.76940", "2007-03-31": "6.93350", "2006-12-31": "9.50670", "2006-09-30": "6.83390", "2006-06-30": "7.41860", "2006-03-31": "5.94740", "2005-12-31": "6.39640", "2005-09-30": "7.85530", "2005-06-30": "6.03580", "2005-03-31": "4.11030"}, "ROI - Return On Investment": {"2020-09-30": "6.14020", "2020-06-30": "3.88490", "2020-03-31": "3.26650", "2019-12-31": "7.52670", "2019-09-30": "5.20140", "2019-06-30": "5.38800", "2019-03-31": "3.24830", "2018-12-31": "4.56760", "2018-09-30": "4.66050", "2018-06-30": "5.06380", "2018-03-31": "3.23660", "2017-12-31": "3.70030", "2017-09-30": "4.15070", "2017-06-30": "5.07910", "2017-03-31": "6.43980", "2016-12-31": "4.19880", "2016-09-30": "3.71940", "2016-06-30": "5.00380", "2016-03-31": "2.56290", "2015-12-31": "3.95750", "2015-09-30": "3.68810", "2015-06-30": "4.29340", "2015-03-31": "1.92060", "2014-12-31": "6.17750", "2014-09-30": "-4.53690", "2014-06-30": "5.22850", "2014-03-31": "3.16650", "2013-12-31": "4.46990", "2013-09-30": "5.27530", "2013-06-30": "5.12400", "2013-03-31": "2.45050", "2012-12-31": "3.66080", "2012-09-30": "4.14280", "2012-06-30": "5.79020", "2012-03-31": "2.57020", "2011-12-31": "5.08370", "2011-09-30": "4.90130", "2011-06-30": "3.69520", "2011-03-31": "2.99010", "2010-12-31": "4.35820", "2010-09-30": "9.80800", "2010-06-30": "5.08430", "2010-03-31": "1.46110", "2009-12-31": "9.81540", "2009-09-30": "8.41880", "2009-06-30": "6.57440", "2009-03-31": "2.14920", "2008-12-31": "7.08640", "2008-09-30": "8.00270", "2008-06-30": "11.08790", "2008-03-31": "5.98920", "2007-12-31": "13.07180", "2007-09-30": "9.74450", "2007-06-30": "11.13670", "2007-03-31": "8.24690", "2006-12-31": "11.57420", "2006-09-30": "9.16810", "2006-06-30": "9.65540", "2006-03-31": "6.92000", "2005-12-31": "7.52930", "2005-09-30": "9.59260", "2005-06-30": "6.93510", "2005-03-31": "4.73850"}, "Book Value Per Share": {"2020-09-30": "26.69120", "2020-06-30": "24.79230", "2020-03-31": "25.83230", "2019-12-31": "25.13820", "2019-09-30": "23.04490", "2019-06-30": "21.83550", "2019-03-31": "22.73030", "2018-12-31": "21.97270", "2018-09-30": "20.93500", "2018-06-30": "19.90970", "2018-03-31": "21.20290", "2017-12-31": "20.47100", "2017-09-30": "19.41170", "2017-06-30": "18.56360", "2017-03-31": "19.67550", "2016-12-31": "18.12640", "2016-09-30": "17.84190", "2016-06-30": "17.04200", "2016-03-31": "18.16790", "2015-12-31": "17.63170", "2015-09-30": "16.99410", "2015-06-30": "16.80410", "2015-03-31": "18.15810", "2014-12-31": "17.74300", "2014-09-30": "16.92450", "2014-06-30": "18.07020", "2014-03-31": "19.26540", "2013-12-31": "18.75330", "2013-09-30": "18.22290", "2013-06-30": "17.23540", "2013-03-31": "18.49300", "2012-12-31": "18.05700", "2012-09-30": "17.37570", "2012-06-30": "16.47560", "2012-03-31": "17.34750", "2011-12-31": "16.72930", "2011-09-30": "15.80140", "2011-06-30": "15.26480", "2011-03-31": "16.45870", "2010-12-31": "15.69040", "2010-09-30": "14.73980", "2010-06-30": "13.42220", "2010-03-31": "12.83060", "2009-12-31": "14.16280", "2009-09-30": "12.73900", "2009-06-30": "12.27980", "2009-03-31": "11.27650", "2008-12-31": "11.10910", "2008-09-30": "10.56540", "2008-06-30": "10.96450", "2008-03-31": "11.44200", "2007-12-31": "10.83330", "2007-09-30": "9.15130", "2007-06-30": "8.88770", "2007-03-31": "7.84050", "2006-12-31": "7.20930", "2006-09-30": "6.23960", "2006-06-30": "5.88670", "2006-03-31": "5.83650", "2005-12-31": "5.35440", "2005-09-30": "4.95120", "2005-06-30": "4.95030", "2005-03-31": "4.61290"}, "Operating Cash Flow Per Share": {"2020-09-30": 1.4242, "2020-06-30": 1.0404, "2020-03-31": "1.17840", "2019-12-31": 1.2286, "2019-09-30": 0.9876, "2019-06-30": 0.5796, "2019-03-31": "0.86350", "2018-12-31": 1.1529, "2018-09-30": 1.3813, "2018-06-30": 1.1807, "2018-03-31": "1.13150", "2017-12-31": 1.0474, "2017-09-30": 1.0544, "2017-06-30": 0.7628, "2017-03-31": "0.63690", "2016-12-31": 1.1252, "2016-09-30": 1.1264, "2016-06-30": 0.7932, "2016-03-31": "0.68220", "2015-12-31": 0.8276, "2015-09-30": 0.722, "2015-06-30": -0.5065, "2015-03-31": "0.42450", "2014-12-31": 0.7274, "2014-09-30": 0.7575, "2014-06-30": 0.8438, "2014-03-31": "0.36340", "2013-12-31": 0.7626, "2013-09-30": 1.1034, "2013-06-30": 1.041, "2013-03-31": "0.30220", "2012-12-31": 0.8897, "2012-09-30": 0.8416, "2012-06-30": 1.1338, "2012-03-31": "0.62470", "2011-12-31": 1.1527, "2011-09-30": 0.9579, "2011-06-30": 1.0427, "2011-03-31": "1.06610", "2010-12-31": 0.8904, "2010-09-30": 1.0931, "2010-06-30": 0.9132, "2010-03-31": "0.99520", "2009-12-31": 1.2316, "2009-09-30": 1.4425, "2009-06-30": 1.2749, "2009-03-31": "1.49170", "2008-12-31": 1.6286, "2008-09-30": 1.164, "2008-06-30": 0.4208, "2008-03-31": "0.87890", "2007-12-31": 0.5827, "2007-09-30": 0.5926, "2007-06-30": 1.1557, "2007-03-31": "0.77120", "2006-12-31": 0.5152, "2006-09-30": 0.5348, "2006-06-30": 0.346, "2006-03-31": "0.25750", "2005-12-31": 0.327, "2005-09-30": 0.3952, "2005-06-30": 0.2138, "2005-03-31": "0.19580"}, "Free Cash Flow Per Share": {"2020-09-30": 1.2234, "2020-06-30": 0.7434, "2020-03-31": "0.97250", "2019-12-31": 1.0901, "2019-09-30": 0.8263, "2019-06-30": 0.4214, "2019-03-31": "0.70590", "2018-12-31": 0.9801, "2018-09-30": 1.2261, "2018-06-30": 0.8347, "2018-03-31": "0.99300", "2017-12-31": 0.7598, "2017-09-30": 0.8143, "2017-06-30": 0.6873, "2017-03-31": "0.50180", "2016-12-31": 0.8711, "2016-09-30": 1.0548, "2016-06-30": 0.7154, "2016-03-31": "0.60890", "2015-12-31": 0.7231, "2015-09-30": 0.6501, "2015-06-30": -0.6196, "2015-03-31": "0.33370", "2014-12-31": 0.6348, "2014-09-30": 0.6613, "2014-06-30": 0.7349, "2014-03-31": "0.28720", "2013-12-31": 0.6916, "2013-09-30": 1.0443, "2013-06-30": 0.949, "2013-03-31": "0.24310", "2012-12-31": 0.8345, "2012-09-30": 0.7934, "2012-06-30": 1.0746, "2012-03-31": "0.59520", "2011-12-31": 1.1132, "2011-09-30": 0.8952, "2011-06-30": 1.006, "2011-03-31": "1.02930", "2010-12-31": 0.846, "2010-09-30": 1.0416, "2010-06-30": 0.8666, "2010-03-31": "0.97570", "2009-12-31": 1.1628, "2009-09-30": 1.3829, "2009-06-30": 1.2242, "2009-03-31": "1.42620", "2008-12-31": 1.5918, "2008-09-30": 1.0038, "2008-06-30": 0.1719, "2008-03-31": "0.75710", "2007-12-31": 0.4539, "2007-09-30": 0.5197, "2007-06-30": 0.7011, "2007-03-31": "0.71450", "2006-12-31": 0.2985, "2006-09-30": 0.4486, "2006-06-30": 0.2928, "2006-03-31": "0.18940", "2005-12-31": 0.2968, "2005-09-30": 0.3734, "2005-06-30": 0.1953, "2005-03-31": "0.14200"}}, "revenue": {"Garmin Annual Revenue (Millions of US $)": {"2019": "$3,758", "2018": "$3,347", "2017": "$3,122", "2016": "$3,046", "2015": "$2,820", "2014": "$2,871", "2013": "$2,632", "2012": "$2,716", "2011": "$2,759", "2010": "$2,690", "2009": "$2,946", "2008": "$3,494", "2007": "$3,180", "2006": "$1,774", "2005": "$1,028"}, "Garmin Quarterly Revenue (Millions of US $)": {"2020-09-30": "$1,109", "2020-06-30": "$870", "2020-03-31": "$856", "2019-12-31": "$1,102", "2019-09-30": "$934", "2019-06-30": "$955", "2019-03-31": "$766", "2018-12-31": "$932", "2018-09-30": "$810", "2018-06-30": "$894", "2018-03-31": "$711", "2017-12-31": "$897", "2017-09-30": "$751", "2017-06-30": "$831", "2017-03-31": "$642", "2016-12-31": "$888", "2016-09-30": "$722", "2016-06-30": "$812", "2016-03-31": "$624", "2015-12-31": "$781", "2015-09-30": "$680", "2015-06-30": "$774", "2015-03-31": "$585", "2014-12-31": "$803", "2014-09-30": "$706", "2014-06-30": "$778", "2014-03-31": "$583", "2013-12-31": "$760", "2013-09-30": "$644", "2013-06-30": "$697", "2013-03-31": "$532", "2012-12-31": "$769", "2012-09-30": "$672", "2012-06-30": "$718", "2012-03-31": "$557", "2011-12-31": "$910", "2011-09-30": "$667", "2011-06-30": "$674", "2011-03-31": "$508", "2010-12-31": "$838", "2010-09-30": "$692", "2010-06-30": "$729", "2010-03-31": "$431", "2009-12-31": "$1,059", "2009-09-30": "$781", "2009-06-30": "$669", "2009-03-31": "$437", "2008-12-31": "$1,048", "2008-09-30": "$870", "2008-06-30": "$912", "2008-03-31": "$664", "2007-12-31": "$1,217", "2007-09-30": "$729", "2007-06-30": "$742", "2007-03-31": "$492", "2006-12-31": "$611", "2006-09-30": "$408", "2006-06-30": "$432", "2006-03-31": "$322", "2005-12-31": "$319", "2005-09-30": "$251", "2005-06-30": "$264", "2005-03-31": "$193"}}, "gross-profit": {"Garmin Annual Gross Profit (Millions of US $)": {"2019": "$2,234", "2018": "$1,980", "2017": "$1,798", "2016": "$1,689", "2015": "$1,539", "2014": "$1,604", "2013": "$1,407", "2012": "$1,438", "2011": "$1,339", "2010": "$1,346", "2009": "$1,444", "2008": "$1,554", "2007": "$1,463", "2006": "$882", "2005": "$535"}, "Garmin Quarterly Gross Profit (Millions of US $)": {"2020-09-30": "$668", "2020-06-30": "$515", "2020-03-31": "$507", "2019-12-31": "$639", "2019-09-30": "$567", "2019-06-30": "$575", "2019-03-31": "$452", "2018-12-31": "$549", "2018-09-30": "$481", "2018-06-30": "$523", "2018-03-31": "$427", "2017-12-31": "$503", "2017-09-30": "$438", "2017-06-30": "$484", "2017-03-31": "$373", "2016-12-31": "$480", "2016-09-30": "$406", "2016-06-30": "$463", "2016-03-31": "$340", "2015-12-31": "$413", "2015-09-30": "$362", "2015-06-30": "$419", "2015-03-31": "$344", "2014-12-31": "$431", "2014-09-30": "$398", "2014-06-30": "$444", "2014-03-31": "$331", "2013-12-31": "$395", "2013-09-30": "$353", "2013-06-30": "$384", "2013-03-31": "$276", "2012-12-31": "$374", "2012-09-30": "$359", "2012-06-30": "$422", "2012-03-31": "$284", "2011-12-31": "$434", "2011-09-30": "$344", "2011-06-30": "$322", "2011-03-31": "$238", "2010-12-31": "$380", "2010-09-30": "$344", "2010-06-30": "$392", "2010-03-31": "$231", "2009-12-31": "$487", "2009-09-30": "$410", "2009-06-30": "$352", "2009-03-31": "$196", "2008-12-31": "$431", "2008-09-30": "$386", "2008-06-30": "$417", "2008-03-31": "$320", "2007-12-31": "$509", "2007-09-30": "$342", "2007-06-30": "$375", "2007-03-31": "$238", "2006-12-31": "$304", "2006-09-30": "$199", "2006-06-30": "$216", "2006-03-31": "$163", "2005-12-31": "$162", "2005-09-30": "$129", "2005-06-30": "$140", "2005-03-31": "$103"}}, "operating-income": {"Garmin Annual Operating Income (Millions of US $)": {"2019": "$946", "2018": "$778", "2017": "$684", "2016": "$633", "2015": "$550", "2014": "$691", "2013": "$574", "2012": "$604", "2011": "$554", "2010": "$637", "2009": "$786", "2008": "$862", "2007": "$907", "2006": "$555", "2005": "$338"}, "Garmin Quarterly Operating Income (Millions of US $)": {"2020-09-30": "$317", "2020-06-30": "$188", "2020-03-31": "$177", "2019-12-31": "$277", "2019-09-30": "$261", "2019-06-30": "$256", "2019-03-31": "$151", "2018-12-31": "$223", "2018-09-30": "$196", "2018-06-30": "$218", "2018-03-31": "$142", "2017-12-31": "$183", "2017-09-30": "$174", "2017-06-30": "$210", "2017-03-31": "$117", "2016-12-31": "$169", "2016-09-30": "$160", "2016-06-30": "$201", "2016-03-31": "$104", "2015-12-31": "$146", "2015-09-30": "$125", "2015-06-30": "$167", "2015-03-31": "$112", "2014-12-31": "$176", "2014-09-30": "$176", "2014-06-30": "$219", "2014-03-31": "$120", "2013-12-31": "$172", "2013-09-30": "$152", "2013-06-30": "$170", "2013-03-31": "$80", "2012-12-31": "$150", "2012-09-30": "$160", "2012-06-30": "$204", "2012-03-31": "$90", "2011-12-31": "$200", "2011-09-30": "$147", "2011-06-30": "$132", "2011-03-31": "$75", "2010-12-31": "$185", "2010-09-30": "$167", "2010-06-30": "$202", "2010-03-31": "$83", "2009-12-31": "$292", "2009-09-30": "$237", "2009-06-30": "$199", "2009-03-31": "$58", "2008-12-31": "$236", "2008-09-30": "$214", "2008-06-30": "$239", "2008-03-31": "$173", "2007-12-31": "$313", "2007-09-30": "$214", "2007-06-30": "$242", "2007-03-31": "$138", "2006-12-31": "$199", "2006-09-30": "$121", "2006-06-30": "$135", "2006-03-31": "$100", "2005-12-31": "$98", "2005-09-30": "$85", "2005-06-30": "$89", "2005-03-31": "$66"}}, "ebitda": {"Garmin Annual EBITDA (Millions of US $)": {"2019": "$1,052", "2018": "$875", "2017": "$770", "2016": "$719", "2015": "$628", "2014": "$768", "2013": "$653", "2012": "$695", "2011": "$648", "2010": "$731", "2009": "$882", "2008": "$940", "2007": "$971", "2006": "$599", "2005": "$382"}, "Garmin Quarterly EBITDA (Millions of US $)": {"2020-09-30": "$350", "2020-06-30": "$218", "2020-03-31": "$206", "2019-12-31": "$305", "2019-09-30": "$288", "2019-06-30": "$283", "2019-03-31": "$175", "2018-12-31": "$247", "2018-09-30": "$219", "2018-06-30": "$243", "2018-03-31": "$165", "2017-12-31": "$206", "2017-09-30": "$195", "2017-06-30": "$231", "2017-03-31": "$139", "2016-12-31": "$193", "2016-09-30": "$181", "2016-06-30": "$222", "2016-03-31": "$124", "2015-12-31": "$166", "2015-09-30": "$146", "2015-06-30": "$186", "2015-03-31": "$131", "2014-12-31": "$197", "2014-09-30": "$194", "2014-06-30": "$238", "2014-03-31": "$139", "2013-12-31": "$191", "2013-09-30": "$172", "2013-06-30": "$189", "2013-03-31": "$101", "2012-12-31": "$179", "2012-09-30": "$170", "2012-06-30": "$230", "2012-03-31": "$116", "2011-12-31": "$234", "2011-09-30": "$169", "2011-06-30": "$147", "2011-03-31": "$97", "2010-12-31": "$207", "2010-09-30": "$187", "2010-06-30": "$232", "2010-03-31": "$105", "2009-12-31": "$323", "2009-09-30": "$261", "2009-06-30": "$220", "2009-03-31": "$80", "2008-12-31": "$260", "2008-09-30": "$242", "2008-06-30": "$248", "2008-03-31": "$190", "2007-12-31": "$336", "2007-09-30": "$226", "2007-06-30": "$255", "2007-03-31": "$154", "2006-12-31": "$208", "2006-09-30": "$129", "2006-06-30": "$148", "2006-03-31": "$114", "2005-12-31": "$108", "2005-09-30": "$94", "2005-06-30": "$105", "2005-03-31": "$75"}}, "net-income": {"Garmin Annual Net Income (Millions of US $)": {"2019": "$952", "2018": "$694", "2017": "$709", "2016": "$518", "2015": "$456", "2014": "$364", "2013": "$612", "2012": "$542", "2011": "$521", "2010": "$585", "2009": "$704", "2008": "$733", "2007": "$855", "2006": "$514", "2005": "$311"}, "Garmin Quarterly Net Income (Millions of US $)": {"2020-09-30": "$313", "2020-06-30": "$184", "2020-03-31": "$161", "2019-12-31": "$361", "2019-09-30": "$228", "2019-06-30": "$224", "2019-03-31": "$140", "2018-12-31": "$190", "2018-09-30": "$184", "2018-06-30": "$190", "2018-03-31": "$129", "2017-12-31": "$143", "2017-09-30": "$151", "2017-06-30": "$177", "2017-03-31": "$238", "2016-12-31": "$144", "2016-09-30": "$125", "2016-06-30": "$161", "2016-03-31": "$88", "2015-12-31": "$132", "2015-09-30": "$119", "2015-06-30": "$138", "2015-03-31": "$67", "2014-12-31": "$210", "2014-09-30": "$-147", "2014-06-30": "$182", "2014-03-31": "$119", "2013-12-31": "$164", "2013-09-30": "$188", "2013-06-30": "$172", "2013-03-31": "$89", "2012-12-31": "$129", "2012-09-30": "$140", "2012-06-30": "$186", "2012-03-31": "$87", "2011-12-31": "$166", "2011-09-30": "$150", "2011-06-30": "$109", "2011-03-31": "$95", "2010-12-31": "$133", "2010-09-30": "$280", "2010-06-30": "$135", "2010-03-31": "$37", "2009-12-31": "$278", "2009-09-30": "$215", "2009-06-30": "$162", "2009-03-31": "$49", "2008-12-31": "$158", "2008-09-30": "$171", "2008-06-30": "$256", "2008-03-31": "$148", "2007-12-31": "$307", "2007-09-30": "$194", "2007-06-30": "$214", "2007-03-31": "$140", "2006-12-31": "$180", "2006-09-30": "$123", "2006-06-30": "$123", "2006-03-31": "$88", "2005-12-31": "$87", "2005-09-30": "$102", "2005-06-30": "$74", "2005-03-31": "$47"}}, "eps-earnings-per-share-diluted": {"Garmin Annual EPS": {"2019": "$4.99", "2018": "$3.66", "2017": "$3.76", "2016": "$2.73", "2015": "$2.39", "2014": "$1.88", "2013": "$3.12", "2012": "$2.76", "2011": "$2.67", "2010": "$2.95", "2009": "$3.50", "2008": "$3.48", "2007": "$3.89", "2006": "$2.35", "2005": "$1.43"}, "Garmin Quarterly EPS": {"2020-09-30": "$1.63", "2020-06-30": "$0.96", "2020-03-31": "$0.84", "2019-12-31": "$1.89", "2019-09-30": "$1.19", "2019-06-30": "$1.17", "2019-03-31": "$0.74", "2018-12-31": "$1.01", "2018-09-30": "$0.97", "2018-06-30": "$1.00", "2018-03-31": "$0.68", "2017-12-31": "$0.76", "2017-09-30": "$0.80", "2017-06-30": "$0.94", "2017-03-31": "$1.26", "2016-12-31": "$0.76", "2016-09-30": "$0.66", "2016-06-30": "$0.85", "2016-03-31": "$0.46", "2015-12-31": "$0.69", "2015-09-30": "$0.63", "2015-06-30": "$0.72", "2015-03-31": "$0.35", "2014-12-31": "$1.10", "2014-09-30": "$-0.76", "2014-06-30": "$0.93", "2014-03-31": "$0.61", "2013-12-31": "$0.83", "2013-09-30": "$0.96", "2013-06-30": "$0.88", "2013-03-31": "$0.45", "2012-12-31": "$0.65", "2012-09-30": "$0.72", "2012-06-30": "$0.95", "2012-03-31": "$0.44", "2011-12-31": "$0.85", "2011-09-30": "$0.77", "2011-06-30": "$0.56", "2011-03-31": "$0.49", "2010-12-31": "$0.66", "2010-09-30": "$1.43", "2010-06-30": "$0.67", "2010-03-31": "$0.19", "2009-12-31": "$1.38", "2009-09-30": "$1.07", "2009-06-30": "$0.81", "2009-03-31": "$0.24", "2008-12-31": "$0.80", "2008-09-30": "$0.82", "2008-06-30": "$1.19", "2008-03-31": "$0.67", "2007-12-31": "$1.39", "2007-09-30": "$0.88", "2007-06-30": "$0.98", "2007-03-31": "$0.64", "2006-12-31": "$0.83", "2006-09-30": "$0.56", "2006-06-30": "$0.56", "2006-03-31": "$0.40", "2005-12-31": "$0.41", "2005-09-30": "$0.47", "2005-06-30": "$0.34", "2005-03-31": "$0.22"}}, "shares-outstanding": {"Garmin Annual Shares Outstanding (Millions of Shares)": {"2019": "191", "2018": "190", "2017": "189", "2016": "189", "2015": "191", "2014": "194", "2013": "196", "2012": "196", "2011": "195", "2010": "198", "2009": "201", "2008": "211", "2007": "220", "2006": "219", "2005": "218"}, "Garmin Quarterly Shares Outstanding (Millions of Shares)": {"2020-09-30": "192", "2020-06-30": "192", "2020-03-31": "192", "2019-12-31": "191", "2019-09-30": "191", "2019-06-30": "191", "2019-03-31": "191", "2018-12-31": "190", "2018-09-30": "190", "2018-06-30": "189", "2018-03-31": "189", "2017-12-31": "189", "2017-09-30": "188", "2017-06-30": "188", "2017-03-31": "189", "2016-12-31": "189", "2016-09-30": "189", "2016-06-30": "189", "2016-03-31": "190", "2015-12-31": "191", "2015-09-30": "191", "2015-06-30": "192", "2015-03-31": "192", "2014-12-31": "194", "2014-09-30": "192", "2014-06-30": "195", "2014-03-31": "196", "2013-12-31": "196", "2013-09-30": "196", "2013-06-30": "196", "2013-03-31": "196", "2012-12-31": "196", "2012-09-30": "196", "2012-06-30": "196", "2012-03-31": "196", "2011-12-31": "195", "2011-09-30": "195", "2011-06-30": "195", "2011-03-31": "195", "2010-12-31": "198", "2010-09-30": "195", "2010-06-30": "200", "2010-03-31": "201", "2009-12-31": "201", "2009-09-30": "202", "2009-06-30": "201", "2009-03-31": "201", "2008-12-31": "211", "2008-09-30": "208", "2008-06-30": "216", "2008-03-31": "219", "2007-12-31": "220", "2007-09-30": "221", "2007-06-30": "219", "2007-03-31": "219", "2006-12-31": "219", "2006-09-30": "219", "2006-06-30": "219", "2006-03-31": "218", "2005-12-31": "218", "2005-09-30": "218", "2005-06-30": "218", "2005-03-31": "219"}}, "total-assets": {"Garmin Annual Total Assets (Millions of US $)": {"2019": "$6,167", "2018": "$5,383", "2017": "$4,948", "2016": "$4,525", "2015": "$4,499", "2014": "$4,693", "2013": "$4,880", "2012": "$4,819", "2011": "$4,471", "2010": "$3,989", "2009": "$3,828", "2008": "$2,934", "2007": "$3,291", "2006": "$1,897", "2005": "$1,362"}, "Garmin Quarterly Total Assets (Millions of US $)": {"2020-09-30": "$6,551", "2020-06-30": "$6,220", "2020-03-31": "$6,054", "2019-12-31": "$6,167", "2019-09-30": "$5,755", "2019-06-30": "$5,525", "2019-03-31": "$5,280", "2018-12-31": "$5,383", "2018-09-30": "$5,096", "2018-06-30": "$4,989", "2018-03-31": "$4,855", "2017-12-31": "$4,948", "2017-09-30": "$4,835", "2017-06-30": "$4,749", "2017-03-31": "$4,601", "2016-12-31": "$4,525", "2016-09-30": "$4,592", "2016-06-30": "$4,528", "2016-03-31": "$4,410", "2015-12-31": "$4,499", "2015-09-30": "$4,388", "2015-06-30": "$4,423", "2015-03-31": "$4,543", "2014-12-31": "$4,693", "2014-09-30": "$4,669", "2014-06-30": "$4,742", "2014-03-31": "$4,739", "2013-12-31": "$4,880", "2013-09-30": "$4,823", "2013-06-30": "$4,599", "2013-03-31": "$4,570", "2012-12-31": "$4,819", "2012-09-30": "$4,631", "2012-06-30": "$4,463", "2012-03-31": "$4,325", "2011-12-31": "$4,471", "2011-09-30": "$4,335", "2011-06-30": "$4,198", "2011-03-31": "$3,938", "2010-12-31": "$3,989", "2010-09-30": "$3,658", "2010-06-30": "$3,431", "2010-03-31": "$3,552", "2009-12-31": "$3,828", "2009-09-30": "$3,517", "2009-06-30": "$3,144", "2009-03-31": "$2,794", "2008-12-31": "$2,934", "2008-09-30": "$3,015", "2008-06-30": "$3,132", "2008-03-31": "$3,083", "2007-12-31": "$3,291", "2007-09-30": "$2,646", "2007-06-30": "$2,445", "2007-03-31": "$2,017", "2006-12-31": "$1,897", "2006-09-30": "$1,800", "2006-06-30": "$1,662", "2006-03-31": "$1,471", "2005-12-31": "$1,362", "2005-09-30": "$1,305", "2005-06-30": "$1,229", "2005-03-31": "$1,153"}}, "cash-on-hand": {"Garmin Annual Cash on Hand (Millions of US $)": {"2019": "$1,404", "2018": "$1,385", "2017": "$1,053", "2016": "$1,114", "2015": "$1,048", "2014": "$1,364", "2013": "$1,329", "2012": "$1,384", "2011": "$1,398", "2010": "$1,285", "2009": "$1,111", "2008": "$709", "2007": "$745", "2006": "$410", "2005": "$366"}, "Garmin Quarterly Cash on Hand (Millions of US $)": {"2020-09-30": "$1,654", "2020-06-30": "$1,736", "2020-03-31": "$1,440", "2019-12-31": "$1,404", "2019-09-30": "$1,277", "2019-06-30": "$1,060", "2019-03-31": "$1,313", "2018-12-31": "$1,385", "2018-09-30": "$1,230", "2018-06-30": "$1,120", "2018-03-31": "$1,067", "2017-12-31": "$1,053", "2017-09-30": "$1,145", "2017-06-30": "$1,108", "2017-03-31": "$1,092", "2016-12-31": "$1,114", "2016-09-30": "$1,114", "2016-06-30": "$1,054", "2016-03-31": "$1,056", "2015-12-31": "$1,048", "2015-09-30": "$1,127", "2015-06-30": "$1,137", "2015-03-31": "$1,442", "2014-12-31": "$1,364", "2014-09-30": "$1,306", "2014-06-30": "$1,396", "2014-03-31": "$1,300", "2013-12-31": "$1,329", "2013-09-30": "$1,203", "2013-06-30": "$1,226", "2013-03-31": "$1,239", "2012-12-31": "$1,384", "2012-09-30": "$1,370", "2012-06-30": "$1,365", "2012-03-31": "$1,375", "2011-12-31": "$1,398", "2011-09-30": "$1,462", "2011-06-30": "$1,481", "2011-03-31": "$1,252", "2010-12-31": "$1,285", "2010-09-30": "$1,258", "2010-06-30": "$1,192", "2010-03-31": "$1,311", "2009-12-31": "$1,111", "2009-09-30": "$1,029", "2009-06-30": "$978", "2009-03-31": "$938", "2008-12-31": "$709", "2008-09-30": "$540", "2008-06-30": "$661", "2008-03-31": "$617", "2007-12-31": "$745", "2007-09-30": "$762", "2007-06-30": "$815", "2007-03-31": "$573", "2006-12-31": "$410", "2006-09-30": "$461", "2006-06-30": "$421", "2006-03-31": "$361", "2005-12-31": "$366", "2005-09-30": "$367", "2005-06-30": "$343", "2005-03-31": "$301"}}, "long-term-debt": {"Garmin Annual Long Term Debt (Millions of US $)": {"2019": "$", "2018": "$", "2017": "$", "2016": "$", "2015": "$", "2014": "$", "2013": "$", "2012": "$", "2011": "$", "2010": "$", "2009": "$", "2008": "$", "2007": "$", "2006": "$0", "2005": "$"}, "Garmin Quarterly Long Term Debt (Millions of US $)": {"2020-09-30": "", "2020-06-30": "", "2020-03-31": "", "2019-12-31": "", "2019-09-30": "", "2019-06-30": "", "2019-03-31": "", "2018-12-31": "", "2018-09-30": "", "2018-06-30": "", "2018-03-31": "", "2017-12-31": "", "2017-09-30": "", "2017-06-30": "", "2017-03-31": "", "2016-12-31": "", "2016-09-30": "", "2016-06-30": "", "2016-03-31": "", "2015-12-31": "", "2015-09-30": "", "2015-06-30": "", "2015-03-31": "", "2014-12-31": "", "2014-09-30": "", "2014-06-30": "", "2014-03-31": "", "2013-12-31": "", "2013-09-30": "", "2013-06-30": "", "2013-03-31": "", "2012-12-31": "", "2012-09-30": "", "2012-06-30": "", "2012-03-31": "", "2011-12-31": "", "2011-09-30": "", "2011-06-30": "", "2011-03-31": "", "2010-12-31": "", "2010-09-30": "", "2010-06-30": "", "2010-03-31": "", "2009-12-31": "", "2009-09-30": "", "2009-06-30": "", "2009-03-31": "", "2008-12-31": "", "2008-09-30": "", "2008-06-30": "", "2008-03-31": "", "2007-12-31": "", "2007-09-30": "$1", "2007-06-30": "", "2007-03-31": "$0", "2006-12-31": "$0", "2006-09-30": "", "2006-06-30": "", "2006-03-31": "", "2005-12-31": "", "2005-09-30": "", "2005-06-30": "", "2005-03-31": ""}}, "total-liabilities": {"Garmin Annual Total Liabilities (Millions of US $)": {"2019": "$1,373", "2018": "$1,220", "2017": "$1,096", "2016": "$1,107", "2015": "$1,154", "2014": "$1,290", "2013": "$1,220", "2012": "$1,287", "2011": "$1,215", "2010": "$939", "2009": "$992", "2008": "$709", "2007": "$941", "2006": "$339", "2005": "$205"}, "Garmin Quarterly Total Liabilities (Millions of US $)": {"2020-09-30": "$1,446", "2020-06-30": "$1,479", "2020-03-31": "$1,120", "2019-12-31": "$1,373", "2019-09-30": "$1,374", "2019-06-30": "$1,374", "2019-03-31": "$965", "2018-12-31": "$1,220", "2018-09-30": "$1,143", "2018-06-30": "$1,230", "2018-03-31": "$858", "2017-12-31": "$1,096", "2017-09-30": "$1,196", "2017-06-30": "$1,264", "2017-03-31": "$899", "2016-12-31": "$1,107", "2016-09-30": "$1,230", "2016-06-30": "$1,309", "2016-03-31": "$973", "2015-12-31": "$1,154", "2015-09-30": "$1,154", "2015-06-30": "$1,215", "2015-03-31": "$1,066", "2014-12-31": "$1,290", "2014-09-30": "$1,433", "2014-06-30": "$1,261", "2014-03-31": "$987", "2013-12-31": "$1,220", "2013-09-30": "$1,266", "2013-06-30": "$1,233", "2013-03-31": "$952", "2012-12-31": "$1,287", "2012-09-30": "$1,243", "2012-06-30": "$1,252", "2012-03-31": "$945", "2011-12-31": "$1,215", "2011-09-30": "$1,267", "2011-06-30": "$1,236", "2011-03-31": "$744", "2010-12-31": "$939", "2010-09-30": "$808", "2010-06-30": "$780", "2010-03-31": "$997", "2009-12-31": "$992", "2009-09-30": "$961", "2009-06-30": "$682", "2009-03-31": "$536", "2008-12-31": "$709", "2008-09-30": "$875", "2008-06-30": "$822", "2008-03-31": "$616", "2007-12-31": "$941", "2007-09-30": "$660", "2007-06-30": "$520", "2007-03-31": "$321", "2006-12-31": "$339", "2006-09-30": "$458", "2006-06-30": "$385", "2006-03-31": "$207", "2005-12-31": "$205", "2005-09-30": "$236", "2005-06-30": "$159", "2005-03-31": "$153"}}, "total-share-holder-equity": {"Garmin Annual Share Holder Equity (Millions of US $)": {"2019": "$4,793", "2018": "$4,163", "2017": "$3,852", "2016": "$3,418", "2015": "$3,345", "2014": "$3,403", "2013": "$3,660", "2012": "$3,532", "2011": "$3,257", "2010": "$3,050", "2009": "$2,836", "2008": "$2,226", "2007": "$2,351", "2006": "$1,558", "2005": "$1,157"}, "Garmin Quarterly Share Holder Equity (Millions of US $)": {"2020-09-30": "$5,104", "2020-06-30": "$4,741", "2020-03-31": "$4,934", "2019-12-31": "$4,793", "2019-09-30": "$4,381", "2019-06-30": "$4,151", "2019-03-31": "$4,315", "2018-12-31": "$4,163", "2018-09-30": "$3,953", "2018-06-30": "$3,759", "2018-03-31": "$3,997", "2017-12-31": "$3,852", "2017-09-30": "$3,640", "2017-06-30": "$3,484", "2017-03-31": "$3,702", "2016-12-31": "$3,418", "2016-09-30": "$3,362", "2016-06-30": "$3,219", "2016-03-31": "$3,437", "2015-12-31": "$3,345", "2015-09-30": "$3,235", "2015-06-30": "$3,209", "2015-03-31": "$3,478", "2014-12-31": "$3,403", "2014-09-30": "$3,236", "2014-06-30": "$3,481", "2014-03-31": "$3,752", "2013-12-31": "$3,660", "2013-09-30": "$3,558", "2013-06-30": "$3,366", "2013-03-31": "$3,618", "2012-12-31": "$3,532", "2012-09-30": "$3,388", "2012-06-30": "$3,211", "2012-03-31": "$3,379", "2011-12-31": "$3,257", "2011-09-30": "$3,068", "2011-06-30": "$2,963", "2011-03-31": "$3,193", "2010-12-31": "$3,050", "2010-09-30": "$2,850", "2010-06-30": "$2,652", "2010-03-31": "$2,555", "2009-12-31": "$2,836", "2009-09-30": "$2,555", "2009-06-30": "$2,462", "2009-03-31": "$2,258", "2008-12-31": "$2,226", "2008-09-30": "$2,140", "2008-06-30": "$2,310", "2008-03-31": "$2,467", "2007-12-31": "$2,351", "2007-09-30": "$1,985", "2007-06-30": "$1,925", "2007-03-31": "$1,696", "2006-12-31": "$1,558", "2006-09-30": "$1,341", "2006-06-30": "$1,277", "2006-03-31": "$1,265", "2005-12-31": "$1,157", "2005-09-30": "$1,068", "2005-06-30": "$1,070", "2005-03-31": "$1,000"}}, "profit-margins": {"current": "25.89%"}, "gross margin": {"2020-09-30": "59.16%", "2020-06-30": "59.22%", "2020-03-31": "59.47%", "2019-12-31": "59.44%", "2019-09-30": "59.74%", "2019-06-30": "59.40%", "2019-03-31": "58.94%", "2018-12-31": "59.16%", "2018-09-30": "58.39%", "2018-06-30": "58.13%", "2018-03-31": "58.06%", "2017-12-31": "57.61%", "2017-09-30": "57.04%", "2017-06-30": "56.54%", "2017-03-31": "56.20%", "2016-12-31": "55.45%", "2016-09-30": "55.19%", "2016-06-30": "54.47%", "2016-03-31": "53.66%", "2015-12-31": "54.54%", "2015-09-30": "54.75%", "2015-06-30": "55.51%", "2015-03-31": "56.30%", "2014-12-31": "55.89%", "2014-09-30": "55.47%", "2014-06-30": "55.08%", "2014-03-31": "54.51%", "2013-12-31": "53.48%", "2013-09-30": "52.50%", "2013-06-30": "52.17%", "2013-03-31": "53.18%", "2012-12-31": "52.98%", "2012-09-30": "52.47%", "2012-06-30": "52.03%", "2012-03-31": "49.29%", "2011-12-31": "48.50%", "2011-09-30": "47.79%", "2011-06-30": "47.35%", "2011-03-31": "48.93%", "2010-12-31": "50.07%", "2010-09-30": "49.95%", "2010-06-30": "50.67%", "2010-03-31": "50.34%", "2009-12-31": "49.05%", "2009-09-30": "47.33%", "2009-06-30": "45.14%", "2009-03-31": "43.77%", "2008-12-31": "44.48%", "2008-09-30": "44.55%", "2008-06-30": "45.09%", "2008-03-31": "46.12%", "2007-12-31": "46.04%", "2007-09-30": "48.91%", "2007-06-30": "49.53%", "2007-03-31": "49.25%", "2006-12-31": "49.75%", "2006-09-30": "49.97%", "2006-06-30": "50.60%", "2006-03-31": "51.38%", "2005-12-31": "52.00%"}, "operating margin": {"2020-09-30": "24.36%", "2020-06-30": "24.00%", "2020-03-31": "25.24%", "2019-12-31": "25.15%", "2019-09-30": "24.84%", "2019-06-30": "23.85%", "2019-03-31": "23.16%", "2018-12-31": "23.27%", "2018-09-30": "22.31%", "2018-06-30": "22.04%", "2018-03-31": "22.23%", "2017-12-31": "21.92%", "2017-09-30": "21.53%", "2017-06-30": "21.28%", "2017-03-31": "21.12%", "2016-12-31": "20.81%", "2016-09-30": "20.79%", "2016-06-30": "19.88%", "2016-03-31": "18.96%", "2015-12-31": "19.50%", "2015-09-30": "20.41%", "2015-06-30": "22.00%", "2015-03-31": "23.78%", "2014-12-31": "24.08%", "2014-09-30": "24.30%", "2014-06-30": "23.98%", "2014-03-31": "22.88%", "2013-12-31": "21.80%", "2013-09-30": "20.89%", "2013-06-30": "20.97%", "2013-03-31": "22.07%", "2012-12-31": "22.24%", "2012-09-30": "22.89%", "2012-06-30": "22.48%", "2012-03-31": "20.26%", "2011-12-31": "20.08%", "2011-09-30": "20.06%", "2011-06-30": "20.61%", "2011-03-31": "22.73%", "2010-12-31": "23.68%", "2010-09-30": "25.56%", "2010-06-30": "27.13%", "2010-03-31": "27.59%", "2009-12-31": "26.68%", "2009-09-30": "24.87%", "2009-06-30": "23.38%", "2009-03-31": "22.87%", "2008-12-31": "24.67%", "2008-09-30": "25.63%", "2008-06-30": "26.66%", "2008-03-31": "28.10%", "2007-12-31": "28.52%", "2007-09-30": "30.81%", "2007-06-30": "31.07%", "2007-03-31": "30.52%", "2006-12-31": "31.30%", "2006-09-30": "30.65%", "2006-06-30": "31.57%", "2006-03-31": "32.18%", "2005-12-31": "32.91%"}, "ebitda margin": {"2020-09-30": "27.41%", "2020-06-30": "27.03%", "2020-03-31": "28.13%", "2019-12-31": "27.97%", "2019-09-30": "27.68%", "2019-06-30": "26.68%", "2019-03-31": "25.98%", "2018-12-31": "26.11%", "2018-09-30": "25.15%", "2018-06-30": "24.87%", "2018-03-31": "24.98%", "2017-12-31": "24.70%", "2017-09-30": "24.36%", "2017-06-30": "24.13%", "2017-03-31": "23.99%", "2016-12-31": "23.64%", "2016-09-30": "23.58%", "2016-06-30": "22.71%", "2016-03-31": "21.76%", "2015-12-31": "22.30%", "2015-09-30": "23.22%", "2015-06-30": "24.69%", "2015-03-31": "26.46%", "2014-12-31": "26.76%", "2014-09-30": "26.95%", "2014-06-30": "26.76%", "2014-03-31": "25.75%", "2013-12-31": "24.80%", "2013-09-30": "24.26%", "2013-06-30": "23.93%", "2013-03-31": "25.27%", "2012-12-31": "25.59%", "2012-09-30": "26.25%", "2012-06-30": "26.26%", "2012-03-31": "23.72%", "2011-12-31": "23.45%", "2011-09-30": "23.07%", "2011-06-30": "23.53%", "2011-03-31": "26.13%", "2010-12-31": "27.17%", "2010-09-30": "29.10%", "2010-06-30": "30.70%", "2010-03-31": "30.92%", "2009-12-31": "30.01%", "2009-09-30": "27.97%", "2009-06-30": "26.52%", "2009-03-31": "25.41%", "2008-12-31": "26.90%", "2008-09-30": "27.74%", "2008-06-30": "28.39%", "2008-03-31": "30.04%", "2007-12-31": "30.53%", "2007-09-30": "32.75%", "2007-06-30": "33.11%", "2007-03-31": "32.89%", "2006-12-31": "33.78%", "2006-09-30": "33.69%", "2006-06-30": "35.05%", "2006-03-31": "36.42%", "2005-12-31": "37.20%"}, "pre tax profit margin": {"2020-09-30": "25.40%", "2020-06-30": "24.48%", "2020-03-31": "25.97%", "2019-12-31": "26.27%", "2019-09-30": "25.98%", "2019-06-30": "25.27%", "2019-03-31": "24.54%", "2018-12-31": "24.59%", "2018-09-30": "23.40%", "2018-06-30": "23.49%", "2018-03-31": "23.89%", "2017-12-31": "22.30%", "2017-09-30": "22.17%", "2017-06-30": "21.08%", "2017-03-31": "20.23%", "2016-12-31": "21.01%", "2016-09-30": "20.93%", "2016-06-30": "21.75%", "2016-03-31": "20.99%", "2015-12-31": "20.14%", "2015-09-30": "21.64%", "2015-06-30": "21.72%", "2015-03-31": "22.91%", "2014-12-31": "25.23%", "2014-09-30": "25.79%", "2014-06-30": "25.93%", "2014-03-31": "26.64%", "2013-12-31": "24.88%", "2013-09-30": "22.90%", "2013-06-30": "22.73%", "2013-03-31": "22.56%", "2012-12-31": "23.01%", "2012-09-30": "22.93%", "2012-06-30": "23.39%", "2012-03-31": "20.90%", "2011-12-31": "21.17%", "2011-09-30": "20.66%", "2011-06-30": "21.79%", "2011-03-31": "22.70%", "2010-12-31": "21.45%", "2010-09-30": "24.49%", "2010-06-30": "25.30%", "2010-03-31": "27.04%", "2009-12-31": "27.46%", "2009-09-30": "24.57%", "2009-06-30": "22.32%", "2009-03-31": "24.21%", "2008-12-31": "26.13%", "2008-09-30": "28.86%", "2008-06-30": "30.35%", "2008-03-31": "29.83%", "2007-12-31": "30.79%", "2007-09-30": "32.28%", "2007-06-30": "33.47%", "2007-03-31": "33.61%", "2006-12-31": "33.62%", "2006-09-30": "33.22%", "2006-06-30": "35.65%", "2006-03-31": "36.16%", "2005-12-31": "36.32%"}, "net profit margin": {"2020-09-30": "25.88%", "2020-06-30": "24.83%", "2020-03-31": "25.32%", "2019-12-31": "25.37%", "2019-09-30": "21.80%", "2019-06-30": "21.31%", "2019-03-31": "20.69%", "2018-12-31": "20.71%", "2018-09-30": "19.50%", "2018-06-30": "18.84%", "2018-03-31": "18.81%", "2017-12-31": "22.72%", "2017-09-30": "22.81%", "2017-06-30": "22.19%", "2017-03-31": "21.80%", "2016-12-31": "17.01%", "2016-09-30": "17.22%", "2016-06-30": "17.26%", "2016-03-31": "16.68%", "2015-12-31": "16.17%", "2015-09-30": "18.79%", "2015-06-30": "9.34%", "2015-03-31": "10.86%", "2014-12-31": "12.68%", "2014-09-30": "11.25%", "2014-06-30": "23.62%", "2014-03-31": "23.96%", "2013-12-31": "23.28%", "2013-09-30": "21.88%", "2013-06-30": "19.85%", "2013-03-31": "20.22%", "2012-12-31": "19.96%", "2012-09-30": "20.27%", "2012-06-30": "20.65%", "2012-03-31": "18.23%", "2011-12-31": "18.85%", "2011-09-30": "18.12%", "2011-06-30": "22.75%", "2011-03-31": "23.24%", "2010-12-31": "21.75%", "2010-09-30": "25.08%", "2010-06-30": "22.17%", "2010-03-31": "23.54%", "2009-12-31": "23.90%", "2009-09-30": "19.90%", "2009-06-30": "17.86%", "2009-03-31": "19.41%", "2008-12-31": "20.98%", "2008-09-30": "24.08%", "2008-06-30": "25.70%", "2008-03-31": "25.75%", "2007-12-31": "26.89%", "2007-09-30": "28.28%", "2007-06-30": "29.16%", "2007-03-31": "29.13%", "2006-12-31": "28.99%", "2006-09-30": "28.43%", "2006-06-30": "30.21%", "2006-03-31": "30.36%", "2005-12-31": "30.19%"}, "pe ratio": {"current": "26.89", "2021-02-10": "24.08", "2020-09-30": "17.74", "2020-06-30": "19.76", "2020-03-31": "14.47", "2019-12-31": "19.06", "2019-09-30": "20.02", "2019-06-30": "19.80", "2019-03-31": "22.25", "2018-12-31": "16.48", "2018-09-30": "19.53", "2018-06-30": "17.88", "2018-03-31": "17.63", "2017-12-31": "14.88", "2017-09-30": "13.41", "2017-06-30": "12.98", "2017-03-31": "13.09", "2016-12-31": "15.96", "2016-09-30": "15.79", "2016-06-30": "13.93", "2016-03-31": "13.64", "2015-12-31": "13.10", "2015-09-30": "10.72", "2015-06-30": "25.79", "2015-03-31": "23.98", "2014-12-31": "22.73", "2014-09-30": "25.75", "2014-06-30": "14.45", "2014-03-31": "13.21", "2013-12-31": "11.51", "2013-09-30": "11.79", "2013-06-30": "10.17", "2013-03-31": "8.94", "2012-12-31": "10.92", "2012-09-30": "10.35", "2012-06-30": "9.24", "2012-03-31": "12.87", "2011-12-31": "10.61", "2011-09-30": "8.95", "2011-06-30": "7.27", "2011-03-31": "7.03", "2010-12-31": "7.09", "2010-09-30": "5.62", "2010-06-30": "5.99", "2010-03-31": "7.30", "2009-12-31": "5.72", "2009-09-30": "8.29", "2009-06-30": "5.73", "2009-03-31": "4.46", "2008-12-31": "3.53", "2008-09-30": "5.09", "2008-06-30": "6.33", "2008-03-31": "8.41", "2007-12-31": "15.21", "2007-09-30": "21.94", "2007-06-30": "14.93", "2007-03-31": "12.71", "2006-12-31": "14.40"}, "price sales": {"2021-02-11": "6.30", "2020-09-30": "4.59", "2020-06-30": "4.90", "2020-03-31": "3.66", "2019-12-31": "4.83", "2019-09-30": "4.36", "2019-06-30": "4.22", "2019-03-31": "4.61", "2018-12-31": "3.41", "2018-09-30": "3.77", "2018-06-30": "3.31", "2018-03-31": "3.23", "2017-12-31": "3.31", "2017-09-30": "2.99", "2017-06-30": "2.82", "2017-03-31": "2.82", "2016-12-31": "2.67", "2016-09-30": "2.72", "2016-06-30": "2.42", "2016-03-31": "2.28", "2015-12-31": "2.13", "2015-09-30": "2.02", "2015-06-30": "2.42", "2015-03-31": "2.60", "2014-12-31": "2.88", "2014-09-30": "2.86", "2014-06-30": "3.41", "2014-03-31": "3.17", "2013-12-31": "2.68", "2013-09-30": "2.59", "2013-06-30": "2.03", "2013-03-31": "1.81", "2012-12-31": "2.18", "2012-09-30": "2.10", "2012-06-30": "1.91", "2012-03-31": "2.34", "2011-12-31": "2.00", "2011-09-30": "1.63", "2011-06-30": "1.66", "2011-03-31": "1.64", "2010-12-31": "1.55", "2010-09-30": "1.41", "2010-06-30": "1.33", "2010-03-31": "1.72", "2009-12-31": "1.37", "2009-09-30": "1.67", "2009-06-30": "1.03", "2009-03-31": "0.87", "2008-12-31": "0.74", "2008-09-30": "1.22", "2008-06-30": "1.62", "2008-03-31": "2.16", "2007-12-31": "4.09", "2007-09-30": "6.21", "2007-06-30": "4.35", "2007-03-31": "3.69", "2006-12-31": "4.16"}, "price book": {"current": "4.73", "2021-02-11": "4.85", "2020-09-30": "3.54", "2020-06-30": "3.89", "2020-03-31": "2.85", "2019-12-31": "3.78", "2019-09-30": "3.56", "2019-06-30": "3.52", "2019-03-31": "3.63", "2018-12-31": "2.74", "2018-09-30": "3.15", "2018-06-30": "2.87", "2018-03-31": "2.58", "2017-12-31": "2.68", "2017-09-30": "2.53", "2017-06-30": "2.48", "2017-03-31": "2.32", "2016-12-31": "2.37", "2016-09-30": "2.36", "2016-06-30": "2.16", "2016-03-31": "1.88", "2015-12-31": "1.78", "2015-09-30": "1.76", "2015-06-30": "2.15", "2015-03-31": "2.13", "2014-12-31": "2.40", "2014-09-30": "2.45", "2014-06-30": "2.66", "2014-03-31": "2.25", "2013-12-31": "1.91", "2013-09-30": "1.91", "2013-06-30": "1.60", "2013-03-31": "1.34", "2012-12-31": "1.67", "2012-09-30": "1.76", "2012-06-30": "1.69", "2012-03-31": "1.94", "2011-12-31": "1.69", "2011-09-30": "1.42", "2011-06-30": "1.51", "2011-03-31": "1.40", "2010-12-31": "1.34", "2010-09-30": "1.40", "2010-06-30": "1.48", "2010-03-31": "1.96", "2009-12-31": "1.41", "2009-09-30": "1.89", "2009-06-30": "1.24", "2009-03-31": "1.20", "2008-12-31": "1.10", "2008-09-30": "1.96", "2008-06-30": "2.38", "2008-03-31": "2.88", "2007-12-31": "5.46", "2007-09-30": "7.96", "2007-06-30": "5.04", "2007-03-31": "4.18", "2006-12-31": "4.68", "2006-09-30": "4.69", "2006-06-30": "5.37", "2006-03-31": "4.08"}, "price fcf": {"2021-02-11": "", "2020-09-30": "$4.03", "2020-06-30": "$3.63", "2020-03-31": "$3.31", "2019-12-31": "$3.04", "2019-09-30": "$2.93", "2019-06-30": "$3.33", "2019-03-31": "$3.75", "2018-12-31": "$4.03", "2018-09-30": "$3.81", "2018-06-30": "$3.40", "2018-03-31": "$3.25", "2017-12-31": "$2.76", "2017-09-30": "$2.87", "2017-06-30": "$3.12", "2017-03-31": "$3.14", "2016-12-31": "$3.25", "2016-09-30": "$3.10", "2016-06-30": "$2.70", "2016-03-31": "$1.36", "2015-12-31": "$1.09", "2015-09-30": "$1.00", "2015-06-30": "$1.01", "2015-03-31": "$2.36", "2014-12-31": "$2.32", "2014-09-30": "$2.38", "2014-06-30": "$2.76", "2014-03-31": "$2.97", "2013-12-31": "$2.93", "2013-09-30": "$3.07", "2013-06-30": "$2.82", "2013-03-31": "$2.95", "2012-12-31": "$3.30", "2012-09-30": "$3.58", "2012-06-30": "$3.68", "2012-03-31": "$3.61", "2011-12-31": "$4.04", "2011-09-30": "$3.78", "2011-06-30": "$3.92", "2011-03-31": "$3.78", "2010-12-31": "$3.73", "2010-09-30": "$4.05", "2010-06-30": "$4.39", "2010-03-31": "$4.75", "2009-12-31": "$5.20", "2009-09-30": "$5.63", "2009-06-30": "$5.25", "2009-03-31": "$4.19", "2008-12-31": "$3.52", "2008-09-30": "$2.39", "2008-06-30": "$1.90", "2008-03-31": "$2.43", "2007-12-31": "$2.39", "2007-09-30": "$2.23", "2007-06-30": "$2.16", "2007-03-31": "$1.75", "2006-12-31": "$1.23"}, "net worth": {"value": "$24.12B"}, "current ratio": {"current": "2.98", "2020-09-30": "2.98", "2020-06-30": "2.80", "2020-03-31": "3.75", "2019-12-31": "2.95", "2019-09-30": "2.64", "2019-06-30": "2.39", "2019-03-31": "4.04", "2018-12-31": "2.89", "2018-09-30": "2.81", "2018-06-30": "2.50", "2018-03-31": "3.93", "2017-12-31": "2.96", "2017-09-30": "2.76", "2017-06-30": "2.48", "2017-03-31": "3.77", "2016-12-31": "2.89", "2016-09-30": "2.44", "2016-06-30": "2.19", "2016-03-31": "3.13", "2015-12-31": "2.55", "2015-09-30": "2.50", "2015-06-30": "2.37", "2015-03-31": "3.03", "2014-12-31": "2.43", "2014-09-30": "2.16", "2014-06-30": "2.58", "2014-03-31": "3.43", "2013-12-31": "2.87", "2013-09-30": "2.51", "2013-06-30": "2.64", "2013-03-31": "3.82", "2012-12-31": "2.79", "2012-09-30": "2.80", "2012-06-30": "2.64", "2012-03-31": "3.95", "2011-12-31": "3.00", "2011-09-30": "2.79", "2011-06-30": "2.69", "2011-03-31": "4.67", "2010-12-31": "3.74", "2010-09-30": "4.16", "2010-06-30": "4.95", "2010-03-31": "3.25", "2009-12-31": "3.49", "2009-09-30": "2.92", "2009-06-30": "4.53", "2009-03-31": "6.05", "2008-12-31": "4.14", "2008-09-30": "2.92", "2008-06-30": "3.14", "2008-03-31": "4.14", "2007-12-31": "2.91", "2007-09-30": "3.27", "2007-06-30": "3.94", "2007-03-31": "5.22", "2006-12-31": "3.46", "2006-09-30": "2.54", "2006-06-30": "2.74", "2006-03-31": "4.29", "2005-12-31": "4.10", "2005-09-30": "3.41", "2005-06-30": "4.66", "2005-03-31": "4.23"}, "quick ratio": {"2020-09-30": "2.25", "2020-06-30": "2.10", "2020-03-31": "2.74", "2019-12-31": "2.23", "2019-09-30": "1.93", "2019-06-30": "1.76", "2019-03-31": "3.07", "2018-12-31": "2.28", "2018-09-30": "2.16", "2018-06-30": "1.96", "2018-03-31": "2.95", "2017-12-31": "2.31", "2017-09-30": "2.08", "2017-06-30": "1.92", "2017-03-31": "2.84", "2016-12-31": "2.27", "2016-09-30": "1.86", "2016-06-30": "1.69", "2016-03-31": "2.37", "2015-12-31": "1.98", "2015-09-30": "1.93", "2015-06-30": "1.90", "2015-03-31": "2.46", "2014-12-31": "2.02", "2014-09-30": "1.74", "2014-06-30": "2.13", "2014-03-31": "2.79", "2013-12-31": "2.45", "2013-09-30": "2.08", "2013-06-30": "2.21", "2013-03-31": "3.17", "2012-12-31": "2.36", "2012-09-30": "2.30", "2012-06-30": "2.21", "2012-03-31": "3.27", "2011-12-31": "2.54", "2011-09-30": "2.29", "2011-06-30": "2.27", "2011-03-31": "3.79", "2010-12-31": "3.16", "2010-09-30": "3.30", "2010-06-30": "4.13", "2010-03-31": "2.73", "2009-12-31": "3.04", "2009-09-30": "2.40", "2009-06-30": "3.78", "2009-03-31": "4.88", "2008-12-31": "3.25", "2008-09-30": "1.92", "2008-06-30": "2.17", "2008-03-31": "2.69", "2007-12-31": "2.28", "2007-09-30": "2.40", "2007-06-30": "3.26", "2007-03-31": "4.06", "2006-12-31": "2.66", "2006-09-30": "1.80", "2006-06-30": "2.13", "2006-03-31": "3.27", "2005-12-31": "3.08", "2005-09-30": "2.63", "2005-06-30": "3.62", "2005-03-31": "3.10"}, "debt equity ratio": {"current": "0.00", "2020-09-30": "0.28", "2020-06-30": "0.31", "2020-03-31": "0.23", "2019-12-31": "0.29", "2019-09-30": "0.31", "2019-06-30": "0.33", "2019-03-31": "0.22", "2018-12-31": "0.29", "2018-09-30": "0.29", "2018-06-30": "0.33", "2018-03-31": "0.22", "2017-12-31": "0.28", "2017-09-30": "0.33", "2017-06-30": "0.36", "2017-03-31": "0.24", "2016-12-31": "0.32", "2016-09-30": "0.37", "2016-06-30": "0.41", "2016-03-31": "0.28", "2015-12-31": "0.35", "2015-09-30": "0.36", "2015-06-30": "0.38", "2015-03-31": "0.31", "2014-12-31": "0.38", "2014-09-30": "0.44", "2014-06-30": "0.36", "2014-03-31": "0.26", "2013-12-31": "0.33", "2013-09-30": "0.36", "2013-06-30": "0.37", "2013-03-31": "0.26", "2012-12-31": "0.36", "2012-09-30": "0.37", "2012-06-30": "0.39", "2012-03-31": "0.28", "2011-12-31": "0.37", "2011-09-30": "0.41", "2011-06-30": "0.42", "2011-03-31": "0.23", "2010-12-31": "0.31", "2010-09-30": "0.28", "2010-06-30": "0.29", "2010-03-31": "0.39", "2009-12-31": "0.35", "2009-09-30": "0.38", "2009-06-30": "0.28", "2009-03-31": "0.24", "2008-12-31": "0.32", "2008-09-30": "0.41", "2008-06-30": "0.36", "2008-03-31": "0.25", "2007-12-31": "0.40", "2007-09-30": "0.33", "2007-06-30": "0.27", "2007-03-31": "0.19", "2006-12-31": "0.22", "2006-09-30": "0.34", "2006-06-30": "0.30", "2006-03-31": "0.16", "2005-12-31": "0.18", "2005-09-30": "0.22", "2005-06-30": "0.15", "2005-03-31": "0.15"}, "return on equity": {"2020-09-30": "20.83%", "2020-06-30": "19.82%", "2020-03-31": "21.34%", "2019-12-31": "21.61%", "2019-09-30": "18.39%", "2019-06-30": "17.80%", "2019-03-31": "17.39%", "2018-12-31": "17.46%", "2018-09-30": "16.61%", "2018-06-30": "16.08%", "2018-03-31": "16.03%", "2017-12-31": "19.32%", "2017-09-30": "19.94%", "2017-06-30": "19.59%", "2017-03-31": "19.50%", "2016-12-31": "15.42%", "2016-09-30": "15.15%", "2016-06-30": "15.11%", "2016-03-31": "14.43%", "2015-12-31": "13.75%", "2015-09-30": "16.03%", "2015-06-30": "8.04%", "2015-03-31": "9.18%", "2014-12-31": "10.50%", "2014-09-30": "9.00%", "2014-06-30": "18.07%", "2014-03-31": "17.94%", "2013-12-31": "17.27%", "2013-09-30": "16.43%", "2013-06-30": "15.25%", "2013-03-31": "15.83%", "2012-12-31": "16.05%", "2012-09-30": "17.50%", "2012-06-30": "18.24%", "2012-03-31": "16.17%", "2011-12-31": "16.67%", "2011-09-30": "15.87%", "2011-06-30": "20.47%", "2011-03-31": "21.90%", "2010-12-31": "21.07%", "2010-09-30": "26.81%", "2010-06-30": "25.10%", "2010-03-31": "26.59%", "2009-12-31": "27.85%", "2009-09-30": "24.59%", "2009-06-30": "23.77%", "2009-03-31": "28.39%", "2008-12-31": "32.07%", "2008-09-30": "38.07%", "2008-06-30": "39.72%", "2008-03-31": "39.55%", "2007-12-31": "42.98%", "2007-09-30": "40.65%", "2007-06-30": "40.31%", "2007-03-31": "38.56%", "2006-12-31": "37.79%", "2006-09-30": "33.41%", "2006-06-30": "33.56%", "2006-03-31": "30.79%", "2005-12-31": "28.87%"}, "return on assets": {"2020-09-30": "16.31%", "2020-06-30": "15.44%", "2020-03-31": "16.58%", "2019-12-31": "16.77%", "2019-09-30": "14.26%", "2019-06-30": "13.87%", "2019-03-31": "13.57%", "2018-12-31": "13.64%", "2018-09-30": "12.99%", "2018-06-30": "12.49%", "2018-03-31": "12.38%", "2017-12-31": "14.82%", "2017-09-30": "15.18%", "2017-06-30": "14.82%", "2017-03-31": "14.64%", "2016-12-31": "11.48%", "2016-09-30": "11.23%", "2016-06-30": "11.22%", "2016-03-31": "10.77%", "2015-12-31": "10.22%", "2015-09-30": "11.84%", "2015-06-30": "5.85%", "2015-03-31": "6.69%", "2014-12-31": "7.73%", "2014-09-30": "6.68%", "2014-06-30": "13.62%", "2014-03-31": "13.51%", "2013-12-31": "12.99%", "2013-09-30": "12.29%", "2013-06-30": "11.39%", "2013-03-31": "11.77%", "2012-12-31": "11.89%", "2012-09-30": "12.95%", "2012-06-30": "13.39%", "2012-03-31": "11.82%", "2011-12-31": "12.28%", "2011-09-30": "11.83%", "2011-06-30": "15.64%", "2011-03-31": "17.13%", "2010-12-31": "15.99%", "2010-09-30": "20.18%", "2010-06-30": "18.57%", "2010-03-31": "19.71%", "2009-12-31": "21.20%", "2009-09-30": "18.86%", "2009-06-30": "18.17%", "2009-03-31": "21.36%", "2008-12-31": "24.10%", "2008-09-30": "28.18%", "2008-06-30": "29.79%", "2008-03-31": "30.11%", "2007-12-31": "32.89%", "2007-09-30": "32.34%", "2007-06-30": "32.21%", "2007-03-31": "30.69%", "2006-12-31": "30.10%", "2006-09-30": "26.75%", "2006-06-30": "27.59%", "2006-03-31": "26.16%", "2005-12-31": "24.56%"}, "return on investments": {"2020-09-30": "inf%", "2020-06-30": "inf%", "2020-03-31": "inf%", "2019-12-31": "inf%", "2019-09-30": "inf%", "2019-06-30": "inf%", "2019-03-31": "inf%", "2018-12-31": "inf%", "2018-09-30": "inf%", "2018-06-30": "inf%", "2018-03-31": "inf%", "2017-12-31": "inf%", "2017-09-30": "inf%", "2017-06-30": "inf%", "2017-03-31": "inf%", "2016-12-31": "inf%", "2016-09-30": "inf%", "2016-06-30": "inf%", "2016-03-31": "inf%", "2015-12-31": "inf%", "2015-09-30": "inf%", "2015-06-30": "inf%", "2015-03-31": "inf%", "2014-12-31": "inf%", "2014-09-30": "inf%", "2014-06-30": "inf%", "2014-03-31": "inf%", "2013-12-31": "inf%", "2013-09-30": "inf%", "2013-06-30": "inf%", "2013-03-31": "inf%", "2012-12-31": "inf%", "2012-09-30": "inf%", "2012-06-30": "inf%", "2012-03-31": "inf%", "2011-12-31": "inf%", "2011-09-30": "inf%", "2011-06-30": "inf%", "2011-03-31": "inf%", "2010-12-31": "inf%", "2010-09-30": "inf%", "2010-06-30": "inf%", "2010-03-31": "inf%", "2009-12-31": "inf%", "2009-09-30": "inf%", "2009-06-30": "inf%", "2009-03-31": "inf%", "2008-12-31": "inf%", "2008-09-30": "inf%", "2008-06-30": "189.12%", "2008-03-31": "189.73%", "2007-12-31": "98.53%", "2007-09-30": "60.53%", "2007-06-30": "86.05%", "2007-03-31": "72.89%", "2006-12-31": "142.49%", "2006-09-30": "inf%", "2006-06-30": "inf%", "2006-03-31": "inf%", "2005-12-31": "inf%"}, "return on tangible equity": {"2020-09-30": "24.29%", "2020-06-30": "23.01%", "2020-03-31": "24.89%", "2019-12-31": "24.95%", "2019-09-30": "21.01%", "2019-06-30": "20.11%", "2019-03-31": "19.38%", "2018-12-31": "19.52%", "2018-09-30": "18.60%", "2018-06-30": "17.91%", "2018-03-31": "17.75%", "2017-12-31": "21.25%", "2017-09-30": "21.82%", "2017-06-30": "21.46%", "2017-03-31": "21.40%", "2016-12-31": "16.96%", "2016-09-30": "16.58%", "2016-06-30": "16.45%", "2016-03-31": "15.60%", "2015-12-31": "14.77%", "2015-09-30": "17.17%", "2015-06-30": "8.62%", "2015-03-31": "9.81%", "2014-12-31": "11.20%", "2014-09-30": "9.59%", "2014-06-30": "19.24%", "2014-03-31": "19.11%", "2013-12-31": "18.41%", "2013-09-30": "17.55%", "2013-06-30": "16.34%", "2013-03-31": "17.01%", "2012-12-31": "17.31%", "2012-09-30": "18.93%", "2012-06-30": "19.79%", "2012-03-31": "17.49%", "2011-12-31": "17.94%", "2011-09-30": "17.02%", "2011-06-30": "21.85%", "2011-03-31": "23.42%", "2010-12-31": "22.66%", "2010-09-30": "28.95%", "2010-06-30": "27.23%", "2010-03-31": "29.02%", "2009-12-31": "30.52%", "2009-09-30": "27.16%", "2009-06-30": "26.37%", "2009-03-31": "31.49%", "2008-12-31": "35.47%", "2008-09-30": "41.87%", "2008-06-30": "43.49%", "2008-03-31": "43.11%", "2007-12-31": "46.84%", "2007-09-30": "43.88%", "2007-06-30": "42.91%", "2007-03-31": "40.50%", "2006-12-31": "38.98%", "2006-09-30": "34.33%", "2006-06-30": "34.31%", "2006-03-31": "31.28%", "2005-12-31": "29.11%"}, "dividend yield history": {"last payout": "$2.44", "last yield": "1.93%"}}