{"ticker": "GRUB", "price": {"title": "Grubhub Historical Annual Stock Price Data", "value": 72.54, "historical": {"2020": {"Average Stock Price": "62.1751", "Year Open": "47.2400", "Year High": "84.3400", "Year Low": "30.1300", "Year Close": "74.2700", "Annual % Change": "52.69%"}, "2019": {"Average Stock Price": "64.2752", "Year Open": "75.4600", "Year High": "86.0800", "Year Low": "33.1100", "Year Close": "48.6400", "Annual % Change": "-36.67%"}, "2018": {"Average Stock Price": "103.8033", "Year Open": "71.2600", "Year High": "146.7300", "Year Low": "66.5300", "Year Close": "76.8100", "Annual % Change": "6.98%"}, "2017": {"Average Stock Price": "48.1274", "Year Open": "37.0600", "Year High": "74.0900", "Year Low": "32.8900", "Year Close": "71.8000", "Annual % Change": "90.86%"}, "2016": {"Average Stock Price": "31.1838", "Year Open": "23.6200", "Year High": "43.8900", "Year Low": "18.3400", "Year Close": "37.6200", "Annual % Change": "55.45%"}, "2015": {"Average Stock Price": "33.8908", "Year Open": "36.5700", "Year High": "47.1800", "Year Low": "22.9700", "Year Close": "24.2000", "Annual % Change": "-33.37%"}, "2014": {"Average Stock Price": "35.3491", "Year Open": "34.0000", "Year High": "45.2100", "Year Low": "30.0000", "Year Close": "36.3200", "Annual % Change": "0.00%"}}}, "market cap": {"value": "$6.73B"}, "income statement": {"Revenue": {"2020-12-31": "1819.98200", "2019-12-31": "1312.15100", "2018-12-31": "1007.25700", "2017-12-31": "683.06700", "2016-12-31": "493.33100", "2015-12-31": "361.82500", "2014-12-31": "253.87300", "2013-12-31": "137.14300", "2012-12-31": "82.29900", "2011-12-31": "60.61100"}, "Cost Of Goods Sold": {"2020-12-31": "1292.07500", "2019-12-31": "790.76800", "2018-12-31": "536.59900", "2017-12-31": "325.71600", "2016-12-31": "214.21000", "2015-12-31": "140.20600", "2014-12-31": "87.69400", "2013-12-31": "49.53000", "2012-12-31": "28.33700", "2011-12-31": "19.61200"}, "Gross Profit": {"2020-12-31": "527.90710", "2019-12-31": "521.38300", "2018-12-31": "470.65800", "2017-12-31": "357.35100", "2016-12-31": "279.12100", "2015-12-31": "221.61900", "2014-12-31": "166.17900", "2013-12-31": "87.61300", "2012-12-31": "53.96200", "2011-12-31": "40.99900"}, "Research And Development Expenses": {"2020-12-31": "", "2019-12-31": "", "2018-12-31": "", "2017-12-31": "", "2016-12-31": "", "2015-12-31": "", "2014-12-31": "", "2013-12-31": "", "2012-12-31": "", "2011-12-31": ""}, "SG&A Expenses": {"2020-12-31": "535.05600", "2019-12-31": "412.21700", "2018-12-31": "299.75500", "2017-12-31": "215.75300", "2016-12-31": "160.80500", "2015-12-31": "132.16300", "2014-12-31": "98.50800", "2013-12-31": "59.25400", "2012-12-31": "39.14100", "2011-12-31": "26.97500"}, "Other Operating Income Or Expenses": {"2020-12-31": "", "2019-12-31": "", "2018-12-31": "", "2017-12-31": "", "2016-12-31": "", "2015-12-31": "", "2014-12-31": "", "2013-12-31": "", "2012-12-31": "", "2011-12-31": ""}, "Operating Expenses": {"2020-12-31": "1968.95200", "2019-12-31": "1318.43400", "2018-12-31": "922.29400", "2017-12-31": "593.31700", "2016-12-31": "410.20800", "2015-12-31": "300.40300", "2014-12-31": "208.88900", "2013-12-31": "122.25400", "2012-12-31": "73.56700", "2011-12-31": "50.62000"}, "Operating Income": {"2020-12-31": "-148.96980", "2019-12-31": "-6.28300", "2018-12-31": "84.96300", "2017-12-31": "89.75000", "2016-12-31": "83.12300", "2015-12-31": "61.42200", "2014-12-31": "44.98400", "2013-12-31": "14.88900", "2012-12-31": "8.73200", "2011-12-31": "9.99100"}, "Total Non-Operating Income/Expense": {"2020-12-31": "-27.98800", "2019-12-31": "-20.49300", "2018-12-31": "-3.53000", "2017-12-31": "-0.10200", "2016-12-31": "0.72900", "2015-12-31": "0.50700", "2014-12-31": "", "2013-12-31": "", "2012-12-31": "", "2011-12-31": ""}, "Pre-Tax Income": {"2020-12-31": "-176.95800", "2019-12-31": "-26.77600", "2018-12-31": "81.43300", "2017-12-31": "89.64800", "2016-12-31": "83.85200", "2015-12-31": "61.92900", "2014-12-31": "44.98400", "2013-12-31": "14.88900", "2012-12-31": "8.73200", "2011-12-31": "9.99100"}, "Income Taxes": {"2020-12-31": "-21.09700", "2019-12-31": "-8.21000", "2018-12-31": "2.95200", "2017-12-31": "-9.33500", "2016-12-31": "34.29500", "2015-12-31": "23.85200", "2014-12-31": "20.72100", "2013-12-31": "8.14200", "2012-12-31": "0.81300", "2011-12-31": "-5.22000"}, "Income After Taxes": {"2020-12-31": "-155.86100", "2019-12-31": "-18.56600", "2018-12-31": "78.48100", "2017-12-31": "98.98300", "2016-12-31": "49.55700", "2015-12-31": "38.07700", "2014-12-31": "24.26300", "2013-12-31": "6.74700", "2012-12-31": "7.91900", "2011-12-31": "15.21100"}, "Other Income": {"2020-12-31": "", "2019-12-31": "", "2018-12-31": "", "2017-12-31": "", "2016-12-31": "", "2015-12-31": "", "2014-12-31": "", "2013-12-31": "", "2012-12-31": "", "2011-12-31": ""}, "Income From Continuous Operations": {"2020-12-31": "-155.86100", "2019-12-31": "-18.56600", "2018-12-31": "78.48100", "2017-12-31": "98.98300", "2016-12-31": "49.55700", "2015-12-31": "38.07700", "2014-12-31": "24.26300", "2013-12-31": "6.74700", "2012-12-31": "7.91900", "2011-12-31": "15.21100"}, "Income From Discontinued Operations": {"2020-12-31": "", "2019-12-31": "", "2018-12-31": "", "2017-12-31": "", "2016-12-31": "", "2015-12-31": "", "2014-12-31": "", "2013-12-31": "", "2012-12-31": "", "2011-12-31": ""}, "Net Income": {"2020-12-31": "-155.86100", "2019-12-31": "-18.56600", "2018-12-31": "78.48100", "2017-12-31": "98.98300", "2016-12-31": "49.55700", "2015-12-31": "38.07700", "2014-12-31": "23.94300", "2013-12-31": "5.67400", "2012-12-31": "7.51700", "2011-12-31": "14.87700"}, "EBITDA": {"2020-12-31": "-7.14880", "2019-12-31": "109.16600", "2018-12-31": "170.90300", "2017-12-31": "141.59800", "2016-12-31": "118.52200", "2015-12-31": "90.14400", "2014-12-31": "67.67100", "2013-12-31": "28.19900", "2012-12-31": "14.66100", "2011-12-31": "13.91800"}, "EBIT": {"2020-12-31": "-148.96980", "2019-12-31": "-6.28300", "2018-12-31": "84.96300", "2017-12-31": "89.75000", "2016-12-31": "83.12300", "2015-12-31": "61.42200", "2014-12-31": "44.98400", "2013-12-31": "14.88900", "2012-12-31": "8.73200", "2011-12-31": "9.99100"}, "Basic Shares Outstanding": {"2020-12-31": "92.32800", "2019-12-31": "91.24700", "2018-12-31": "89.44700", "2017-12-31": "86.29700", "2016-12-31": "85.06900", "2015-12-31": "84.07600", "2014-12-31": "73.57100", "2013-12-31": "40.68100", "2012-12-31": "31.32000", "2011-12-31": "31.32000"}, "Shares Outstanding": {"2020-12-31": "92.32800", "2019-12-31": "91.24700", "2018-12-31": "92.35400", "2017-12-31": "88.18200", "2016-12-31": "86.13500", "2015-12-31": "85.70600", "2014-12-31": "81.69800", "2013-12-31": "56.64500", "2012-12-31": "42.66600", "2011-12-31": "42.50500"}, "Basic EPS": {"2020-12-31": "-1.69000", "2019-12-31": "-0.20000", "2018-12-31": "0.88000", "2017-12-31": "1.15000", "2016-12-31": "0.58000", "2015-12-31": "0.45000", "2014-12-31": "0.33000", "2013-12-31": "0.14000", "2012-12-31": "0.24000", "2011-12-31": "0.48000"}, "EPS - Earnings Per Share": {"2020-12-31": "-1.69000", "2019-12-31": "-0.20000", "2018-12-31": "0.85000", "2017-12-31": "1.12000", "2016-12-31": "0.58000", "2015-12-31": "0.44000", "2014-12-31": "0.30000", "2013-12-31": "0.12000", "2012-12-31": "0.19000", "2011-12-31": "0.36000"}}, "income statement, quarterly": {"Revenue": {"2020-12-31": "503.73900", "2020-09-30": "493.98100", "2020-06-30": "459.28200", "2020-03-31": "362.98000", "2019-12-31": "341.27010", "2019-09-30": "322.05300", "2019-06-30": "325.05800", "2019-03-31": "323.77000", "2018-12-31": "287.72100", "2018-09-30": "247.22500", "2018-06-30": "239.74100", "2018-03-31": "232.57000", "2017-12-31": "205.08000", "2017-09-30": "163.05900", "2017-06-30": "158.79400", "2017-03-31": "156.13400", "2016-12-31": "137.45700", "2016-09-30": "123.46100", "2016-06-30": "120.17300", "2016-03-31": "112.24000", "2015-12-31": "99.95900", "2015-09-30": "85.66200", "2015-06-30": "87.95500", "2015-03-31": "88.24900", "2014-12-31": "73.31300", "2014-09-30": "61.94100", "2014-06-30": "60.00600", "2014-03-31": "58.61300", "2013-12-31": "49.02400", "2013-09-30": "35.46100", "2013-06-30": "26.85700", "2013-03-31": "25.80100", "2012-12-31": "", "2011-12-31": ""}, "Cost Of Goods Sold": {"2020-12-31": "349.89400", "2020-09-30": "347.25200", "2020-06-30": "349.09500", "2020-03-31": "245.83400", "2019-12-31": "219.49200", "2019-09-30": "190.87000", "2019-06-30": "191.80600", "2019-03-31": "188.60000", "2018-12-31": "169.05400", "2018-09-30": "132.76900", "2018-06-30": "121.16200", "2018-03-31": "113.61400", "2017-12-31": "96.36100", "2017-09-30": "79.64400", "2017-06-30": "77.00000", "2017-03-31": "72.71100", "2016-12-31": "62.41600", "2016-09-30": "55.35200", "2016-06-30": "51.26300", "2016-03-31": "45.17900", "2015-12-31": "41.28500", "2015-09-30": "36.04900", "2015-06-30": "32.50500", "2015-03-31": "30.36700", "2014-12-31": "24.97800", "2014-09-30": "21.46200", "2014-06-30": "20.80000", "2014-03-31": "20.45400", "2013-12-31": "18.46000", "2013-09-30": "13.76200", "2013-06-30": "8.69500", "2013-03-31": "8.62400", "2012-12-31": "", "2011-12-31": ""}, "Gross Profit": {"2020-12-31": "153.84500", "2020-09-30": "146.72900", "2020-06-30": "110.18700", "2020-03-31": "117.14600", "2019-12-31": "121.77800", "2019-09-30": "131.18300", "2019-06-30": "133.25200", "2019-03-31": "135.17000", "2018-12-31": "118.66700", "2018-09-30": "114.45600", "2018-06-30": "118.57900", "2018-03-31": "118.95600", "2017-12-31": "108.71900", "2017-09-30": "83.41500", "2017-06-30": "81.79400", "2017-03-31": "83.42300", "2016-12-31": "75.04100", "2016-09-30": "68.10900", "2016-06-30": "68.91000", "2016-03-31": "67.06100", "2015-12-31": "58.67400", "2015-09-30": "49.61300", "2015-06-30": "55.45000", "2015-03-31": "57.88200", "2014-12-31": "48.33500", "2014-09-30": "40.47900", "2014-06-30": "39.20600", "2014-03-31": "38.15900", "2013-12-31": "30.56400", "2013-09-30": "21.69900", "2013-06-30": "18.16200", "2013-03-31": "17.17700", "2012-12-31": "", "2011-12-31": ""}, "Research And Development Expenses": {"2020-12-31": "", "2020-09-30": "", "2020-06-30": "", "2020-03-31": "", "2019-12-31": "", "2019-09-30": "", "2019-06-30": "", "2019-03-31": "", "2018-12-31": "", "2018-09-30": "", "2018-06-30": "", "2018-03-31": "", "2017-12-31": "", "2017-09-30": "", "2017-06-30": "", "2017-03-31": "", "2016-12-31": "", "2016-09-30": "", "2016-06-30": "", "2016-03-31": "", "2015-12-31": "", "2015-09-30": "", "2015-06-30": "", "2015-03-31": "", "2014-12-31": "", "2014-09-30": "", "2014-06-30": "", "2014-03-31": "", "2013-12-31": "0.00000", "2013-09-30": "", "2013-06-30": "", "2013-03-31": "", "2012-12-31": "", "2011-12-31": ""}, "SG&A Expenses": {"2020-12-31": "153.82300", "2020-09-30": "125.30100", "2020-06-30": "126.24100", "2020-03-31": "129.69100", "2019-12-31": "114.11800", "2019-09-30": "96.94600", "2019-06-30": "99.91200", "2019-03-31": "101.24100", "2018-12-31": "97.27000", "2018-09-30": "71.62100", "2018-06-30": "64.41100", "2018-03-31": "66.45300", "2017-12-31": "63.78000", "2017-09-30": "53.75500", "2017-06-30": "49.59900", "2017-03-31": "48.61900", "2016-12-31": "42.61700", "2016-09-30": "38.25300", "2016-06-30": "37.51300", "2016-03-31": "42.42200", "2015-12-31": "36.88500", "2015-09-30": "31.64600", "2015-06-30": "30.42400", "2015-03-31": "33.20800", "2014-12-31": "26.25300", "2014-09-30": "23.02600", "2014-06-30": "24.78800", "2014-03-31": "24.44100", "2013-12-31": "19.67000", "2013-09-30": "14.71300", "2013-06-30": "11.87300", "2013-03-31": "13.00300", "2012-12-31": "", "2011-12-31": ""}, "Other Operating Income Or Expenses": {"2020-12-31": "", "2020-09-30": "", "2020-06-30": "", "2020-03-31": "", "2019-12-31": "", "2019-09-30": "", "2019-06-30": "", "2019-03-31": "", "2018-12-31": "", "2018-09-30": "", "2018-06-30": "", "2018-03-31": "", "2017-12-31": "", "2017-09-30": "", "2017-06-30": "", "2017-03-31": "", "2016-12-31": "", "2016-09-30": "", "2016-06-30": "", "2016-03-31": "", "2015-12-31": "", "2015-09-30": "", "2015-06-30": "", "2015-03-31": "", "2014-12-31": "", "2014-09-30": "", "2014-06-30": "", "2014-03-31": "", "2013-12-31": "", "2013-09-30": "", "2013-06-30": "", "2013-03-31": "", "2012-12-31": "", "2011-12-31": ""}, "Operating Expenses": {"2020-12-31": "541.06200", "2020-09-30": "509.10900", "2020-06-30": "509.89300", "2020-03-31": "408.88800", "2019-12-31": "366.09800", "2019-09-30": "318.46500", "2019-06-30": "318.94100", "2019-03-31": "314.93000", "2018-12-31": "290.47700", "2018-09-30": "225.37700", "2018-06-30": "205.42200", "2018-03-31": "201.01800", "2017-12-31": "178.92200", "2017-09-30": "146.01200", "2017-06-30": "137.01300", "2017-03-31": "131.37000", "2016-12-31": "114.94400", "2016-09-30": "102.69400", "2016-06-30": "97.66100", "2016-03-31": "94.90900", "2015-12-31": "84.82700", "2015-09-30": "73.99400", "2015-06-30": "71.75800", "2015-03-31": "69.82400", "2014-12-31": "57.04000", "2014-09-30": "50.23600", "2014-06-30": "51.20300", "2014-03-31": "50.41000", "2013-12-31": "44.12000", "2013-09-30": "32.29600", "2013-06-30": "22.44500", "2013-03-31": "23.42300", "2012-12-31": "", "2011-12-31": ""}, "Operating Income": {"2020-12-31": "-37.32300", "2020-09-30": "-15.12800", "2020-06-30": "-50.61100", "2020-03-31": "-45.90800", "2019-12-31": "-24.82790", "2019-09-30": "3.58800", "2019-06-30": "6.11700", "2019-03-31": "8.84000", "2018-12-31": "-2.75600", "2018-09-30": "21.84800", "2018-06-30": "34.31900", "2018-03-31": "31.55200", "2017-12-31": "26.15800", "2017-09-30": "17.04700", "2017-06-30": "21.78100", "2017-03-31": "24.76400", "2016-12-31": "22.51300", "2016-09-30": "20.76700", "2016-06-30": "22.51200", "2016-03-31": "17.33100", "2015-12-31": "15.13200", "2015-09-30": "11.66800", "2015-06-30": "16.19700", "2015-03-31": "18.42500", "2014-12-31": "16.27300", "2014-09-30": "11.70500", "2014-06-30": "8.80300", "2014-03-31": "8.20300", "2013-12-31": "4.90400", "2013-09-30": "3.16500", "2013-06-30": "4.41200", "2013-03-31": "2.37800", "2012-12-31": "", "2011-12-31": ""}, "Total Non-Operating Income/Expense": {"2020-12-31": "-7.81300", "2020-09-30": "-6.97900", "2020-06-30": "-6.81600", "2020-03-31": "-6.38000", "2019-12-31": "-6.18900", "2019-09-30": "-6.02500", "2019-06-30": "-5.46700", "2019-03-31": "-2.81200", "2018-12-31": "-2.16300", "2018-09-30": "-0.33700", "2018-06-30": "-0.00800", "2018-03-31": "-1.02200", "2017-12-31": "-1.01000", "2017-09-30": "0.37300", "2017-06-30": "0.31400", "2017-03-31": "0.22100", "2016-12-31": "", "2016-09-30": "", "2016-06-30": "", "2016-03-31": "", "2015-12-31": "", "2015-09-30": "", "2015-06-30": "", "2015-03-31": "", "2014-12-31": "", "2014-09-30": "", "2014-06-30": "", "2014-03-31": "", "2013-12-31": "", "2013-09-30": "", "2013-06-30": "", "2013-03-31": "", "2012-12-31": "", "2011-12-31": ""}, "Pre-Tax Income": {"2020-12-31": "-45.13600", "2020-09-30": "-22.10700", "2020-06-30": "-57.42700", "2020-03-31": "-52.28800", "2019-12-31": "-31.01700", "2019-09-30": "-2.43700", "2019-06-30": "0.65000", "2019-03-31": "6.02800", "2018-12-31": "-4.91900", "2018-09-30": "21.51100", "2018-06-30": "34.31100", "2018-03-31": "30.53000", "2017-12-31": "25.14800", "2017-09-30": "17.42000", "2017-06-30": "22.09500", "2017-03-31": "24.98500", "2016-12-31": "23.24200", "2016-09-30": "20.76700", "2016-06-30": "22.51200", "2016-03-31": "17.33100", "2015-12-31": "15.63900", "2015-09-30": "11.66800", "2015-06-30": "16.19700", "2015-03-31": "18.42500", "2014-12-31": "16.27300", "2014-09-30": "11.70500", "2014-06-30": "8.80300", "2014-03-31": "8.20300", "2013-12-31": "4.94000", "2013-09-30": "3.16500", "2013-06-30": "4.41200", "2013-03-31": "2.37800", "2012-12-31": "", "2011-12-31": ""}, "Income Taxes": {"2020-12-31": "22.64900", "2020-09-30": "-12.86900", "2020-06-30": "-12.01600", "2020-03-31": "-18.86100", "2019-12-31": "-3.29900", "2019-09-30": "-3.44700", "2019-06-30": "-0.60200", "2019-03-31": "-0.86200", "2018-12-31": "0.23100", "2018-09-30": "-1.23400", "2018-06-30": "4.19100", "2018-03-31": "-0.23600", "2017-12-31": "-28.37800", "2017-09-30": "4.43200", "2017-06-30": "7.34100", "2017-03-31": "7.27000", "2016-12-31": "9.60500", "2016-09-30": "7.58500", "2016-06-30": "9.70700", "2016-03-31": "7.39800", "2015-12-31": "4.35100", "2015-09-30": "4.80100", "2015-06-30": "6.84500", "2015-03-31": "7.85500", "2014-12-31": "5.50800", "2014-09-30": "5.25200", "2014-06-30": "6.11100", "2014-03-31": "3.85000", "2013-12-31": "3.33000", "2013-09-30": "1.11100", "2013-06-30": "2.58900", "2013-03-31": "1.12200", "2012-12-31": "", "2011-12-31": ""}, "Income After Taxes": {"2020-12-31": "-67.78500", "2020-09-30": "-9.23800", "2020-06-30": "-45.41100", "2020-03-31": "-33.42700", "2019-12-31": "-27.71800", "2019-09-30": "1.01000", "2019-06-30": "1.25200", "2019-03-31": "6.89000", "2018-12-31": "-5.15000", "2018-09-30": "22.74500", "2018-06-30": "30.12000", "2018-03-31": "30.76600", "2017-12-31": "53.52600", "2017-09-30": "12.98800", "2017-06-30": "14.75400", "2017-03-31": "17.71500", "2016-12-31": "13.63700", "2016-09-30": "13.18200", "2016-06-30": "12.80500", "2016-03-31": "9.93300", "2015-12-31": "11.28800", "2015-09-30": "6.86700", "2015-06-30": "9.35200", "2015-03-31": "10.57000", "2014-12-31": "10.76500", "2014-09-30": "6.45300", "2014-06-30": "2.69200", "2014-03-31": "4.35300", "2013-12-31": "1.61000", "2013-09-30": "2.05400", "2013-06-30": "1.82300", "2013-03-31": "1.25600", "2012-12-31": "", "2011-12-31": ""}, "Other Income": {"2020-12-31": "", "2020-09-30": "", "2020-06-30": "", "2020-03-31": "", "2019-12-31": "", "2019-09-30": "", "2019-06-30": "", "2019-03-31": "", "2018-12-31": "", "2018-09-30": "", "2018-06-30": "", "2018-03-31": "", "2017-12-31": "", "2017-09-30": "", "2017-06-30": "", "2017-03-31": "", "2016-12-31": "", "2016-09-30": "", "2016-06-30": "", "2016-03-31": "", "2015-12-31": "", "2015-09-30": "", "2015-06-30": "", "2015-03-31": "", "2014-12-31": "", "2014-09-30": "", "2014-06-30": "", "2014-03-31": "", "2013-12-31": "0.00000", "2013-09-30": "", "2013-06-30": "", "2013-03-31": "", "2012-12-31": "", "2011-12-31": ""}, "Income From Continuous Operations": {"2020-12-31": "-67.78500", "2020-09-30": "-9.23800", "2020-06-30": "-45.41100", "2020-03-31": "-33.42700", "2019-12-31": "-27.71800", "2019-09-30": "1.01000", "2019-06-30": "1.25200", "2019-03-31": "6.89000", "2018-12-31": "-5.15000", "2018-09-30": "22.74500", "2018-06-30": "30.12000", "2018-03-31": "30.76600", "2017-12-31": "53.52600", "2017-09-30": "12.98800", "2017-06-30": "14.75400", "2017-03-31": "17.71500", "2016-12-31": "13.63700", "2016-09-30": "13.18200", "2016-06-30": "12.80500", "2016-03-31": "9.93300", "2015-12-31": "11.28800", "2015-09-30": "6.86700", "2015-06-30": "9.35200", "2015-03-31": "10.57000", "2014-12-31": "10.76500", "2014-09-30": "6.45300", "2014-06-30": "2.69200", "2014-03-31": "4.35300", "2013-12-31": "1.61400", "2013-09-30": "2.05400", "2013-06-30": "1.82300", "2013-03-31": "1.25600", "2012-12-31": "", "2011-12-31": ""}, "Income From Discontinued Operations": {"2020-12-31": "", "2020-09-30": "", "2020-06-30": "", "2020-03-31": "", "2019-12-31": "", "2019-09-30": "", "2019-06-30": "", "2019-03-31": "", "2018-12-31": "", "2018-09-30": "", "2018-06-30": "", "2018-03-31": "", "2017-12-31": "", "2017-09-30": "", "2017-06-30": "", "2017-03-31": "", "2016-12-31": "", "2016-09-30": "", "2016-06-30": "", "2016-03-31": "", "2015-12-31": "", "2015-09-30": "", "2015-06-30": "", "2015-03-31": "", "2014-12-31": "", "2014-09-30": "", "2014-06-30": "", "2014-03-31": "", "2013-12-31": "0.00000", "2013-09-30": "", "2013-06-30": "", "2013-03-31": "", "2012-12-31": "", "2011-12-31": ""}, "Net Income": {"2020-12-31": "-67.78500", "2020-09-30": "-9.23800", "2020-06-30": "-45.41100", "2020-03-31": "-33.42700", "2019-12-31": "-27.71800", "2019-09-30": "1.01000", "2019-06-30": "1.25200", "2019-03-31": "6.89000", "2018-12-31": "-5.15000", "2018-09-30": "22.74500", "2018-06-30": "30.12000", "2018-03-31": "30.76600", "2017-12-31": "53.52600", "2017-09-30": "12.98800", "2017-06-30": "14.75400", "2017-03-31": "17.71500", "2016-12-31": "13.63700", "2016-09-30": "13.18200", "2016-06-30": "12.80500", "2016-03-31": "9.93300", "2015-12-31": "11.28800", "2015-09-30": "6.86700", "2015-06-30": "9.35200", "2015-03-31": "10.57000", "2014-12-31": "10.76500", "2014-09-30": "6.45300", "2014-06-30": "2.37200", "2014-03-31": "4.35300", "2013-12-31": "1.61400", "2013-09-30": "1.62900", "2013-06-30": "1.17500", "2013-03-31": "1.25600", "2012-12-31": "", "2011-12-31": ""}, "EBITDA": {"2020-12-31": "", "2020-09-30": "21.42800", "2020-06-30": "-16.05400", "2020-03-31": "-12.54500", "2019-12-31": "7.66010", "2019-09-30": "34.23700", "2019-06-30": "33.34000", "2019-03-31": "33.92900", "2018-12-31": "21.39700", "2018-09-30": "42.83500", "2018-06-30": "54.16800", "2018-03-31": "52.50300", "2017-12-31": "44.59000", "2017-09-30": "29.76900", "2017-06-30": "32.31100", "2017-03-31": "34.92800", "2016-12-31": "33.03600", "2016-09-30": "29.65200", "2016-06-30": "31.19500", "2016-03-31": "24.63900", "2015-12-31": "22.47700", "2015-09-30": "17.96700", "2015-06-30": "25.02600", "2015-03-31": "24.67400", "2014-12-31": "22.20100", "2014-09-30": "17.41300", "2014-06-30": "14.37900", "2014-03-31": "13.67800", "2013-12-31": "10.83900", "2013-09-30": "6.94600", "2013-06-30": "6.24900", "2013-03-31": "4.13500", "2012-12-31": "", "2011-12-31": ""}, "EBIT": {"2020-12-31": "-37.32300", "2020-09-30": "-15.12800", "2020-06-30": "-50.61100", "2020-03-31": "-45.90800", "2019-12-31": "-24.82800", "2019-09-30": "3.58800", "2019-06-30": "6.11700", "2019-03-31": "8.84000", "2018-12-31": "-2.75600", "2018-09-30": "21.84800", "2018-06-30": "34.31900", "2018-03-31": "31.55200", "2017-12-31": "26.15800", "2017-09-30": "17.04700", "2017-06-30": "21.78100", "2017-03-31": "24.76400", "2016-12-31": "22.51300", "2016-09-30": "20.76700", "2016-06-30": "22.51200", "2016-03-31": "17.33100", "2015-12-31": "15.13200", "2015-09-30": "11.66800", "2015-06-30": "16.19700", "2015-03-31": "18.42500", "2014-12-31": "16.27300", "2014-09-30": "11.70500", "2014-06-30": "8.80300", "2014-03-31": "8.20300", "2013-12-31": "4.90400", "2013-09-30": "3.16500", "2013-06-30": "4.41200", "2013-03-31": "2.37800", "2012-12-31": "", "2011-12-31": ""}, "Basic Shares Outstanding": {"2020-12-31": "92.90900", "2020-09-30": "92.49600", "2020-06-30": "92.11600", "2020-03-31": "91.79300", "2019-12-31": "91.24700", "2019-09-30": "91.34900", "2019-06-30": "91.17700", "2019-03-31": "90.95100", "2018-12-31": "89.44700", "2018-09-30": "90.49400", "2018-06-30": "89.50300", "2018-03-31": "87.08500", "2017-12-31": "86.29700", "2017-09-30": "86.44900", "2017-06-30": "86.16200", "2017-03-31": "85.87400", "2016-12-31": "85.06900", "2016-09-30": "85.21700", "2016-06-30": "84.74100", "2016-03-31": "84.71000", "2015-12-31": "84.07600", "2015-09-30": "84.58300", "2015-06-30": "84.11600", "2015-03-31": "82.78300", "2014-12-31": "73.57100", "2014-09-30": "79.42600", "2014-06-30": "78.04200", "2014-03-31": "55.21000", "2013-12-31": "54.91500", "2013-09-30": "45.07200", "2013-06-30": "31.37300", "2013-03-31": "31.36400", "2012-12-31": "", "2011-12-31": ""}, "Shares Outstanding": {"2020-12-31": "92.90900", "2020-09-30": "92.49600", "2020-06-30": "92.11600", "2020-03-31": "91.79300", "2019-12-31": "91.24700", "2019-09-30": "92.84700", "2019-06-30": "92.78600", "2019-03-31": "92.91800", "2018-12-31": "92.35400", "2018-09-30": "93.67800", "2018-06-30": "92.50300", "2018-03-31": "90.09100", "2017-12-31": "88.18200", "2017-09-30": "88.54300", "2017-06-30": "87.70000", "2017-03-31": "87.12000", "2016-12-31": "86.13500", "2016-09-30": "86.42400", "2016-06-30": "85.74900", "2016-03-31": "85.69900", "2015-12-31": "85.70600", "2015-09-30": "85.86700", "2015-06-30": "85.83300", "2015-03-31": "85.09800", "2014-12-31": "81.69800", "2014-09-30": "82.77100", "2014-06-30": "82.07400", "2014-03-31": "77.63500", "2013-12-31": "76.75100", "2013-09-30": "63.11400", "2013-06-30": "43.56600", "2013-03-31": "43.14600", "2012-12-31": "", "2011-12-31": ""}, "Basic EPS": {"2020-12-31": "-0.73000", "2020-09-30": "-0.10000", "2020-06-30": "-0.49000", "2020-03-31": "-0.36000", "2019-12-31": "-0.30000", "2019-09-30": "0.01000", "2019-06-30": "0.01000", "2019-03-31": "0.08000", "2018-12-31": "-0.06000", "2018-09-30": "0.25000", "2018-06-30": "0.34000", "2018-03-31": "0.35000", "2017-12-31": "0.62000", "2017-09-30": "0.15000", "2017-06-30": "0.17000", "2017-03-31": "0.21000", "2016-12-31": "0.16000", "2016-09-30": "0.15000", "2016-06-30": "0.15000", "2016-03-31": "0.12000", "2015-12-31": "0.13000", "2015-09-30": "0.08000", "2015-06-30": "0.11000", "2015-03-31": "0.13000", "2014-12-31": "0.14000", "2014-09-30": "0.08000", "2014-06-30": "0.03000", "2014-03-31": "0.08000", "2013-12-31": "0.03000", "2013-09-30": "0.04000", "2013-06-30": "0.04000", "2013-03-31": "0.04000", "2012-12-31": "", "2011-12-31": ""}, "EPS - Earnings Per Share": {"2020-12-31": "-0.73000", "2020-09-30": "-0.10000", "2020-06-30": "-0.49000", "2020-03-31": "-0.36000", "2019-12-31": "-0.29000", "2019-09-30": "0.01000", "2019-06-30": "0.01000", "2019-03-31": "0.07000", "2018-12-31": "-0.06000", "2018-09-30": "0.24000", "2018-06-30": "0.33000", "2018-03-31": "0.34000", "2017-12-31": "0.60000", "2017-09-30": "0.15000", "2017-06-30": "0.17000", "2017-03-31": "0.20000", "2016-12-31": "0.16000", "2016-09-30": "0.15000", "2016-06-30": "0.15000", "2016-03-31": "0.12000", "2015-12-31": "0.13000", "2015-09-30": "0.08000", "2015-06-30": "0.11000", "2015-03-31": "0.12000", "2014-12-31": "0.13000", "2014-09-30": "0.08000", "2014-06-30": "0.03000", "2014-03-31": "0.06000", "2013-12-31": "0.02000", "2013-09-30": "0.03000", "2013-06-30": "0.04000", "2013-03-31": "0.03000", "2012-12-31": "0.00000", "2011-12-31": "0.00000"}}, "balance sheet": {"Cash On Hand": {"2020-12-31": "413.35800", "2019-12-31": "425.18400", "2018-12-31": "225.32900", "2017-12-31": "257.69500", "2016-12-31": "323.61900", "2015-12-31": "310.74100", "2014-12-31": "313.13700", "2013-12-31": "86.54200", "2012-12-31": "41.16100", "2011-12-31": ""}, "Receivables": {"2020-12-31": "134.27400", "2019-12-31": "123.61800", "2018-12-31": "120.80400", "2017-12-31": "95.97000", "2016-12-31": "60.55000", "2015-12-31": "42.05100", "2014-12-31": "36.12700", "2013-12-31": "29.30400", "2012-12-31": "19.37100", "2011-12-31": ""}, "Inventory": {"2020-12-31": "", "2019-12-31": "", "2018-12-31": "", "2017-12-31": "", "2016-12-31": "", "2015-12-31": "", "2014-12-31": "", "2013-12-31": "", "2012-12-31": "", "2011-12-31": ""}, "Pre-Paid Expenses": {"2020-12-31": "24.76500", "2019-12-31": "17.51500", "2018-12-31": "17.64200", "2017-12-31": "6.81800", "2016-12-31": "12.16800", "2015-12-31": "3.48200", "2014-12-31": "2.94000", "2013-12-31": "2.62500", "2012-12-31": "1.44700", "2011-12-31": ""}, "Other Current Assets": {"2020-12-31": "", "2019-12-31": "", "2018-12-31": "", "2017-12-31": "", "2016-12-31": "", "2015-12-31": "", "2014-12-31": "", "2013-12-31": "", "2012-12-31": "", "2011-12-31": ""}, "Total Current Assets": {"2020-12-31": "572.39700", "2019-12-31": "566.31700", "2018-12-31": "363.77500", "2017-12-31": "360.48300", "2016-12-31": "396.33700", "2015-12-31": "356.27400", "2014-12-31": "352.20400", "2013-12-31": "122.15900", "2012-12-31": "62.00500", "2011-12-31": ""}, "Property, Plant, And Equipment": {"2020-12-31": "216.14600", "2019-12-31": "172.74400", "2018-12-31": "119.49500", "2017-12-31": "71.38400", "2016-12-31": "46.55500", "2015-12-31": "19.08200", "2014-12-31": "16.00300", "2013-12-31": "17.09600", "2012-12-31": "13.34100", "2011-12-31": ""}, "Long-Term Investments": {"2020-12-31": "", "2019-12-31": "", "2018-12-31": "", "2017-12-31": "", "2016-12-31": "", "2015-12-31": "", "2014-12-31": "", "2013-12-31": "", "2012-12-31": "", "2011-12-31": ""}, "Goodwill And Intangible Assets": {"2020-12-31": "1462.80600", "2019-12-31": "1508.44900", "2018-12-31": "1568.25200", "2017-12-31": "1105.41500", "2016-12-31": "750.08500", "2015-12-31": "681.78700", "2014-12-31": "607.12700", "2013-12-31": "621.22900", "2012-12-31": "130.90900", "2011-12-31": "0.00000"}, "Other Long-Term Assets": {"2020-12-31": "49.20100", "2019-12-31": "26.83600", "2018-12-31": "14.18600", "2017-12-31": "6.48700", "2016-12-31": "4.53000", "2015-12-31": "3.10500", "2014-12-31": "3.54300", "2013-12-31": "2.32800", "2012-12-31": "", "2011-12-31": ""}, "Total Long-Term Assets": {"2020-12-31": "1816.52200", "2019-12-31": "1808.66100", "2018-12-31": "1701.93300", "2017-12-31": "1183.28600", "2016-12-31": "801.17000", "2015-12-31": "703.97400", "2014-12-31": "626.67300", "2013-12-31": "640.65300", "2012-12-31": "144.25000", "2011-12-31": ""}, "Total Assets": {"2020-12-31": "2388.91900", "2019-12-31": "2374.97800", "2018-12-31": "2065.70800", "2017-12-31": "1543.76900", "2016-12-31": "1197.50700", "2015-12-31": "1060.24800", "2014-12-31": "978.87700", "2013-12-31": "762.81200", "2012-12-31": "206.25500", "2011-12-31": "0.00000"}, "Total Current Liabilities": {"2020-12-31": "356.18200", "2019-12-31": "249.36300", "2018-12-31": "223.16800", "2017-12-31": "174.54800", "2016-12-31": "110.49000", "2015-12-31": "89.61200", "2014-12-31": "111.00500", "2013-12-31": "92.59100", "2012-12-31": "58.16800", "2011-12-31": ""}, "Long Term Debt": {"2020-12-31": "494.10300", "2019-12-31": "493.00900", "2018-12-31": "335.54800", "2017-12-31": "169.64500", "2016-12-31": "", "2015-12-31": "", "2014-12-31": "", "2013-12-31": "", "2012-12-31": "", "2011-12-31": ""}, "Other Non-Current Liabilities": {"2020-12-31": "0.64400", "2019-12-31": "0.81700", "2018-12-31": "18.27000", "2017-12-31": "7.46800", "2016-12-31": "6.87600", "2015-12-31": "5.45600", "2014-12-31": "5.93100", "2013-12-31": "3.93600", "2012-12-31": "1.35000", "2011-12-31": ""}, "Total Long Term Liabilities": {"2020-12-31": "615.94000", "2019-12-31": "632.04500", "2018-12-31": "400.20100", "2017-12-31": "251.40500", "2016-12-31": "114.89800", "2015-12-31": "93.04000", "2014-12-31": "97.35000", "2013-12-31": "94.43100", "2012-12-31": "10.19900", "2011-12-31": ""}, "Total Liabilities": {"2020-12-31": "972.12200", "2019-12-31": "881.40800", "2018-12-31": "623.36900", "2017-12-31": "425.95300", "2016-12-31": "225.38800", "2015-12-31": "182.65200", "2014-12-31": "208.35500", "2013-12-31": "187.02200", "2012-12-31": "68.36700", "2011-12-31": "0.00000"}, "Common Stock Net": {"2020-12-31": "0.00900", "2019-12-31": "0.00900", "2018-12-31": "0.00900", "2017-12-31": "0.00900", "2016-12-31": "0.00900", "2015-12-31": "0.00800", "2014-12-31": "0.00800", "2013-12-31": "0.00500", "2012-12-31": "0.00300", "2011-12-31": "0.00000"}, "Retained Earnings (Accumulated Deficit)": {"2020-12-31": "174.92800", "2019-12-31": "330.78900", "2018-12-31": "349.35500", "2017-12-31": "269.99200", "2016-12-31": "168.45700", "2015-12-31": "118.90000", "2014-12-31": "80.82300", "2013-12-31": "56.88000", "2012-12-31": "52.02600", "2011-12-31": ""}, "Comprehensive Income": {"2020-12-31": "-1.27500", "2019-12-31": "-1.62800", "2018-12-31": "-1.89100", "2017-12-31": "-1.22800", "2016-12-31": "-2.07800", "2015-12-31": "-0.60400", "2014-12-31": "-0.26200", "2013-12-31": "0.13200", "2012-12-31": "-0.02700", "2011-12-31": ""}, "Other Share Holders Equity": {"2020-12-31": "", "2019-12-31": "", "2018-12-31": "", "2017-12-31": "", "2016-12-31": "", "2015-12-31": "", "2014-12-31": "", "2013-12-31": "", "2012-12-31": "", "2011-12-31": "0.00000"}, "Share Holder Equity": {"2020-12-31": "1416.79700", "2019-12-31": "1493.57000", "2018-12-31": "1442.33900", "2017-12-31": "1117.81600", "2016-12-31": "972.11900", "2015-12-31": "877.59600", "2014-12-31": "770.52200", "2013-12-31": "575.79000", "2012-12-31": "137.88800", "2011-12-31": "0.00000"}, "Total Liabilities And Share Holders Equity": {"2020-12-31": "2388.91900", "2019-12-31": "2374.97800", "2018-12-31": "2065.70800", "2017-12-31": "1543.76900", "2016-12-31": "1197.50700", "2015-12-31": "1060.24800", "2014-12-31": "978.87700", "2013-12-31": "762.81200", "2012-12-31": "206.25500", "2011-12-31": "0.00000"}}, "balance sheet, quarterly": {"Cash On Hand": {"2020-12-31": "413.35800", "2020-09-30": "466.77000", "2020-06-30": "533.37600", "2020-03-31": "597.06700", "2019-12-31": "425.18400", "2019-09-30": "426.21400", "2019-06-30": "377.03700", "2019-03-31": "204.39800", "2018-12-31": "225.32900", "2018-09-30": "311.23700", "2018-06-30": "481.64700", "2018-03-31": "288.31000", "2017-12-31": "257.69500", "2017-09-30": "331.60800", "2017-06-30": "373.56000", "2017-03-31": "361.27200", "2016-12-31": "323.61900", "2016-09-30": "296.58100", "2016-06-30": "269.80700", "2016-03-31": "324.44100", "2015-12-31": "310.74100", "2015-09-30": "295.10900", "2015-06-30": "307.43100", "2015-03-31": "298.22400", "2014-12-31": "313.13700", "2014-09-30": "277.75600", "2014-06-30": "207.09600", "2014-03-31": "112.76000", "2013-12-31": "86.54200", "2013-09-30": "", "2013-06-30": "", "2013-03-31": "", "2012-12-31": "41.16000", "2011-12-31": ""}, "Receivables": {"2020-12-31": "134.27400", "2020-09-30": "98.37000", "2020-06-30": "95.11600", "2020-03-31": "155.93200", "2019-12-31": "123.61800", "2019-09-30": "125.53600", "2019-06-30": "133.32100", "2019-03-31": "151.91200", "2018-12-31": "120.80400", "2018-09-30": "134.43100", "2018-06-30": "98.25400", "2018-03-31": "100.12900", "2017-12-31": "95.97000", "2017-09-30": "73.74500", "2017-06-30": "59.73400", "2017-03-31": "62.40000", "2016-12-31": "60.55000", "2016-09-30": "65.72900", "2016-06-30": "57.08700", "2016-03-31": "51.41400", "2015-12-31": "42.05100", "2015-09-30": "44.33700", "2015-06-30": "46.22800", "2015-03-31": "49.61400", "2014-12-31": "36.12700", "2014-09-30": "42.69000", "2014-06-30": "37.86300", "2014-03-31": "39.93700", "2013-12-31": "29.30400", "2013-09-30": "", "2013-06-30": "", "2013-03-31": "", "2012-12-31": "19.37000", "2011-12-31": ""}, "Inventory": {"2020-12-31": "", "2020-09-30": "", "2020-06-30": "", "2020-03-31": "", "2019-12-31": "", "2019-09-30": "", "2019-06-30": "", "2019-03-31": "", "2018-12-31": "", "2018-09-30": "", "2018-06-30": "", "2018-03-31": "", "2017-12-31": "", "2017-09-30": "", "2017-06-30": "", "2017-03-31": "", "2016-12-31": "", "2016-09-30": "", "2016-06-30": "", "2016-03-31": "", "2015-12-31": "", "2015-09-30": "", "2015-06-30": "", "2015-03-31": "", "2014-12-31": "", "2014-09-30": "", "2014-06-30": "", "2014-03-31": "", "2013-12-31": "", "2013-09-30": "", "2013-06-30": "", "2013-03-31": "", "2012-12-31": "", "2011-12-31": ""}, "Pre-Paid Expenses": {"2020-12-31": "24.76500", "2020-09-30": "17.87500", "2020-06-30": "18.72100", "2020-03-31": "18.05100", "2019-12-31": "17.51500", "2019-09-30": "18.63200", "2019-06-30": "23.75200", "2019-03-31": "19.93600", "2018-12-31": "17.64200", "2018-09-30": "17.02400", "2018-06-30": "12.12000", "2018-03-31": "9.84700", "2017-12-31": "6.81800", "2017-09-30": "9.43000", "2017-06-30": "8.81900", "2017-03-31": "9.24500", "2016-12-31": "12.16800", "2016-09-30": "6.26400", "2016-06-30": "6.60200", "2016-03-31": "3.57800", "2015-12-31": "3.48200", "2015-09-30": "4.62800", "2015-06-30": "3.65500", "2015-03-31": "2.91500", "2014-12-31": "2.94000", "2014-09-30": "3.11600", "2014-06-30": "2.50500", "2014-03-31": "2.35200", "2013-12-31": "2.62500", "2013-09-30": "", "2013-06-30": "", "2013-03-31": "", "2012-12-31": "", "2011-12-31": ""}, "Other Current Assets": {"2020-12-31": "", "2020-09-30": "", "2020-06-30": "", "2020-03-31": "", "2019-12-31": "", "2019-09-30": "", "2019-06-30": "", "2019-03-31": "", "2018-12-31": "", "2018-09-30": "", "2018-06-30": "", "2018-03-31": "", "2017-12-31": "", "2017-09-30": "", "2017-06-30": "", "2017-03-31": "", "2016-12-31": "", "2016-09-30": "", "2016-06-30": "", "2016-03-31": "", "2015-12-31": "", "2015-09-30": "", "2015-06-30": "", "2015-03-31": "", "2014-12-31": "", "2014-09-30": "", "2014-06-30": "", "2014-03-31": "", "2013-12-31": "", "2013-09-30": "", "2013-06-30": "", "2013-03-31": "", "2012-12-31": "1.47000", "2011-12-31": ""}, "Total Current Assets": {"2020-12-31": "572.39700", "2020-09-30": "583.01500", "2020-06-30": "647.21300", "2020-03-31": "771.05000", "2019-12-31": "566.31700", "2019-09-30": "570.38200", "2019-06-30": "534.11000", "2019-03-31": "376.24600", "2018-12-31": "363.77500", "2018-09-30": "462.69200", "2018-06-30": "592.02100", "2018-03-31": "398.28600", "2017-12-31": "360.48300", "2017-09-30": "414.78300", "2017-06-30": "442.11300", "2017-03-31": "432.91700", "2016-12-31": "396.33700", "2016-09-30": "368.57400", "2016-06-30": "333.49600", "2016-03-31": "379.43300", "2015-12-31": "356.27400", "2015-09-30": "344.41300", "2015-06-30": "357.81300", "2015-03-31": "351.54500", "2014-12-31": "352.20400", "2014-09-30": "327.40600", "2014-06-30": "251.15200", "2014-03-31": "158.73700", "2013-12-31": "122.15900", "2013-09-30": "", "2013-06-30": "", "2013-03-31": "", "2012-12-31": "62.00000", "2011-12-31": ""}, "Property, Plant, And Equipment": {"2020-12-31": "216.14600", "2020-09-30": "217.92300", "2020-06-30": "212.77200", "2020-03-31": "189.05000", "2019-12-31": "172.74400", "2019-09-30": "160.36800", "2019-06-30": "148.99500", "2019-03-31": "136.34700", "2018-12-31": "119.49500", "2018-09-30": "105.43400", "2018-06-30": "89.20800", "2018-03-31": "79.39900", "2017-12-31": "71.38400", "2017-09-30": "62.22500", "2017-06-30": "56.67300", "2017-03-31": "51.57900", "2016-12-31": "46.55500", "2016-09-30": "43.39800", "2016-06-30": "32.32000", "2016-03-31": "24.22600", "2015-12-31": "19.08200", "2015-09-30": "16.81900", "2015-06-30": "14.97500", "2015-03-31": "16.10200", "2014-12-31": "16.00300", "2014-09-30": "16.44900", "2014-06-30": "16.52900", "2014-03-31": "17.33200", "2013-12-31": "17.09600", "2013-09-30": "", "2013-06-30": "", "2013-03-31": "", "2012-12-31": "23.92000", "2011-12-31": ""}, "Long-Term Investments": {"2020-12-31": "", "2020-09-30": "", "2020-06-30": "", "2020-03-31": "", "2019-12-31": "", "2019-09-30": "", "2019-06-30": "", "2019-03-31": "", "2018-12-31": "", "2018-09-30": "", "2018-06-30": "", "2018-03-31": "", "2017-12-31": "", "2017-09-30": "", "2017-06-30": "", "2017-03-31": "", "2016-12-31": "", "2016-09-30": "", "2016-06-30": "", "2016-03-31": "", "2015-12-31": "", "2015-09-30": "", "2015-06-30": "", "2015-03-31": "", "2014-12-31": "", "2014-09-30": "", "2014-06-30": "", "2014-03-31": "", "2013-12-31": "", "2013-09-30": "", "2013-06-30": "", "2013-03-31": "", "2012-12-31": "", "2011-12-31": ""}, "Goodwill And Intangible Assets": {"2020-12-31": "1462.80600", "2020-09-30": "1473.00900", "2020-06-30": "1484.27700", "2020-03-31": "1495.76500", "2019-12-31": "1508.44900", "2019-09-30": "1521.81600", "2019-06-30": "1532.90000", "2019-03-31": "1540.37000", "2018-12-31": "1568.25200", "2018-09-30": "1406.21700", "2018-06-30": "1084.34600", "2018-03-31": "1093.87300", "2017-12-31": "1105.41500", "2017-09-30": "815.10600", "2017-06-30": "744.71200", "2017-03-31": "749.81200", "2016-12-31": "750.08500", "2016-09-30": "755.44000", "2016-06-30": "760.82500", "2016-03-31": "676.99200", "2015-12-31": "681.78700", "2015-09-30": "667.71400", "2015-06-30": "672.38700", "2015-03-31": "676.88000", "2014-12-31": "607.12700", "2014-09-30": "610.65200", "2014-06-30": "614.17800", "2014-03-31": "617.70300", "2013-12-31": "621.22900", "2013-09-30": "0.00000", "2013-06-30": "0.00000", "2013-03-31": "0.00000", "2012-12-31": "130.90000", "2011-12-31": "0.00000"}, "Other Long-Term Assets": {"2020-12-31": "49.20100", "2020-09-30": "42.51000", "2020-06-30": "36.83600", "2020-03-31": "32.15400", "2019-12-31": "26.83600", "2019-09-30": "25.45200", "2019-06-30": "23.16600", "2019-03-31": "22.42700", "2018-12-31": "14.18600", "2018-09-30": "11.66600", "2018-06-30": "9.17700", "2018-03-31": "6.69700", "2017-12-31": "6.48700", "2017-09-30": "4.13000", "2017-06-30": "4.06000", "2017-03-31": "4.31600", "2016-12-31": "4.53000", "2016-09-30": "4.87300", "2016-06-30": "5.21800", "2016-03-31": "3.38300", "2015-12-31": "3.10500", "2015-09-30": "3.53900", "2015-06-30": "3.59800", "2015-03-31": "3.50700", "2014-12-31": "3.54300", "2014-09-30": "3.61000", "2014-06-30": "4.03900", "2014-03-31": "1.97500", "2013-12-31": "2.32800", "2013-09-30": "", "2013-06-30": "", "2013-03-31": "", "2012-12-31": "", "2011-12-31": ""}, "Total Long-Term Assets": {"2020-12-31": "1816.52200", "2020-09-30": "1829.30500", "2020-06-30": "1832.94300", "2020-03-31": "1818.72700", "2019-12-31": "1808.66100", "2019-09-30": "1808.37200", "2019-06-30": "1809.13900", "2019-03-31": "1777.81800", "2018-12-31": "1701.93300", "2018-09-30": "1523.31700", "2018-06-30": "1182.73100", "2018-03-31": "1179.96900", "2017-12-31": "1183.28600", "2017-09-30": "881.46100", "2017-06-30": "805.44490", "2017-03-31": "805.70700", "2016-12-31": "801.17000", "2016-09-30": "803.71100", "2016-06-30": "798.36300", "2016-03-31": "704.60100", "2015-12-31": "703.97400", "2015-09-30": "688.07200", "2015-06-30": "690.96000", "2015-03-31": "696.48900", "2014-12-31": "626.67300", "2014-09-30": "630.71090", "2014-06-30": "634.74600", "2014-03-31": "637.01000", "2013-12-31": "640.65300", "2013-09-30": "", "2013-06-30": "", "2013-03-31": "", "2012-12-31": "154.82000", "2011-12-31": ""}, "Total Assets": {"2020-12-31": "2388.91900", "2020-09-30": "2412.32000", "2020-06-30": "2480.15600", "2020-03-31": "2589.77700", "2019-12-31": "2374.97800", "2019-09-30": "2378.75400", "2019-06-30": "2343.24900", "2019-03-31": "2154.06400", "2018-12-31": "2065.70800", "2018-09-30": "1986.00900", "2018-06-30": "1774.75200", "2018-03-31": "1578.25500", "2017-12-31": "1543.76900", "2017-09-30": "1296.24400", "2017-06-30": "1247.55800", "2017-03-31": "1238.62400", "2016-12-31": "1197.50700", "2016-09-30": "1172.28500", "2016-06-30": "1131.85900", "2016-03-31": "1084.03400", "2015-12-31": "1060.24800", "2015-09-30": "1032.48500", "2015-06-30": "1048.77300", "2015-03-31": "1048.03400", "2014-12-31": "978.87700", "2014-09-30": "958.11700", "2014-06-30": "885.89800", "2014-03-31": "795.74700", "2013-12-31": "762.81200", "2013-09-30": "0.00000", "2013-06-30": "0.00000", "2013-03-31": "0.00000", "2012-12-31": "206.25000", "2011-12-31": "0.00000"}, "Total Current Liabilities": {"2020-12-31": "356.18200", "2020-09-30": "339.64800", "2020-06-30": "406.17700", "2020-03-31": "305.56000", "2019-12-31": "249.36300", "2019-09-30": "244.21500", "2019-06-30": "220.65600", "2019-03-31": "249.66700", "2018-12-31": "223.16800", "2018-09-30": "200.12200", "2018-06-30": "172.51700", "2018-03-31": "189.39100", "2017-12-31": "174.54800", "2017-09-30": "133.56800", "2017-06-30": "114.14800", "2017-03-31": "132.50700", "2016-12-31": "110.49000", "2016-09-30": "110.79500", "2016-06-30": "103.96300", "2016-03-31": "98.47800", "2015-12-31": "89.61200", "2015-09-30": "82.26800", "2015-06-30": "113.84900", "2015-03-31": "136.56500", "2014-12-31": "111.00500", "2014-09-30": "107.72900", "2014-06-30": "102.02200", "2014-03-31": "115.01400", "2013-12-31": "92.59100", "2013-09-30": "", "2013-06-30": "", "2013-03-31": "", "2012-12-31": "58.16000", "2011-12-31": ""}, "Long Term Debt": {"2020-12-31": "494.10300", "2020-09-30": "493.87600", "2020-06-30": "493.47500", "2020-03-31": "668.24200", "2019-12-31": "493.00900", "2019-09-30": "492.77600", "2019-06-30": "492.72300", "2019-03-31": "328.19300", "2018-12-31": "335.54800", "2018-09-30": "290.07300", "2018-06-30": "116.59800", "2018-03-31": "143.12100", "2017-12-31": "169.64500", "2017-09-30": "", "2017-06-30": "", "2017-03-31": "", "2016-12-31": "", "2016-09-30": "", "2016-06-30": "", "2016-03-31": "", "2015-12-31": "", "2015-09-30": "", "2015-06-30": "", "2015-03-31": "", "2014-12-31": "", "2014-09-30": "", "2014-06-30": "", "2014-03-31": "", "2013-12-31": "", "2013-09-30": "", "2013-06-30": "", "2013-03-31": "", "2012-12-31": "", "2011-12-31": ""}, "Other Non-Current Liabilities": {"2020-12-31": "0.64400", "2020-09-30": "4.53100", "2020-06-30": "4.15200", "2020-03-31": "0.81700", "2019-12-31": "0.81700", "2019-09-30": "0.81700", "2019-06-30": "0.75100", "2019-03-31": "0.75100", "2018-12-31": "18.27000", "2018-09-30": "19.68300", "2018-06-30": "18.24600", "2018-03-31": "17.20700", "2017-12-31": "7.46800", "2017-09-30": "6.51100", "2017-06-30": "6.84100", "2017-03-31": "6.89800", "2016-12-31": "6.87600", "2016-09-30": "6.24500", "2016-06-30": "5.81800", "2016-03-31": "5.52300", "2015-12-31": "5.45600", "2015-09-30": "5.73800", "2015-06-30": "5.76300", "2015-03-31": "5.82600", "2014-12-31": "5.93100", "2014-09-30": "5.63600", "2014-06-30": "3.93900", "2014-03-31": "2.77500", "2013-12-31": "3.93600", "2013-09-30": "", "2013-06-30": "", "2013-03-31": "", "2012-12-31": "1.35000", "2011-12-31": ""}, "Total Long Term Liabilities": {"2020-12-31": "615.94000", "2020-09-30": "606.64700", "2020-06-30": "619.42700", "2020-03-31": "806.36000", "2019-12-31": "632.04500", "2019-09-30": "633.82810", "2019-06-30": "640.89300", "2019-03-31": "442.76000", "2018-12-31": "400.20100", "2018-09-30": "353.82900", "2018-06-30": "205.82700", "2018-03-31": "231.64400", "2017-12-31": "251.40500", "2017-09-30": "109.72100", "2017-06-30": "105.43300", "2017-03-31": "107.52900", "2016-12-31": "114.89800", "2016-09-30": "111.88700", "2016-06-30": "109.19400", "2016-03-31": "89.78500", "2015-12-31": "93.04000", "2015-09-30": "94.70300", "2015-06-30": "97.71600", "2015-03-31": "99.25600", "2014-12-31": "97.35000", "2014-09-30": "104.49800", "2014-06-30": "102.57200", "2014-03-31": "97.58000", "2013-12-31": "94.43100", "2013-09-30": "", "2013-06-30": "", "2013-03-31": "", "2012-12-31": "10.19000", "2011-12-31": ""}, "Total Liabilities": {"2020-12-31": "972.12200", "2020-09-30": "946.29500", "2020-06-30": "1025.60400", "2020-03-31": "1111.92000", "2019-12-31": "881.40800", "2019-09-30": "878.04300", "2019-06-30": "861.54900", "2019-03-31": "692.42700", "2018-12-31": "623.36900", "2018-09-30": "553.95100", "2018-06-30": "378.34400", "2018-03-31": "421.03500", "2017-12-31": "425.95300", "2017-09-30": "243.28900", "2017-06-30": "219.58100", "2017-03-31": "240.03600", "2016-12-31": "225.38800", "2016-09-30": "222.68200", "2016-06-30": "213.15700", "2016-03-31": "188.26300", "2015-12-31": "182.65200", "2015-09-30": "176.97100", "2015-06-30": "211.56500", "2015-03-31": "235.82100", "2014-12-31": "208.35500", "2014-09-30": "212.22700", "2014-06-30": "204.59400", "2014-03-31": "212.59400", "2013-12-31": "187.02200", "2013-09-30": "0.00000", "2013-06-30": "0.00000", "2013-03-31": "0.00000", "2012-12-31": "68.36000", "2011-12-31": "0.00000"}, "Common Stock Net": {"2020-12-31": "0.00900", "2020-09-30": "0.00900", "2020-06-30": "0.00900", "2020-03-31": "0.00900", "2019-12-31": "0.00900", "2019-09-30": "0.00900", "2019-06-30": "0.00900", "2019-03-31": "0.00900", "2018-12-31": "0.00900", "2018-09-30": "0.00900", "2018-06-30": "0.00900", "2018-03-31": "0.00900", "2017-12-31": "0.00900", "2017-09-30": "0.00900", "2017-06-30": "0.00900", "2017-03-31": "0.00900", "2016-12-31": "0.00900", "2016-09-30": "0.00900", "2016-06-30": "0.00800", "2016-03-31": "0.00800", "2015-12-31": "0.00800", "2015-09-30": "0.00800", "2015-06-30": "0.00800", "2015-03-31": "0.00800", "2014-12-31": "0.00800", "2014-09-30": "0.00800", "2014-06-30": "0.00800", "2014-03-31": "0.00500", "2013-12-31": "0.00500", "2013-09-30": "0.00000", "2013-06-30": "0.00000", "2013-03-31": "0.00000", "2012-12-31": "0.00300", "2011-12-31": "0.00000"}, "Retained Earnings (Accumulated Deficit)": {"2020-12-31": "174.92800", "2020-09-30": "242.71300", "2020-06-30": "251.95100", "2020-03-31": "297.36200", "2019-12-31": "330.78900", "2019-09-30": "358.50700", "2019-06-30": "357.49700", "2019-03-31": "356.24500", "2018-12-31": "349.35500", "2018-09-30": "354.50400", "2018-06-30": "331.76000", "2018-03-31": "301.64000", "2017-12-31": "269.99200", "2017-09-30": "216.56400", "2017-06-30": "203.57700", "2017-03-31": "188.82300", "2016-12-31": "168.45700", "2016-09-30": "154.82100", "2016-06-30": "141.63800", "2016-03-31": "128.83300", "2015-12-31": "118.90000", "2015-09-30": "107.61300", "2015-06-30": "100.74500", "2015-03-31": "91.39400", "2014-12-31": "80.82300", "2014-09-30": "70.05800", "2014-06-30": "63.60500", "2014-03-31": "61.23300", "2013-12-31": "56.88000", "2013-09-30": "", "2013-06-30": "", "2013-03-31": "", "2012-12-31": "52.02000", "2011-12-31": ""}, "Comprehensive Income": {"2020-12-31": "-1.27500", "2020-09-30": "-1.86600", "2020-06-30": "-2.33000", "2020-03-31": "-2.27100", "2019-12-31": "-1.62800", "2019-09-30": "-2.34600", "2019-06-30": "-1.98000", "2019-03-31": "-1.66400", "2018-12-31": "-1.89100", "2018-09-30": "-1.62000", "2018-06-30": "-1.52800", "2018-03-31": "-0.87200", "2017-12-31": "-1.22800", "2017-09-30": "-1.32900", "2017-06-30": "-1.62800", "2017-03-31": "-1.97100", "2016-12-31": "-2.07800", "2016-09-30": "-1.64100", "2016-06-30": "-1.39600", "2016-03-31": "-0.82600", "2015-12-31": "-0.60400", "2015-09-30": "-0.42500", "2015-06-30": "-0.15900", "2015-03-31": "-0.55500", "2014-12-31": "-0.26200", "2014-09-30": "0.01800", "2014-06-30": "0.31600", "2014-03-31": "0.18100", "2013-12-31": "0.13200", "2013-09-30": "", "2013-06-30": "", "2013-03-31": "", "2012-12-31": "", "2011-12-31": ""}, "Other Share Holders Equity": {"2020-12-31": "", "2020-09-30": "", "2020-06-30": "", "2020-03-31": "", "2019-12-31": "", "2019-09-30": "", "2019-06-30": "", "2019-03-31": "", "2018-12-31": "", "2018-09-30": "", "2018-06-30": "", "2018-03-31": "", "2017-12-31": "", "2017-09-30": "", "2017-06-30": "", "2017-03-31": "", "2016-12-31": "", "2016-09-30": "", "2016-06-30": "", "2016-03-31": "", "2015-12-31": "", "2015-09-30": "", "2015-06-30": "", "2015-03-31": "", "2014-12-31": "", "2014-09-30": "", "2014-06-30": "", "2014-03-31": "", "2013-12-31": "", "2013-09-30": "0.00000", "2013-06-30": "0.00000", "2013-03-31": "0.00000", "2012-12-31": "-0.02000", "2011-12-31": "0.00000"}, "Share Holder Equity": {"2020-12-31": "1416.79700", "2020-09-30": "1466.02500", "2020-06-30": "1454.55200", "2020-03-31": "1477.85700", "2019-12-31": "1493.57000", "2019-09-30": "1500.71100", "2019-06-30": "1481.70000", "2019-03-31": "1461.63700", "2018-12-31": "1442.33900", "2018-09-30": "1432.05800", "2018-06-30": "1396.40800", "2018-03-31": "1157.22000", "2017-12-31": "1117.81600", "2017-09-30": "1052.95500", "2017-06-30": "1027.97700", "2017-03-31": "998.58800", "2016-12-31": "972.11900", "2016-09-30": "949.60300", "2016-06-30": "918.70200", "2016-03-31": "895.77100", "2015-12-31": "877.59600", "2015-09-30": "855.51400", "2015-06-30": "837.20800", "2015-03-31": "812.21300", "2014-12-31": "770.52200", "2014-09-30": "745.89000", "2014-06-30": "681.30400", "2014-03-31": "583.15300", "2013-12-31": "575.79000", "2013-09-30": "0.00000", "2013-06-30": "0.00000", "2013-03-31": "0.00000", "2012-12-31": "137.88000", "2011-12-31": "0.00000"}, "Total Liabilities And Share Holders Equity": {"2020-12-31": "2388.91900", "2020-09-30": "2412.32000", "2020-06-30": "2480.15600", "2020-03-31": "2589.77700", "2019-12-31": "2374.97800", "2019-09-30": "2378.75400", "2019-06-30": "2343.24900", "2019-03-31": "2154.06400", "2018-12-31": "2065.70800", "2018-09-30": "1986.00900", "2018-06-30": "1774.75200", "2018-03-31": "1578.25500", "2017-12-31": "1543.76900", "2017-09-30": "1296.24400", "2017-06-30": "1247.55800", "2017-03-31": "1238.62400", "2016-12-31": "1197.50700", "2016-09-30": "1172.28500", "2016-06-30": "1131.85900", "2016-03-31": "1084.03400", "2015-12-31": "1060.24800", "2015-09-30": "1032.48500", "2015-06-30": "1048.77300", "2015-03-31": "1048.03400", "2014-12-31": "978.87700", "2014-09-30": "958.11700", "2014-06-30": "885.89800", "2014-03-31": "795.74700", "2013-12-31": "762.81200", "2013-09-30": "0.00000", "2013-06-30": "0.00000", "2013-03-31": "0.00000", "2012-12-31": "206.25000", "2011-12-31": "0.00000"}}, "cash flow statement": {"Net Income/Loss": {"2020-12-31": "-155.86100", "2019-12-31": "-18.56600", "2018-12-31": "78.48100", "2017-12-31": "98.98300", "2016-12-31": "49.55700", "2015-12-31": "38.07700", "2014-12-31": "24.26300", "2013-12-31": "6.74700", "2012-12-31": "7.91900", "2011-12-31": "15.21100"}, "Total Depreciation And Amortization - Cash Flow": {"2020-12-31": "141.82100", "2019-12-31": "115.44900", "2018-12-31": "85.94000", "2017-12-31": "51.84800", "2016-12-31": "35.39900", "2015-12-31": "28.72200", "2014-12-31": "22.68700", "2013-12-31": "13.31000", "2012-12-31": "5.92900", "2011-12-31": "3.92700"}, "Other Non-Cash Items": {"2020-12-31": "83.48600", "2019-12-31": "73.68400", "2018-12-31": "62.53700", "2017-12-31": "4.02600", "2016-12-31": "26.36200", "2015-12-31": "10.33800", "2014-12-31": "14.58100", "2013-12-31": "6.97700", "2012-12-31": "3.23500", "2011-12-31": "-4.04600"}, "Total Non-Cash Items": {"2020-12-31": "225.30700", "2019-12-31": "189.13300", "2018-12-31": "148.47700", "2017-12-31": "55.87400", "2016-12-31": "61.76100", "2015-12-31": "39.06000", "2014-12-31": "37.26800", "2013-12-31": "20.28700", "2012-12-31": "9.16400", "2011-12-31": "-0.11900"}, "Change In Accounts Receivable": {"2020-12-31": "6.92400", "2019-12-31": "-11.59100", "2018-12-31": "-6.09200", "2017-12-31": "-26.23600", "2016-12-31": "-12.02700", "2015-12-31": "-4.34300", "2014-12-31": "-7.39400", "2013-12-31": "-8.29800", "2012-12-31": "-0.52600", "2011-12-31": "0.33500"}, "Change In Inventories": {"2020-12-31": "", "2019-12-31": "", "2018-12-31": "", "2017-12-31": "", "2016-12-31": "", "2015-12-31": "", "2014-12-31": "", "2013-12-31": "", "2012-12-31": "", "2011-12-31": ""}, "Change In Accounts Payable": {"2020-12-31": "-2.01400", "2019-12-31": "1.97800", "2018-12-31": "11.16000", "2017-12-31": "-4.24400", "2016-12-31": "-3.20400", "2015-12-31": "3.31200", "2014-12-31": "-0.25900", "2013-12-31": "2.06500", "2012-12-31": "0.31900", "2011-12-31": "0.26100"}, "Change In Assets/Liabilities": {"2020-12-31": "79.15000", "2019-12-31": "15.67900", "2018-12-31": "-5.14300", "2017-12-31": "31.36400", "2016-12-31": "7.15400", "2015-12-31": "-31.35100", "2014-12-31": "19.02600", "2013-12-31": "20.01800", "2012-12-31": "12.70200", "2011-12-31": "16.40600"}, "Total Change In Assets/Liabilities": {"2020-12-31": "65.54800", "2019-12-31": "12.05500", "2018-12-31": "-1.43100", "2017-12-31": "-0.71300", "2016-12-31": "-13.53800", "2015-12-31": "-32.38200", "2014-12-31": "11.37300", "2013-12-31": "13.78500", "2012-12-31": "12.49500", "2011-12-31": "17.00200"}, "Cash Flow From Operating Activities": {"2020-12-31": "134.99400", "2019-12-31": "182.62200", "2018-12-31": "225.52700", "2017-12-31": "154.14400", "2016-12-31": "97.78000", "2015-12-31": "44.75500", "2014-12-31": "72.90400", "2013-12-31": "40.81900", "2012-12-31": "29.57800", "2011-12-31": "32.09400"}, "Net Change In Property, Plant, And Equipment": {"2020-12-31": "-120.17800", "2019-12-31": "-103.69100", "2018-12-31": "-74.21300", "2017-12-31": "-40.29600", "2016-12-31": "-36.89600", "2015-12-31": "-11.28700", "2014-12-31": "-7.08400", "2013-12-31": "-7.02100", "2012-12-31": "-5.69700", "2011-12-31": "-8.77800"}, "Net Change In Intangible Assets": {"2020-12-31": "-0.51000", "2019-12-31": "-9.98000", "2018-12-31": "-11.85100", "2017-12-31": "-25.14700", "2016-12-31": "-0.25000", "2015-12-31": "", "2014-12-31": "", "2013-12-31": "", "2012-12-31": "", "2011-12-31": ""}, "Net Acquisitions/Divestitures": {"2020-12-31": "", "2019-12-31": "0.12700", "2018-12-31": "-517.90900", "2017-12-31": "-333.30100", "2016-12-31": "-65.84900", "2015-12-31": "-73.90700", "2014-12-31": "", "2013-12-31": "13.26600", "2012-12-31": "", "2011-12-31": "-12.17100"}, "Net Change In Short-term Investments": {"2020-12-31": "108.77900", "2019-12-31": "51.36600", "2018-12-31": "67.16600", "2017-12-31": "215.98300", "2016-12-31": "284.66200", "2015-12-31": "189.87200", "2014-12-31": "1.50000", "2013-12-31": "", "2012-12-31": "", "2011-12-31": ""}, "Net Change In Long-Term Investments": {"2020-12-31": "-112.31300", "2019-12-31": "-85.98900", "2018-12-31": "-57.19700", "2017-12-31": "-154.75800", "2016-12-31": "-226.69400", "2015-12-31": "-220.66700", "2014-12-31": "-113.15600", "2013-12-31": "", "2012-12-31": "", "2011-12-31": ""}, "Net Change In Investments - Total": {"2020-12-31": "-3.53400", "2019-12-31": "-34.62300", "2018-12-31": "9.96900", "2017-12-31": "61.22500", "2016-12-31": "57.96800", "2015-12-31": "-30.79500", "2014-12-31": "-111.65600", "2013-12-31": "", "2012-12-31": "", "2011-12-31": ""}, "Investing Activities - Other": {"2020-12-31": "-0.52500", "2019-12-31": "-0.25000", "2018-12-31": "", "2017-12-31": "0.55700", "2016-12-31": "-0.49200", "2015-12-31": "-0.40800", "2014-12-31": "", "2013-12-31": "", "2012-12-31": "16.00000", "2011-12-31": "-16.00000"}, "Cash Flow From Investing Activities": {"2020-12-31": "-124.74700", "2019-12-31": "-148.41700", "2018-12-31": "-594.00400", "2017-12-31": "-336.96200", "2016-12-31": "-45.51900", "2015-12-31": "-116.39700", "2014-12-31": "-118.74000", "2013-12-31": "6.24500", "2012-12-31": "10.30300", "2011-12-31": "-36.94900"}, "Net Long-Term Debt": {"2020-12-31": "", "2019-12-31": "157.68700", "2018-12-31": "168.09400", "2017-12-31": "174.21900", "2016-12-31": "", "2015-12-31": "", "2014-12-31": "", "2013-12-31": "", "2012-12-31": "-1.96500", "2011-12-31": ""}, "Net Current Debt": {"2020-12-31": "", "2019-12-31": "", "2018-12-31": "", "2017-12-31": "", "2016-12-31": "", "2015-12-31": "", "2014-12-31": "", "2013-12-31": "", "2012-12-31": "", "2011-12-31": ""}, "Debt Issuance/Retirement Net - Total": {"2020-12-31": "", "2019-12-31": "157.68700", "2018-12-31": "168.09400", "2017-12-31": "174.21900", "2016-12-31": "", "2015-12-31": "", "2014-12-31": "", "2013-12-31": "", "2012-12-31": "-1.96500", "2011-12-31": ""}, "Net Common Equity Issued/Repurchased": {"2020-12-31": "9.58800", "2019-12-31": "4.46900", "2018-12-31": "214.19000", "2017-12-31": "16.37500", "2016-12-31": "-1.30600", "2015-12-31": "11.91900", "2014-12-31": "150.74700", "2013-12-31": "0.05100", "2012-12-31": "-0.74200", "2011-12-31": ""}, "Net Total Equity Issued/Repurchased": {"2020-12-31": "9.58800", "2019-12-31": "4.46900", "2018-12-31": "214.19000", "2017-12-31": "16.37500", "2016-12-31": "-1.30600", "2015-12-31": "11.91900", "2014-12-31": "150.74700", "2013-12-31": "0.05100", "2012-12-31": "-0.74200", "2011-12-31": ""}, "Total Common And Preferred Stock Dividends Paid": {"2020-12-31": "", "2019-12-31": "", "2018-12-31": "", "2017-12-31": "", "2016-12-31": "", "2015-12-31": "", "2014-12-31": "", "2013-12-31": "", "2012-12-31": "", "2011-12-31": ""}, "Financial Activities - Other": {"2020-12-31": "-36.85900", "2019-12-31": "-32.88900", "2018-12-31": "-35.59900", "2017-12-31": "-12.53500", "2016-12-31": "20.65000", "2015-12-31": "27.48500", "2014-12-31": "10.58500", "2013-12-31": "-1.89300", "2012-12-31": "0.48900", "2011-12-31": "7.32100"}, "Cash Flow From Financial Activities": {"2020-12-31": "-27.27100", "2019-12-31": "129.26700", "2018-12-31": "346.68500", "2017-12-31": "178.05900", "2016-12-31": "19.34400", "2015-12-31": "39.40400", "2014-12-31": "161.33200", "2013-12-31": "-1.84200", "2012-12-31": "-2.21800", "2011-12-31": "7.32100"}, "Net Cash Flow": {"2020-12-31": "-16.69800", "2019-12-31": "163.79200", "2018-12-31": "-22.43700", "2017-12-31": "-3.97500", "2016-12-31": "70.21100", "2015-12-31": "-32.50300", "2014-12-31": "115.25400", "2013-12-31": "45.38100", "2012-12-31": "37.77800", "2011-12-31": "2.43300"}, "Stock-Based Compensation": {"2020-12-31": "84.48500", "2019-12-31": "72.87900", "2018-12-31": "55.26100", "2017-12-31": "32.74800", "2016-12-31": "23.55900", "2015-12-31": "13.45000", "2014-12-31": "9.39300", "2013-12-31": "4.93300", "2012-12-31": "2.36400", "2011-12-31": "0.80300"}, "Common Stock Dividends Paid": {"2020-12-31": "", "2019-12-31": "", "2018-12-31": "", "2017-12-31": "", "2016-12-31": "", "2015-12-31": "", "2014-12-31": "", "2013-12-31": "", "2012-12-31": "", "2011-12-31": ""}}, "cash flow statement, quarterly": {"Net Income/Loss": {"2020-12-31": -67.785, "2020-09-30": -9.238, "2020-06-30": -45.411, "2020-03-31": "-33.42700", "2019-12-31": -27.718, "2019-09-30": 1.01, "2019-06-30": 1.252, "2019-03-31": "6.89000", "2018-12-31": -5.15, "2018-09-30": 22.745, "2018-06-30": 30.12, "2018-03-31": "30.76600", "2017-12-31": 53.526, "2017-09-30": 12.988, "2017-06-30": 14.754, "2017-03-31": "17.71500", "2016-12-31": 13.637, "2016-09-30": 13.182, "2016-06-30": 12.805, "2016-03-31": "9.93300", "2015-12-31": 11.288, "2015-09-30": 6.867, "2015-06-30": 9.352, "2015-03-31": "10.57000", "2014-12-31": 10.765, "2014-09-30": 6.453, "2014-06-30": 2.692, "2014-03-31": "4.35300", "2013-12-31": 1.607, "2013-09-30": 2.054, "2013-06-30": 1.823, "2013-03-31": "1.25600", "2012-12-31": -7.3, "2011-12-31": 15.21}, "Total Depreciation And Amortization - Cash Flow": {"2020-12-31": 37.345, "2020-09-30": 36.556, "2020-06-30": 34.557, "2020-03-31": "33.36300", "2019-12-31": 32.488, "2019-09-30": 30.649, "2019-06-30": 27.223, "2019-03-31": "25.08900", "2018-12-31": 24.153, "2018-09-30": 20.987, "2018-06-30": 19.849, "2018-03-31": "20.95100", "2017-12-31": 18.432, "2017-09-30": 12.722, "2017-06-30": 10.53, "2017-03-31": "10.16400", "2016-12-31": 10.523, "2016-09-30": 8.885, "2016-06-30": 8.683, "2016-03-31": "7.30800", "2015-12-31": 7.345, "2015-09-30": 6.299, "2015-06-30": 8.829, "2015-03-31": "6.24900", "2014-12-31": 5.928, "2014-09-30": 5.708, "2014-06-30": 5.576, "2014-03-31": "5.47500", "2013-12-31": 5.935, "2013-09-30": 3.781, "2013-06-30": 1.837, "2013-03-31": "1.75700", "2012-12-31": 2, "2011-12-31": 3.92}, "Other Non-Cash Items": {"2020-12-31": 43.906, "2020-09-30": 11.367, "2020-06-30": 7.274, "2020-03-31": "20.93900", "2019-12-31": 19.876, "2019-09-30": 13.743, "2019-06-30": 23.838, "2019-03-31": "16.22700", "2018-12-31": 19.472, "2018-09-30": 21.161, "2018-06-30": 12.601, "2018-03-31": "9.30300", "2017-12-31": -17.37, "2017-09-30": 13.101, "2017-06-30": 5.874, "2017-03-31": "2.42100", "2016-12-31": 8.702, "2016-09-30": 8.49, "2016-06-30": 5.121, "2016-03-31": "4.04900", "2015-12-31": 2.708, "2015-09-30": 0.653, "2015-06-30": 2.419, "2015-03-31": "4.55800", "2014-12-31": -0.87, "2014-09-30": 2.384, "2014-06-30": 7.116, "2014-03-31": "5.95100", "2013-12-31": 5.833, "2013-09-30": 0.035, "2013-06-30": 0.651, "2013-03-31": "0.45800", "2012-12-31": 0, "2011-12-31": 0}, "Total Non-Cash Items": {"2020-12-31": 81.251, "2020-09-30": 47.923, "2020-06-30": 41.831, "2020-03-31": "54.30200", "2019-12-31": 52.364, "2019-09-30": 44.392, "2019-06-30": 51.061, "2019-03-31": "41.31600", "2018-12-31": 43.625, "2018-09-30": 42.148, "2018-06-30": 32.45, "2018-03-31": "30.25400", "2017-12-31": 1.062, "2017-09-30": 25.823, "2017-06-30": 16.404, "2017-03-31": "12.58500", "2016-12-31": 19.225, "2016-09-30": 17.375, "2016-06-30": 13.804, "2016-03-31": "11.35700", "2015-12-31": 10.053, "2015-09-30": 6.952, "2015-06-30": 11.248, "2015-03-31": "10.80700", "2014-12-31": 5.058, "2014-09-30": 8.092, "2014-06-30": 12.692, "2014-03-31": "11.42600", "2013-12-31": 4.791, "2013-09-30": 3.816, "2013-06-30": 2.488, "2013-03-31": "2.21500", "2012-12-31": 2, "2011-12-31": 3.92}, "Change In Accounts Receivable": {"2020-12-31": -35.712, "2020-09-30": -0.754, "2020-06-30": 61.723, "2020-03-31": "-18.33300", "2019-12-31": 1.744, "2019-09-30": 0.014, "2019-06-30": 17.042, "2019-03-31": "-30.39100", "2018-12-31": 11.877, "2018-09-30": -21.857, "2018-06-30": 4.06, "2018-03-31": "-0.17200", "2017-12-31": -10.333, "2017-09-30": -16.687, "2017-06-30": 2.505, "2017-03-31": "-1.72100", "2016-12-31": 10.272, "2016-09-30": -10.577, "2016-06-30": -1.766, "2016-03-31": "-9.95600", "2015-12-31": 2.569, "2015-09-30": 1.548, "2015-06-30": 3.402, "2015-03-31": "-11.86200", "2014-12-31": 6.224, "2014-09-30": -4.893, "2014-06-30": 2.269, "2014-03-31": "-10.99400", "2013-12-31": -0.263, "2013-09-30": -0.954, "2013-06-30": -0.707, "2013-03-31": "-6.37400", "2012-12-31": 0, "2011-12-31": 0}, "Change In Inventories": {"2020-12-31": 0, "2020-09-30": 0, "2020-06-30": 0, "2020-03-31": "", "2019-12-31": 0, "2019-09-30": 0, "2019-06-30": 0, "2019-03-31": "", "2018-12-31": 0, "2018-09-30": 0, "2018-06-30": 0, "2018-03-31": "", "2017-12-31": 0, "2017-09-30": 0, "2017-06-30": 0, "2017-03-31": "", "2016-12-31": 0, "2016-09-30": 0, "2016-06-30": 0, "2016-03-31": "", "2015-12-31": 0, "2015-09-30": 0, "2015-06-30": 0, "2015-03-31": "", "2014-12-31": 0, "2014-09-30": 0, "2014-06-30": 0, "2014-03-31": "", "2013-12-31": 0, "2013-09-30": 0, "2013-06-30": 0, "2013-03-31": "", "2012-12-31": 0, "2011-12-31": 0}, "Change In Accounts Payable": {"2020-12-31": 3.357, "2020-09-30": -5.918, "2020-06-30": -4.131, "2020-03-31": "4.67800", "2019-12-31": 2.028, "2019-09-30": 10.166, "2019-06-30": 8.428, "2019-03-31": "-18.64400", "2018-12-31": 5.895, "2018-09-30": 5.372, "2018-06-30": -0.708, "2018-03-31": "0.60100", "2017-12-31": -7.209, "2017-09-30": 3.943, "2017-06-30": -1.461, "2017-03-31": "0.48300", "2016-12-31": 1.388, "2016-09-30": -3.734, "2016-06-30": 4.576, "2016-03-31": "-5.43400", "2015-12-31": 3.945, "2015-09-30": 3.324, "2015-06-30": -2.131, "2015-03-31": "-1.82600", "2014-12-31": 1.089, "2014-09-30": -0.386, "2014-06-30": -0.906, "2014-03-31": "-0.05600", "2013-12-31": 0.803, "2013-09-30": -0.248, "2013-06-30": -0.891, "2013-03-31": "2.40100", "2012-12-31": 0, "2011-12-31": 0}, "Change In Assets/Liabilities": {"2020-12-31": -1.684, "2020-09-30": -64.224, "2020-06-30": 98.441, "2020-03-31": "46.61700", "2019-12-31": -0.067, "2019-09-30": 23.34, "2019-06-30": -23.283, "2019-03-31": "15.68900", "2018-12-31": -0.359, "2018-09-30": 8.452, "2018-06-30": -19.197, "2018-03-31": "5.96100", "2017-12-31": 14.654, "2017-09-30": 10.316, "2017-06-30": -16.134, "2017-03-31": "22.52800", "2016-12-31": -3.714, "2016-09-30": 8.994, "2016-06-30": -10.892, "2016-03-31": "12.76600", "2015-12-31": 3.31, "2015-09-30": -35.645, "2015-06-30": -21.749, "2015-03-31": "22.73300", "2014-12-31": 2.51, "2014-09-30": 7.707, "2014-06-30": -14.298, "2014-03-31": "23.10700", "2013-12-31": 4.297, "2013-09-30": -1.483, "2013-06-30": 2.182, "2013-03-31": "15.02200", "2012-12-31": 0, "2011-12-31": 0}, "Total Change In Assets/Liabilities": {"2020-12-31": -33.934, "2020-09-30": -74.084, "2020-06-30": 156.915, "2020-03-31": "16.65100", "2019-12-31": 1.972, "2019-09-30": 40.813, "2019-06-30": 3.532, "2019-03-31": "-34.26200", "2018-12-31": 21.59, "2018-09-30": -15.448, "2018-06-30": -18.053, "2018-03-31": "10.48000", "2017-12-31": -8.28, "2017-09-30": 1.367, "2017-06-30": -15.09, "2017-03-31": "21.29000", "2016-12-31": 2.485, "2016-09-30": -5.317, "2016-06-30": -8.082, "2016-03-31": "-2.62400", "2015-12-31": 9.824, "2015-09-30": -30.773, "2015-06-30": -20.478, "2015-03-31": "9.04500", "2014-12-31": 9.823, "2014-09-30": 2.428, "2014-06-30": -12.935, "2014-03-31": "12.05700", "2013-12-31": 4.832, "2013-09-30": -2.685, "2013-06-30": 0.584, "2013-03-31": "11.04900", "2012-12-31": -4.51, "2011-12-31": 17}, "Cash Flow From Operating Activities": {"2020-12-31": -20.468, "2020-09-30": -35.399, "2020-06-30": 153.335, "2020-03-31": "37.52600", "2019-12-31": 26.618, "2019-09-30": 86.215, "2019-06-30": 55.845, "2019-03-31": "13.94400", "2018-12-31": 60.065, "2018-09-30": 49.445, "2018-06-30": 44.517, "2018-03-31": "71.50000", "2017-12-31": 46.308, "2017-09-30": 40.178, "2017-06-30": 16.068, "2017-03-31": "51.59000", "2016-12-31": 35.347, "2016-09-30": 25.24, "2016-06-30": 18.527, "2016-03-31": "18.66600", "2015-12-31": 31.165, "2015-09-30": -16.954, "2015-06-30": 0.122, "2015-03-31": "30.42200", "2014-12-31": 25.646, "2014-09-30": 16.973, "2014-06-30": 2.449, "2014-03-31": "27.83600", "2013-12-31": 18.21, "2013-09-30": 3.185, "2013-06-30": 4.895, "2013-03-31": "14.52000", "2012-12-31": -2.52, "2011-12-31": 32.09}, "Net Change In Property, Plant, And Equipment": {"2020-12-31": -23.414, "2020-09-30": -25.695, "2020-06-30": -37.148, "2020-03-31": "-33.92100", "2019-12-31": -25.921, "2019-09-30": -32.442, "2019-06-30": -26.618, "2019-03-31": "-18.71000", "2018-12-31": -20.758, "2018-09-30": -21.044, "2018-06-30": -20.687, "2018-03-31": "-11.72400", "2017-12-31": -12.466, "2017-09-30": -10.963, "2017-06-30": -9.661, "2017-03-31": "-7.20600", "2016-12-31": -10.954, "2016-09-30": -12.2, "2016-06-30": -8.152, "2016-03-31": "-5.59000", "2015-12-31": -3.46, "2015-09-30": -3.522, "2015-06-30": -2.651, "2015-03-31": "-1.65400", "2014-12-31": -1.499, "2014-09-30": -2.095, "2014-06-30": -1.265, "2014-03-31": "-2.22500", "2013-12-31": 1.347, "2013-09-30": -1.163, "2013-06-30": -1.217, "2013-03-31": "-3.38700", "2012-12-31": 2.97, "2011-12-31": -6.38}, "Net Change In Intangible Assets": {"2020-12-31": 0, "2020-09-30": 0, "2020-06-30": 0, "2020-03-31": "-0.51000", "2019-12-31": -1.091, "2019-09-30": 0, "2019-06-30": -3.51, "2019-03-31": "-5.37900", "2018-12-31": -11.851, "2018-09-30": 0, "2018-06-30": 0, "2018-03-31": "", "2017-12-31": 0, "2017-09-30": -20.147, "2017-06-30": 0, "2017-03-31": "-5.00000", "2016-12-31": 0, "2016-09-30": 0, "2016-06-30": 0, "2016-03-31": "-0.25000", "2015-12-31": 0, "2015-09-30": 0, "2015-06-30": 0, "2015-03-31": "", "2014-12-31": 0, "2014-09-30": 0, "2014-06-30": 0, "2014-03-31": "", "2013-12-31": 0, "2013-09-30": 0, "2013-06-30": 0, "2013-03-31": "", "2012-12-31": 0, "2011-12-31": 0}, "Net Acquisitions/Divestitures": {"2020-12-31": 0, "2020-09-30": 0, "2020-06-30": 0, "2020-03-31": "", "2019-12-31": 0, "2019-09-30": 0, "2019-06-30": 0, "2019-03-31": "0.12700", "2018-12-31": -151.053, "2018-09-30": -367.593, "2018-06-30": 0, "2018-03-31": "0.73700", "2017-12-31": -281.442, "2017-09-30": -51.859, "2017-06-30": 0, "2017-03-31": "", "2016-12-31": 0, "2016-09-30": 1.679, "2016-06-30": -67.528, "2016-03-31": "", "2015-12-31": -18.22, "2015-09-30": 0, "2015-06-30": -0.181, "2015-03-31": "-55.50600", "2014-12-31": 0, "2014-09-30": 0, "2014-06-30": 0, "2014-03-31": "", "2013-12-31": -0.006, "2013-09-30": 13.266, "2013-06-30": 0, "2013-03-31": "", "2012-12-31": 12.17, "2011-12-31": -12.17}, "Net Change In Short-term Investments": {"2020-12-31": 33.429, "2020-09-30": 17.85, "2020-06-30": 24.6, "2020-03-31": "32.90000", "2019-12-31": 19.63, "2019-09-30": 10.1, "2019-06-30": 10, "2019-03-31": "11.63600", "2018-12-31": 12.25, "2018-09-30": 25.8, "2018-06-30": 10.95, "2018-03-31": "18.16600", "2017-12-31": 51.25, "2017-09-30": 50.43, "2017-06-30": 58.47, "2017-03-31": "55.83300", "2016-12-31": 74.095, "2016-09-30": 82.077, "2016-06-30": 51.875, "2016-03-31": "76.61500", "2015-12-31": 67.016, "2015-09-30": 58.238, "2015-06-30": 26.558, "2015-03-31": "38.06000", "2014-12-31": 1.5, "2014-09-30": 0, "2014-06-30": 0, "2014-03-31": "", "2013-12-31": 0, "2013-09-30": 0, "2013-06-30": 0, "2013-03-31": "", "2012-12-31": 0, "2011-12-31": 0}, "Net Change In Long-Term Investments": {"2020-12-31": -25.053, "2020-09-30": -30.706, "2020-06-30": -36.764, "2020-03-31": "-19.79000", "2019-12-31": -36.483, "2019-09-30": -23.98, "2019-06-30": -13.366, "2019-03-31": "-12.16000", "2018-12-31": -9.555, "2018-09-30": -3.371, "2018-06-30": -33.734, "2018-03-31": "-10.53700", "2017-12-31": -9.091, "2017-09-30": -35.559, "2017-06-30": -52.325, "2017-03-31": "-57.78300", "2016-12-31": -39.238, "2016-09-30": -63.733, "2016-06-30": -67.496, "2016-03-31": "-56.22700", "2015-12-31": -66.399, "2015-09-30": -88.623, "2015-06-30": -28.577, "2015-03-31": "-37.06800", "2014-12-31": -47.42, "2014-09-30": -65.736, "2014-06-30": 0, "2014-03-31": "", "2013-12-31": 0, "2013-09-30": 0, "2013-06-30": 0, "2013-03-31": "", "2012-12-31": 0, "2011-12-31": 0}, "Net Change In Investments - Total": {"2020-12-31": 8.376, "2020-09-30": -12.856, "2020-06-30": -12.164, "2020-03-31": "13.11000", "2019-12-31": -16.853, "2019-09-30": -13.88, "2019-06-30": -3.366, "2019-03-31": "-0.52400", "2018-12-31": 2.695, "2018-09-30": 22.429, "2018-06-30": -22.784, "2018-03-31": "7.62900", "2017-12-31": 42.159, "2017-09-30": 14.871, "2017-06-30": 6.145, "2017-03-31": "-1.95000", "2016-12-31": 34.857, "2016-09-30": 18.344, "2016-06-30": -15.621, "2016-03-31": "20.38800", "2015-12-31": 0.617, "2015-09-30": -30.385, "2015-06-30": -2.019, "2015-03-31": "0.99200", "2014-12-31": -45.92, "2014-09-30": -65.736, "2014-06-30": 0, "2014-03-31": "", "2013-12-31": 0, "2013-09-30": 0, "2013-06-30": 0, "2013-03-31": "", "2012-12-31": 0, "2011-12-31": 0}, "Investing Activities - Other": {"2020-12-31": 0, "2020-09-30": 0, "2020-06-30": -0.275, "2020-03-31": "-0.25000", "2019-12-31": 0, "2019-09-30": -0.25, "2019-06-30": 0, "2019-03-31": "", "2018-12-31": -0.038, "2018-09-30": 0.014, "2018-06-30": 0.008, "2018-03-31": "0.01600", "2017-12-31": -0.032, "2017-09-30": 0.097, "2017-06-30": 0.401, "2017-03-31": "0.09100", "2016-12-31": 0.048, "2016-09-30": 0.036, "2016-06-30": -0.403, "2016-03-31": "-0.17300", "2015-12-31": -0.408, "2015-09-30": 0, "2015-06-30": 0, "2015-03-31": "", "2014-12-31": 0, "2014-09-30": 0, "2014-06-30": 0, "2014-03-31": "", "2013-12-31": -2.59, "2013-09-30": 0, "2013-06-30": 0, "2013-03-31": "", "2012-12-31": 32.11, "2011-12-31": -18.39}, "Cash Flow From Investing Activities": {"2020-12-31": -15.038, "2020-09-30": -38.551, "2020-06-30": -49.587, "2020-03-31": "-21.57100", "2019-12-31": -43.865, "2019-09-30": -46.572, "2019-06-30": -33.494, "2019-03-31": "-24.48600", "2018-12-31": -181.005, "2018-09-30": -366.194, "2018-06-30": -43.463, "2018-03-31": "-3.34200", "2017-12-31": -251.781, "2017-09-30": -68.001, "2017-06-30": -3.115, "2017-03-31": "-14.06500", "2016-12-31": 23.951, "2016-09-30": 7.859, "2016-06-30": -91.704, "2016-03-31": "14.37500", "2015-12-31": -21.471, "2015-09-30": -33.907, "2015-06-30": -4.851, "2015-03-31": "-56.16800", "2014-12-31": -47.419, "2014-09-30": -67.831, "2014-06-30": -1.265, "2014-03-31": "-2.22500", "2013-12-31": -1.259, "2013-09-30": 12.103, "2013-06-30": -1.217, "2013-03-31": "-3.38700", "2012-12-31": 47.24, "2011-12-31": -36.94}, "Net Long-Term Debt": {"2020-12-31": 0, "2020-09-30": 0, "2020-06-30": -175, "2020-03-31": "175.00000", "2019-12-31": 0, "2019-09-30": 0, "2019-06-30": 159.718, "2019-03-31": "-2.03100", "2018-12-31": 45.438, "2018-09-30": 174.218, "2018-06-30": -25.781, "2018-03-31": "-25.78100", "2017-12-31": 174.219, "2017-09-30": 0, "2017-06-30": 0, "2017-03-31": "", "2016-12-31": 0, "2016-09-30": 0, "2016-06-30": 0, "2016-03-31": "", "2015-12-31": 0, "2015-09-30": 0, "2015-06-30": 0, "2015-03-31": "", "2014-12-31": 0, "2014-09-30": 0, "2014-06-30": 0, "2014-03-31": "", "2013-12-31": 0, "2013-09-30": 0, "2013-06-30": 0, "2013-03-31": "", "2012-12-31": 0, "2011-12-31": 0}, "Net Current Debt": {"2020-12-31": 0, "2020-09-30": 0, "2020-06-30": 0, "2020-03-31": "", "2019-12-31": 0, "2019-09-30": 0, "2019-06-30": 0, "2019-03-31": "", "2018-12-31": 0, "2018-09-30": 0, "2018-06-30": 0, "2018-03-31": "", "2017-12-31": 0, "2017-09-30": 0, "2017-06-30": 0, "2017-03-31": "", "2016-12-31": 0, "2016-09-30": 0, "2016-06-30": 0, "2016-03-31": "", "2015-12-31": 0, "2015-09-30": 0, "2015-06-30": 0, "2015-03-31": "", "2014-12-31": 0, "2014-09-30": 0, "2014-06-30": 0, "2014-03-31": "", "2013-12-31": 0, "2013-09-30": 0, "2013-06-30": 0, "2013-03-31": "", "2012-12-31": 0, "2011-12-31": 0}, "Debt Issuance/Retirement Net - Total": {"2020-12-31": 0, "2020-09-30": 0, "2020-06-30": -175, "2020-03-31": "175.00000", "2019-12-31": 0, "2019-09-30": 0, "2019-06-30": 159.718, "2019-03-31": "-2.03100", "2018-12-31": 45.438, "2018-09-30": 174.218, "2018-06-30": -25.781, "2018-03-31": "-25.78100", "2017-12-31": 174.219, "2017-09-30": 0, "2017-06-30": 0, "2017-03-31": "", "2016-12-31": 0, "2016-09-30": 0, "2016-06-30": 0, "2016-03-31": "", "2015-12-31": 0, "2015-09-30": 0, "2015-06-30": 0, "2015-03-31": "", "2014-12-31": 0, "2014-09-30": 0, "2014-06-30": 0, "2014-03-31": "", "2013-12-31": 0, "2013-09-30": 0, "2013-06-30": 0, "2013-03-31": "", "2012-12-31": -1.96, "2011-12-31": 0}, "Net Common Equity Issued/Repurchased": {"2020-12-31": 2.104, "2020-09-30": 3.817, "2020-06-30": 2.253, "2020-03-31": "1.41400", "2019-12-31": 0.429, "2019-09-30": 1.11, "2019-06-30": 0.506, "2019-03-31": "2.42400", "2018-12-31": 1.18, "2018-09-30": 3.052, "2018-06-30": 203.01, "2018-03-31": "6.94800", "2017-12-31": 3.87, "2017-09-30": 4.197, "2017-06-30": 6.724, "2017-03-31": "1.58400", "2016-12-31": 1.654, "2016-09-30": 8.936, "2016-06-30": -3.137, "2016-03-31": "-8.75900", "2015-12-31": 1.23, "2015-09-30": 0.912, "2015-06-30": 3.954, "2015-03-31": "5.82300", "2014-12-31": 3.271, "2014-09-30": 51.52, "2014-06-30": 95.036, "2014-03-31": "0.92000", "2013-12-31": 0.848, "2013-09-30": 0.358, "2013-06-30": -0.044, "2013-03-31": "-1.11100", "2012-12-31": 0, "2011-12-31": 0}, "Net Total Equity Issued/Repurchased": {"2020-12-31": 2.104, "2020-09-30": 3.817, "2020-06-30": 2.253, "2020-03-31": "1.41400", "2019-12-31": 0.429, "2019-09-30": 1.11, "2019-06-30": 0.506, "2019-03-31": "2.42400", "2018-12-31": 1.18, "2018-09-30": 3.052, "2018-06-30": 203.01, "2018-03-31": "6.94800", "2017-12-31": 3.87, "2017-09-30": 4.197, "2017-06-30": 6.724, "2017-03-31": "1.58400", "2016-12-31": 1.654, "2016-09-30": 8.936, "2016-06-30": -3.137, "2016-03-31": "-8.75900", "2015-12-31": 1.23, "2015-09-30": 0.912, "2015-06-30": 3.954, "2015-03-31": "5.82300", "2014-12-31": 3.271, "2014-09-30": 51.52, "2014-06-30": 95.036, "2014-03-31": "0.92000", "2013-12-31": 0.847, "2013-09-30": 0.358, "2013-06-30": -0.044, "2013-03-31": "-1.11100", "2012-12-31": -0.74, "2011-12-31": 0}, "Total Common And Preferred Stock Dividends Paid": {"2020-12-31": 0, "2020-09-30": 0, "2020-06-30": 0, "2020-03-31": "", "2019-12-31": 0, "2019-09-30": 0, "2019-06-30": 0, "2019-03-31": "", "2018-12-31": 0, "2018-09-30": 0, "2018-06-30": 0, "2018-03-31": "", "2017-12-31": 0, "2017-09-30": 0, "2017-06-30": 0, "2017-03-31": "", "2016-12-31": 0, "2016-09-30": 0, "2016-06-30": 0, "2016-03-31": "", "2015-12-31": 0, "2015-09-30": 0, "2015-06-30": 0, "2015-03-31": "", "2014-12-31": 0, "2014-09-30": 0, "2014-06-30": 0, "2014-03-31": "", "2013-12-31": 0, "2013-09-30": 0, "2013-06-30": 0, "2013-03-31": "", "2012-12-31": 0, "2011-12-31": 0}, "Financial Activities - Other": {"2020-12-31": -12.146, "2020-09-30": -9.76, "2020-06-30": -6.902, "2020-03-31": "-8.05100", "2019-12-31": -3.25, "2019-09-30": -5.325, "2019-06-30": -12.701, "2019-03-31": "-11.61300", "2018-12-31": -7.361, "2018-09-30": -9.521, "2018-06-30": -7.232, "2018-03-31": "-11.48500", "2017-12-31": -4.554, "2017-09-30": -2.458, "2017-06-30": -1.835, "2017-03-31": "-3.68800", "2016-12-31": 1.218, "2016-09-30": 3.08, "2016-06-30": 6.424, "2016-03-31": "9.92800", "2015-12-31": 5.498, "2015-09-30": 7.566, "2015-06-30": 7.929, "2015-03-31": "6.49200", "2014-12-31": 8.406, "2014-09-30": 4.56, "2014-06-30": -2.019, "2014-03-31": "-0.36200", "2013-12-31": 0.003, "2013-09-30": -1.242, "2013-06-30": -0.651, "2013-03-31": "", "2012-12-31": -6.84, "2011-12-31": 7.32}, "Cash Flow From Financial Activities": {"2020-12-31": -10.042, "2020-09-30": -5.943, "2020-06-30": -179.649, "2020-03-31": "168.36300", "2019-12-31": -2.821, "2019-09-30": -4.215, "2019-06-30": 147.523, "2019-03-31": "-11.22000", "2018-12-31": 39.257, "2018-09-30": 167.749, "2018-06-30": 169.997, "2018-03-31": "-30.31800", "2017-12-31": 173.535, "2017-09-30": 1.739, "2017-06-30": 4.889, "2017-03-31": "-2.10400", "2016-12-31": 2.872, "2016-09-30": 12.016, "2016-06-30": 3.287, "2016-03-31": "1.16900", "2015-12-31": 6.728, "2015-09-30": 8.478, "2015-06-30": 11.883, "2015-03-31": "12.31500", "2014-12-31": 11.677, "2014-09-30": 56.08, "2014-06-30": 93.017, "2014-03-31": "0.55800", "2013-12-31": 0.85, "2013-09-30": -0.884, "2013-06-30": -0.695, "2013-03-31": "-1.11100", "2012-12-31": -9.53, "2011-12-31": 7.32}, "Net Cash Flow": {"2020-12-31": -45.005, "2020-09-30": -79.459, "2020-06-30": -75.952, "2020-03-31": "183.71800", "2019-12-31": -19.455, "2019-09-30": 35.137, "2019-06-30": 169.64, "2019-03-31": "-21.53000", "2018-12-31": -81.922, "2018-09-30": -149.088, "2018-06-30": 170.377, "2018-03-31": "38.19600", "2017-12-31": -31.863, "2017-09-30": -25.788, "2017-06-30": 18.158, "2017-03-31": "35.51800", "2016-12-31": 61.666, "2016-09-30": 44.914, "2016-06-30": -70.388, "2016-03-31": "34.01900", "2015-12-31": 16.265, "2015-09-30": -42.567, "2015-06-30": 7.44, "2015-03-31": "-13.64100", "2014-12-31": -10.224, "2014-09-30": 4.924, "2014-06-30": 94.336, "2014-03-31": "26.21800", "2013-12-31": 17.924, "2013-09-30": 14.676, "2013-06-30": 2.982, "2013-03-31": "9.79800", "2012-12-31": 35.34, "2011-12-31": 2.43}, "Stock-Based Compensation": {"2020-12-31": 22.425, "2020-09-30": 20.839, "2020-06-30": 21.036, "2020-03-31": "20.18500", "2019-12-31": 18.073, "2019-09-30": 18.279, "2019-06-30": 20.049, "2019-03-31": "16.47800", "2018-12-31": 18.816, "2018-09-30": 14.275, "2018-06-30": 11.939, "2018-03-31": "10.23100", "2017-12-31": 8.835, "2017-09-30": 8.475, "2017-06-30": 8.195, "2017-03-31": "7.24300", "2016-12-31": 5.804, "2016-09-30": 5.349, "2016-06-30": 5.505, "2016-03-31": "6.90100", "2015-12-31": 4.072, "2015-09-30": 3.113, "2015-06-30": 3.258, "2015-03-31": "3.00700", "2014-12-31": 2.412, "2014-09-30": 2.294, "2014-06-30": 2.284, "2014-03-31": "2.40300", "2013-12-31": 1.909, "2013-09-30": 1.786, "2013-06-30": 0.617, "2013-03-31": "0.62100", "2012-12-31": 0, "2011-12-31": 0}, "Common Stock Dividends Paid": {"2020-12-31": 0, "2020-09-30": 0, "2020-06-30": 0, "2020-03-31": "", "2019-12-31": 0, "2019-09-30": 0, "2019-06-30": 0, "2019-03-31": "", "2018-12-31": 0, "2018-09-30": 0, "2018-06-30": 0, "2018-03-31": "", "2017-12-31": 0, "2017-09-30": 0, "2017-06-30": 0, "2017-03-31": "", "2016-12-31": 0, "2016-09-30": 0, "2016-06-30": 0, "2016-03-31": "", "2015-12-31": 0, "2015-09-30": 0, "2015-06-30": 0, "2015-03-31": "", "2014-12-31": 0, "2014-09-30": 0, "2014-06-30": 0, "2014-03-31": "", "2013-12-31": 0, "2013-09-30": 0, "2013-06-30": 0, "2013-03-31": "", "2012-12-31": 0, "2011-12-31": 0}}, "financial ratios": {"Current Ratio": {"2019-12-31": "2.27110", "2018-12-31": "1.63010", "2017-12-31": "2.06520", "2016-12-31": "3.58710", "2015-12-31": "3.97570", "2014-12-31": "3.17290", "2013-12-31": "1.31930", "2012-12-31": "1.06600", "2011-12-31": ""}, "Long-term Debt / Capital": {"2019-12-31": "0.24820", "2018-12-31": "0.18870", "2017-12-31": "0.13180", "2016-12-31": "", "2015-12-31": "", "2014-12-31": "", "2013-12-31": "", "2012-12-31": "", "2011-12-31": ""}, "Debt/Equity Ratio": {"2019-12-31": "0.33010", "2018-12-31": "0.23700", "2017-12-31": "0.15530", "2016-12-31": "", "2015-12-31": "", "2014-12-31": "", "2013-12-31": "", "2012-12-31": "", "2011-12-31": ""}, "Gross Margin": {"2019-12-31": "39.73500", "2018-12-31": "46.72670", "2017-12-31": "52.31570", "2016-12-31": "56.57890", "2015-12-31": "61.25030", "2014-12-31": "65.45750", "2013-12-31": "63.88440", "2012-12-31": "65.56820", "2011-12-31": "67.64280"}, "Operating Margin": {"2019-12-31": "-0.47880", "2018-12-31": "8.43510", "2017-12-31": "13.13930", "2016-12-31": "16.84930", "2015-12-31": "16.97560", "2014-12-31": "17.71910", "2013-12-31": "10.85660", "2012-12-31": "10.61010", "2011-12-31": "16.48380"}, "EBIT Margin": {"2019-12-31": "-0.47880", "2018-12-31": "8.43510", "2017-12-31": "13.13930", "2016-12-31": "16.84930", "2015-12-31": "16.97560", "2014-12-31": "17.71910", "2013-12-31": "10.85660", "2012-12-31": "10.61010", "2011-12-31": "16.48380"}, "EBITDA Margin": {"2019-12-31": "8.31960", "2018-12-31": "16.96720", "2017-12-31": "20.72970", "2016-12-31": "24.02490", "2015-12-31": "24.91370", "2014-12-31": "26.65550", "2013-12-31": "20.56180", "2012-12-31": "17.81430", "2011-12-31": "22.96280"}, "Pre-Tax Profit Margin": {"2019-12-31": "-2.04060", "2018-12-31": "8.08460", "2017-12-31": "13.12430", "2016-12-31": "16.99710", "2015-12-31": "17.11570", "2014-12-31": "17.71910", "2013-12-31": "10.85660", "2012-12-31": "10.61010", "2011-12-31": "16.48380"}, "Net Profit Margin": {"2019-12-31": "-1.41490", "2018-12-31": "7.79160", "2017-12-31": "14.49100", "2016-12-31": "10.04540", "2015-12-31": "10.52360", "2014-12-31": "9.43110", "2013-12-31": "4.13730", "2012-12-31": "9.13380", "2011-12-31": "24.54510"}, "Asset Turnover": {"2019-12-31": "0.55250", "2018-12-31": "0.48760", "2017-12-31": "0.44250", "2016-12-31": "0.41200", "2015-12-31": "0.34130", "2014-12-31": "0.25940", "2013-12-31": "0.17980", "2012-12-31": "0.39900", "2011-12-31": ""}, "Inventory Turnover Ratio": {"2019-12-31": "", "2018-12-31": "", "2017-12-31": "", "2016-12-31": "", "2015-12-31": "", "2014-12-31": "", "2013-12-31": "", "2012-12-31": "", "2011-12-31": ""}, "Receiveable Turnover": {"2019-12-31": "10.61460", "2018-12-31": "8.33790", "2017-12-31": "7.11750", "2016-12-31": "8.14750", "2015-12-31": "8.60440", "2014-12-31": "7.02720", "2013-12-31": "4.68000", "2012-12-31": "4.24860", "2011-12-31": ""}, "Days Sales In Receivables": {"2019-12-31": "34.38670", "2018-12-31": "43.77580", "2017-12-31": "51.28200", "2016-12-31": "44.79900", "2015-12-31": "42.42000", "2014-12-31": "51.94080", "2013-12-31": "77.99130", "2012-12-31": "85.91130", "2011-12-31": ""}, "ROE - Return On Equity": {"2019-12-31": "-1.24310", "2018-12-31": "5.44120", "2017-12-31": "8.85500", "2016-12-31": "5.09780", "2015-12-31": "4.33880", "2014-12-31": "3.14890", "2013-12-31": "1.17180", "2012-12-31": "5.74310", "2011-12-31": ""}, "Return On Tangible Equity": {"2019-12-31": "124.78070", "2018-12-31": "-62.32960", "2017-12-31": "798.18560", "2016-12-31": "22.31960", "2015-12-31": "19.44600", "2014-12-31": "14.84930", "2013-12-31": "-14.84850", "2012-12-31": "113.46890", "2011-12-31": ""}, "ROA - Return On Assets": {"2019-12-31": "-0.78170", "2018-12-31": "3.79920", "2017-12-31": "6.41180", "2016-12-31": "4.13830", "2015-12-31": "3.59130", "2014-12-31": "2.47870", "2013-12-31": "0.88450", "2012-12-31": "3.83940", "2011-12-31": ""}, "ROI - Return On Investment": {"2019-12-31": "-0.93460", "2018-12-31": "4.41430", "2017-12-31": "7.68820", "2016-12-31": "5.09780", "2015-12-31": "4.33880", "2014-12-31": "3.14890", "2013-12-31": "1.17180", "2012-12-31": "5.74310", "2011-12-31": ""}, "Book Value Per Share": {"2019-12-31": "16.30960", "2018-12-31": "15.89230", "2017-12-31": "12.87940", "2016-12-31": "11.34430", "2015-12-31": "10.32710", "2014-12-31": "9.40750", "2013-12-31": "10.71100", "2012-12-31": "4.41690", "2011-12-31": ""}, "Operating Cash Flow Per Share": {"2019-12-31": -0.4406, "2018-12-31": 0.694, "2017-12-31": 0.6128, "2016-12-31": 0.613, "2015-12-31": -0.3702, "2014-12-31": 0.1718, "2013-12-31": 0.0274, "2012-12-31": -0.0619, "2011-12-31": 0.7551}, "Free Cash Flow Per Share": {"2019-12-31": -0.7734, "2018-12-31": 0.3473, "2017-12-31": 0.5843, "2016-12-31": 0.3163, "2015-12-31": -0.4152, "2014-12-31": 0.209, "2013-12-31": 0.037, "2012-12-31": 0.0112, "2011-12-31": 0.5485}}, "financial ratios, quarterly": {"Current Ratio": {"2020-09-30": "1.71650", "2020-06-30": "1.59340", "2020-03-31": "2.52340", "2019-12-31": "2.27110", "2019-09-30": "2.33560", "2019-06-30": "2.42060", "2019-03-31": "1.50700", "2018-12-31": "1.63010", "2018-09-30": "2.31210", "2018-06-30": "3.43170", "2018-03-31": "2.10300", "2017-12-31": "2.06520", "2017-09-30": "3.10540", "2017-06-30": "3.87320", "2017-03-31": "3.26710", "2016-12-31": "3.58710", "2016-09-30": "3.32660", "2016-06-30": "3.20780", "2016-03-31": "3.85300", "2015-12-31": "3.97570", "2015-09-30": "4.18650", "2015-06-30": "3.14290", "2015-03-31": "2.57420", "2014-12-31": "3.17290", "2014-09-30": "3.03920", "2014-06-30": "2.46170", "2014-03-31": "1.38020", "2013-12-31": "1.31930", "2013-09-30": "", "2013-06-30": "", "2013-03-31": "", "2012-12-31": "", "2011-12-31": ""}, "Long-term Debt / Capital": {"2020-09-30": "0.25200", "2020-06-30": "0.25330", "2020-03-31": "0.31140", "2019-12-31": "0.24820", "2019-09-30": "0.24720", "2019-06-30": "0.24960", "2019-03-31": "0.18340", "2018-12-31": "0.18870", "2018-09-30": "0.16840", "2018-06-30": "0.07710", "2018-03-31": "0.11010", "2017-12-31": "0.13180", "2017-09-30": "", "2017-06-30": "", "2017-03-31": "", "2016-12-31": "", "2016-09-30": "", "2016-06-30": "", "2016-03-31": "", "2015-12-31": "", "2015-09-30": "", "2015-06-30": "", "2015-03-31": "", "2014-12-31": "", "2014-09-30": "", "2014-06-30": "", "2014-03-31": "", "2013-12-31": "", "2013-09-30": "", "2013-06-30": "", "2013-03-31": "", "2012-12-31": "", "2011-12-31": ""}, "Debt/Equity Ratio": {"2020-09-30": "0.33690", "2020-06-30": "0.33930", "2020-03-31": "0.45220", "2019-12-31": "0.33010", "2019-09-30": "0.32840", "2019-06-30": "0.33250", "2019-03-31": "0.23150", "2018-12-31": "0.23700", "2018-09-30": "0.20690", "2018-06-30": "0.08740", "2018-03-31": "0.12770", "2017-12-31": "0.15530", "2017-09-30": "", "2017-06-30": "", "2017-03-31": "", "2016-12-31": "", "2016-09-30": "", "2016-06-30": "", "2016-03-31": "", "2015-12-31": "", "2015-09-30": "", "2015-06-30": "", "2015-03-31": "", "2014-12-31": "", "2014-09-30": "", "2014-06-30": "", "2014-03-31": "", "2013-12-31": "", "2013-09-30": "", "2013-06-30": "", "2013-03-31": "", "2012-12-31": "", "2011-12-31": ""}, "Gross Margin": {"2020-09-30": "29.70340", "2020-06-30": "23.99120", "2020-03-31": "32.27340", "2019-12-31": "35.68380", "2019-09-30": "40.73340", "2019-06-30": "40.99330", "2019-03-31": "41.74880", "2018-12-31": "41.24380", "2018-09-30": "46.29630", "2018-06-30": "49.46130", "2018-03-31": "51.14850", "2017-12-31": "53.01300", "2017-09-30": "51.15630", "2017-06-30": "51.50950", "2017-03-31": "53.43040", "2016-12-31": "54.59240", "2016-09-30": "55.16640", "2016-06-30": "57.34230", "2016-03-31": "59.74790", "2015-12-31": "58.69810", "2015-09-30": "57.91720", "2015-06-30": "63.04360", "2015-03-31": "65.58940", "2014-12-31": "65.92960", "2014-09-30": "65.35090", "2014-06-30": "65.33680", "2014-03-31": "65.10330", "2013-12-31": "62.39800", "2013-09-30": "61.19120", "2013-06-30": "67.62480", "2013-03-31": "66.57490", "2012-12-31": "", "2011-12-31": ""}, "Operating Margin": {"2020-09-30": "-3.06250", "2020-06-30": "-11.01960", "2020-03-31": "-12.64750", "2019-12-31": "-7.27520", "2019-09-30": "1.11410", "2019-06-30": "1.88180", "2019-03-31": "2.73030", "2018-12-31": "-0.95790", "2018-09-30": "8.83730", "2018-06-30": "14.31500", "2018-03-31": "13.56670", "2017-12-31": "12.75500", "2017-09-30": "10.45450", "2017-06-30": "13.71650", "2017-03-31": "15.86070", "2016-12-31": "16.37820", "2016-09-30": "16.82070", "2016-06-30": "18.73300", "2016-03-31": "15.44100", "2015-12-31": "15.13820", "2015-09-30": "13.62100", "2015-06-30": "18.41510", "2015-03-31": "20.87840", "2014-12-31": "22.19670", "2014-09-30": "18.89700", "2014-06-30": "14.67020", "2014-03-31": "13.99520", "2013-12-31": "10.00330", "2013-09-30": "8.92530", "2013-06-30": "16.42780", "2013-03-31": "9.21670", "2012-12-31": "", "2011-12-31": ""}, "EBIT Margin": {"2020-09-30": "-3.06250", "2020-06-30": "-11.01960", "2020-03-31": "-12.64750", "2019-12-31": "-7.27520", "2019-09-30": "1.11410", "2019-06-30": "1.88180", "2019-03-31": "2.73030", "2018-12-31": "-0.95790", "2018-09-30": "8.83730", "2018-06-30": "14.31500", "2018-03-31": "13.56670", "2017-12-31": "12.75500", "2017-09-30": "10.45450", "2017-06-30": "13.71650", "2017-03-31": "15.86070", "2016-12-31": "16.37820", "2016-09-30": "16.82070", "2016-06-30": "18.73300", "2016-03-31": "15.44100", "2015-12-31": "15.13820", "2015-09-30": "13.62100", "2015-06-30": "18.41510", "2015-03-31": "20.87840", "2014-12-31": "22.19660", "2014-09-30": "18.89700", "2014-06-30": "14.67020", "2014-03-31": "13.99520", "2013-12-31": "10.00330", "2013-09-30": "8.92530", "2013-06-30": "16.42780", "2013-03-31": "9.21670", "2012-12-31": "", "2011-12-31": ""}, "EBITDA Margin": {"2020-09-30": "", "2020-06-30": "", "2020-03-31": "", "2019-12-31": "", "2019-09-30": "", "2019-06-30": "", "2019-03-31": "", "2018-12-31": "", "2018-09-30": "", "2018-06-30": "", "2018-03-31": "", "2017-12-31": "", "2017-09-30": "", "2017-06-30": "", "2017-03-31": "", "2016-12-31": "", "2016-09-30": "", "2016-06-30": "", "2016-03-31": "", "2015-12-31": "", "2015-09-30": "", "2015-06-30": "", "2015-03-31": "", "2014-12-31": "", "2014-09-30": "", "2014-06-30": "", "2014-03-31": "", "2013-12-31": "", "2013-09-30": "", "2013-06-30": "", "2013-03-31": "", "2012-12-31": "", "2011-12-31": ""}, "Pre-Tax Profit Margin": {"2020-09-30": "-4.47530", "2020-06-30": "-12.50370", "2020-03-31": "-14.40520", "2019-12-31": "-9.08870", "2019-09-30": "-0.75670", "2019-06-30": "0.20000", "2019-03-31": "1.86180", "2018-12-31": "-1.70960", "2018-09-30": "8.70100", "2018-06-30": "14.31170", "2018-03-31": "13.12720", "2017-12-31": "12.26250", "2017-09-30": "10.68330", "2017-06-30": "13.91430", "2017-03-31": "16.00230", "2016-12-31": "16.90860", "2016-09-30": "16.82070", "2016-06-30": "18.73300", "2016-03-31": "15.44100", "2015-12-31": "15.64540", "2015-09-30": "13.62100", "2015-06-30": "18.41510", "2015-03-31": "20.87840", "2014-12-31": "22.19660", "2014-09-30": "18.89700", "2014-06-30": "14.67020", "2014-03-31": "13.99520", "2013-12-31": "10.07670", "2013-09-30": "8.92530", "2013-06-30": "16.42780", "2013-03-31": "9.21670", "2012-12-31": "", "2011-12-31": ""}, "Net Profit Margin": {"2020-09-30": "-1.87010", "2020-06-30": "-9.88740", "2020-03-31": "-9.20900", "2019-12-31": "-8.12200", "2019-09-30": "0.31360", "2019-06-30": "0.38520", "2019-03-31": "2.12810", "2018-12-31": "-1.78990", "2018-09-30": "9.20010", "2018-06-30": "12.56360", "2018-03-31": "13.22870", "2017-12-31": "26.10010", "2017-09-30": "7.96520", "2017-06-30": "9.29130", "2017-03-31": "11.34600", "2016-12-31": "9.92090", "2016-09-30": "10.67710", "2016-06-30": "10.65550", "2016-03-31": "8.84980", "2015-12-31": "11.29260", "2015-09-30": "8.01640", "2015-06-30": "10.63270", "2015-03-31": "11.97750", "2014-12-31": "14.68360", "2014-09-30": "10.41800", "2014-06-30": "3.95290", "2014-03-31": "7.42670", "2013-12-31": "3.29230", "2013-09-30": "4.59380", "2013-06-30": "4.37500", "2013-03-31": "4.86800", "2012-12-31": "", "2011-12-31": ""}, "Asset Turnover": {"2020-09-30": "0.20480", "2020-06-30": "0.18520", "2020-03-31": "0.14020", "2019-12-31": "0.14370", "2019-09-30": "0.13540", "2019-06-30": "0.13870", "2019-03-31": "0.15030", "2018-12-31": "0.13930", "2018-09-30": "0.12450", "2018-06-30": "0.13510", "2018-03-31": "0.14740", "2017-12-31": "0.13280", "2017-09-30": "0.12580", "2017-06-30": "0.12730", "2017-03-31": "0.12610", "2016-12-31": "0.11480", "2016-09-30": "0.10530", "2016-06-30": "0.10620", "2016-03-31": "0.10350", "2015-12-31": "0.09430", "2015-09-30": "0.08300", "2015-06-30": "0.08390", "2015-03-31": "0.08420", "2014-12-31": "0.07490", "2014-09-30": "0.06460", "2014-06-30": "0.06770", "2014-03-31": "0.07370", "2013-12-31": "0.06430", "2013-09-30": "", "2013-06-30": "", "2013-03-31": "", "2012-12-31": "", "2011-12-31": ""}, "Inventory Turnover Ratio": {"2020-09-30": "", "2020-06-30": "", "2020-03-31": "", "2019-12-31": "", "2019-09-30": "", "2019-06-30": "", "2019-03-31": "", "2018-12-31": "", "2018-09-30": "", "2018-06-30": "", "2018-03-31": "", "2017-12-31": "", "2017-09-30": "", "2017-06-30": "", "2017-03-31": "", "2016-12-31": "", "2016-09-30": "", "2016-06-30": "", "2016-03-31": "", "2015-12-31": "", "2015-09-30": "", "2015-06-30": "", "2015-03-31": "", "2014-12-31": "", "2014-09-30": "", "2014-06-30": "", "2014-03-31": "", "2013-12-31": "", "2013-09-30": "", "2013-06-30": "", "2013-03-31": "", "2012-12-31": "", "2011-12-31": ""}, "Receiveable Turnover": {"2020-09-30": "5.02170", "2020-06-30": "4.82870", "2020-03-31": "2.32780", "2019-12-31": "2.76070", "2019-09-30": "2.56540", "2019-06-30": "2.43820", "2019-03-31": "2.13130", "2018-12-31": "2.38170", "2018-09-30": "1.83900", "2018-06-30": "2.44000", "2018-03-31": "2.32270", "2017-12-31": "2.13690", "2017-09-30": "2.21110", "2017-06-30": "2.65840", "2017-03-31": "2.50210", "2016-12-31": "2.27010", "2016-09-30": "1.87830", "2016-06-30": "2.10510", "2016-03-31": "2.18310", "2015-12-31": "2.37710", "2015-09-30": "1.93210", "2015-06-30": "1.90260", "2015-03-31": "1.77870", "2014-12-31": "2.02930", "2014-09-30": "1.45090", "2014-06-30": "1.58480", "2014-03-31": "1.46760", "2013-12-31": "1.67290", "2013-09-30": "", "2013-06-30": "", "2013-03-31": "", "2012-12-31": "", "2011-12-31": ""}, "Days Sales In Receivables": {"2020-09-30": "17.92240", "2020-06-30": "18.63870", "2020-03-31": "38.66300", "2019-12-31": "32.60060", "2019-09-30": "35.08190", "2019-06-30": "36.91310", "2019-03-31": "42.22780", "2018-12-31": "37.78790", "2018-09-30": "48.93840", "2018-06-30": "36.88510", "2018-03-31": "38.74790", "2017-12-31": "42.11670", "2017-09-30": "40.70340", "2017-06-30": "33.85560", "2017-03-31": "35.96910", "2016-12-31": "39.64510", "2016-09-30": "47.91480", "2016-06-30": "42.75360", "2016-03-31": "41.22650", "2015-12-31": "37.86140", "2015-09-30": "46.58230", "2015-06-30": "47.30280", "2015-03-31": "50.59840", "2014-12-31": "44.35000", "2014-09-30": "62.02840", "2014-06-30": "56.78880", "2014-03-31": "61.32310", "2013-12-31": "53.79730", "2013-09-30": "", "2013-06-30": "", "2013-03-31": "", "2012-12-31": "", "2011-12-31": ""}, "ROE - Return On Equity": {"2020-09-30": "-0.63010", "2020-06-30": "-3.12200", "2020-03-31": "-2.26190", "2019-12-31": "-1.85580", "2019-09-30": "0.06730", "2019-06-30": "0.08450", "2019-03-31": "0.47140", "2018-12-31": "-0.35710", "2018-09-30": "1.58830", "2018-06-30": "2.15700", "2018-03-31": "2.65860", "2017-12-31": "4.78840", "2017-09-30": "1.23350", "2017-06-30": "1.43520", "2017-03-31": "1.77400", "2016-12-31": "1.40280", "2016-09-30": "1.38820", "2016-06-30": "1.39380", "2016-03-31": "1.10890", "2015-12-31": "1.28620", "2015-09-30": "0.80270", "2015-06-30": "1.11700", "2015-03-31": "1.30140", "2014-12-31": "1.39710", "2014-09-30": "0.86510", "2014-06-30": "0.39510", "2014-03-31": "0.74650", "2013-12-31": "0.28030", "2013-09-30": "", "2013-06-30": "", "2013-03-31": "", "2012-12-31": "", "2011-12-31": ""}, "Return On Tangible Equity": {"2020-09-30": "132.27590", "2020-06-30": "152.77050", "2020-03-31": "186.66000", "2019-12-31": "186.29060", "2019-09-30": "-4.78560", "2019-06-30": "-2.44530", "2019-03-31": "-8.75110", "2018-12-31": "4.09010", "2018-09-30": "88.01880", "2018-06-30": "9.65190", "2018-03-31": "48.56750", "2017-12-31": "431.62650", "2017-09-30": "5.46060", "2017-06-30": "5.20850", "2017-03-31": "7.12090", "2016-12-31": "6.14190", "2016-09-30": "6.78910", "2016-06-30": "8.11070", "2016-03-31": "4.54020", "2015-12-31": "5.76480", "2015-09-30": "3.65660", "2015-06-30": "5.67400", "2015-03-31": "7.81040", "2014-12-31": "6.58830", "2014-09-30": "4.77160", "2014-06-30": "4.01040", "2014-03-31": "-12.59910", "2013-12-31": "-3.55200", "2013-09-30": "", "2013-06-30": "", "2013-03-31": "", "2012-12-31": "", "2011-12-31": ""}, "ROA - Return On Assets": {"2020-09-30": "-0.38300", "2020-06-30": "-1.83100", "2020-03-31": "-1.29070", "2019-12-31": "-1.16710", "2019-09-30": "0.04250", "2019-06-30": "0.05340", "2019-03-31": "0.31990", "2018-12-31": "-0.24930", "2018-09-30": "1.14530", "2018-06-30": "1.69710", "2018-03-31": "1.94940", "2017-12-31": "3.46720", "2017-09-30": "1.00200", "2017-06-30": "1.18260", "2017-03-31": "1.43020", "2016-12-31": "1.13880", "2016-09-30": "1.12450", "2016-06-30": "1.13130", "2016-03-31": "0.91630", "2015-12-31": "1.06470", "2015-09-30": "0.66510", "2015-06-30": "0.89170", "2015-03-31": "1.00860", "2014-12-31": "1.09970", "2014-09-30": "0.67350", "2014-06-30": "0.30390", "2014-03-31": "0.54700", "2013-12-31": "0.21160", "2013-09-30": "", "2013-06-30": "", "2013-03-31": "", "2012-12-31": "", "2011-12-31": ""}, "ROI - Return On Investment": {"2020-09-30": "-0.47140", "2020-06-30": "-2.33110", "2020-03-31": "-1.55760", "2019-12-31": "-1.39530", "2019-09-30": "0.05070", "2019-06-30": "0.06340", "2019-03-31": "0.38500", "2018-12-31": "-0.28970", "2018-09-30": "1.32070", "2018-06-30": "1.99070", "2018-03-31": "2.36600", "2017-12-31": "4.15750", "2017-09-30": "1.23350", "2017-06-30": "1.43520", "2017-03-31": "1.77400", "2016-12-31": "1.40280", "2016-09-30": "1.38820", "2016-06-30": "1.39380", "2016-03-31": "1.10890", "2015-12-31": "1.28620", "2015-09-30": "0.80270", "2015-06-30": "1.11700", "2015-03-31": "1.30140", "2014-12-31": "1.39710", "2014-09-30": "0.86510", "2014-06-30": "0.39510", "2014-03-31": "0.74650", "2013-12-31": "0.28030", "2013-09-30": "", "2013-06-30": "", "2013-03-31": "", "2012-12-31": "", "2011-12-31": ""}, "Book Value Per Share": {"2020-09-30": "15.81590", "2020-06-30": "15.77010", "2020-03-31": "16.07820", "2019-12-31": "16.30960", "2019-09-30": "16.41680", "2019-06-30": "16.24120", "2019-03-31": "16.04890", "2018-12-31": "15.89230", "2018-09-30": "15.80670", "2018-06-30": "15.45780", "2018-03-31": "13.25760", "2017-12-31": "12.87940", "2017-09-30": "12.16470", "2017-06-30": "11.91100", "2017-03-31": "11.61950", "2016-12-31": "11.34430", "2016-09-30": "11.10780", "2016-06-30": "10.82250", "2016-03-31": "10.58540", "2015-12-31": "10.32710", "2015-09-30": "10.09250", "2015-06-30": "9.89850", "2015-03-31": "9.69360", "2014-12-31": "9.40750", "2014-09-30": "9.20360", "2014-06-30": "8.64260", "2014-03-31": "10.78260", "2013-12-31": "10.71100", "2013-09-30": "", "2013-06-30": "", "2013-03-31": "", "2012-12-31": "", "2011-12-31": ""}, "Operating Cash Flow Per Share": {"2020-09-30": -0.3913, "2020-06-30": 1.6632, "2020-03-31": "0.40880", "2019-12-31": 0.3212, "2019-09-30": 0.928, "2019-06-30": 0.6021, "2019-03-31": "0.15010", "2018-12-31": 0.6757, "2018-09-30": 0.5121, "2018-06-30": 0.4606, "2018-03-31": "0.79360", "2017-12-31": 0.5301, "2017-09-30": 0.4464, "2017-06-30": 0.1793, "2017-03-31": "0.59220", "2016-12-31": 0.4128, "2016-09-30": 0.2887, "2016-06-30": 0.2159, "2016-03-31": "0.21780", "2015-12-31": 0.3639, "2015-09-30": -0.1976, "2015-06-30": -0.0016, "2015-03-31": "0.35750", "2014-12-31": 0.3215, "2014-09-30": 0.2019, "2014-06-30": 0.0105, "2014-03-31": "0.35850", "2013-12-31": 0.1736, "2013-09-30": -0.0875, "2013-06-30": 0.1091, "2013-03-31": "0.33650", "2012-12-31": 0, "2011-12-31": 0}, "Free Cash Flow Per Share": {"2020-09-30": -0.6658, "2020-06-30": 1.2611, "2020-03-31": "0.03930", "2019-12-31": 0.0224, "2019-09-30": 0.579, "2019-06-30": 0.3149, "2019-03-31": "-0.05130", "2018-12-31": 0.4427, "2018-09-30": 0.2919, "2018-06-30": 0.2403, "2018-03-31": "0.66350", "2017-12-31": 0.3875, "2017-09-30": 0.3245, "2017-06-30": 0.0696, "2017-03-31": "0.50950", "2016-12-31": 0.2846, "2016-09-30": 0.1487, "2016-06-30": 0.1209, "2016-03-31": "0.15260", "2015-12-31": 0.3234, "2015-09-30": -0.2386, "2015-06-30": -0.0324, "2015-03-31": "0.33810", "2014-12-31": 0.3022, "2014-09-30": 0.177, "2014-06-30": -0.0034, "2014-03-31": "0.32990", "2013-12-31": 0.2074, "2013-09-30": -0.0733, "2013-06-30": 0.082, "2013-03-31": "0.25800", "2012-12-31": 0, "2011-12-31": 0}}, "revenue": {"Grubhub Annual Revenue (Millions of US $)": {"2020": "$1,820", "2019": "$1,312", "2018": "$1,007", "2017": "$683", "2016": "$493", "2015": "$362", "2014": "$254", "2013": "$137", "2012": "$82", "2011": "$61"}, "Grubhub Quarterly Revenue (Millions of US $)": {"2020-12-31": "$504", "2020-09-30": "$494", "2020-06-30": "$459", "2020-03-31": "$363", "2019-12-31": "$341", "2019-09-30": "$322", "2019-06-30": "$325", "2019-03-31": "$324", "2018-12-31": "$288", "2018-09-30": "$247", "2018-06-30": "$240", "2018-03-31": "$233", "2017-12-31": "$205", "2017-09-30": "$163", "2017-06-30": "$159", "2017-03-31": "$156", "2016-12-31": "$137", "2016-09-30": "$123", "2016-06-30": "$120", "2016-03-31": "$112", "2015-12-31": "$100", "2015-09-30": "$86", "2015-06-30": "$88", "2015-03-31": "$88", "2014-12-31": "$73", "2014-09-30": "$62", "2014-06-30": "$60", "2014-03-31": "$59", "2013-12-31": "$49", "2013-09-30": "$35", "2013-06-30": "$27", "2013-03-31": "$26", "2012-12-31": "", "2011-12-31": ""}}, "gross-profit": {"Grubhub Annual Gross Profit (Millions of US $)": {"2020": "$528", "2019": "$521", "2018": "$471", "2017": "$357", "2016": "$279", "2015": "$222", "2014": "$166", "2013": "$88", "2012": "$54", "2011": "$41"}, "Grubhub Quarterly Gross Profit (Millions of US $)": {"2020-12-31": "$154", "2020-09-30": "$147", "2020-06-30": "$110", "2020-03-31": "$117", "2019-12-31": "$122", "2019-09-30": "$131", "2019-06-30": "$133", "2019-03-31": "$135", "2018-12-31": "$119", "2018-09-30": "$114", "2018-06-30": "$119", "2018-03-31": "$119", "2017-12-31": "$109", "2017-09-30": "$83", "2017-06-30": "$82", "2017-03-31": "$83", "2016-12-31": "$75", "2016-09-30": "$68", "2016-06-30": "$69", "2016-03-31": "$67", "2015-12-31": "$59", "2015-09-30": "$50", "2015-06-30": "$55", "2015-03-31": "$58", "2014-12-31": "$48", "2014-09-30": "$40", "2014-06-30": "$39", "2014-03-31": "$38", "2013-12-31": "$31", "2013-09-30": "$22", "2013-06-30": "$18", "2013-03-31": "$17", "2012-12-31": "", "2011-12-31": ""}}, "operating-income": {"Grubhub Annual Operating Income (Millions of US $)": {"2020": "$-149", "2019": "$-6", "2018": "$85", "2017": "$90", "2016": "$83", "2015": "$61", "2014": "$45", "2013": "$15", "2012": "$9", "2011": "$10"}, "Grubhub Quarterly Operating Income (Millions of US $)": {"2020-12-31": "$-37", "2020-09-30": "$-15", "2020-06-30": "$-51", "2020-03-31": "$-46", "2019-12-31": "$-25", "2019-09-30": "$4", "2019-06-30": "$6", "2019-03-31": "$9", "2018-12-31": "$-3", "2018-09-30": "$22", "2018-06-30": "$34", "2018-03-31": "$32", "2017-12-31": "$26", "2017-09-30": "$17", "2017-06-30": "$22", "2017-03-31": "$25", "2016-12-31": "$23", "2016-09-30": "$21", "2016-06-30": "$23", "2016-03-31": "$17", "2015-12-31": "$15", "2015-09-30": "$12", "2015-06-30": "$16", "2015-03-31": "$18", "2014-12-31": "$16", "2014-09-30": "$12", "2014-06-30": "$9", "2014-03-31": "$8", "2013-12-31": "$5", "2013-09-30": "$3", "2013-06-30": "$4", "2013-03-31": "$2", "2012-12-31": "", "2011-12-31": ""}}, "ebitda": {"Grubhub Annual EBITDA (Millions of US $)": {"2019": "$109", "2018": "$171", "2017": "$142", "2016": "$119", "2015": "$90", "2014": "$68", "2013": "$28", "2012": "$15", "2011": "$14"}, "Grubhub Quarterly EBITDA (Millions of US $)": {"2020-09-30": "$21", "2020-06-30": "$-16", "2020-03-31": "$-13", "2019-12-31": "$8", "2019-09-30": "$34", "2019-06-30": "$33", "2019-03-31": "$34", "2018-12-31": "$21", "2018-09-30": "$43", "2018-06-30": "$54", "2018-03-31": "$53", "2017-12-31": "$45", "2017-09-30": "$30", "2017-06-30": "$32", "2017-03-31": "$35", "2016-12-31": "$33", "2016-09-30": "$30", "2016-06-30": "$31", "2016-03-31": "$25", "2015-12-31": "$22", "2015-09-30": "$18", "2015-06-30": "$25", "2015-03-31": "$25", "2014-12-31": "$22", "2014-09-30": "$17", "2014-06-30": "$14", "2014-03-31": "$14", "2013-12-31": "$11", "2013-09-30": "$7", "2013-06-30": "$6", "2013-03-31": "$4", "2012-12-31": "", "2011-12-31": ""}}, "net-income": {"Grubhub Annual Net Income (Millions of US $)": {"2020": "$-156", "2019": "$-19", "2018": "$78", "2017": "$99", "2016": "$50", "2015": "$38", "2014": "$24", "2013": "$6", "2012": "$8", "2011": "$15"}, "Grubhub Quarterly Net Income (Millions of US $)": {"2020-12-31": "$-68", "2020-09-30": "$-9", "2020-06-30": "$-45", "2020-03-31": "$-33", "2019-12-31": "$-28", "2019-09-30": "$1", "2019-06-30": "$1", "2019-03-31": "$7", "2018-12-31": "$-5", "2018-09-30": "$23", "2018-06-30": "$30", "2018-03-31": "$31", "2017-12-31": "$54", "2017-09-30": "$13", "2017-06-30": "$15", "2017-03-31": "$18", "2016-12-31": "$14", "2016-09-30": "$13", "2016-06-30": "$13", "2016-03-31": "$10", "2015-12-31": "$11", "2015-09-30": "$7", "2015-06-30": "$9", "2015-03-31": "$11", "2014-12-31": "$11", "2014-09-30": "$6", "2014-06-30": "$2", "2014-03-31": "$4", "2013-12-31": "$2", "2013-09-30": "$2", "2013-06-30": "$1", "2013-03-31": "$1", "2012-12-31": "", "2011-12-31": ""}}, "eps-earnings-per-share-diluted": {"Grubhub Annual EPS": {"2020": "$-1.69", "2019": "$-0.20", "2018": "$0.85", "2017": "$1.12", "2016": "$0.58", "2015": "$0.44", "2014": "$0.30", "2013": "$0.12", "2012": "$0.19", "2011": "$0.36"}, "Grubhub Quarterly EPS": {"2020-12-31": "$-0.73", "2020-09-30": "$-0.10", "2020-06-30": "$-0.49", "2020-03-31": "$-0.36", "2019-12-31": "$-0.29", "2019-09-30": "$0.01", "2019-06-30": "$0.01", "2019-03-31": "$0.07", "2018-12-31": "$-0.06", "2018-09-30": "$0.24", "2018-06-30": "$0.33", "2018-03-31": "$0.34", "2017-12-31": "$0.60", "2017-09-30": "$0.15", "2017-06-30": "$0.17", "2017-03-31": "$0.20", "2016-12-31": "$0.16", "2016-09-30": "$0.15", "2016-06-30": "$0.15", "2016-03-31": "$0.12", "2015-12-31": "$0.13", "2015-09-30": "$0.08", "2015-06-30": "$0.11", "2015-03-31": "$0.12", "2014-12-31": "$0.13", "2014-09-30": "$0.08", "2014-06-30": "$0.03", "2014-03-31": "$0.06", "2013-12-31": "$0.02", "2013-09-30": "$0.03", "2013-06-30": "$0.04", "2013-03-31": "$0.03", "2012-12-31": "$0.00", "2011-12-31": "$0.00"}}, "shares-outstanding": {"Grubhub Annual Shares Outstanding (Millions of Shares)": {"2020": "92", "2019": "91", "2018": "92", "2017": "88", "2016": "86", "2015": "86", "2014": "82", "2013": "57", "2012": "43", "2011": "43"}, "Grubhub Quarterly Shares Outstanding (Millions of Shares)": {"2020-12-31": "93", "2020-09-30": "92", "2020-06-30": "92", "2020-03-31": "92", "2019-12-31": "91", "2019-09-30": "93", "2019-06-30": "93", "2019-03-31": "93", "2018-12-31": "92", "2018-09-30": "94", "2018-06-30": "93", "2018-03-31": "90", "2017-12-31": "88", "2017-09-30": "89", "2017-06-30": "88", "2017-03-31": "87", "2016-12-31": "86", "2016-09-30": "86", "2016-06-30": "86", "2016-03-31": "86", "2015-12-31": "86", "2015-09-30": "86", "2015-06-30": "86", "2015-03-31": "85", "2014-12-31": "82", "2014-09-30": "83", "2014-06-30": "82", "2014-03-31": "78", "2013-12-31": "77", "2013-09-30": "63", "2013-06-30": "44", "2013-03-31": "43", "2012-12-31": "", "2011-12-31": ""}}, "total-assets": {"Grubhub Annual Total Assets (Millions of US $)": {"2019": "$2,375", "2018": "$2,066", "2017": "$1,544", "2016": "$1,198", "2015": "$1,060", "2014": "$979", "2013": "$763", "2012": "$206", "2011": "$0"}, "Grubhub Quarterly Total Assets (Millions of US $)": {"2020-09-30": "$2,412", "2020-06-30": "$2,480", "2020-03-31": "$2,590", "2019-12-31": "$2,375", "2019-09-30": "$2,379", "2019-06-30": "$2,343", "2019-03-31": "$2,154", "2018-12-31": "$2,066", "2018-09-30": "$1,986", "2018-06-30": "$1,775", "2018-03-31": "$1,578", "2017-12-31": "$1,544", "2017-09-30": "$1,296", "2017-06-30": "$1,248", "2017-03-31": "$1,239", "2016-12-31": "$1,198", "2016-09-30": "$1,172", "2016-06-30": "$1,132", "2016-03-31": "$1,084", "2015-12-31": "$1,060", "2015-09-30": "$1,032", "2015-06-30": "$1,049", "2015-03-31": "$1,048", "2014-12-31": "$979", "2014-09-30": "$958", "2014-06-30": "$886", "2014-03-31": "$796", "2013-12-31": "$763", "2013-09-30": "$0", "2013-06-30": "$0", "2013-03-31": "$0", "2012-12-31": "$206", "2011-12-31": "$0"}}, "cash-on-hand": {"Grubhub Annual Cash on Hand (Millions of US $)": {"2019": "$425", "2018": "$225", "2017": "$258", "2016": "$324", "2015": "$311", "2014": "$313", "2013": "$87", "2012": "$41", "2011": "$"}, "Grubhub Quarterly Cash on Hand (Millions of US $)": {"2020-09-30": "$467", "2020-06-30": "$533", "2020-03-31": "$597", "2019-12-31": "$425", "2019-09-30": "$426", "2019-06-30": "$377", "2019-03-31": "$204", "2018-12-31": "$225", "2018-09-30": "$311", "2018-06-30": "$482", "2018-03-31": "$288", "2017-12-31": "$258", "2017-09-30": "$332", "2017-06-30": "$374", "2017-03-31": "$361", "2016-12-31": "$324", "2016-09-30": "$297", "2016-06-30": "$270", "2016-03-31": "$324", "2015-12-31": "$311", "2015-09-30": "$295", "2015-06-30": "$307", "2015-03-31": "$298", "2014-12-31": "$313", "2014-09-30": "$278", "2014-06-30": "$207", "2014-03-31": "$113", "2013-12-31": "$87", "2013-09-30": "", "2013-06-30": "", "2013-03-31": "", "2012-12-31": "$41", "2011-12-31": ""}}, "long-term-debt": {"Grubhub Annual Long Term Debt (Millions of US $)": {"2019": "$493", "2018": "$336", "2017": "$170", "2016": "$", "2015": "$", "2014": "$", "2013": "$", "2012": "$", "2011": "$"}, "Grubhub Quarterly Long Term Debt (Millions of US $)": {"2020-09-30": "$494", "2020-06-30": "$493", "2020-03-31": "$668", "2019-12-31": "$493", "2019-09-30": "$493", "2019-06-30": "$493", "2019-03-31": "$328", "2018-12-31": "$336", "2018-09-30": "$290", "2018-06-30": "$117", "2018-03-31": "$143", "2017-12-31": "$170", "2017-09-30": "", "2017-06-30": "", "2017-03-31": "", "2016-12-31": "", "2016-09-30": "", "2016-06-30": "", "2016-03-31": "", "2015-12-31": "", "2015-09-30": "", "2015-06-30": "", "2015-03-31": "", "2014-12-31": "", "2014-09-30": "", "2014-06-30": "", "2014-03-31": "", "2013-12-31": "", "2013-09-30": "", "2013-06-30": "", "2013-03-31": "", "2012-12-31": "", "2011-12-31": ""}}, "total-liabilities": {"Grubhub Annual Total Liabilities (Millions of US $)": {"2019": "$881", "2018": "$623", "2017": "$426", "2016": "$225", "2015": "$183", "2014": "$208", "2013": "$187", "2012": "$68", "2011": "$0"}, "Grubhub Quarterly Total Liabilities (Millions of US $)": {"2020-09-30": "$946", "2020-06-30": "$1,026", "2020-03-31": "$1,112", "2019-12-31": "$881", "2019-09-30": "$878", "2019-06-30": "$862", "2019-03-31": "$692", "2018-12-31": "$623", "2018-09-30": "$554", "2018-06-30": "$378", "2018-03-31": "$421", "2017-12-31": "$426", "2017-09-30": "$243", "2017-06-30": "$220", "2017-03-31": "$240", "2016-12-31": "$225", "2016-09-30": "$223", "2016-06-30": "$213", "2016-03-31": "$188", "2015-12-31": "$183", "2015-09-30": "$177", "2015-06-30": "$212", "2015-03-31": "$236", "2014-12-31": "$208", "2014-09-30": "$212", "2014-06-30": "$205", "2014-03-31": "$213", "2013-12-31": "$187", "2013-09-30": "$0", "2013-06-30": "$0", "2013-03-31": "$0", "2012-12-31": "$68", "2011-12-31": "$0"}}, "total-share-holder-equity": {"Grubhub Annual Share Holder Equity (Millions of US $)": {"2019": "$1,494", "2018": "$1,442", "2017": "$1,118", "2016": "$972", "2015": "$878", "2014": "$771", "2013": "$576", "2012": "$138", "2011": "$0"}, "Grubhub Quarterly Share Holder Equity (Millions of US $)": {"2020-09-30": "$1,466", "2020-06-30": "$1,455", "2020-03-31": "$1,478", "2019-12-31": "$1,494", "2019-09-30": "$1,501", "2019-06-30": "$1,482", "2019-03-31": "$1,462", "2018-12-31": "$1,442", "2018-09-30": "$1,432", "2018-06-30": "$1,396", "2018-03-31": "$1,157", "2017-12-31": "$1,118", "2017-09-30": "$1,053", "2017-06-30": "$1,028", "2017-03-31": "$999", "2016-12-31": "$972", "2016-09-30": "$950", "2016-06-30": "$919", "2016-03-31": "$896", "2015-12-31": "$878", "2015-09-30": "$856", "2015-06-30": "$837", "2015-03-31": "$812", "2014-12-31": "$771", "2014-09-30": "$746", "2014-06-30": "$681", "2014-03-31": "$583", "2013-12-31": "$576", "2013-09-30": "$0", "2013-06-30": "$0", "2013-03-31": "$0", "2012-12-31": "$138", "2011-12-31": "$0"}}, "profit-margins": {"current": "-8.56%"}, "gross margin": {"2020-12-31": "29.01%", "2020-09-30": "29.93%", "2020-06-30": "32.32%", "2020-03-31": "37.23%", "2019-12-31": "39.71%", "2019-09-30": "41.14%", "2019-06-30": "42.31%", "2019-03-31": "44.31%", "2018-12-31": "46.73%", "2018-09-30": "49.84%", "2018-06-30": "51.13%", "2018-03-31": "51.71%", "2017-12-31": "52.27%", "2017-09-30": "52.52%", "2017-06-30": "53.57%", "2017-03-31": "55.04%", "2016-12-31": "56.71%", "2016-09-30": "57.80%", "2016-06-30": "58.61%", "2016-03-31": "59.84%", "2015-12-31": "61.33%", "2015-09-30": "62.99%", "2015-06-30": "64.63%", "2015-03-31": "65.37%", "2014-12-31": "64.96%", "2014-09-30": "64.35%", "2014-06-30": "64.04%", "2014-03-31": "64.12%", "2013-12-31": "64.23%"}, "operating margin": {"2020-12-31": "-8.19%", "2020-09-30": "-8.27%", "2020-06-30": "-7.95%", "2020-03-31": "-4.52%", "2019-12-31": "-0.46%", "2019-09-30": "1.27%", "2019-06-30": "2.87%", "2019-03-31": "5.64%", "2018-12-31": "8.43%", "2018-09-30": "12.32%", "2018-06-30": "12.96%", "2018-03-31": "12.76%", "2017-12-31": "13.18%", "2017-09-30": "14.15%", "2017-06-30": "15.83%", "2017-03-31": "17.16%", "2016-12-31": "17.07%", "2016-09-30": "16.70%", "2016-06-30": "16.03%", "2016-03-31": "15.54%", "2015-12-31": "16.85%", "2015-09-30": "18.51%", "2015-06-30": "19.94%", "2015-03-31": "19.43%", "2014-12-31": "17.72%", "2014-09-30": "14.78%", "2014-06-30": "12.32%", "2014-03-31": "11.76%", "2013-12-31": "10.22%"}, "ebitda margin": {"2020-09-30": "0.00%", "2020-06-30": "0.88%", "2020-03-31": "4.59%", "2019-12-31": "8.31%", "2019-09-30": "9.69%", "2019-06-30": "11.06%", "2019-03-31": "13.83%", "2018-12-31": "16.96%", "2018-09-30": "21.08%", "2018-06-30": "21.64%", "2018-03-31": "21.05%", "2017-12-31": "20.79%", "2017-09-30": "21.14%", "2017-06-30": "22.61%", "2017-03-31": "24.07%", "2016-12-31": "24.19%", "2016-09-30": "23.74%", "2016-06-30": "22.97%", "2016-03-31": "23.32%", "2015-12-31": "24.86%", "2015-09-30": "26.87%", "2015-06-30": "28.62%", "2015-03-31": "27.56%", "2014-12-31": "26.38%", "2014-09-30": "24.35%", "2014-06-30": "22.66%", "2014-03-31": "22.35%", "2013-12-31": "20.44%"}, "pre tax profit margin": {"2020-12-31": "-9.67%", "2020-09-30": "-9.78%", "2020-06-30": "-9.56%", "2020-03-31": "-6.22%", "2019-12-31": "-1.98%", "2019-09-30": "0.00%", "2019-06-30": "2.03%", "2019-03-31": "5.19%", "2018-12-31": "8.13%", "2018-09-30": "12.11%", "2018-06-30": "12.72%", "2018-03-31": "12.50%", "2017-12-31": "13.03%", "2017-09-30": "14.15%", "2017-06-30": "15.83%", "2017-03-31": "17.16%", "2016-12-31": "17.07%", "2016-09-30": "16.92%", "2016-06-30": "16.27%", "2016-03-31": "15.80%", "2015-12-31": "17.13%", "2015-09-30": "18.51%", "2015-06-30": "19.94%", "2015-03-31": "19.43%", "2014-12-31": "17.72%", "2014-09-30": "14.78%", "2014-06-30": "12.32%", "2014-03-31": "11.76%", "2013-12-31": "10.22%"}, "net profit margin": {"2020-12-31": "-8.52%", "2020-09-30": "-6.94%", "2020-06-30": "-7.07%", "2020-03-31": "-4.37%", "2019-12-31": "-1.45%", "2019-09-30": "0.32%", "2019-06-30": "2.20%", "2019-03-31": "5.00%", "2018-12-31": "7.84%", "2018-09-30": "14.92%", "2018-06-30": "15.22%", "2018-03-31": "14.87%", "2017-12-31": "14.64%", "2017-09-30": "9.76%", "2017-06-30": "10.43%", "2017-03-31": "10.82%", "2016-12-31": "10.16%", "2016-09-30": "10.33%", "2016-06-30": "9.81%", "2016-03-31": "9.59%", "2015-12-31": "10.50%", "2015-09-30": "11.34%", "2015-06-30": "11.90%", "2015-03-31": "10.60%", "2014-12-31": "9.06%", "2014-09-30": "6.09%", "2014-06-30": "4.93%", "2014-03-31": "5.29%", "2013-12-31": "4.38%"}, "pe ratio": {"current": "0.00", "2021-02-05": "0.00", "2020-12-31": "0.00", "2020-09-30": "0.00", "2020-06-30": "0.00", "2020-03-31": "0.00", "2019-12-31": "0.00", "2019-09-30": "1873.67", "2019-06-30": "299.96", "2019-03-31": "119.78", "2018-12-31": "90.36", "2018-09-30": "91.80", "2018-06-30": "73.88", "2018-03-31": "80.53", "2017-12-31": "64.11", "2017-09-30": "77.44", "2017-06-30": "64.12", "2017-03-31": "49.83", "2016-12-31": "64.86", "2016-09-30": "78.16", "2016-06-30": "64.73", "2016-03-31": "57.11", "2015-12-31": "55.00", "2015-09-30": "55.32", "2015-06-30": "77.43", "2015-03-31": "126.08"}, "price sales": {"2021-02-05": "3.68", "2020-12-31": "3.77", "2020-09-30": "4.01", "2020-06-30": "4.35", "2020-03-31": "2.78", "2019-12-31": "3.43", "2019-09-30": "4.14", "2019-06-30": "6.12", "2019-03-31": "5.87", "2018-12-31": "7.03", "2018-09-30": "13.67", "2018-06-30": "11.23", "2018-03-31": "11.85", "2017-12-31": "9.24", "2017-09-30": "7.48", "2017-06-30": "6.58", "2017-03-31": "5.29", "2016-12-31": "6.56", "2016-09-30": "8.10", "2016-06-30": "6.37", "2016-03-31": "5.59", "2015-12-31": "5.73", "2015-09-30": "6.15", "2015-06-30": "9.19", "2015-03-31": "13.30"}, "price book": {"current": "4.75", "2021-02-05": "4.59", "2020-09-30": "4.57", "2020-06-30": "4.46", "2020-03-31": "2.53", "2019-12-31": "2.98", "2019-09-30": "3.42", "2019-06-30": "4.80", "2019-03-31": "4.33", "2018-12-31": "4.83", "2018-09-30": "8.77", "2018-06-30": "6.79", "2018-03-31": "7.65", "2017-12-31": "5.57", "2017-09-30": "4.33", "2017-06-30": "3.66", "2017-03-31": "2.83", "2016-12-31": "3.32", "2016-09-30": "3.87", "2016-06-30": "2.87", "2016-03-31": "2.37", "2015-12-31": "2.34", "2015-09-30": "2.41", "2015-06-30": "3.44", "2015-03-31": "4.68", "2014-12-31": "3.86", "2014-09-30": "3.72", "2014-06-30": "4.10"}, "price fcf": {"2021-02-05": "", "2020-09-30": "$0.66", "2020-06-30": "$1.90", "2020-03-31": "$0.96", "2019-12-31": "$0.87", "2019-09-30": "$1.29", "2019-06-30": "$1.00", "2019-03-31": "$0.92", "2018-12-31": "$1.64", "2018-09-30": "$1.58", "2018-06-30": "$1.62", "2018-03-31": "$1.45", "2017-12-31": "$1.29", "2017-09-30": "$1.19", "2017-06-30": "$1.01", "2017-03-31": "$1.06", "2016-12-31": "$0.71", "2016-09-30": "$0.75", "2016-06-30": "$0.36", "2016-03-31": "$0.21", "2015-12-31": "$0.39", "2015-09-30": "$0.37", "2015-06-30": "$0.78", "2015-03-31": "$1.14"}, "net worth": {"value": "$6.73B"}, "current ratio": {"2020-12-31": "1.61", "2020-09-30": "1.72", "2020-06-30": "1.59", "2020-03-31": "2.52", "2019-12-31": "2.27", "2019-09-30": "2.34", "2019-06-30": "2.42", "2019-03-31": "1.51", "2018-12-31": "1.63", "2018-09-30": "2.31", "2018-06-30": "3.43", "2018-03-31": "2.10", "2017-12-31": "2.07", "2017-09-30": "3.11", "2017-06-30": "3.87", "2017-03-31": "3.27", "2016-12-31": "3.59", "2016-09-30": "3.33", "2016-06-30": "3.21", "2016-03-31": "3.85", "2015-12-31": "3.98", "2015-09-30": "4.19", "2015-06-30": "3.14", "2015-03-31": "2.57", "2014-12-31": "3.17", "2014-09-30": "3.04", "2014-06-30": "2.46", "2014-03-31": "1.38", "2013-12-31": "1.32", "2013-09-30": "0.00", "2013-06-30": "0.00", "2013-03-31": "0.00", "2012-12-31": "1.07", "2011-12-31": "0.00"}, "quick ratio": {"2020-12-31": "0.00", "2020-09-30": "0.00", "2020-06-30": "0.00", "2020-03-31": "0.00", "2019-12-31": "0.00", "2019-09-30": "0.00", "2019-06-30": "0.00", "2019-03-31": "0.00", "2018-12-31": "0.00", "2018-09-30": "0.00", "2018-06-30": "0.00", "2018-03-31": "0.00", "2017-12-31": "0.00", "2017-09-30": "0.00", "2017-06-30": "0.00", "2017-03-31": "0.00", "2016-12-31": "0.00", "2016-09-30": "0.00", "2016-06-30": "0.00", "2016-03-31": "0.00", "2015-12-31": "0.00", "2015-09-30": "0.00", "2015-06-30": "0.00", "2015-03-31": "0.00", "2014-12-31": "0.00", "2014-09-30": "0.00", "2014-06-30": "0.00", "2014-03-31": "0.00", "2013-12-31": "0.00", "2013-09-30": "0.00", "2013-06-30": "0.00", "2013-03-31": "0.00", "2012-12-31": "0.00", "2011-12-31": "0.00"}, "debt equity ratio": {"current": "0.35", "2020-12-31": "0.69", "2020-09-30": "0.65", "2020-06-30": "0.71", "2020-03-31": "0.75", "2019-12-31": "0.59", "2019-09-30": "0.59", "2019-06-30": "0.58", "2019-03-31": "0.47", "2018-12-31": "0.43", "2018-09-30": "0.39", "2018-06-30": "0.27", "2018-03-31": "0.36", "2017-12-31": "0.38", "2017-09-30": "0.23", "2017-06-30": "0.21", "2017-03-31": "0.24", "2016-12-31": "0.23", "2016-09-30": "0.24", "2016-06-30": "0.23", "2016-03-31": "0.21", "2015-12-31": "0.21", "2015-09-30": "0.21", "2015-06-30": "0.25", "2015-03-31": "0.29", "2014-12-31": "0.27", "2014-09-30": "0.29", "2014-06-30": "0.30", "2014-03-31": "0.37", "2013-12-31": "0.33", "2013-09-30": "0.00", "2013-06-30": "0.00", "2013-03-31": "0.00", "2012-12-31": "0.50", "2011-12-31": "0.00"}, "return on equity": {"2020-12-31": "-10.66%", "2020-09-30": "-7.81%", "2020-06-30": "-7.09%", "2020-03-31": "-3.96%", "2019-12-31": "-1.28%", "2019-09-30": "0.27%", "2019-06-30": "1.79%", "2019-03-31": "3.84%", "2018-12-31": "5.82%", "2018-09-30": "10.82%", "2018-06-30": "10.84%", "2018-03-31": "10.38%", "2017-12-31": "9.53%", "2017-09-30": "5.92%", "2017-06-30": "6.08%", "2017-03-31": "6.04%", "2016-12-31": "5.35%", "2016-09-30": "5.16%", "2016-06-30": "4.62%", "2016-03-31": "4.27%", "2015-12-31": "4.49%", "2015-09-30": "4.64%", "2015-06-30": "4.67%", "2015-03-31": "3.99%", "2014-12-31": "3.31%", "2014-09-30": "2.17%", "2014-06-30": "2.17%", "2014-03-31": "3.11%", "2013-12-31": "4.17%"}, "return on assets": {"2020-12-31": "-6.28%", "2020-09-30": "-4.67%", "2020-06-30": "-4.28%", "2020-03-31": "-2.44%", "2019-12-31": "-0.82%", "2019-09-30": "0.18%", "2019-06-30": "1.22%", "2019-03-31": "2.76%", "2018-12-31": "4.27%", "2018-09-30": "8.02%", "2018-06-30": "8.27%", "2018-03-31": "7.98%", "2017-12-31": "7.51%", "2017-09-30": "4.82%", "2017-06-30": "4.94%", "2017-03-31": "4.89%", "2016-12-31": "4.36%", "2016-09-30": "4.23%", "2016-06-30": "3.81%", "2016-03-31": "3.50%", "2015-12-31": "3.63%", "2015-09-30": "3.70%", "2015-06-30": "3.67%", "2015-03-31": "3.10%", "2014-12-31": "2.54%", "2014-09-30": "1.65%", "2014-06-30": "1.64%", "2014-03-31": "2.31%", "2013-12-31": "3.15%"}, "return on investments": {"2020-12-31": "-7.48%", "2020-09-30": "-6.82%", "2020-06-30": "-5.85%", "2020-03-31": "-3.01%", "2019-12-31": "-0.31%", "2019-09-30": "0.85%", "2019-06-30": "1.87%", "2019-03-31": "3.65%", "2018-12-31": "5.39%", "2018-09-30": "7.83%", "2018-06-30": "10.63%", "2018-03-31": "15.00%", "2017-12-31": "27.97%", "2017-09-30": "inf%", "2017-06-30": "inf%", "2017-03-31": "inf%", "2016-12-31": "inf%", "2016-09-30": "inf%", "2016-06-30": "inf%", "2016-03-31": "inf%", "2015-12-31": "inf%", "2015-09-30": "inf%", "2015-06-30": "inf%", "2015-03-31": "inf%", "2014-12-31": "inf%", "2014-09-30": "inf%", "2014-06-30": "inf%", "2014-03-31": "inf%", "2013-12-31": "inf%"}, "return on tangible equity": {"2020-09-30": "657.14%", "2020-06-30": "500.00%", "2020-03-31": "224.76%", "2019-12-31": "45.78%", "2019-09-30": "-5.78%", "2019-06-30": "-45.22%", "2019-03-31": "165.41%", "2018-12-31": "114.91%", "2018-09-30": "133.66%", "2018-06-30": "81.92%", "2018-03-31": "75.84%", "2017-12-31": "51.15%", "2017-09-30": "24.19%", "2017-06-30": "25.32%", "2017-03-31": "28.19%", "2016-12-31": "25.22%", "2016-09-30": "24.51%", "2016-06-30": "21.55%", "2016-03-31": "19.27%", "2015-12-31": "22.22%", "2015-09-30": "23.35%", "2015-06-30": "24.75%", "2015-03-31": "24.00%", "2014-12-31": "27.88%", "2014-09-30": "45.90%", "2014-06-30": "-307.69%", "2014-03-31": "-45.00%", "2013-12-31": "-53.33%"}, "dividend yield history": {"last payout": "$0.00", "last yield": "0.00%"}}