{"ticker": "GWRE", "price": {"title": "Guidewire Software Historical Annual Stock Price Data", "value": 121.37, "historical": {"2020": {"Average Stock Price": "106.8037", "Year Open": "110.0800", "Year High": "129.1200", "Year Low": "73.9800", "Year Close": "128.7300", "Annual % Change": "17.27%"}, "2019": {"Average Stock Price": "101.1438", "Year Open": "78.7300", "Year High": "122.5100", "Year Low": "76.8400", "Year Close": "109.7700", "Annual % Change": "36.82%"}, "2018": {"Average Stock Price": "88.1297", "Year Open": "74.4600", "Year High": "107.3100", "Year Low": "74.4600", "Year Close": "80.2300", "Annual % Change": "8.04%"}, "2017": {"Average Stock Price": "67.2403", "Year Open": "50.9900", "Year High": "82.7700", "Year Low": "50.9300", "Year Close": "74.2600", "Annual % Change": "50.54%"}, "2016": {"Average Stock Price": "56.9310", "Year Open": "58.1500", "Year High": "63.9000", "Year Low": "43.0500", "Year Close": "49.3300", "Annual % Change": "-18.00%"}, "2015": {"Average Stock Price": "54.1723", "Year Open": "49.9700", "Year High": "61.9000", "Year Low": "45.6000", "Year Close": "60.1600", "Annual % Change": "18.82%"}, "2014": {"Average Stock Price": "45.2821", "Year Open": "48.1400", "Year High": "57.3800", "Year Low": "34.8500", "Year Close": "50.6300", "Annual % Change": "3.18%"}, "2013": {"Average Stock Price": "41.6759", "Year Open": "30.8500", "Year High": "51.0100", "Year Low": "30.5500", "Year Close": "49.0700", "Annual % Change": "65.11%"}, "2012": {"Average Stock Price": "27.4906", "Year Open": "17.1200", "Year High": "35.3700", "Year Low": "17.1200", "Year Close": "29.7200", "Annual % Change": "0.00%"}}}, "market cap": {"value": "$10.17B"}, "income statement": {"Revenue": {"2020-07-31": "742.30700", "2019-07-31": "719.51400", "2018-07-31": "652.84900", "2017-07-31": "509.53300", "2016-07-31": "424.44600", "2015-07-31": "380.53700", "2014-07-31": "350.24600", "2013-07-31": "300.64900", "2012-07-31": "232.06100", "2011-07-31": "172.47200", "2010-07-31": "144.69100"}, "Cost Of Goods Sold": {"2020-07-31": "338.01500", "2019-07-31": "324.35000", "2018-07-31": "296.78300", "2017-07-31": "191.55900", "2016-07-31": "151.83400", "2015-07-31": "147.18400", "2014-07-31": "148.94700", "2013-07-31": "125.65100", "2012-07-31": "90.00500", "2011-07-31": "68.34400", "2010-07-31": "55.47100"}, "Gross Profit": {"2020-07-31": "404.29200", "2019-07-31": "395.16400", "2018-07-31": "356.06600", "2017-07-31": "317.97400", "2016-07-31": "272.61200", "2015-07-31": "233.35300", "2014-07-31": "201.29900", "2013-07-31": "174.99800", "2012-07-31": "142.05600", "2011-07-31": "104.12800", "2010-07-31": "89.22000"}, "Research And Development Expenses": {"2020-07-31": "200.57500", "2019-07-31": "188.54100", "2018-07-31": "171.65700", "2017-07-31": "130.32300", "2016-07-31": "112.49600", "2015-07-31": "93.44000", "2014-07-31": "76.17800", "2013-07-31": "62.99100", "2012-07-31": "49.05600", "2011-07-31": "34.77300", "2010-07-31": "28.27300"}, "SG&A Expenses": {"2020-07-31": "227.60300", "2019-07-31": "205.15200", "2018-07-31": "200.03300", "2017-07-31": "165.79000", "2016-07-31": "143.67900", "2015-07-31": "123.42000", "2014-07-31": "106.69900", "2013-07-31": "82.26800", "2012-07-31": "64.06600", "2011-07-31": "52.48400", "2010-07-31": "42.93300"}, "Other Operating Income Or Expenses": {"2020-07-31": "", "2019-07-31": "", "2018-07-31": "", "2017-07-31": "", "2016-07-31": "", "2015-07-31": "", "2014-07-31": "", "2013-07-31": "", "2012-07-31": "", "2011-07-31": "-10.00000", "2010-07-31": ""}, "Operating Expenses": {"2020-07-31": "766.19300", "2019-07-31": "718.04300", "2018-07-31": "668.47300", "2017-07-31": "487.67200", "2016-07-31": "408.00900", "2015-07-31": "364.04400", "2014-07-31": "331.82400", "2013-07-31": "270.91000", "2012-07-31": "203.12700", "2011-07-31": "165.60100", "2010-07-31": "126.67700"}, "Operating Income": {"2020-07-31": "-23.88600", "2019-07-31": "1.47100", "2018-07-31": "-15.62400", "2017-07-31": "21.86100", "2016-07-31": "16.43700", "2015-07-31": "16.49300", "2014-07-31": "18.42200", "2013-07-31": "29.73900", "2012-07-31": "28.93400", "2011-07-31": "6.87100", "2010-07-31": "18.01400"}, "Total Non-Operating Income/Expense": {"2020-07-31": "-0.44500", "2019-07-31": "10.98100", "2018-07-31": "7.34800", "2017-07-31": "6.66500", "2016-07-31": "4.34500", "2015-07-31": "0.24700", "2014-07-31": "1.52400", "2013-07-31": "0.38400", "2012-07-31": "-0.41800", "2011-07-31": "1.42500", "2010-07-31": "-0.29600"}, "Pre-Tax Income": {"2020-07-31": "-24.33100", "2019-07-31": "12.45200", "2018-07-31": "-8.27600", "2017-07-31": "28.52600", "2016-07-31": "20.78200", "2015-07-31": "16.74000", "2014-07-31": "19.94600", "2013-07-31": "30.12300", "2012-07-31": "28.51600", "2011-07-31": "8.29600", "2010-07-31": "17.71800"}, "Income Taxes": {"2020-07-31": "2.86700", "2019-07-31": "-8.28000", "2018-07-31": "18.46700", "2017-07-31": "10.45400", "2016-07-31": "5.80600", "2015-07-31": "6.85500", "2014-07-31": "5.22500", "2013-07-31": "5.46500", "2012-07-31": "9.85200", "2011-07-31": "-27.26200", "2010-07-31": "2.19900"}, "Income After Taxes": {"2020-07-31": "-27.19800", "2019-07-31": "20.73200", "2018-07-31": "-26.74300", "2017-07-31": "18.07200", "2016-07-31": "14.97600", "2015-07-31": "9.88500", "2014-07-31": "14.72100", "2013-07-31": "24.65800", "2012-07-31": "18.66400", "2011-07-31": "35.55800", "2010-07-31": "15.51900"}, "Other Income": {"2020-07-31": "", "2019-07-31": "", "2018-07-31": "", "2017-07-31": "", "2016-07-31": "", "2015-07-31": "", "2014-07-31": "", "2013-07-31": "", "2012-07-31": "", "2011-07-31": "", "2010-07-31": ""}, "Income From Continuous Operations": {"2020-07-31": "-27.19800", "2019-07-31": "20.73200", "2018-07-31": "-26.74300", "2017-07-31": "18.07200", "2016-07-31": "14.97600", "2015-07-31": "9.88500", "2014-07-31": "14.72100", "2013-07-31": "24.65800", "2012-07-31": "18.66400", "2011-07-31": "35.55800", "2010-07-31": "15.51900"}, "Income From Discontinued Operations": {"2020-07-31": "", "2019-07-31": "", "2018-07-31": "", "2017-07-31": "", "2016-07-31": "", "2015-07-31": "", "2014-07-31": "", "2013-07-31": "", "2012-07-31": "", "2011-07-31": "", "2010-07-31": ""}, "Net Income": {"2020-07-31": "-27.19800", "2019-07-31": "20.73200", "2018-07-31": "-26.74300", "2017-07-31": "18.07200", "2016-07-31": "14.97600", "2015-07-31": "9.88500", "2014-07-31": "14.72100", "2013-07-31": "24.65800", "2012-07-31": "12.64600", "2011-07-31": "11.69900", "2010-07-31": "4.30400"}, "EBITDA": {"2020-07-31": "29.75900", "2019-07-31": "45.86100", "2018-07-31": "23.08100", "2017-07-31": "42.04800", "2016-07-31": "27.79500", "2015-07-31": "28.81200", "2014-07-31": "28.66300", "2013-07-31": "35.08000", "2012-07-31": "31.85100", "2011-07-31": "9.09700", "2010-07-31": "19.39000"}, "EBIT": {"2020-07-31": "-23.88600", "2019-07-31": "1.47100", "2018-07-31": "-15.62400", "2017-07-31": "21.86100", "2016-07-31": "16.43700", "2015-07-31": "16.49300", "2014-07-31": "18.42200", "2013-07-31": "29.73900", "2012-07-31": "28.93400", "2011-07-31": "6.87100", "2010-07-31": "18.01400"}, "Basic Shares Outstanding": {"2020-07-31": "82.85500", "2019-07-31": "81.44800", "2018-07-31": "77.71000", "2017-07-31": "73.99500", "2016-07-31": "72.02700", "2015-07-31": "70.07600", "2014-07-31": "65.74900", "2013-07-31": "56.33100", "2012-07-31": "34.77500", "2011-07-31": "14.06400", "2010-07-31": "13.53600"}, "Shares Outstanding": {"2020-07-31": "82.85500", "2019-07-31": "82.68100", "2018-07-31": "77.71000", "2017-07-31": "75.32800", "2016-07-31": "73.76600", "2015-07-31": "72.31400", "2014-07-31": "69.11300", "2013-07-31": "61.56900", "2012-07-31": "41.75900", "2011-07-31": "17.76400", "2010-07-31": "15.93300"}, "Basic EPS": {"2020-07-31": "-0.33000", "2019-07-31": "0.25000", "2018-07-31": "-0.34000", "2017-07-31": "0.24000", "2016-07-31": "0.21000", "2015-07-31": "0.14000", "2014-07-31": "0.22000", "2013-07-31": "0.44000", "2012-07-31": "0.36000", "2011-07-31": "0.83000", "2010-07-31": "0.32000"}, "EPS - Earnings Per Share": {"2020-07-31": "-0.33000", "2019-07-31": "0.25000", "2018-07-31": "-0.34000", "2017-07-31": "0.24000", "2016-07-31": "0.20000", "2015-07-31": "0.14000", "2014-07-31": "0.21000", "2013-07-31": "0.40000", "2012-07-31": "0.32000", "2011-07-31": "0.76000", "2010-07-31": "0.30000"}}, "income statement, quarterly": {"Revenue": {"2020-10-31": "169.80200", "2020-07-31": "243.67400", "2020-04-30": "168.16500", "2020-01-31": "173.45800", "2019-10-31": "157.01000", "2019-07-31": "207.85800", "2019-04-30": "162.86700", "2019-01-31": "168.53400", "2018-10-31": "180.25500", "2018-07-31": "238.74100", "2018-04-30": "142.14900", "2018-01-31": "163.78800", "2017-10-31": "108.17100", "2017-07-31": "176.34900", "2017-04-30": "123.43600", "2017-01-31": "115.62100", "2016-10-31": "94.12700", "2016-07-31": "141.17700", "2016-04-30": "98.86000", "2016-01-31": "102.12900", "2015-10-31": "82.28000", "2015-07-31": "125.91700", "2015-04-30": "85.44000", "2015-01-31": "89.44600", "2014-10-31": "79.73400", "2014-07-31": "118.20700", "2014-04-30": "82.03500", "2014-01-31": "83.47500", "2013-10-31": "66.52900", "2013-07-31": "96.91000", "2013-04-30": "68.25000", "2013-01-31": "72.18800", "2012-10-31": "63.30100", "2012-07-31": "67.58900", "2012-04-30": "56.99500", "2012-01-31": "55.09700", "2011-10-31": "52.38000", "2011-07-31": "", "2011-04-30": "44.45800", "2011-01-31": "42.33700", "2010-07-31": ""}, "Cost Of Goods Sold": {"2020-10-31": "90.96700", "2020-07-31": "87.81100", "2020-04-30": "85.75200", "2020-01-31": "83.59600", "2019-10-31": "80.85600", "2019-07-31": "82.78400", "2019-04-30": "80.27800", "2019-01-31": "79.68000", "2018-10-31": "81.60800", "2018-07-31": "90.43900", "2018-04-30": "75.68100", "2018-01-31": "67.76900", "2017-10-31": "62.89400", "2017-07-31": "57.26100", "2017-04-30": "51.46800", "2017-01-31": "40.81100", "2016-10-31": "42.01900", "2016-07-31": "42.75600", "2016-04-30": "39.00700", "2016-01-31": "34.90100", "2015-10-31": "35.17000", "2015-07-31": "39.42900", "2015-04-30": "37.90400", "2015-01-31": "34.08000", "2014-10-31": "35.77100", "2014-07-31": "38.64800", "2014-04-30": "36.27500", "2014-01-31": "36.16700", "2013-10-31": "37.85700", "2013-07-31": "30.71400", "2013-04-30": "35.99200", "2013-01-31": "31.38800", "2012-10-31": "27.55700", "2012-07-31": "25.80100", "2012-04-30": "23.97300", "2012-01-31": "20.74100", "2011-10-31": "19.49000", "2011-07-31": "", "2011-04-30": "17.87400", "2011-01-31": "16.42100", "2010-07-31": ""}, "Gross Profit": {"2020-10-31": "78.83500", "2020-07-31": "155.86300", "2020-04-30": "82.41300", "2020-01-31": "89.86200", "2019-10-31": "76.15400", "2019-07-31": "125.07400", "2019-04-30": "82.58900", "2019-01-31": "88.85400", "2018-10-31": "98.64700", "2018-07-31": "148.30200", "2018-04-30": "66.46800", "2018-01-31": "96.01900", "2017-10-31": "45.27700", "2017-07-31": "119.08800", "2017-04-30": "71.96800", "2017-01-31": "74.81000", "2016-10-31": "52.10800", "2016-07-31": "98.42100", "2016-04-30": "59.85300", "2016-01-31": "67.22800", "2015-10-31": "47.11000", "2015-07-31": "86.48800", "2015-04-30": "47.53600", "2015-01-31": "55.36600", "2014-10-31": "43.96300", "2014-07-31": "79.55900", "2014-04-30": "45.76000", "2014-01-31": "47.30800", "2013-10-31": "28.67200", "2013-07-31": "66.19600", "2013-04-30": "32.25800", "2013-01-31": "40.80000", "2012-10-31": "35.74400", "2012-07-31": "41.78800", "2012-04-30": "33.02200", "2012-01-31": "34.35600", "2011-10-31": "32.89000", "2011-07-31": "", "2011-04-30": "26.58400", "2011-01-31": "25.91600", "2010-07-31": ""}, "Research And Development Expenses": {"2020-10-31": "52.61500", "2020-07-31": "52.23200", "2020-04-30": "51.89300", "2020-01-31": "49.95400", "2019-10-31": "46.49600", "2019-07-31": "49.47200", "2019-04-30": "47.10200", "2019-01-31": "46.47100", "2018-10-31": "45.49600", "2018-07-31": "45.50200", "2018-04-30": "46.78700", "2018-01-31": "43.65700", "2017-10-31": "35.71100", "2017-07-31": "35.45800", "2017-04-30": "34.09000", "2017-01-31": "30.02500", "2016-10-31": "30.75000", "2016-07-31": "32.14200", "2016-04-30": "29.27300", "2016-01-31": "25.40900", "2015-10-31": "25.67200", "2015-07-31": "26.27300", "2015-04-30": "24.57500", "2015-01-31": "22.28200", "2014-10-31": "20.31000", "2014-07-31": "21.36500", "2014-04-30": "19.76100", "2014-01-31": "17.52500", "2013-10-31": "17.52700", "2013-07-31": "15.48800", "2013-04-30": "16.85400", "2013-01-31": "15.88500", "2012-10-31": "14.76400", "2012-07-31": "12.94900", "2012-04-30": "12.98600", "2012-01-31": "12.16200", "2011-10-31": "10.95900", "2011-07-31": "", "2011-04-30": "8.97300", "2011-01-31": "8.21200", "2010-07-31": ""}, "SG&A Expenses": {"2020-10-31": "57.82400", "2020-07-31": "59.29000", "2020-04-30": "56.12000", "2020-01-31": "57.93800", "2019-10-31": "54.25500", "2019-07-31": "54.52000", "2019-04-30": "51.25400", "2019-01-31": "48.71400", "2018-10-31": "50.66400", "2018-07-31": "56.17700", "2018-04-30": "48.54800", "2018-01-31": "53.02700", "2017-10-31": "42.28100", "2017-07-31": "47.33300", "2017-04-30": "42.21700", "2017-01-31": "36.58000", "2016-10-31": "39.66000", "2016-07-31": "42.80400", "2016-04-30": "36.35700", "2016-01-31": "34.11700", "2015-10-31": "30.40100", "2015-07-31": "36.71900", "2015-04-30": "29.66100", "2015-01-31": "29.74900", "2014-10-31": "27.29100", "2014-07-31": "31.77300", "2014-04-30": "25.85200", "2014-01-31": "25.30200", "2013-10-31": "23.77200", "2013-07-31": "21.62600", "2013-04-30": "19.76600", "2013-01-31": "19.83400", "2012-10-31": "21.04200", "2012-07-31": "18.23600", "2012-04-30": "15.19400", "2012-01-31": "16.83700", "2011-10-31": "13.79900", "2011-07-31": "", "2011-04-30": "12.95000", "2011-01-31": "12.26000", "2010-07-31": ""}, "Other Operating Income Or Expenses": {"2020-10-31": "", "2020-07-31": "", "2020-04-30": "", "2020-01-31": "", "2019-10-31": "", "2019-07-31": "", "2019-04-30": "", "2019-01-31": "", "2018-10-31": "", "2018-07-31": "", "2018-04-30": "", "2018-01-31": "", "2017-10-31": "", "2017-07-31": "", "2017-04-30": "", "2017-01-31": "", "2016-10-31": "", "2016-07-31": "", "2016-04-30": "", "2016-01-31": "", "2015-10-31": "", "2015-07-31": "", "2015-04-30": "", "2015-01-31": "", "2014-10-31": "", "2014-07-31": "", "2014-04-30": "", "2014-01-31": "", "2013-10-31": "", "2013-07-31": "", "2013-04-30": "", "2013-01-31": "", "2012-10-31": "", "2012-07-31": "", "2012-04-30": "", "2012-01-31": "", "2011-10-31": "", "2011-07-31": "", "2011-04-30": "", "2011-01-31": "", "2010-07-31": ""}, "Operating Expenses": {"2020-10-31": "201.40600", "2020-07-31": "199.33300", "2020-04-30": "193.76500", "2020-01-31": "191.48800", "2019-10-31": "181.60700", "2019-07-31": "186.77590", "2019-04-30": "178.63400", "2019-01-31": "174.86500", "2018-10-31": "177.76800", "2018-07-31": "192.11800", "2018-04-30": "171.01600", "2018-01-31": "164.45300", "2017-10-31": "140.88600", "2017-07-31": "140.05200", "2017-04-30": "127.77500", "2017-01-31": "107.41600", "2016-10-31": "112.42900", "2016-07-31": "117.70200", "2016-04-30": "104.63700", "2016-01-31": "94.42700", "2015-10-31": "91.24300", "2015-07-31": "102.42100", "2015-04-30": "92.14000", "2015-01-31": "86.11100", "2014-10-31": "83.37200", "2014-07-31": "91.78600", "2014-04-30": "81.88800", "2014-01-31": "78.99400", "2013-10-31": "79.15600", "2013-07-31": "67.82800", "2013-04-30": "72.61200", "2013-01-31": "67.10700", "2012-10-31": "63.36300", "2012-07-31": "56.98600", "2012-04-30": "52.15300", "2012-01-31": "49.74000", "2011-10-31": "44.24800", "2011-07-31": "", "2011-04-30": "39.79700", "2011-01-31": "36.89300", "2010-07-31": ""}, "Operating Income": {"2020-10-31": "-31.60400", "2020-07-31": "44.34110", "2020-04-30": "-25.60000", "2020-01-31": "-18.03000", "2019-10-31": "-24.59700", "2019-07-31": "21.08200", "2019-04-30": "-15.76700", "2019-01-31": "-6.33100", "2018-10-31": "2.48700", "2018-07-31": "46.62300", "2018-04-30": "-28.86700", "2018-01-31": "-0.66500", "2017-10-31": "-32.71500", "2017-07-31": "36.29700", "2017-04-30": "-4.33900", "2017-01-31": "8.20500", "2016-10-31": "-18.30200", "2016-07-31": "23.47500", "2016-04-30": "-5.77700", "2016-01-31": "7.70200", "2015-10-31": "-8.96300", "2015-07-31": "23.49600", "2015-04-30": "-6.70000", "2015-01-31": "3.33500", "2014-10-31": "-3.63800", "2014-07-31": "26.42100", "2014-04-30": "0.14700", "2014-01-31": "4.48100", "2013-10-31": "-12.62700", "2013-07-31": "29.08200", "2013-04-30": "-4.36200", "2013-01-31": "5.08100", "2012-10-31": "-0.06200", "2012-07-31": "10.60300", "2012-04-30": "4.84200", "2012-01-31": "5.35700", "2011-10-31": "8.13200", "2011-07-31": "", "2011-04-30": "4.66100", "2011-01-31": "5.44400", "2010-07-31": ""}, "Total Non-Operating Income/Expense": {"2020-10-31": "0.73700", "2020-07-31": "5.07400", "2020-04-30": "-10.78900", "2020-01-31": "2.31400", "2019-10-31": "2.95600", "2019-07-31": "2.64500", "2019-04-30": "2.80400", "2019-01-31": "4.41400", "2018-10-31": "1.11800", "2018-07-31": "1.29200", "2018-04-30": "1.17800", "2018-01-31": "3.22400", "2017-10-31": "1.65400", "2017-07-31": "2.72000", "2017-04-30": "1.40500", "2017-01-31": "1.87900", "2016-10-31": "0.66100", "2016-07-31": "0.84100", "2016-04-30": "3.01500", "2016-01-31": "-0.42400", "2015-10-31": "0.91300", "2015-07-31": "-0.12900", "2015-04-30": "0.71300", "2015-01-31": "-0.36600", "2014-10-31": "0.02900", "2014-07-31": "0.43300", "2014-04-30": "0.53000", "2014-01-31": "0.28800", "2013-10-31": "0.27300", "2013-07-31": "0.12900", "2013-04-30": "-0.13100", "2013-01-31": "0.15500", "2012-10-31": "0.23100", "2012-07-31": "-0.16700", "2012-04-30": "0.27100", "2012-01-31": "-0.24600", "2011-10-31": "-0.27600", "2011-07-31": "", "2011-04-30": "1.02500", "2011-01-31": "0.06600", "2010-07-31": ""}, "Pre-Tax Income": {"2020-10-31": "-30.86700", "2020-07-31": "49.41500", "2020-04-30": "-36.38900", "2020-01-31": "-15.71600", "2019-10-31": "-21.64100", "2019-07-31": "23.72700", "2019-04-30": "-12.96300", "2019-01-31": "-1.91700", "2018-10-31": "3.60500", "2018-07-31": "47.92300", "2018-04-30": "-27.68900", "2018-01-31": "2.55900", "2017-10-31": "-31.06900", "2017-07-31": "39.01700", "2017-04-30": "-2.93400", "2017-01-31": "10.08400", "2016-10-31": "-17.64100", "2016-07-31": "24.31600", "2016-04-30": "-2.76200", "2016-01-31": "7.27800", "2015-10-31": "-8.05000", "2015-07-31": "23.36700", "2015-04-30": "-5.98700", "2015-01-31": "2.96900", "2014-10-31": "-3.60900", "2014-07-31": "26.85400", "2014-04-30": "0.67700", "2014-01-31": "4.76900", "2013-10-31": "-12.35400", "2013-07-31": "29.21100", "2013-04-30": "-4.49300", "2013-01-31": "5.23600", "2012-10-31": "0.16900", "2012-07-31": "10.43600", "2012-04-30": "5.11300", "2012-01-31": "5.11100", "2011-10-31": "7.85600", "2011-07-31": "", "2011-04-30": "5.68600", "2011-01-31": "5.51000", "2010-07-31": ""}, "Income Taxes": {"2020-10-31": "-10.67700", "2020-07-31": "10.64000", "2020-04-30": "-5.35100", "2020-01-31": "4.22800", "2019-10-31": "-6.65000", "2019-07-31": "0.72200", "2019-04-30": "-4.38200", "2019-01-31": "-1.91600", "2018-10-31": "-2.70400", "2018-07-31": "-10.95300", "2018-04-30": "3.46100", "2018-01-31": "48.11400", "2017-10-31": "-22.15500", "2017-07-31": "15.24200", "2017-04-30": "-1.11500", "2017-01-31": "6.11000", "2016-10-31": "-9.78300", "2016-07-31": "8.21900", "2016-04-30": "-2.35800", "2016-01-31": "6.36500", "2015-10-31": "-6.42000", "2015-07-31": "11.47400", "2015-04-30": "-3.00000", "2015-01-31": "-1.00700", "2014-10-31": "-0.61200", "2014-07-31": "7.09700", "2014-04-30": "2.59000", "2014-01-31": "1.43700", "2013-10-31": "-5.89900", "2013-07-31": "7.83100", "2013-04-30": "-1.82300", "2013-01-31": "-0.26500", "2012-10-31": "-0.27800", "2012-07-31": "3.42400", "2012-04-30": "1.96400", "2012-01-31": "1.42000", "2011-10-31": "3.04400", "2011-07-31": "", "2011-04-30": "-23.71400", "2011-01-31": "0.07400", "2010-07-31": ""}, "Income After Taxes": {"2020-10-31": "-20.19000", "2020-07-31": "38.77500", "2020-04-30": "-31.03800", "2020-01-31": "-19.94400", "2019-10-31": "-14.99100", "2019-07-31": "23.00500", "2019-04-30": "-8.58100", "2019-01-31": "-0.00100", "2018-10-31": "6.30900", "2018-07-31": "58.87600", "2018-04-30": "-31.15000", "2018-01-31": "-45.55500", "2017-10-31": "-8.91400", "2017-07-31": "23.77500", "2017-04-30": "-1.81900", "2017-01-31": "3.97400", "2016-10-31": "-7.85800", "2016-07-31": "16.09700", "2016-04-30": "-0.40400", "2016-01-31": "0.91300", "2015-10-31": "-1.63000", "2015-07-31": "11.89300", "2015-04-30": "-2.98700", "2015-01-31": "3.97600", "2014-10-31": "-2.99700", "2014-07-31": "19.75700", "2014-04-30": "-1.91300", "2014-01-31": "3.33200", "2013-10-31": "-6.45500", "2013-07-31": "21.38000", "2013-04-30": "-2.67000", "2013-01-31": "5.50100", "2012-10-31": "0.44700", "2012-07-31": "7.01200", "2012-04-30": "3.14900", "2012-01-31": "3.69100", "2011-10-31": "4.81200", "2011-07-31": "", "2011-04-30": "29.40000", "2011-01-31": "5.43600", "2010-07-31": ""}, "Other Income": {"2020-10-31": "", "2020-07-31": "", "2020-04-30": "", "2020-01-31": "", "2019-10-31": "", "2019-07-31": "", "2019-04-30": "", "2019-01-31": "", "2018-10-31": "", "2018-07-31": "", "2018-04-30": "", "2018-01-31": "", "2017-10-31": "", "2017-07-31": "", "2017-04-30": "", "2017-01-31": "", "2016-10-31": "", "2016-07-31": "", "2016-04-30": "", "2016-01-31": "", "2015-10-31": "", "2015-07-31": "", "2015-04-30": "", "2015-01-31": "", "2014-10-31": "", "2014-07-31": "", "2014-04-30": "", "2014-01-31": "", "2013-10-31": "", "2013-07-31": "", "2013-04-30": "", "2013-01-31": "", "2012-10-31": "", "2012-07-31": "", "2012-04-30": "", "2012-01-31": "", "2011-10-31": "", "2011-07-31": "", "2011-04-30": "", "2011-01-31": "", "2010-07-31": ""}, "Income From Continuous Operations": {"2020-10-31": "-20.19000", "2020-07-31": "38.77500", "2020-04-30": "-31.03800", "2020-01-31": "-19.94400", "2019-10-31": "-14.99100", "2019-07-31": "23.00500", "2019-04-30": "-8.58100", "2019-01-31": "-0.00100", "2018-10-31": "6.30900", "2018-07-31": "58.87600", "2018-04-30": "-31.15000", "2018-01-31": "-45.55500", "2017-10-31": "-8.91400", "2017-07-31": "23.77500", "2017-04-30": "-1.81900", "2017-01-31": "3.97400", "2016-10-31": "-7.85800", "2016-07-31": "16.09700", "2016-04-30": "-0.40400", "2016-01-31": "0.91300", "2015-10-31": "-1.63000", "2015-07-31": "11.89300", "2015-04-30": "-2.98700", "2015-01-31": "3.97600", "2014-10-31": "-2.99700", "2014-07-31": "19.75700", "2014-04-30": "-1.91300", "2014-01-31": "3.33200", "2013-10-31": "-6.45500", "2013-07-31": "21.38000", "2013-04-30": "-2.67000", "2013-01-31": "5.50100", "2012-10-31": "0.44700", "2012-07-31": "7.01200", "2012-04-30": "3.14900", "2012-01-31": "3.69100", "2011-10-31": "4.81200", "2011-07-31": "", "2011-04-30": "29.40000", "2011-01-31": "5.43600", "2010-07-31": ""}, "Income From Discontinued Operations": {"2020-10-31": "", "2020-07-31": "", "2020-04-30": "", "2020-01-31": "", "2019-10-31": "", "2019-07-31": "", "2019-04-30": "", "2019-01-31": "", "2018-10-31": "", "2018-07-31": "", "2018-04-30": "", "2018-01-31": "", "2017-10-31": "", "2017-07-31": "", "2017-04-30": "", "2017-01-31": "", "2016-10-31": "", "2016-07-31": "", "2016-04-30": "", "2016-01-31": "", "2015-10-31": "", "2015-07-31": "", "2015-04-30": "", "2015-01-31": "", "2014-10-31": "", "2014-07-31": "", "2014-04-30": "", "2014-01-31": "", "2013-10-31": "", "2013-07-31": "", "2013-04-30": "", "2013-01-31": "", "2012-10-31": "", "2012-07-31": "", "2012-04-30": "", "2012-01-31": "", "2011-10-31": "", "2011-07-31": "", "2011-04-30": "", "2011-01-31": "", "2010-07-31": ""}, "Net Income": {"2020-10-31": "-20.19000", "2020-07-31": "38.77500", "2020-04-30": "-31.03800", "2020-01-31": "-19.94400", "2019-10-31": "-14.99100", "2019-07-31": "23.00500", "2019-04-30": "-8.58100", "2019-01-31": "-0.00100", "2018-10-31": "6.30900", "2018-07-31": "58.87600", "2018-04-30": "-31.15000", "2018-01-31": "-45.55500", "2017-10-31": "-8.91400", "2017-07-31": "23.77500", "2017-04-30": "-1.81900", "2017-01-31": "3.97400", "2016-10-31": "-7.85800", "2016-07-31": "16.09700", "2016-04-30": "-0.40400", "2016-01-31": "0.91300", "2015-10-31": "-1.63000", "2015-07-31": "11.89300", "2015-04-30": "-2.98700", "2015-01-31": "3.97600", "2014-10-31": "-2.99700", "2014-07-31": "19.75700", "2014-04-30": "-1.91300", "2014-01-31": "3.33200", "2013-10-31": "-6.45500", "2013-07-31": "21.38000", "2013-04-30": "-2.67000", "2013-01-31": "5.50100", "2012-10-31": "0.44700", "2012-07-31": "6.74400", "2012-04-30": "3.14900", "2012-01-31": "1.29800", "2011-10-31": "1.45500", "2011-07-31": "", "2011-04-30": "10.23900", "2011-01-31": "1.64500", "2010-07-31": ""}, "EBITDA": {"2020-10-31": "-16.34200", "2020-07-31": "58.49910", "2020-04-30": "-12.09900", "2020-01-31": "-4.72600", "2019-10-31": "-11.91500", "2019-07-31": "32.94600", "2019-04-30": "-4.87900", "2019-01-31": "4.45900", "2018-10-31": "13.33500", "2018-07-31": "57.67700", "2018-04-30": "-17.89200", "2018-01-31": "9.16700", "2017-10-31": "-25.87100", "2017-07-31": "43.07500", "2017-04-30": "1.81900", "2017-01-31": "11.91500", "2016-10-31": "-14.76100", "2016-07-31": "26.32600", "2016-04-30": "-2.65000", "2016-01-31": "10.41400", "2015-10-31": "-6.29500", "2015-07-31": "26.27700", "2015-04-30": "-3.66700", "2015-01-31": "6.65300", "2014-10-31": "-0.45100", "2014-07-31": "31.68400", "2014-04-30": "1.91700", "2014-01-31": "6.09800", "2013-10-31": "-11.03600", "2013-07-31": "31.24100", "2013-04-30": "-3.22500", "2013-01-31": "6.02600", "2012-10-31": "1.03800", "2012-07-31": "11.37300", "2012-04-30": "5.62500", "2012-01-31": "6.04200", "2011-10-31": "8.81100", "2011-07-31": "", "2011-04-30": "5.07400", "2011-01-31": "5.44400", "2010-07-31": ""}, "EBIT": {"2020-10-31": "-31.60400", "2020-07-31": "44.34110", "2020-04-30": "-25.60000", "2020-01-31": "-18.03000", "2019-10-31": "-24.59700", "2019-07-31": "21.08200", "2019-04-30": "-15.76700", "2019-01-31": "-6.33100", "2018-10-31": "2.48700", "2018-07-31": "46.62300", "2018-04-30": "-28.86700", "2018-01-31": "-0.66500", "2017-10-31": "-32.71500", "2017-07-31": "36.29700", "2017-04-30": "-4.33900", "2017-01-31": "8.20500", "2016-10-31": "-18.30200", "2016-07-31": "23.47500", "2016-04-30": "-5.77700", "2016-01-31": "7.70200", "2015-10-31": "-8.96300", "2015-07-31": "23.49600", "2015-04-30": "-6.70000", "2015-01-31": "3.33500", "2014-10-31": "-3.63800", "2014-07-31": "26.42100", "2014-04-30": "0.14700", "2014-01-31": "4.48100", "2013-10-31": "-12.62700", "2013-07-31": "29.08200", "2013-04-30": "-4.36200", "2013-01-31": "5.08100", "2012-10-31": "-0.06200", "2012-07-31": "10.60300", "2012-04-30": "4.84200", "2012-01-31": "5.35700", "2011-10-31": "8.13200", "2011-07-31": "", "2011-04-30": "4.66100", "2011-01-31": "5.44400", "2010-07-31": ""}, "Basic Shares Outstanding": {"2020-10-31": "83.61300", "2020-07-31": "82.85500", "2020-04-30": "83.02400", "2020-01-31": "82.72600", "2019-10-31": "82.36100", "2019-07-31": "81.44800", "2019-04-30": "81.60600", "2019-01-31": "81.21800", "2018-10-31": "80.82100", "2018-07-31": "77.71000", "2018-04-30": "78.77700", "2018-01-31": "76.85900", "2017-10-31": "75.18700", "2017-07-31": "73.99500", "2017-04-30": "74.17600", "2017-01-31": "73.73900", "2016-10-31": "73.29300", "2016-07-31": "72.02700", "2016-04-30": "72.29800", "2016-01-31": "71.77900", "2015-10-31": "71.24300", "2015-07-31": "70.07600", "2015-04-30": "70.34800", "2015-01-31": "69.88400", "2014-10-31": "69.31700", "2014-07-31": "65.74900", "2014-04-30": "68.26200", "2014-01-31": "67.36100", "2013-10-31": "58.64900", "2013-07-31": "56.33100", "2013-04-30": "57.01800", "2013-01-31": "55.86800", "2012-10-31": "54.81400", "2012-07-31": "34.77500", "2012-04-30": "52.52000", "2012-01-31": "18.43300", "2011-10-31": "14.55400", "2011-07-31": "", "2011-04-30": "14.11700", "2011-01-31": "14.04800", "2010-07-31": ""}, "Shares Outstanding": {"2020-10-31": "83.61300", "2020-07-31": "82.85500", "2020-04-30": "83.02400", "2020-01-31": "82.72600", "2019-10-31": "82.36100", "2019-07-31": "82.68100", "2019-04-30": "81.60600", "2019-01-31": "81.21800", "2018-10-31": "82.21000", "2018-07-31": "77.71000", "2018-04-30": "78.77700", "2018-01-31": "76.85900", "2017-10-31": "75.18700", "2017-07-31": "75.32800", "2017-04-30": "74.17600", "2017-01-31": "74.79300", "2016-10-31": "73.29300", "2016-07-31": "73.76600", "2016-04-30": "72.29800", "2016-01-31": "73.40200", "2015-10-31": "71.24300", "2015-07-31": "72.31400", "2015-04-30": "70.34800", "2015-01-31": "72.05700", "2014-10-31": "69.31700", "2014-07-31": "69.11300", "2014-04-30": "68.26200", "2014-01-31": "70.90400", "2013-10-31": "58.64900", "2013-07-31": "61.56900", "2013-04-30": "57.01800", "2013-01-31": "61.70600", "2012-10-31": "61.18500", "2012-07-31": "41.75900", "2012-04-30": "60.12700", "2012-01-31": "25.61000", "2011-10-31": "21.15300", "2011-07-31": "", "2011-04-30": "18.23400", "2011-01-31": "16.35700", "2010-07-31": ""}, "Basic EPS": {"2020-10-31": "-0.24000", "2020-07-31": "0.46000", "2020-04-30": "-0.37000", "2020-01-31": "-0.24000", "2019-10-31": "-0.18000", "2019-07-31": "0.28000", "2019-04-30": "-0.11000", "2019-01-31": "0.00000", "2018-10-31": "0.08000", "2018-07-31": "0.77000", "2018-04-30": "-0.40000", "2018-01-31": "-0.59000", "2017-10-31": "-0.12000", "2017-07-31": "0.32000", "2017-04-30": "-0.02000", "2017-01-31": "0.05000", "2016-10-31": "-0.11000", "2016-07-31": "0.23000", "2016-04-30": "-0.01000", "2016-01-31": "0.01000", "2015-10-31": "-0.02000", "2015-07-31": "0.16000", "2015-04-30": "-0.04000", "2015-01-31": "0.06000", "2014-10-31": "-0.04000", "2014-07-31": "0.31000", "2014-04-30": "-0.03000", "2014-01-31": "0.05000", "2013-10-31": "-0.11000", "2013-07-31": "0.38000", "2013-04-30": "-0.05000", "2013-01-31": "0.10000", "2012-10-31": "0.01000", "2012-07-31": "0.13000", "2012-04-30": "0.06000", "2012-01-31": "0.07000", "2011-10-31": "0.10000", "2011-07-31": "", "2011-04-30": "0.73000", "2011-01-31": "0.12000", "2010-07-31": ""}, "EPS - Earnings Per Share": {"2020-10-31": "-0.24000", "2020-07-31": "0.46000", "2020-04-30": "-0.37000", "2020-01-31": "-0.24000", "2019-10-31": "-0.18000", "2019-07-31": "0.28000", "2019-04-30": "-0.11000", "2019-01-31": "0.00000", "2018-10-31": "0.08000", "2018-07-31": "0.77000", "2018-04-30": "-0.40000", "2018-01-31": "-0.59000", "2017-10-31": "-0.12000", "2017-07-31": "0.32000", "2017-04-30": "-0.02000", "2017-01-31": "0.05000", "2016-10-31": "-0.11000", "2016-07-31": "0.22000", "2016-04-30": "-0.01000", "2016-01-31": "0.01000", "2015-10-31": "-0.02000", "2015-07-31": "0.16000", "2015-04-30": "-0.04000", "2015-01-31": "0.06000", "2014-10-31": "-0.04000", "2014-07-31": "0.30000", "2014-04-30": "-0.03000", "2014-01-31": "0.05000", "2013-10-31": "-0.11000", "2013-07-31": "0.35000", "2013-04-30": "-0.05000", "2013-01-31": "0.09000", "2012-10-31": "0.01000", "2012-07-31": "0.12000", "2012-04-30": "0.05000", "2012-01-31": "0.06000", "2011-10-31": "0.09000", "2011-07-31": "0.00000", "2011-04-30": "0.66000", "2011-01-31": "0.11000", "2010-07-31": "0.00000"}}, "balance sheet": {"Cash On Hand": {"2020-07-31": "1133.49600", "2019-07-31": "1124.23700", "2018-07-31": "1067.14800", "2017-07-31": "573.20300", "2016-07-31": "628.23700", "2015-07-31": "571.63500", "2014-07-31": "444.33200", "2013-07-31": "156.69900", "2012-07-31": "209.44400", "2011-07-31": "61.85500", "2010-07-31": ""}, "Receivables": {"2020-07-31": "163.73300", "2019-07-31": "175.17100", "2018-07-31": "124.84900", "2017-07-31": "79.43300", "2016-07-31": "62.79200", "2015-07-31": "62.06200", "2014-07-31": "49.83900", "2013-07-31": "40.88500", "2012-07-31": "32.31300", "2011-07-31": "23.27800", "2010-07-31": ""}, "Inventory": {"2020-07-31": "", "2019-07-31": "", "2018-07-31": "", "2017-07-31": "", "2016-07-31": "", "2015-07-31": "", "2014-07-31": "", "2013-07-31": "", "2012-07-31": "", "2011-07-31": "", "2010-07-31": ""}, "Pre-Paid Expenses": {"2020-07-31": "45.98900", "2019-07-31": "35.56600", "2018-07-31": "30.46400", "2017-07-31": "26.60400", "2016-07-31": "16.64300", "2015-07-31": "14.10200", "2014-07-31": "10.82800", "2013-07-31": "9.61200", "2012-07-31": "7.26600", "2011-07-31": "3.66500", "2010-07-31": ""}, "Other Current Assets": {"2020-07-31": "", "2019-07-31": "", "2018-07-31": "", "2017-07-31": "", "2016-07-31": "", "2015-07-31": "", "2014-07-31": "", "2013-07-31": "", "2012-07-31": "", "2011-07-31": "", "2010-07-31": ""}, "Total Current Assets": {"2020-07-31": "1343.21800", "2019-07-31": "1334.97400", "2018-07-31": "1222.46100", "2017-07-31": "679.24000", "2016-07-31": "707.67200", "2015-07-31": "661.64400", "2014-07-31": "516.43000", "2013-07-31": "210.09300", "2012-07-31": "262.46500", "2011-07-31": "94.84200", "2010-07-31": ""}, "Property, Plant, And Equipment": {"2020-07-31": "65.23500", "2019-07-31": "65.80900", "2018-07-31": "18.59500", "2017-07-31": "14.37600", "2016-07-31": "12.95500", "2015-07-31": "12.16000", "2014-07-31": "12.60700", "2013-07-31": "12.91400", "2012-07-31": "11.92400", "2011-07-31": "4.45500", "2010-07-31": ""}, "Long-Term Investments": {"2020-07-31": "300.77100", "2019-07-31": "213.52400", "2018-07-31": "190.95200", "2017-07-31": "114.58500", "2016-07-31": "107.56500", "2015-07-31": "106.11700", "2014-07-31": "203.44900", "2013-07-31": "51.04000", "2012-07-31": "", "2011-07-31": "", "2010-07-31": ""}, "Goodwill And Intangible Assets": {"2020-07-31": "380.58500", "2019-07-31": "407.41900", "2018-07-31": "436.53100", "2017-07-31": "213.16600", "2016-07-31": "44.28400", "2015-07-31": "13.20400", "2014-07-31": "14.64400", "2013-07-31": "15.92700", "2012-07-31": "", "2011-07-31": "", "2010-07-31": "0.00000"}, "Other Long-Term Assets": {"2020-07-31": "34.94400", "2019-07-31": "45.55400", "2018-07-31": "22.52500", "2017-07-31": "20.10400", "2016-07-31": "12.33800", "2015-07-31": "0.92600", "2014-07-31": "1.41600", "2013-07-31": "1.20500", "2012-07-31": "0.54500", "2011-07-31": "5.17000", "2010-07-31": ""}, "Total Long-Term Assets": {"2020-07-31": "1021.63400", "2019-07-31": "831.98900", "2018-07-31": "758.97200", "2017-07-31": "399.66100", "2016-07-31": "208.50600", "2015-07-31": "138.30300", "2014-07-31": "240.79700", "2013-07-31": "95.58000", "2012-07-31": "21.78200", "2011-07-31": "31.69800", "2010-07-31": ""}, "Total Assets": {"2020-07-31": "2364.85200", "2019-07-31": "2166.96300", "2018-07-31": "1981.43300", "2017-07-31": "1078.90100", "2016-07-31": "916.17800", "2015-07-31": "799.94700", "2014-07-31": "757.22700", "2013-07-31": "305.67300", "2012-07-31": "284.24700", "2011-07-31": "126.54000", "2010-07-31": "0.00000"}, "Total Current Liabilities": {"2020-07-31": "225.19800", "2019-07-31": "232.27200", "2018-07-31": "238.15700", "2017-07-31": "168.36700", "2016-07-31": "119.08300", "2015-07-31": "104.40900", "2014-07-31": "95.38600", "2013-07-31": "74.78400", "2012-07-31": "93.18700", "2011-07-31": "82.30100", "2010-07-31": ""}, "Long Term Debt": {"2020-07-31": "330.20800", "2019-07-31": "317.32200", "2018-07-31": "305.12800", "2017-07-31": "", "2016-07-31": "", "2015-07-31": "", "2014-07-31": "", "2013-07-31": "", "2012-07-31": "", "2011-07-31": "", "2010-07-31": ""}, "Other Non-Current Liabilities": {"2020-07-31": "18.58500", "2019-07-31": "19.64100", "2018-07-31": "0.77400", "2017-07-31": "2.11200", "2016-07-31": "3.41500", "2015-07-31": "4.35000", "2014-07-31": "4.76000", "2013-07-31": "5.21200", "2012-07-31": "4.52900", "2011-07-31": "0.77400", "2010-07-31": ""}, "Total Long Term Liabilities": {"2020-07-31": "482.88600", "2019-07-31": "360.49000", "2018-07-31": "329.66000", "2017-07-31": "22.00400", "2016-07-31": "13.16000", "2015-07-31": "6.15000", "2014-07-31": "11.15500", "2013-07-31": "9.05700", "2012-07-31": "7.09800", "2011-07-31": "26.08700", "2010-07-31": ""}, "Total Liabilities": {"2020-07-31": "708.08400", "2019-07-31": "592.76200", "2018-07-31": "567.81700", "2017-07-31": "190.37100", "2016-07-31": "132.24300", "2015-07-31": "110.55900", "2014-07-31": "106.54100", "2013-07-31": "83.84100", "2012-07-31": "100.28500", "2011-07-31": "108.38800", "2010-07-31": "0.00000"}, "Common Stock Net": {"2020-07-31": "0.00800", "2019-07-31": "0.00800", "2018-07-31": "0.00800", "2017-07-31": "0.00800", "2016-07-31": "0.00700", "2015-07-31": "0.00700", "2014-07-31": "0.00700", "2013-07-31": "0.00600", "2012-07-31": "0.00500", "2011-07-31": "0.00100", "2010-07-31": "0.00000"}, "Retained Earnings (Accumulated Deficit)": {"2020-07-31": "162.95600", "2019-07-31": "190.04700", "2018-07-31": "124.97600", "2017-07-31": "65.90300", "2016-07-31": "47.83100", "2015-07-31": "32.85500", "2014-07-31": "22.97000", "2013-07-31": "8.24900", "2012-07-31": "-23.17100", "2011-07-31": "-38.37100", "2010-07-31": ""}, "Comprehensive Income": {"2020-07-31": "-5.24600", "2019-07-31": "-7.75800", "2018-07-31": "-7.74800", "2017-07-31": "-5.79600", "2016-07-31": "-6.59300", "2015-07-31": "-6.34300", "2014-07-31": "-1.36700", "2013-07-31": "-1.57400", "2012-07-31": "-0.49600", "2011-07-31": "-0.20900", "2010-07-31": ""}, "Other Share Holders Equity": {"2020-07-31": "", "2019-07-31": "", "2018-07-31": "", "2017-07-31": "", "2016-07-31": "", "2015-07-31": "", "2014-07-31": "", "2013-07-31": "", "2012-07-31": "", "2011-07-31": "", "2010-07-31": "0.00000"}, "Share Holder Equity": {"2020-07-31": "1656.76800", "2019-07-31": "1574.20100", "2018-07-31": "1413.61600", "2017-07-31": "888.53000", "2016-07-31": "783.93500", "2015-07-31": "689.38800", "2014-07-31": "650.68600", "2013-07-31": "221.83200", "2012-07-31": "183.96200", "2011-07-31": "18.15200", "2010-07-31": "0.00000"}, "Total Liabilities And Share Holders Equity": {"2020-07-31": "2364.85200", "2019-07-31": "2166.96300", "2018-07-31": "1981.43300", "2017-07-31": "1078.90100", "2016-07-31": "916.17800", "2015-07-31": "799.94700", "2014-07-31": "757.22700", "2013-07-31": "305.67300", "2012-07-31": "284.24700", "2011-07-31": "126.54000", "2010-07-31": "0.00000"}}, "balance sheet, quarterly": {"Cash On Hand": {"2020-10-31": "1150.21200", "2020-07-31": "1133.49600", "2020-04-30": "1034.20100", "2020-01-31": "1055.40200", "2019-10-31": "1011.21600", "2019-07-31": "1124.23700", "2019-04-30": "1005.20200", "2019-01-31": "1066.37200", "2018-10-31": "1084.58700", "2018-07-31": "1067.14800", "2018-04-30": "994.25200", "2018-01-31": "505.17800", "2017-10-31": "561.08400", "2017-07-31": "573.20300", "2017-04-30": "477.47300", "2017-01-31": "582.80500", "2016-10-31": "530.34200", "2016-07-31": "628.23700", "2016-04-30": "578.68600", "2016-01-31": "590.94400", "2015-10-31": "536.53100", "2015-07-31": "571.63500", "2015-04-30": "549.99300", "2015-01-31": "545.38500", "2014-10-31": "500.23500", "2014-07-31": "444.33200", "2014-04-30": "430.36900", "2014-01-31": "444.19200", "2013-10-31": "528.88000", "2013-07-31": "156.69900", "2013-04-30": "154.32400", "2013-01-31": "166.05500", "2012-10-31": "187.59300", "2012-07-31": "209.44400", "2012-04-30": "205.57600", "2012-01-31": "173.46700", "2011-10-31": "", "2011-07-31": "", "2011-04-30": "", "2011-01-31": "", "2010-07-31": ""}, "Receivables": {"2020-10-31": "153.13200", "2020-07-31": "163.73300", "2020-04-30": "148.50000", "2020-01-31": "151.46800", "2019-10-31": "139.25800", "2019-07-31": "175.17100", "2019-04-30": "168.55400", "2019-01-31": "167.19200", "2018-10-31": "139.35100", "2018-07-31": "124.84900", "2018-04-30": "101.14600", "2018-01-31": "100.04600", "2017-10-31": "78.40800", "2017-07-31": "79.43300", "2017-04-30": "94.95500", "2017-01-31": "64.62600", "2016-10-31": "55.13200", "2016-07-31": "62.79200", "2016-04-30": "61.22200", "2016-01-31": "59.39200", "2015-10-31": "54.30300", "2015-07-31": "62.06200", "2015-04-30": "59.55400", "2015-01-31": "61.79700", "2014-10-31": "40.11800", "2014-07-31": "49.83900", "2014-04-30": "58.31900", "2014-01-31": "56.47100", "2013-10-31": "47.09300", "2013-07-31": "40.88500", "2013-04-30": "48.13700", "2013-01-31": "41.77900", "2012-10-31": "38.13200", "2012-07-31": "32.31300", "2012-04-30": "35.46800", "2012-01-31": "34.60200", "2011-10-31": "", "2011-07-31": "", "2011-04-30": "", "2011-01-31": "", "2010-07-31": ""}, "Inventory": {"2020-10-31": "", "2020-07-31": "", "2020-04-30": "", "2020-01-31": "", "2019-10-31": "", "2019-07-31": "", "2019-04-30": "", "2019-01-31": "", "2018-10-31": "", "2018-07-31": "", "2018-04-30": "", "2018-01-31": "", "2017-10-31": "", "2017-07-31": "", "2017-04-30": "", "2017-01-31": "", "2016-10-31": "", "2016-07-31": "", "2016-04-30": "", "2016-01-31": "", "2015-10-31": "", "2015-07-31": "", "2015-04-30": "", "2015-01-31": "", "2014-10-31": "", "2014-07-31": "", "2014-04-30": "", "2014-01-31": "", "2013-10-31": "", "2013-07-31": "", "2013-04-30": "", "2013-01-31": "", "2012-10-31": "", "2012-07-31": "", "2012-04-30": "", "2012-01-31": "", "2011-10-31": "", "2011-07-31": "", "2011-04-30": "", "2011-01-31": "", "2010-07-31": ""}, "Pre-Paid Expenses": {"2020-10-31": "45.75100", "2020-07-31": "45.98900", "2020-04-30": "41.59800", "2020-01-31": "41.11400", "2019-10-31": "39.25100", "2019-07-31": "35.56600", "2019-04-30": "35.47900", "2019-01-31": "30.23400", "2018-10-31": "28.02400", "2018-07-31": "30.46400", "2018-04-30": "31.22900", "2018-01-31": "33.71400", "2017-10-31": "28.14200", "2017-07-31": "26.60400", "2017-04-30": "30.74300", "2017-01-31": "23.86800", "2016-10-31": "20.01900", "2016-07-31": "16.64300", "2016-04-30": "14.45700", "2016-01-31": "13.48600", "2015-10-31": "14.41600", "2015-07-31": "14.10200", "2015-04-30": "12.77000", "2015-01-31": "9.27900", "2014-10-31": "11.58100", "2014-07-31": "10.82800", "2014-04-30": "11.58900", "2014-01-31": "8.70800", "2013-10-31": "8.26300", "2013-07-31": "9.61200", "2013-04-30": "6.90600", "2013-01-31": "6.59800", "2012-10-31": "6.27500", "2012-07-31": "7.26600", "2012-04-30": "6.35400", "2012-01-31": "4.96000", "2011-10-31": "", "2011-07-31": "", "2011-04-30": "", "2011-01-31": "", "2010-07-31": ""}, "Other Current Assets": {"2020-10-31": "", "2020-07-31": "", "2020-04-30": "", "2020-01-31": "", "2019-10-31": "", "2019-07-31": "", "2019-04-30": "", "2019-01-31": "", "2018-10-31": "", "2018-07-31": "", "2018-04-30": "", "2018-01-31": "", "2017-10-31": "", "2017-07-31": "", "2017-04-30": "", "2017-01-31": "", "2016-10-31": "", "2016-07-31": "", "2016-04-30": "", "2016-01-31": "", "2015-10-31": "", "2015-07-31": "", "2015-04-30": "", "2015-01-31": "", "2014-10-31": "", "2014-07-31": "", "2014-04-30": "", "2014-01-31": "", "2013-10-31": "", "2013-07-31": "", "2013-04-30": "", "2013-01-31": "", "2012-10-31": "", "2012-07-31": "", "2012-04-30": "", "2012-01-31": "", "2011-10-31": "", "2011-07-31": "", "2011-04-30": "", "2011-01-31": "", "2010-07-31": ""}, "Total Current Assets": {"2020-10-31": "1349.09500", "2020-07-31": "1343.21800", "2020-04-30": "1224.29900", "2020-01-31": "1247.98400", "2019-10-31": "1189.72500", "2019-07-31": "1334.97400", "2019-04-30": "1209.23500", "2019-01-31": "1263.79800", "2018-10-31": "1251.96200", "2018-07-31": "1222.46100", "2018-04-30": "1126.62700", "2018-01-31": "638.93800", "2017-10-31": "667.63400", "2017-07-31": "679.24000", "2017-04-30": "603.17100", "2017-01-31": "671.29900", "2016-10-31": "605.49300", "2016-07-31": "707.67200", "2016-04-30": "654.36500", "2016-01-31": "663.82200", "2015-10-31": "619.08200", "2015-07-31": "661.64400", "2015-04-30": "634.33200", "2015-01-31": "628.51700", "2014-10-31": "563.32800", "2014-07-31": "516.43000", "2014-04-30": "503.19400", "2014-01-31": "512.27900", "2013-10-31": "587.13100", "2013-07-31": "210.09300", "2013-04-30": "227.56600", "2013-01-31": "229.86200", "2012-10-31": "246.35900", "2012-07-31": "262.46500", "2012-04-30": "247.82500", "2012-01-31": "215.23200", "2011-10-31": "", "2011-07-31": "", "2011-04-30": "", "2011-01-31": "", "2010-07-31": ""}, "Property, Plant, And Equipment": {"2020-10-31": "67.41600", "2020-07-31": "65.23500", "2020-04-30": "65.46100", "2020-01-31": "66.67300", "2019-10-31": "67.44000", "2019-07-31": "65.80900", "2019-04-30": "55.37500", "2019-01-31": "30.01700", "2018-10-31": "19.03100", "2018-07-31": "18.59500", "2018-04-30": "15.92900", "2018-01-31": "16.20500", "2017-10-31": "13.80600", "2017-07-31": "14.37600", "2017-04-30": "11.89600", "2017-01-31": "11.73800", "2016-10-31": "13.01000", "2016-07-31": "12.95500", "2016-04-30": "13.25100", "2016-01-31": "13.04000", "2015-10-31": "13.41800", "2015-07-31": "12.16000", "2015-04-30": "12.42700", "2015-01-31": "12.37200", "2014-10-31": "12.40100", "2014-07-31": "12.60700", "2014-04-30": "12.45900", "2014-01-31": "12.65100", "2013-10-31": "12.43400", "2013-07-31": "12.91400", "2013-04-30": "12.34800", "2013-01-31": "11.60800", "2012-10-31": "11.53500", "2012-07-31": "11.92400", "2012-04-30": "5.61400", "2012-01-31": "4.26400", "2011-10-31": "", "2011-07-31": "", "2011-04-30": "", "2011-01-31": "", "2010-07-31": ""}, "Long-Term Investments": {"2020-10-31": "254.95400", "2020-07-31": "300.77100", "2020-04-30": "291.76000", "2020-01-31": "274.56300", "2019-10-31": "300.79700", "2019-07-31": "213.52400", "2019-04-30": "242.99400", "2019-01-31": "171.87300", "2018-10-31": "144.35900", "2018-07-31": "190.95200", "2018-04-30": "164.20600", "2018-01-31": "64.27300", "2017-10-31": "92.38800", "2017-07-31": "114.58500", "2017-04-30": "113.91300", "2017-01-31": "146.12500", "2016-10-31": "155.85600", "2016-07-31": "107.56500", "2016-04-30": "102.16100", "2016-01-31": "109.82000", "2015-10-31": "127.11800", "2015-07-31": "106.11700", "2015-04-30": "93.82400", "2015-01-31": "81.77900", "2014-10-31": "130.76900", "2014-07-31": "203.44900", "2014-04-30": "169.78000", "2014-01-31": "144.20300", "2013-10-31": "48.19200", "2013-07-31": "51.04000", "2013-04-30": "49.47100", "2013-01-31": "37.39400", "2012-10-31": "", "2012-07-31": "", "2012-04-30": "", "2012-01-31": "", "2011-10-31": "", "2011-07-31": "", "2011-04-30": "", "2011-01-31": "", "2010-07-31": ""}, "Goodwill And Intangible Assets": {"2020-10-31": "374.26200", "2020-07-31": "380.58500", "2020-04-30": "386.90800", "2020-01-31": "393.51000", "2019-10-31": "400.25200", "2019-07-31": "407.41900", "2019-04-30": "414.63600", "2019-01-31": "421.91400", "2018-10-31": "429.22300", "2018-07-31": "436.53100", "2018-04-30": "445.47000", "2018-01-31": "453.91900", "2017-10-31": "208.46200", "2017-07-31": "213.16600", "2017-04-30": "218.11800", "2017-01-31": "72.11500", "2016-10-31": "74.50900", "2016-07-31": "44.28400", "2016-04-30": "44.79000", "2016-01-31": "12.48400", "2015-10-31": "12.84400", "2015-07-31": "13.20400", "2015-04-30": "13.56400", "2015-01-31": "13.92400", "2014-10-31": "14.28400", "2014-07-31": "14.64400", "2014-04-30": "15.00400", "2014-01-31": "15.30200", "2013-10-31": "15.66200", "2013-07-31": "15.92700", "2013-04-30": "", "2013-01-31": "", "2012-10-31": "", "2012-07-31": "", "2012-04-30": "", "2012-01-31": "", "2011-10-31": "0.00000", "2011-07-31": "", "2011-04-30": "0.00000", "2011-01-31": "0.00000", "2010-07-31": "0.00000"}, "Other Long-Term Assets": {"2020-10-31": "36.51200", "2020-07-31": "34.94400", "2020-04-30": "31.68300", "2020-01-31": "43.09200", "2019-10-31": "43.32200", "2019-07-31": "45.55400", "2019-04-30": "35.20400", "2019-01-31": "35.33000", "2018-10-31": "32.73100", "2018-07-31": "22.52500", "2018-04-30": "21.70400", "2018-01-31": "20.65800", "2017-10-31": "21.85300", "2017-07-31": "20.10400", "2017-04-30": "13.15600", "2017-01-31": "9.11600", "2016-10-31": "8.95500", "2016-07-31": "12.33800", "2016-04-30": "11.62300", "2016-01-31": "3.68100", "2015-10-31": "1.67500", "2015-07-31": "0.92600", "2015-04-30": "0.81700", "2015-01-31": "0.92400", "2014-10-31": "1.33300", "2014-07-31": "1.41600", "2014-04-30": "1.48500", "2014-01-31": "1.03400", "2013-10-31": "1.10300", "2013-07-31": "1.20500", "2013-04-30": "0.46700", "2013-01-31": "0.51100", "2012-10-31": "0.53400", "2012-07-31": "0.54500", "2012-04-30": "0.55900", "2012-01-31": "3.28300", "2011-10-31": "", "2011-07-31": "", "2011-04-30": "", "2011-01-31": "", "2010-07-31": ""}, "Total Long-Term Assets": {"2020-10-31": "989.86210", "2020-07-31": "1021.63400", "2020-04-30": "984.56900", "2020-01-31": "973.60600", "2019-10-31": "1009.29900", "2019-07-31": "831.98900", "2019-04-30": "849.46400", "2019-01-31": "754.51500", "2018-10-31": "716.83100", "2018-07-31": "758.97200", "2018-04-30": "705.90590", "2018-01-31": "644.75600", "2017-10-31": "482.51400", "2017-07-31": "399.66100", "2017-04-30": "400.04300", "2017-01-31": "280.61500", "2016-10-31": "297.90100", "2016-07-31": "208.50600", "2016-04-30": "204.05600", "2016-01-31": "160.45500", "2015-10-31": "167.85000", "2015-07-31": "138.30300", "2015-04-30": "136.56800", "2015-01-31": "120.50300", "2014-10-31": "168.45400", "2014-07-31": "240.79700", "2014-04-30": "230.51400", "2014-01-31": "204.01200", "2013-10-31": "105.91700", "2013-07-31": "95.58000", "2013-04-30": "71.59900", "2013-01-31": "58.82600", "2012-10-31": "21.38200", "2012-07-31": "21.78200", "2012-04-30": "28.24600", "2012-01-31": "29.62000", "2011-10-31": "", "2011-07-31": "", "2011-04-30": "", "2011-01-31": "", "2010-07-31": ""}, "Total Assets": {"2020-10-31": "2338.95700", "2020-07-31": "2364.85200", "2020-04-30": "2208.86800", "2020-01-31": "2221.59000", "2019-10-31": "2199.02400", "2019-07-31": "2166.96300", "2019-04-30": "2058.69900", "2019-01-31": "2018.31300", "2018-10-31": "1968.79300", "2018-07-31": "1981.43300", "2018-04-30": "1832.53300", "2018-01-31": "1283.69400", "2017-10-31": "1150.14800", "2017-07-31": "1078.90100", "2017-04-30": "1003.21400", "2017-01-31": "951.91400", "2016-10-31": "903.39400", "2016-07-31": "916.17800", "2016-04-30": "858.42100", "2016-01-31": "824.27700", "2015-10-31": "786.93200", "2015-07-31": "799.94700", "2015-04-30": "770.90000", "2015-01-31": "749.02000", "2014-10-31": "731.78200", "2014-07-31": "757.22700", "2014-04-30": "733.70800", "2014-01-31": "716.29100", "2013-10-31": "693.04800", "2013-07-31": "305.67300", "2013-04-30": "299.16500", "2013-01-31": "288.68800", "2012-10-31": "267.74100", "2012-07-31": "284.24700", "2012-04-30": "276.07100", "2012-01-31": "244.85200", "2011-10-31": "0.00000", "2011-07-31": "0.00000", "2011-04-30": "0.00000", "2011-01-31": "0.00000", "2010-07-31": "0.00000"}, "Total Current Liabilities": {"2020-10-31": "185.62300", "2020-07-31": "225.19800", "2020-04-30": "176.71700", "2020-01-31": "182.58600", "2019-10-31": "164.68600", "2019-07-31": "232.27200", "2019-04-30": "189.40400", "2019-01-31": "169.67000", "2018-10-31": "149.11800", "2018-07-31": "238.15700", "2018-04-30": "188.69400", "2018-01-31": "172.72900", "2017-10-31": "135.43200", "2017-07-31": "168.36700", "2017-04-30": "164.06500", "2017-01-31": "128.57500", "2016-10-31": "100.07000", "2016-07-31": "119.08300", "2016-04-30": "108.10400", "2016-01-31": "94.45600", "2015-10-31": "76.71100", "2015-07-31": "104.40900", "2015-04-30": "103.36000", "2015-01-31": "84.14900", "2014-10-31": "73.89100", "2014-07-31": "95.38600", "2014-04-30": "88.46600", "2014-01-31": "77.29100", "2013-10-31": "66.97700", "2013-07-31": "74.78400", "2013-04-30": "81.28100", "2013-01-31": "74.08300", "2012-10-31": "66.70300", "2012-07-31": "93.18700", "2012-04-30": "81.68300", "2012-01-31": "70.84500", "2011-10-31": "", "2011-07-31": "", "2011-04-30": "", "2011-01-31": "", "2010-07-31": ""}, "Long Term Debt": {"2020-10-31": "333.54300", "2020-07-31": "330.20800", "2020-04-30": "326.92000", "2020-01-31": "323.67600", "2019-10-31": "320.47700", "2019-07-31": "317.32200", "2019-04-30": "314.21000", "2019-01-31": "311.14100", "2018-10-31": "308.11400", "2018-07-31": "305.12800", "2018-04-30": "302.18400", "2018-01-31": "", "2017-10-31": "", "2017-07-31": "", "2017-04-30": "", "2017-01-31": "", "2016-10-31": "", "2016-07-31": "", "2016-04-30": "", "2016-01-31": "", "2015-10-31": "", "2015-07-31": "", "2015-04-30": "", "2015-01-31": "", "2014-10-31": "", "2014-07-31": "", "2014-04-30": "", "2014-01-31": "", "2013-10-31": "", "2013-07-31": "", "2013-04-30": "", "2013-01-31": "", "2012-10-31": "", "2012-07-31": "", "2012-04-30": "", "2012-01-31": "", "2011-10-31": "", "2011-07-31": "", "2011-04-30": "", "2011-01-31": "", "2010-07-31": ""}, "Other Non-Current Liabilities": {"2020-10-31": "20.97400", "2020-07-31": "18.58500", "2020-04-30": "3.09900", "2020-01-31": "1.47500", "2019-10-31": "1.43500", "2019-07-31": "19.64100", "2019-04-30": "7.91500", "2019-01-31": "1.73900", "2018-10-31": "1.19500", "2018-07-31": "0.77400", "2018-04-30": "1.12100", "2018-01-31": "1.63100", "2017-10-31": "1.79600", "2017-07-31": "2.11200", "2017-04-30": "2.39300", "2017-01-31": "2.86600", "2016-10-31": "3.31700", "2016-07-31": "3.41500", "2016-04-30": "3.47200", "2016-01-31": "3.76200", "2015-10-31": "3.95100", "2015-07-31": "4.35000", "2015-04-30": "4.38100", "2015-01-31": "4.51000", "2014-10-31": "4.60300", "2014-07-31": "4.76000", "2014-04-30": "4.69500", "2014-01-31": "4.90000", "2013-10-31": "5.02900", "2013-07-31": "5.21200", "2013-04-30": "5.38800", "2013-01-31": "5.55500", "2012-10-31": "5.36200", "2012-07-31": "4.52900", "2012-04-30": "0.38400", "2012-01-31": "0.24100", "2011-10-31": "", "2011-07-31": "", "2011-04-30": "", "2011-01-31": "", "2010-07-31": ""}, "Total Long Term Liabilities": {"2020-10-31": "493.47300", "2020-07-31": "482.88600", "2020-04-30": "446.13800", "2020-01-31": "446.43900", "2019-10-31": "448.81300", "2019-07-31": "360.49000", "2019-04-30": "343.29400", "2019-01-31": "334.26100", "2018-10-31": "331.95200", "2018-07-31": "329.66000", "2018-04-30": "323.97200", "2018-01-31": "23.47600", "2017-10-31": "26.31500", "2017-07-31": "22.00400", "2017-04-30": "5.24100", "2017-01-31": "5.64000", "2016-10-31": "9.10500", "2016-07-31": "13.16000", "2016-04-30": "9.11000", "2016-01-31": "7.92900", "2015-10-31": "6.60900", "2015-07-31": "6.15000", "2015-04-30": "6.19300", "2015-01-31": "5.80000", "2014-10-31": "6.57800", "2014-07-31": "11.15500", "2014-04-30": "10.24700", "2014-01-31": "10.11100", "2013-10-31": "8.71500", "2013-07-31": "9.05700", "2013-04-30": "8.41000", "2013-01-31": "7.56900", "2012-10-31": "7.41900", "2012-07-31": "7.09800", "2012-04-30": "7.33700", "2012-01-31": "15.23300", "2011-10-31": "", "2011-07-31": "", "2011-04-30": "", "2011-01-31": "", "2010-07-31": ""}, "Total Liabilities": {"2020-10-31": "679.09600", "2020-07-31": "708.08400", "2020-04-30": "622.85500", "2020-01-31": "629.02500", "2019-10-31": "613.49900", "2019-07-31": "592.76200", "2019-04-30": "532.69800", "2019-01-31": "503.93100", "2018-10-31": "481.07000", "2018-07-31": "567.81700", "2018-04-30": "512.66600", "2018-01-31": "196.20500", "2017-10-31": "161.74700", "2017-07-31": "190.37100", "2017-04-30": "169.30600", "2017-01-31": "134.21500", "2016-10-31": "109.17500", "2016-07-31": "132.24300", "2016-04-30": "117.21400", "2016-01-31": "102.38500", "2015-10-31": "83.32000", "2015-07-31": "110.55900", "2015-04-30": "109.55300", "2015-01-31": "89.94900", "2014-10-31": "80.46900", "2014-07-31": "106.54100", "2014-04-30": "98.71300", "2014-01-31": "87.40200", "2013-10-31": "75.69200", "2013-07-31": "83.84100", "2013-04-30": "89.69100", "2013-01-31": "81.65200", "2012-10-31": "74.12200", "2012-07-31": "100.28500", "2012-04-30": "89.02000", "2012-01-31": "86.07800", "2011-10-31": "0.00000", "2011-07-31": "", "2011-04-30": "0.00000", "2011-01-31": "0.00000", "2010-07-31": "0.00000"}, "Common Stock Net": {"2020-10-31": "0.00800", "2020-07-31": "0.00800", "2020-04-30": "0.00800", "2020-01-31": "0.00800", "2019-10-31": "0.00800", "2019-07-31": "0.00800", "2019-04-30": "0.00800", "2019-01-31": "0.00800", "2018-10-31": "0.00800", "2018-07-31": "0.00800", "2018-04-30": "0.00800", "2018-01-31": "0.00800", "2017-10-31": "0.00800", "2017-07-31": "0.00800", "2017-04-30": "0.00700", "2017-01-31": "0.00700", "2016-10-31": "0.00700", "2016-07-31": "0.00700", "2016-04-30": "0.00700", "2016-01-31": "0.00700", "2015-10-31": "0.00700", "2015-07-31": "0.00700", "2015-04-30": "0.00700", "2015-01-31": "0.00700", "2014-10-31": "0.00700", "2014-07-31": "0.00700", "2014-04-30": "0.00700", "2014-01-31": "0.00700", "2013-10-31": "0.00700", "2013-07-31": "0.00600", "2013-04-30": "0.00600", "2013-01-31": "0.00600", "2012-10-31": "0.00500", "2012-07-31": "0.00500", "2012-04-30": "0.00500", "2012-01-31": "0.00500", "2011-10-31": "0.00000", "2011-07-31": "", "2011-04-30": "0.00000", "2011-01-31": "0.00000", "2010-07-31": "0.00000"}, "Retained Earnings (Accumulated Deficit)": {"2020-10-31": "137.76600", "2020-07-31": "162.95600", "2020-04-30": "124.18100", "2020-01-31": "155.21900", "2019-10-31": "175.16300", "2019-07-31": "190.04700", "2019-04-30": "167.03800", "2019-01-31": "175.30800", "2018-10-31": "174.55000", "2018-07-31": "124.97600", "2018-04-30": "50.07800", "2018-01-31": "98.70000", "2017-10-31": "144.25500", "2017-07-31": "65.90300", "2017-04-30": "42.12800", "2017-01-31": "43.94700", "2016-10-31": "39.97300", "2016-07-31": "47.83100", "2016-04-30": "31.73400", "2016-01-31": "32.13800", "2015-10-31": "31.22500", "2015-07-31": "32.85500", "2015-04-30": "20.96200", "2015-01-31": "23.94900", "2014-10-31": "19.97300", "2014-07-31": "22.97000", "2014-04-30": "-20.65300", "2014-01-31": "-19.29500", "2013-10-31": "-18.40300", "2013-07-31": "8.24900", "2013-04-30": "-19.89300", "2013-01-31": "-17.22300", "2012-10-31": "-22.72400", "2012-07-31": "-23.17100", "2012-04-30": "-26.71900", "2012-01-31": "-29.86800", "2011-10-31": "", "2011-07-31": "", "2011-04-30": "", "2011-01-31": "", "2010-07-31": ""}, "Comprehensive Income": {"2020-10-31": "-7.07300", "2020-07-31": "-5.24600", "2020-04-30": "-9.51600", "2020-01-31": "-7.25900", "2019-10-31": "-6.68300", "2019-07-31": "-7.75800", "2019-04-30": "-7.94400", "2019-01-31": "-7.55400", "2018-10-31": "-8.71300", "2018-07-31": "-7.74800", "2018-04-30": "-6.59800", "2018-01-31": "-4.77800", "2017-10-31": "-6.56700", "2017-07-31": "-5.79600", "2017-04-30": "-7.71800", "2017-01-31": "-7.89000", "2016-10-31": "-7.66700", "2016-07-31": "-6.59300", "2016-04-30": "-5.78700", "2016-01-31": "-7.88100", "2015-10-31": "-6.70000", "2015-07-31": "-6.34300", "2015-04-30": "-4.97100", "2015-01-31": "-5.45800", "2014-10-31": "-2.60600", "2014-07-31": "-1.36700", "2014-04-30": "-1.38600", "2014-01-31": "-1.97100", "2013-10-31": "-1.15200", "2013-07-31": "-1.57400", "2013-04-30": "-0.65200", "2013-01-31": "-0.47700", "2012-10-31": "-0.51200", "2012-07-31": "-0.49600", "2012-04-30": "-0.38600", "2012-01-31": "-0.39900", "2011-10-31": "", "2011-07-31": "", "2011-04-30": "", "2011-01-31": "", "2010-07-31": ""}, "Other Share Holders Equity": {"2020-10-31": "", "2020-07-31": "", "2020-04-30": "", "2020-01-31": "", "2019-10-31": "", "2019-07-31": "", "2019-04-30": "", "2019-01-31": "", "2018-10-31": "", "2018-07-31": "", "2018-04-30": "", "2018-01-31": "", "2017-10-31": "", "2017-07-31": "", "2017-04-30": "", "2017-01-31": "", "2016-10-31": "", "2016-07-31": "", "2016-04-30": "", "2016-01-31": "", "2015-10-31": "", "2015-07-31": "", "2015-04-30": "", "2015-01-31": "", "2014-10-31": "", "2014-07-31": "", "2014-04-30": "", "2014-01-31": "", "2013-10-31": "", "2013-07-31": "", "2013-04-30": "", "2013-01-31": "", "2012-10-31": "", "2012-07-31": "", "2012-04-30": "", "2012-01-31": "", "2011-10-31": "0.00000", "2011-07-31": "", "2011-04-30": "0.00000", "2011-01-31": "0.00000", "2010-07-31": "0.00000"}, "Share Holder Equity": {"2020-10-31": "1659.86100", "2020-07-31": "1656.76800", "2020-04-30": "1586.01300", "2020-01-31": "1592.56500", "2019-10-31": "1585.52500", "2019-07-31": "1574.20100", "2019-04-30": "1526.00100", "2019-01-31": "1514.38200", "2018-10-31": "1487.72300", "2018-07-31": "1413.61600", "2018-04-30": "1319.86700", "2018-01-31": "1087.48900", "2017-10-31": "988.40100", "2017-07-31": "888.53000", "2017-04-30": "833.90800", "2017-01-31": "817.69900", "2016-10-31": "794.21900", "2016-07-31": "783.93500", "2016-04-30": "741.20700", "2016-01-31": "721.89200", "2015-10-31": "703.61200", "2015-07-31": "689.38800", "2015-04-30": "661.34700", "2015-01-31": "659.07100", "2014-10-31": "651.31300", "2014-07-31": "650.68600", "2014-04-30": "634.99500", "2014-01-31": "628.88900", "2013-10-31": "617.35600", "2013-07-31": "221.83200", "2013-04-30": "209.47400", "2013-01-31": "207.03600", "2012-10-31": "193.61900", "2012-07-31": "183.96200", "2012-04-30": "187.05100", "2012-01-31": "158.77400", "2011-10-31": "0.00000", "2011-07-31": "", "2011-04-30": "0.00000", "2011-01-31": "0.00000", "2010-07-31": "0.00000"}, "Total Liabilities And Share Holders Equity": {"2020-10-31": "2338.95700", "2020-07-31": "2364.85200", "2020-04-30": "2208.86800", "2020-01-31": "2221.59000", "2019-10-31": "2199.02400", "2019-07-31": "2166.96300", "2019-04-30": "2058.69900", "2019-01-31": "2018.31300", "2018-10-31": "1968.79300", "2018-07-31": "1981.43300", "2018-04-30": "1832.53300", "2018-01-31": "1283.69400", "2017-10-31": "1150.14800", "2017-07-31": "1078.90100", "2017-04-30": "1003.21400", "2017-01-31": "951.91400", "2016-10-31": "903.39400", "2016-07-31": "916.17800", "2016-04-30": "858.42100", "2016-01-31": "824.27700", "2015-10-31": "786.93200", "2015-07-31": "799.94700", "2015-04-30": "770.90000", "2015-01-31": "749.02000", "2014-10-31": "731.78200", "2014-07-31": "757.22700", "2014-04-30": "733.70800", "2014-01-31": "716.29100", "2013-10-31": "693.04800", "2013-07-31": "305.67300", "2013-04-30": "299.16500", "2013-01-31": "288.68800", "2012-10-31": "267.74100", "2012-07-31": "284.24700", "2012-04-30": "276.07100", "2012-01-31": "244.85200", "2011-10-31": "0.00000", "2011-07-31": "", "2011-04-30": "0.00000", "2011-01-31": "0.00000", "2010-07-31": "0.00000"}}, "cash flow statement": {"Net Income/Loss": {"2020-07-31": "-27.19800", "2019-07-31": "20.73200", "2018-07-31": "-26.74300", "2017-07-31": "18.07200", "2016-07-31": "14.97600", "2015-07-31": "9.88500", "2014-07-31": "14.72100", "2013-07-31": "24.65800", "2012-07-31": "18.66400", "2011-07-31": "35.55800", "2010-07-31": "15.51900"}, "Total Depreciation And Amortization - Cash Flow": {"2020-07-31": "53.64500", "2019-07-31": "44.39000", "2018-07-31": "38.70500", "2017-07-31": "20.18700", "2016-07-31": "11.35800", "2015-07-31": "12.31900", "2014-07-31": "10.24100", "2013-07-31": "5.34100", "2012-07-31": "2.91700", "2011-07-31": "2.22600", "2010-07-31": "1.37600"}, "Other Non-Cash Items": {"2020-07-31": "101.73600", "2019-07-31": "78.37700", "2018-07-31": "104.82600", "2017-07-31": "63.09900", "2016-07-31": "54.46100", "2015-07-31": "48.13300", "2014-07-31": "32.85200", "2013-07-31": "22.68800", "2012-07-31": "19.67200", "2011-07-31": "-21.43700", "2010-07-31": "2.92700"}, "Total Non-Cash Items": {"2020-07-31": "155.38100", "2019-07-31": "122.76700", "2018-07-31": "143.53100", "2017-07-31": "83.28600", "2016-07-31": "65.81900", "2015-07-31": "60.45200", "2014-07-31": "43.09300", "2013-07-31": "28.02900", "2012-07-31": "22.58900", "2011-07-31": "-19.21100", "2010-07-31": "4.30300"}, "Change In Accounts Receivable": {"2020-07-31": "23.87800", "2019-07-31": "-15.05700", "2018-07-31": "-40.83200", "2017-07-31": "-9.75000", "2016-07-31": "-0.07500", "2015-07-31": "-12.99900", "2014-07-31": "-9.27600", "2013-07-31": "-8.47800", "2012-07-31": "-9.32500", "2011-07-31": "-6.28400", "2010-07-31": "4.95700"}, "Change In Inventories": {"2020-07-31": "", "2019-07-31": "", "2018-07-31": "", "2017-07-31": "", "2016-07-31": "", "2015-07-31": "", "2014-07-31": "", "2013-07-31": "", "2012-07-31": "", "2011-07-31": "", "2010-07-31": ""}, "Change In Accounts Payable": {"2020-07-31": "-1.20900", "2019-07-31": "-5.52100", "2018-07-31": "16.79400", "2017-07-31": "1.31100", "2016-07-31": "0.60300", "2015-07-31": "2.26600", "2014-07-31": "0.39300", "2013-07-31": "0.35500", "2012-07-31": "1.05900", "2011-07-31": "0.57700", "2010-07-31": "0.44200"}, "Change In Assets/Liabilities": {"2020-07-31": "-22.16200", "2019-07-31": "-20.62000", "2018-07-31": "38.47900", "2017-07-31": "38.70200", "2016-07-31": "14.46300", "2015-07-31": "0.81200", "2014-07-31": "18.09700", "2013-07-31": "-12.16400", "2012-07-31": "-24.13700", "2011-07-31": "16.63300", "2010-07-31": "-19.14700"}, "Total Change In Assets/Liabilities": {"2020-07-31": "-15.11700", "2019-07-31": "-27.37300", "2018-07-31": "23.67100", "2017-07-31": "37.40100", "2016-07-31": "19.10500", "2015-07-31": "-6.66000", "2014-07-31": "17.67700", "2013-07-31": "-20.14000", "2012-07-31": "-24.15900", "2011-07-31": "11.33900", "2010-07-31": "-10.28800"}, "Cash Flow From Operating Activities": {"2020-07-31": "113.06600", "2019-07-31": "116.12600", "2018-07-31": "140.45900", "2017-07-31": "138.75900", "2016-07-31": "99.90000", "2015-07-31": "63.67700", "2014-07-31": "75.49100", "2013-07-31": "32.54700", "2012-07-31": "17.09400", "2011-07-31": "27.68600", "2010-07-31": "9.53400"}, "Net Change In Property, Plant, And Equipment": {"2020-07-31": "-25.66000", "2019-07-31": "-48.85700", "2018-07-31": "-12.01100", "2017-07-31": "-6.67000", "2016-07-31": "-7.11100", "2015-07-31": "-6.30100", "2014-07-31": "-4.99300", "2013-07-31": "-9.22800", "2012-07-31": "-5.61900", "2011-07-31": "-2.77600", "2010-07-31": "-2.23800"}, "Net Change In Intangible Assets": {"2020-07-31": "", "2019-07-31": "", "2018-07-31": "", "2017-07-31": "", "2016-07-31": "", "2015-07-31": "", "2014-07-31": "", "2013-07-31": "", "2012-07-31": "", "2011-07-31": "", "2010-07-31": ""}, "Net Acquisitions/Divestitures": {"2020-07-31": "", "2019-07-31": "", "2018-07-31": "-130.05900", "2017-07-31": "-187.59000", "2016-07-31": "-39.53000", "2015-07-31": "", "2014-07-31": "-0.15700", "2013-07-31": "-14.74900", "2012-07-31": "", "2011-07-31": "", "2010-07-31": ""}, "Net Change In Short-term Investments": {"2020-07-31": "19.85900", "2019-07-31": "-252.57600", "2018-07-31": "-395.51400", "2017-07-31": "80.91800", "2016-07-31": "-54.61200", "2015-07-31": "29.37100", "2014-07-31": "-375.27000", "2013-07-31": "-128.46800", "2012-07-31": "", "2011-07-31": "", "2010-07-31": ""}, "Net Change In Long-Term Investments": {"2020-07-31": "", "2019-07-31": "", "2018-07-31": "", "2017-07-31": "", "2016-07-31": "", "2015-07-31": "", "2014-07-31": "", "2013-07-31": "", "2012-07-31": "", "2011-07-31": "", "2010-07-31": ""}, "Net Change In Investments - Total": {"2020-07-31": "19.85900", "2019-07-31": "-252.57600", "2018-07-31": "-395.51400", "2017-07-31": "80.91800", "2016-07-31": "-54.61200", "2015-07-31": "29.37100", "2014-07-31": "-375.27000", "2013-07-31": "-128.46800", "2012-07-31": "", "2011-07-31": "", "2010-07-31": ""}, "Investing Activities - Other": {"2020-07-31": "", "2019-07-31": "", "2018-07-31": "", "2017-07-31": "", "2016-07-31": "", "2015-07-31": "", "2014-07-31": "", "2013-07-31": "3.53200", "2012-07-31": "2.32300", "2011-07-31": "-5.53400", "2010-07-31": "1.19800"}, "Cash Flow From Investing Activities": {"2020-07-31": "-5.80100", "2019-07-31": "-301.43300", "2018-07-31": "-537.58400", "2017-07-31": "-113.34200", "2016-07-31": "-101.25300", "2015-07-31": "23.07000", "2014-07-31": "-380.42000", "2013-07-31": "-148.91300", "2012-07-31": "-3.29600", "2011-07-31": "-8.31000", "2010-07-31": "-1.04000"}, "Net Long-Term Debt": {"2020-07-31": "", "2019-07-31": "", "2018-07-31": "387.23900", "2017-07-31": "", "2016-07-31": "", "2015-07-31": "", "2014-07-31": "", "2013-07-31": "", "2012-07-31": "", "2011-07-31": "", "2010-07-31": ""}, "Net Current Debt": {"2020-07-31": "", "2019-07-31": "", "2018-07-31": "", "2017-07-31": "", "2016-07-31": "", "2015-07-31": "", "2014-07-31": "", "2013-07-31": "", "2012-07-31": "", "2011-07-31": "", "2010-07-31": ""}, "Debt Issuance/Retirement Net - Total": {"2020-07-31": "", "2019-07-31": "", "2018-07-31": "387.23900", "2017-07-31": "", "2016-07-31": "", "2015-07-31": "", "2014-07-31": "", "2013-07-31": "", "2012-07-31": "", "2011-07-31": "", "2010-07-31": ""}, "Net Common Equity Issued/Repurchased": {"2020-07-31": "4.95500", "2019-07-31": "3.95400", "2018-07-31": "222.96100", "2017-07-31": "5.56300", "2016-07-31": "7.84000", "2015-07-31": "6.29400", "2014-07-31": "398.70400", "2013-07-31": "9.12300", "2012-07-31": "148.45300", "2011-07-31": "0.93100", "2010-07-31": "0.78500"}, "Net Total Equity Issued/Repurchased": {"2020-07-31": "4.95500", "2019-07-31": "3.95400", "2018-07-31": "222.96100", "2017-07-31": "5.56300", "2016-07-31": "7.84000", "2015-07-31": "6.29400", "2014-07-31": "398.70400", "2013-07-31": "9.12300", "2012-07-31": "148.45300", "2011-07-31": "0.93100", "2010-07-31": "0.78500"}, "Total Common And Preferred Stock Dividends Paid": {"2020-07-31": "", "2019-07-31": "", "2018-07-31": "", "2017-07-31": "", "2016-07-31": "", "2015-07-31": "", "2014-07-31": "", "2013-07-31": "", "2012-07-31": "", "2011-07-31": "", "2010-07-31": ""}, "Financial Activities - Other": {"2020-07-31": "", "2019-07-31": "", "2018-07-31": "-37.20000", "2017-07-31": "7.46800", "2016-07-31": "5.61400", "2015-07-31": "-23.64500", "2014-07-31": "-26.14000", "2013-07-31": "-17.74400", "2012-07-31": "-15.44600", "2011-07-31": "", "2010-07-31": ""}, "Cash Flow From Financial Activities": {"2020-07-31": "4.95500", "2019-07-31": "3.95400", "2018-07-31": "573.00000", "2017-07-31": "13.03100", "2016-07-31": "13.45400", "2015-07-31": "-17.35100", "2014-07-31": "372.56400", "2013-07-31": "-8.62100", "2012-07-31": "133.00700", "2011-07-31": "0.93100", "2010-07-31": "0.78500"}, "Net Cash Flow": {"2020-07-31": "112.86800", "2019-07-31": "-183.03900", "2018-07-31": "173.96400", "2017-07-31": "39.59400", "2016-07-31": "11.22000", "2015-07-31": "64.26100", "2014-07-31": "68.33400", "2013-07-31": "-125.95100", "2012-07-31": "146.09300", "2011-07-31": "22.21400", "2010-07-31": "9.82600"}, "Stock-Based Compensation": {"2020-07-31": "101.81700", "2019-07-31": "91.51600", "2018-07-31": "89.61400", "2017-07-31": "71.79400", "2016-07-31": "66.13100", "2015-07-31": "51.37500", "2014-07-31": "42.53800", "2013-07-31": "25.50500", "2012-07-31": "12.92300", "2011-07-31": "6.68000", "2010-07-31": "3.35400"}, "Common Stock Dividends Paid": {"2020-07-31": "", "2019-07-31": "", "2018-07-31": "", "2017-07-31": "", "2016-07-31": "", "2015-07-31": "", "2014-07-31": "", "2013-07-31": "", "2012-07-31": "", "2011-07-31": "", "2010-07-31": ""}}, "cash flow statement, quarterly": {"Net Income/Loss": {"2020-10-31": "-20.19000", "2020-07-31": 38.775, "2020-04-30": -31.038, "2020-01-31": -19.944, "2019-10-31": "-14.99100", "2019-07-31": 23.005, "2019-04-30": -8.581, "2019-01-31": -0.001, "2018-10-31": "6.30900", "2018-07-31": 58.777, "2018-04-30": -31.051, "2018-01-31": -45.555, "2017-10-31": "-8.91400", "2017-07-31": 23.775, "2017-04-30": -1.819, "2017-01-31": 3.974, "2016-10-31": "-7.85800", "2016-07-31": 16.097, "2016-04-30": -0.404, "2016-01-31": 0.913, "2015-10-31": "-1.63000", "2015-07-31": 11.893, "2015-04-30": -2.987, "2015-01-31": 3.976, "2014-10-31": "-2.99700", "2014-07-31": 19.757, "2014-04-30": -1.913, "2014-01-31": 3.332, "2013-10-31": "-6.45500", "2013-07-31": 21.38, "2013-04-30": -2.67, "2013-01-31": 5.501, "2012-10-31": "0.44700", "2012-07-31": 7.012, "2012-04-30": 3.149, "2012-01-31": 3.691, "2011-10-31": "4.81200", "2011-07-31": -1.176, "2011-04-30": 29.4, "2011-01-31": -8.184, "2010-07-31": 15.51}, "Total Depreciation And Amortization - Cash Flow": {"2020-10-31": "15.26200", "2020-07-31": 14.158, "2020-04-30": 13.501, "2020-01-31": 13.304, "2019-10-31": "12.68200", "2019-07-31": 11.864, "2019-04-30": 10.888, "2019-01-31": 10.79, "2018-10-31": "10.84800", "2018-07-31": 11.054, "2018-04-30": 10.975, "2018-01-31": 9.832, "2017-10-31": "6.84400", "2017-07-31": 6.778, "2017-04-30": 6.158, "2017-01-31": 3.71, "2016-10-31": "3.54100", "2016-07-31": 2.851, "2016-04-30": 3.127, "2016-01-31": 2.712, "2015-10-31": "2.66800", "2015-07-31": 2.781, "2015-04-30": 3.033, "2015-01-31": 3.318, "2014-10-31": "3.18700", "2014-07-31": 5.263, "2014-04-30": 1.77, "2014-01-31": 1.617, "2013-10-31": "1.59100", "2013-07-31": 2.159, "2013-04-30": 1.137, "2013-01-31": 0.945, "2012-10-31": "1.10000", "2012-07-31": 0.77, "2012-04-30": 0.783, "2012-01-31": 0.685, "2011-10-31": "0.67900", "2011-07-31": 1.186, "2011-04-30": 0.413, "2011-01-31": -0.749, "2010-07-31": 1.37}, "Other Non-Cash Items": {"2020-10-31": "16.20400", "2020-07-31": 25.144, "2020-04-30": 28.209, "2020-01-31": 30.843, "2019-10-31": "17.54000", "2019-07-31": 20.402, "2019-04-30": 16.103, "2019-01-31": 21.307, "2018-10-31": "20.56500", "2018-07-31": 11.64, "2018-04-30": 24.244, "2018-01-31": 73.027, "2017-10-31": "-4.08500", "2017-07-31": 15.255, "2017-04-30": 16.997, "2017-01-31": 23.472, "2016-10-31": "7.37500", "2016-07-31": 12.863, "2016-04-30": 12.152, "2016-01-31": 21.661, "2015-10-31": "7.78500", "2015-07-31": 18.108, "2015-04-30": 7.998, "2015-01-31": 10.994, "2014-10-31": "11.03300", "2014-07-31": 2.784, "2014-04-30": 13.829, "2014-01-31": 13.036, "2013-10-31": "3.20300", "2013-07-31": -0.912, "2013-04-30": 5.548, "2013-01-31": 9.299, "2012-10-31": "8.75300", "2012-07-31": 0.177, "2012-04-30": 6.05, "2012-01-31": 7.314, "2011-10-31": "6.13100", "2011-07-31": 18.478, "2011-04-30": -20.961, "2011-01-31": 2.483, "2010-07-31": 0}, "Total Non-Cash Items": {"2020-10-31": "31.46600", "2020-07-31": 39.302, "2020-04-30": 41.71, "2020-01-31": 44.147, "2019-10-31": "30.22200", "2019-07-31": 32.266, "2019-04-30": 26.991, "2019-01-31": 32.097, "2018-10-31": "31.41300", "2018-07-31": 22.694, "2018-04-30": 35.219, "2018-01-31": 82.859, "2017-10-31": "2.75900", "2017-07-31": 22.033, "2017-04-30": 23.155, "2017-01-31": 27.182, "2016-10-31": "10.91600", "2016-07-31": 15.714, "2016-04-30": 15.279, "2016-01-31": 24.373, "2015-10-31": "10.45300", "2015-07-31": 20.889, "2015-04-30": 11.031, "2015-01-31": 14.312, "2014-10-31": "14.22000", "2014-07-31": 8.047, "2014-04-30": 15.599, "2014-01-31": 14.653, "2013-10-31": "4.79400", "2013-07-31": 1.247, "2013-04-30": 6.685, "2013-01-31": 10.244, "2012-10-31": "9.85300", "2012-07-31": 0.947, "2012-04-30": 6.833, "2012-01-31": 7.999, "2011-10-31": "6.81000", "2011-07-31": 19.664, "2011-04-30": -20.548, "2011-01-31": 1.734, "2010-07-31": 1.37}, "Change In Accounts Receivable": {"2020-10-31": "35.92400", "2020-07-31": -34.302, "2020-04-30": 21.921, "2020-01-31": -22.308, "2019-10-31": "58.56700", "2019-07-31": -29.826, "2019-04-30": 10.355, "2019-01-31": -23.786, "2018-10-31": "28.20000", "2018-07-31": -24.023, "2018-04-30": -0.464, "2018-01-31": -17.2, "2017-10-31": "0.85500", "2017-07-31": 15.995, "2017-04-30": -24.922, "2017-01-31": -9.505, "2016-10-31": "8.68200", "2016-07-31": -1.643, "2016-04-30": -0.653, "2016-01-31": -5.417, "2015-10-31": "7.63800", "2015-07-31": -2.942, "2015-04-30": 2.718, "2015-01-31": -22.268, "2014-10-31": "9.49300", "2014-07-31": 8.544, "2014-04-30": -1.702, "2014-01-31": -9.908, "2013-10-31": "-6.21000", "2013-07-31": 7.471, "2013-04-30": -6.435, "2013-01-31": -3.667, "2012-10-31": "-5.84700", "2012-07-31": 3.072, "2012-04-30": -0.832, "2012-01-31": -3.816, "2011-10-31": "-7.74900", "2011-07-31": 13.5, "2011-04-30": -8.418, "2011-01-31": -5.082, "2010-07-31": 0}, "Change In Inventories": {"2020-10-31": "", "2020-07-31": 0, "2020-04-30": 0, "2020-01-31": 0, "2019-10-31": "", "2019-07-31": 0, "2019-04-30": 0, "2019-01-31": 0, "2018-10-31": "", "2018-07-31": 0, "2018-04-30": 0, "2018-01-31": 0, "2017-10-31": "", "2017-07-31": 0, "2017-04-30": 0, "2017-01-31": 0, "2016-10-31": "", "2016-07-31": 0, "2016-04-30": 0, "2016-01-31": 0, "2015-10-31": "", "2015-07-31": 0, "2015-04-30": 0, "2015-01-31": 0, "2014-10-31": "", "2014-07-31": 0, "2014-04-30": 0, "2014-01-31": 0, "2013-10-31": "", "2013-07-31": 0, "2013-04-30": 0, "2013-01-31": 0, "2012-10-31": "", "2012-07-31": 0, "2012-04-30": 0, "2012-01-31": 0, "2011-10-31": "", "2011-07-31": 0, "2011-04-30": 0, "2011-01-31": 0, "2010-07-31": 0}, "Change In Accounts Payable": {"2020-10-31": "-2.19800", "2020-07-31": 4.471, "2020-04-30": -1.648, "2020-01-31": -1.023, "2019-10-31": "-3.00900", "2019-07-31": 5.615, "2019-04-30": 3.339, "2019-01-31": -6.544, "2018-10-31": "-7.93100", "2018-07-31": 12.225, "2018-04-30": -0.265, "2018-01-31": 2.966, "2017-10-31": "1.86800", "2017-07-31": 0.765, "2017-04-30": 2.261, "2017-01-31": -2.617, "2016-10-31": "0.90200", "2016-07-31": 1.294, "2016-04-30": 0.7, "2016-01-31": 1.151, "2015-10-31": "-2.54200", "2015-07-31": -1.497, "2015-04-30": 2.946, "2015-01-31": 0.73, "2014-10-31": "0.08700", "2014-07-31": 0.258, "2014-04-30": 0.578, "2014-01-31": -1.327, "2013-10-31": "0.88400", "2013-07-31": -0.345, "2013-04-30": -0.024, "2013-01-31": -0.103, "2012-10-31": "0.82700", "2012-07-31": 1.583, "2012-04-30": -0.919, "2012-01-31": -0.249, "2011-10-31": "0.64400", "2011-07-31": 0.496, "2011-04-30": -0.558, "2011-01-31": 0.062, "2010-07-31": 0}, "Change In Assets/Liabilities": {"2020-10-31": "-47.19600", "2020-07-31": 49.251, "2020-04-30": -29.882, "2020-01-31": 7.616, "2019-10-31": "-49.14700", "2019-07-31": 52.924, "2019-04-30": -16.09, "2019-01-31": -1.264, "2018-10-31": "-56.19000", "2018-07-31": 17.704, "2018-04-30": 6.42, "2018-01-31": 18.218, "2017-10-31": "-3.86300", "2017-07-31": 13.927, "2017-04-30": 11.718, "2017-01-31": 17.309, "2016-10-31": "-4.25200", "2016-07-31": 5.588, "2016-04-30": 1.82, "2016-01-31": 12.024, "2015-10-31": "-4.96900", "2015-07-31": -7.333, "2015-04-30": 8.416, "2015-01-31": 8.848, "2014-10-31": "-9.11900", "2014-07-31": 2.29, "2014-04-30": 4.904, "2014-01-31": 8.642, "2013-10-31": "2.26100", "2013-07-31": -10.514, "2013-04-30": 5.005, "2013-01-31": 3.3, "2012-10-31": "-9.95500", "2012-07-31": -1.776, "2012-04-30": -1.166, "2012-01-31": 1.407, "2011-10-31": "-22.60200", "2011-07-31": -6.835, "2011-04-30": 4.983, "2011-01-31": 1.852, "2010-07-31": 0}, "Total Change In Assets/Liabilities": {"2020-10-31": "-26.98300", "2020-07-31": 29.082, "2020-04-30": -6.101, "2020-01-31": -4.729, "2019-10-31": "-33.36900", "2019-07-31": 47.603, "2019-04-30": 7.801, "2019-01-31": -17.808, "2018-10-31": "-64.96900", "2018-07-31": 22.373, "2018-04-30": 16.001, "2018-01-31": 10.39, "2017-10-31": "-25.09300", "2017-07-31": 41.414, "2017-04-30": 0.552, "2017-01-31": 11.403, "2016-10-31": "-15.96800", "2016-07-31": 17.448, "2016-04-30": 8.736, "2016-01-31": 12.634, "2015-10-31": "-19.71300", "2015-07-31": 0.231, "2015-04-30": 18.553, "2015-01-31": -8.673, "2014-10-31": "-16.77100", "2014-07-31": 21.634, "2014-04-30": 6.638, "2014-01-31": 2.327, "2013-10-31": "-12.92200", "2013-07-31": 1.808, "2013-04-30": 0.988, "2013-01-31": 3.643, "2012-10-31": "-26.57900", "2012-07-31": 11.151, "2012-04-30": 0.27, "2012-01-31": 3.127, "2011-10-31": "-38.70700", "2011-07-31": 22.672, "2011-04-30": -1.842, "2011-01-31": 0.78, "2010-07-31": -10.28}, "Cash Flow From Operating Activities": {"2020-10-31": "-15.70700", "2020-07-31": 107.159, "2020-04-30": 4.571, "2020-01-31": 19.474, "2019-10-31": "-18.13800", "2019-07-31": 102.874, "2019-04-30": 26.211, "2019-01-31": 14.288, "2018-10-31": "-27.24700", "2018-07-31": 103.844, "2018-04-30": 20.169, "2018-01-31": 47.694, "2017-10-31": "-31.24800", "2017-07-31": 87.222, "2017-04-30": 21.888, "2017-01-31": 42.559, "2016-10-31": "-12.91000", "2016-07-31": 49.259, "2016-04-30": 23.611, "2016-01-31": 37.92, "2015-10-31": "-10.89000", "2015-07-31": 33.013, "2015-04-30": 26.597, "2015-01-31": 9.615, "2014-10-31": "-5.54800", "2014-07-31": 49.438, "2014-04-30": 20.324, "2014-01-31": 20.312, "2013-10-31": "-14.58300", "2013-07-31": 24.435, "2013-04-30": 5.003, "2013-01-31": 19.388, "2012-10-31": "-16.27900", "2012-07-31": 19.11, "2012-04-30": 10.252, "2012-01-31": 14.817, "2011-10-31": "-27.08500", "2011-07-31": 19.74, "2011-04-30": 7.01, "2011-01-31": -8.6, "2010-07-31": 9.53}, "Net Change In Property, Plant, And Equipment": {"2020-10-31": "-4.48800", "2020-07-31": -3.421, "2020-04-30": -8.775, "2020-01-31": -2.493, "2019-10-31": "-10.97100", "2019-07-31": -17.809, "2019-04-30": -18.879, "2019-01-31": -8.765, "2018-10-31": "-3.40400", "2018-07-31": -5.451, "2018-04-30": -1.171, "2018-01-31": -2.973, "2017-10-31": "-2.41600", "2017-07-31": -3.06, "2017-04-30": -0.993, "2017-01-31": -0.143, "2016-10-31": "-2.47400", "2016-07-31": -1.868, "2016-04-30": -1.376, "2016-01-31": -0.851, "2015-10-31": "-3.01600", "2015-07-31": -1.225, "2015-04-30": -1.425, "2015-01-31": -2.402, "2014-10-31": "-1.24900", "2014-07-31": -1.324, "2014-04-30": -1.088, "2014-01-31": -1.375, "2013-10-31": "-1.20600", "2013-07-31": -2.167, "2013-04-30": -1.205, "2013-01-31": -1.046, "2012-10-31": "-4.81000", "2012-07-31": -3.501, "2012-04-30": -1.118, "2012-01-31": -0.51, "2011-10-31": "-0.49000", "2011-07-31": -0.542, "2011-04-30": -0.716, "2011-01-31": 0.718, "2010-07-31": -2.23}, "Net Change In Intangible Assets": {"2020-10-31": "", "2020-07-31": 0, "2020-04-30": 0, "2020-01-31": 0, "2019-10-31": "", "2019-07-31": 0, "2019-04-30": 0, "2019-01-31": 0, "2018-10-31": "", "2018-07-31": 0, "2018-04-30": 0, "2018-01-31": 0, "2017-10-31": "", "2017-07-31": 0, "2017-04-30": 0, "2017-01-31": 0, "2016-10-31": "", "2016-07-31": 0, "2016-04-30": 0, "2016-01-31": 0, "2015-10-31": "", "2015-07-31": 0, "2015-04-30": 0, "2015-01-31": 0, "2014-10-31": "", "2014-07-31": 0, "2014-04-30": 0, "2014-01-31": 0, "2013-10-31": "", "2013-07-31": 0, "2013-04-30": 0, "2013-01-31": 0, "2012-10-31": "", "2012-07-31": 0, "2012-04-30": 0, "2012-01-31": 0, "2011-10-31": "", "2011-07-31": 0, "2011-04-30": 0, "2011-01-31": 0, "2010-07-31": 0}, "Net Acquisitions/Divestitures": {"2020-10-31": "", "2020-07-31": 0, "2020-04-30": 0, "2020-01-31": 0, "2019-10-31": "", "2019-07-31": 0, "2019-04-30": 0, "2019-01-31": 0, "2018-10-31": "", "2018-07-31": -0.001, "2018-04-30": -130.058, "2018-01-31": 0, "2017-10-31": "", "2017-07-31": 0, "2017-04-30": -154.056, "2017-01-31": 0.059, "2016-10-31": "-33.59300", "2016-07-31": 0, "2016-04-30": -39.53, "2016-01-31": 0, "2015-10-31": "", "2015-07-31": 0, "2015-04-30": 0, "2015-01-31": 0, "2014-10-31": "", "2014-07-31": 0, "2014-04-30": -0.062, "2014-01-31": 0, "2013-10-31": "-0.09500", "2013-07-31": -14.749, "2013-04-30": 0, "2013-01-31": 0, "2012-10-31": "", "2012-07-31": 0, "2012-04-30": 0, "2012-01-31": 0, "2011-10-31": "", "2011-07-31": 0, "2011-04-30": 0, "2011-01-31": 0, "2010-07-31": 0}, "Net Change In Short-term Investments": {"2020-10-31": "-48.91100", "2020-07-31": -35.788, "2020-04-30": 80.301, "2020-01-31": 21.871, "2019-10-31": "-46.52500", "2019-07-31": -201.667, "2019-04-30": 1.41, "2019-01-31": -37.239, "2018-10-31": "-15.08000", "2018-07-31": -136.89, "2018-04-30": -318.12, "2018-01-31": 33.3, "2017-10-31": "26.19600", "2017-07-31": -13.474, "2017-04-30": 87.332, "2017-01-31": 50.79, "2016-10-31": "-43.73000", "2016-07-31": -36.435, "2016-04-30": 2.306, "2016-01-31": -14.014, "2015-10-31": "-6.46900", "2015-07-31": 20.447, "2015-04-30": 13.87, "2015-01-31": 6.245, "2014-10-31": "-11.19100", "2014-07-31": -60.311, "2014-04-30": -71.086, "2014-01-31": -231.818, "2013-10-31": "-12.05500", "2013-07-31": -15.211, "2013-04-30": -11.417, "2013-01-31": -101.84, "2012-10-31": "", "2012-07-31": 0, "2012-04-30": 0, "2012-01-31": 0, "2011-10-31": "", "2011-07-31": 0, "2011-04-30": 0, "2011-01-31": 0, "2010-07-31": 0}, "Net Change In Long-Term Investments": {"2020-10-31": "", "2020-07-31": 0, "2020-04-30": 0, "2020-01-31": 0, "2019-10-31": "", "2019-07-31": 0, "2019-04-30": 0, "2019-01-31": 0, "2018-10-31": "", "2018-07-31": 0, "2018-04-30": 0, "2018-01-31": 0, "2017-10-31": "", "2017-07-31": 0, "2017-04-30": 0, "2017-01-31": 0, "2016-10-31": "", "2016-07-31": 0, "2016-04-30": 0, "2016-01-31": 0, "2015-10-31": "", "2015-07-31": 0, "2015-04-30": 0, "2015-01-31": 0, "2014-10-31": "", "2014-07-31": 0, "2014-04-30": 0, "2014-01-31": 0, "2013-10-31": "", "2013-07-31": 0, "2013-04-30": 0, "2013-01-31": 0, "2012-10-31": "", "2012-07-31": 0, "2012-04-30": 0, "2012-01-31": 0, "2011-10-31": "", "2011-07-31": 0, "2011-04-30": 0, "2011-01-31": 0, "2010-07-31": 0}, "Net Change In Investments - Total": {"2020-10-31": "-48.91100", "2020-07-31": -35.788, "2020-04-30": 80.301, "2020-01-31": 21.871, "2019-10-31": "-46.52500", "2019-07-31": -201.667, "2019-04-30": 1.41, "2019-01-31": -37.239, "2018-10-31": "-15.08000", "2018-07-31": -136.89, "2018-04-30": -318.12, "2018-01-31": 33.3, "2017-10-31": "26.19600", "2017-07-31": -13.474, "2017-04-30": 87.332, "2017-01-31": 50.79, "2016-10-31": "-43.73000", "2016-07-31": -36.435, "2016-04-30": 2.306, "2016-01-31": -14.014, "2015-10-31": "-6.46900", "2015-07-31": 20.447, "2015-04-30": 13.87, "2015-01-31": 6.245, "2014-10-31": "-11.19100", "2014-07-31": -60.311, "2014-04-30": -71.086, "2014-01-31": -231.818, "2013-10-31": "-12.05500", "2013-07-31": -15.211, "2013-04-30": -11.417, "2013-01-31": -101.84, "2012-10-31": "", "2012-07-31": 0, "2012-04-30": 0, "2012-01-31": 0, "2011-10-31": "", "2011-07-31": 0, "2011-04-30": 0, "2011-01-31": 0, "2010-07-31": 0}, "Investing Activities - Other": {"2020-10-31": "", "2020-07-31": 0, "2020-04-30": 0, "2020-01-31": 0, "2019-10-31": "", "2019-07-31": 0, "2019-04-30": 0, "2019-01-31": 0, "2018-10-31": "", "2018-07-31": 0, "2018-04-30": 0, "2018-01-31": 0, "2017-10-31": "", "2017-07-31": 0, "2017-04-30": 0, "2017-01-31": 0, "2016-10-31": "", "2016-07-31": 0, "2016-04-30": 0, "2016-01-31": 0, "2015-10-31": "", "2015-07-31": 0, "2015-04-30": 0, "2015-01-31": 0, "2014-10-31": "", "2014-07-31": 0, "2014-04-30": 0, "2014-01-31": 0, "2013-10-31": "", "2013-07-31": 0.012, "2013-04-30": 0, "2013-01-31": 1.915, "2012-10-31": "1.60500", "2012-07-31": 0, "2012-04-30": 2.323, "2012-01-31": 0, "2011-10-31": "", "2011-07-31": 0.004, "2011-04-30": -3.929, "2011-01-31": -2.795, "2010-07-31": 1.19}, "Cash Flow From Investing Activities": {"2020-10-31": "-53.39900", "2020-07-31": -39.209, "2020-04-30": 71.526, "2020-01-31": 19.378, "2019-10-31": "-57.49600", "2019-07-31": -219.476, "2019-04-30": -17.469, "2019-01-31": -46.004, "2018-10-31": "-18.48400", "2018-07-31": -142.342, "2018-04-30": -318.973, "2018-01-31": -100.049, "2017-10-31": "23.78000", "2017-07-31": -16.534, "2017-04-30": -67.717, "2017-01-31": 50.706, "2016-10-31": "-79.79700", "2016-07-31": -38.303, "2016-04-30": -38.6, "2016-01-31": -14.865, "2015-10-31": "-9.48500", "2015-07-31": 19.222, "2015-04-30": 12.445, "2015-01-31": 3.843, "2014-10-31": "-12.44000", "2014-07-31": -61.635, "2014-04-30": -72.236, "2014-01-31": -233.193, "2013-10-31": "-13.35600", "2013-07-31": -32.115, "2013-04-30": -12.622, "2013-01-31": -100.971, "2012-10-31": "-3.20500", "2012-07-31": -3.501, "2012-04-30": 1.205, "2012-01-31": -0.51, "2011-10-31": "-0.49000", "2011-07-31": -0.548, "2011-04-30": -4.645, "2011-01-31": -2.077, "2010-07-31": -1.04}, "Net Long-Term Debt": {"2020-10-31": "", "2020-07-31": 0, "2020-04-30": 0, "2020-01-31": 0, "2019-10-31": "", "2019-07-31": 0, "2019-04-30": 0, "2019-01-31": 0, "2018-10-31": "", "2018-07-31": 0, "2018-04-30": 387.239, "2018-01-31": 0, "2017-10-31": "", "2017-07-31": 0, "2017-04-30": 0, "2017-01-31": 0, "2016-10-31": "", "2016-07-31": 0, "2016-04-30": 0, "2016-01-31": 0, "2015-10-31": "", "2015-07-31": 0, "2015-04-30": 0, "2015-01-31": 0, "2014-10-31": "", "2014-07-31": 0, "2014-04-30": 0, "2014-01-31": 0, "2013-10-31": "", "2013-07-31": 0, "2013-04-30": 0, "2013-01-31": 0, "2012-10-31": "", "2012-07-31": 0, "2012-04-30": 0, "2012-01-31": 0, "2011-10-31": "", "2011-07-31": 0, "2011-04-30": 0, "2011-01-31": 0, "2010-07-31": 0}, "Net Current Debt": {"2020-10-31": "", "2020-07-31": 0, "2020-04-30": 0, "2020-01-31": 0, "2019-10-31": "", "2019-07-31": 0, "2019-04-30": 0, "2019-01-31": 0, "2018-10-31": "", "2018-07-31": 0, "2018-04-30": 0, "2018-01-31": 0, "2017-10-31": "", "2017-07-31": 0, "2017-04-30": 0, "2017-01-31": 0, "2016-10-31": "", "2016-07-31": 0, "2016-04-30": 0, "2016-01-31": 0, "2015-10-31": "", "2015-07-31": 0, "2015-04-30": 0, "2015-01-31": 0, "2014-10-31": "", "2014-07-31": 0, "2014-04-30": 0, "2014-01-31": 0, "2013-10-31": "", "2013-07-31": 0, "2013-04-30": 0, "2013-01-31": 0, "2012-10-31": "", "2012-07-31": 0, "2012-04-30": 0, "2012-01-31": 0, "2011-10-31": "", "2011-07-31": 0, "2011-04-30": 0, "2011-01-31": 0, "2010-07-31": 0}, "Debt Issuance/Retirement Net - Total": {"2020-10-31": "", "2020-07-31": 0, "2020-04-30": 0, "2020-01-31": 0, "2019-10-31": "", "2019-07-31": 0, "2019-04-30": 0, "2019-01-31": 0, "2018-10-31": "", "2018-07-31": 0, "2018-04-30": 387.239, "2018-01-31": 0, "2017-10-31": "", "2017-07-31": 0, "2017-04-30": 0, "2017-01-31": 0, "2016-10-31": "", "2016-07-31": 0, "2016-04-30": 0, "2016-01-31": 0, "2015-10-31": "", "2015-07-31": 0, "2015-04-30": 0, "2015-01-31": 0, "2014-10-31": "", "2014-07-31": 0, "2014-04-30": 0, "2014-01-31": 0, "2013-10-31": "", "2013-07-31": 0, "2013-04-30": 0, "2013-01-31": 0, "2012-10-31": "", "2012-07-31": 0, "2012-04-30": 0, "2012-01-31": 0, "2011-10-31": "", "2011-07-31": 0, "2011-04-30": 0, "2011-01-31": 0, "2010-07-31": 0}, "Net Common Equity Issued/Repurchased": {"2020-10-31": "-3.28400", "2020-07-31": 1.878, "2020-04-30": 1.838, "2020-01-31": 0.871, "2019-10-31": "0.36800", "2019-07-31": 2.103, "2019-04-30": 0.748, "2019-01-31": 0.414, "2018-10-31": "0.68900", "2018-07-31": 0.958, "2018-04-30": 221.276, "2018-01-31": 0.362, "2017-10-31": "0.36500", "2017-07-31": 2.144, "2017-04-30": 1.385, "2017-01-31": 0.922, "2016-10-31": "1.11200", "2016-07-31": 2.419, "2016-04-30": 1.432, "2016-01-31": 2.526, "2015-10-31": "1.46300", "2015-07-31": 1.499, "2015-04-30": 0.936, "2015-01-31": 2.414, "2014-10-31": "1.44500", "2014-07-31": 1.401, "2014-04-30": 3.211, "2014-01-31": 2.08, "2013-10-31": "392.01200", "2013-07-31": 1.159, "2013-04-30": 2.333, "2013-01-31": 2.468, "2012-10-31": "3.16300", "2012-07-31": 1.391, "2012-04-30": 21.519, "2012-01-31": 125.141, "2011-10-31": "0.40200", "2011-07-31": -0.643, "2011-04-30": 0.362, "2011-01-31": 0.281, "2010-07-31": 0}, "Net Total Equity Issued/Repurchased": {"2020-10-31": "-3.28400", "2020-07-31": 1.878, "2020-04-30": 1.838, "2020-01-31": 0.871, "2019-10-31": "0.36800", "2019-07-31": 2.103, "2019-04-30": 0.748, "2019-01-31": 0.414, "2018-10-31": "0.68900", "2018-07-31": 0.958, "2018-04-30": 221.276, "2018-01-31": 0.362, "2017-10-31": "0.36500", "2017-07-31": 2.144, "2017-04-30": 1.385, "2017-01-31": 0.922, "2016-10-31": "1.11200", "2016-07-31": 2.419, "2016-04-30": 1.432, "2016-01-31": 2.526, "2015-10-31": "1.46300", "2015-07-31": 1.499, "2015-04-30": 0.936, "2015-01-31": 2.414, "2014-10-31": "1.44500", "2014-07-31": 1.401, "2014-04-30": 3.211, "2014-01-31": 2.08, "2013-10-31": "392.01200", "2013-07-31": 1.159, "2013-04-30": 2.333, "2013-01-31": 2.468, "2012-10-31": "3.16300", "2012-07-31": 1.391, "2012-04-30": 21.519, "2012-01-31": 125.141, "2011-10-31": "0.40200", "2011-07-31": 0.287, "2011-04-30": 0.362, "2011-01-31": -0.499, "2010-07-31": 0.78}, "Total Common And Preferred Stock Dividends Paid": {"2020-10-31": "", "2020-07-31": 0, "2020-04-30": 0, "2020-01-31": 0, "2019-10-31": "", "2019-07-31": 0, "2019-04-30": 0, "2019-01-31": 0, "2018-10-31": "", "2018-07-31": 0, "2018-04-30": 0, "2018-01-31": 0, "2017-10-31": "", "2017-07-31": 0, "2017-04-30": 0, "2017-01-31": 0, "2016-10-31": "", "2016-07-31": 0, "2016-04-30": 0, "2016-01-31": 0, "2015-10-31": "", "2015-07-31": 0, "2015-04-30": 0, "2015-01-31": 0, "2014-10-31": "", "2014-07-31": 0, "2014-04-30": 0, "2014-01-31": 0, "2013-10-31": "", "2013-07-31": 0, "2013-04-30": 0, "2013-01-31": 0, "2012-10-31": "", "2012-07-31": 0, "2012-04-30": 0, "2012-01-31": 0, "2011-10-31": "", "2011-07-31": 0, "2011-04-30": 0, "2011-01-31": 0, "2010-07-31": 0}, "Financial Activities - Other": {"2020-10-31": "", "2020-07-31": 0, "2020-04-30": 0, "2020-01-31": 0, "2019-10-31": "", "2019-07-31": 0, "2019-04-30": 0, "2019-01-31": 0, "2018-10-31": "", "2018-07-31": 0, "2018-04-30": -37.2, "2018-01-31": 0, "2017-10-31": "", "2017-07-31": 8.43, "2017-04-30": -0.962, "2017-01-31": 0, "2016-10-31": "", "2016-07-31": 6.536, "2016-04-30": 0, "2016-01-31": -0.523, "2015-10-31": "-0.39900", "2015-07-31": 2.757, "2015-04-30": -8.554, "2015-01-31": -9.278, "2014-10-31": "-8.57000", "2014-07-31": -0.576, "2014-04-30": -10.245, "2014-01-31": -8.042, "2013-10-31": "-7.27700", "2013-07-31": -3.372, "2013-04-30": -5.361, "2013-01-31": -4.961, "2012-10-31": "-4.05000", "2012-07-31": -12.864, "2012-04-30": -0.893, "2012-01-31": -0.716, "2011-10-31": "-0.97300", "2011-07-31": 0, "2011-04-30": 0, "2011-01-31": 0, "2010-07-31": 0}, "Cash Flow From Financial Activities": {"2020-10-31": "-3.28400", "2020-07-31": 1.878, "2020-04-30": 1.838, "2020-01-31": 0.871, "2019-10-31": "0.36800", "2019-07-31": 2.103, "2019-04-30": 0.748, "2019-01-31": 0.414, "2018-10-31": "0.68900", "2018-07-31": 0.958, "2018-04-30": 571.315, "2018-01-31": 0.362, "2017-10-31": "0.36500", "2017-07-31": 10.574, "2017-04-30": 0.423, "2017-01-31": 0.922, "2016-10-31": "1.11200", "2016-07-31": 8.955, "2016-04-30": 1.432, "2016-01-31": 2.003, "2015-10-31": "1.06400", "2015-07-31": 4.256, "2015-04-30": -7.618, "2015-01-31": -6.864, "2014-10-31": "-7.12500", "2014-07-31": 0.825, "2014-04-30": -7.034, "2014-01-31": -5.962, "2013-10-31": "384.73500", "2013-07-31": -2.213, "2013-04-30": -3.028, "2013-01-31": -2.493, "2012-10-31": "-0.88700", "2012-07-31": -11.473, "2012-04-30": 20.626, "2012-01-31": 124.425, "2011-10-31": "-0.57100", "2011-07-31": 0.287, "2011-04-30": 0.362, "2011-01-31": -0.499, "2010-07-31": 0.78}, "Net Cash Flow": {"2020-10-31": "-73.13300", "2020-07-31": 73.154, "2020-04-30": 75.352, "2020-01-31": 39.374, "2019-10-31": "-75.01200", "2019-07-31": -114.768, "2019-04-30": 8.7, "2019-01-31": -31.153, "2018-10-31": "-45.81800", "2018-07-31": -38.961, "2018-04-30": 270.814, "2018-01-31": -50.112, "2017-10-31": "-7.77700", "2017-07-31": 83.01, "2017-04-30": -45.197, "2017-01-31": 94.3, "2016-10-31": "-92.51900", "2016-07-31": 18.977, "2016-04-30": -12.317, "2016-01-31": 24.191, "2015-10-31": "-19.63100", "2015-07-31": 55.42, "2015-04-30": 31.718, "2015-01-31": 3.714, "2014-10-31": "-26.59100", "2014-07-31": -11.235, "2014-04-30": -58.293, "2014-01-31": -219.516, "2013-10-31": "357.37800", "2013-07-31": -10.763, "2013-04-30": -10.935, "2013-01-31": -84.007, "2012-10-31": "-20.24600", "2012-07-31": 3.868, "2012-04-30": 32.217, "2012-01-31": 138.462, "2011-10-31": "-28.45400", "2011-07-31": 19.5, "2011-04-30": 3.727, "2011-01-31": -10.837, "2010-07-31": 9.82}, "Stock-Based Compensation": {"2020-10-31": "28.08400", "2020-07-31": 25.742, "2020-04-30": 24.781, "2020-01-31": 26.736, "2019-10-31": "24.55800", "2019-07-31": 22.759, "2019-04-30": 21.05, "2019-01-31": 24.372, "2018-10-31": "23.33500", "2018-07-31": 21.12, "2018-04-30": 23.839, "2018-01-31": 25.032, "2017-10-31": "19.62300", "2017-07-31": 18.133, "2017-04-30": 17.197, "2017-01-31": 18.587, "2016-10-31": "17.87700", "2016-07-31": 18.246, "2016-04-30": 16.193, "2016-01-31": 16.545, "2015-10-31": "15.14700", "2015-07-31": 13.495, "2015-04-30": 12.394, "2015-01-31": 13.498, "2014-10-31": "11.98800", "2014-07-31": 10.846, "2014-04-30": 10.367, "2014-01-31": 12.139, "2013-10-31": "9.18600", "2013-07-31": -2.925, "2013-04-30": 8.272, "2013-01-31": 10.374, "2012-10-31": "9.78400", "2012-07-31": -0.955, "2012-04-30": 4.274, "2012-01-31": 6.292, "2011-10-31": "3.31200", "2011-07-31": -4.311, "2011-04-30": 1.828, "2011-01-31": 2.483, "2010-07-31": 0}, "Common Stock Dividends Paid": {"2020-10-31": "", "2020-07-31": 0, "2020-04-30": 0, "2020-01-31": 0, "2019-10-31": "", "2019-07-31": 0, "2019-04-30": 0, "2019-01-31": 0, "2018-10-31": "", "2018-07-31": 0, "2018-04-30": 0, "2018-01-31": 0, "2017-10-31": "", "2017-07-31": 0, "2017-04-30": 0, "2017-01-31": 0, "2016-10-31": "", "2016-07-31": 0, "2016-04-30": 0, "2016-01-31": 0, "2015-10-31": "", "2015-07-31": 0, "2015-04-30": 0, "2015-01-31": 0, "2014-10-31": "", "2014-07-31": 0, "2014-04-30": 0, "2014-01-31": 0, "2013-10-31": "", "2013-07-31": 0, "2013-04-30": 0, "2013-01-31": 0, "2012-10-31": "", "2012-07-31": 0, "2012-04-30": 0, "2012-01-31": 0, "2011-10-31": "", "2011-07-31": 0, "2011-04-30": 0, "2011-01-31": 0, "2010-07-31": 0}}, "financial ratios": {"Current Ratio": {"2020-07-31": "5.96460", "2019-07-31": "5.74750", "2018-07-31": "5.13300", "2017-07-31": "4.03430", "2016-07-31": "5.94270", "2015-07-31": "6.33700", "2014-07-31": "5.41410", "2013-07-31": "2.80930", "2012-07-31": "2.81650", "2011-07-31": "1.15240", "2010-07-31": ""}, "Long-term Debt / Capital": {"2020-07-31": "0.16620", "2019-07-31": "0.16780", "2018-07-31": "0.17750", "2017-07-31": "", "2016-07-31": "", "2015-07-31": "", "2014-07-31": "", "2013-07-31": "", "2012-07-31": "", "2011-07-31": "", "2010-07-31": ""}, "Debt/Equity Ratio": {"2020-07-31": "0.19930", "2019-07-31": "0.20160", "2018-07-31": "0.21580", "2017-07-31": "", "2016-07-31": "", "2015-07-31": "", "2014-07-31": "", "2013-07-31": "", "2012-07-31": "", "2011-07-31": "", "2010-07-31": ""}, "Gross Margin": {"2020-07-31": "54.46430", "2019-07-31": "54.92100", "2018-07-31": "54.54030", "2017-07-31": "62.40500", "2016-07-31": "64.22770", "2015-07-31": "61.32200", "2014-07-31": "57.47360", "2013-07-31": "58.20680", "2012-07-31": "61.21490", "2011-07-31": "60.37390", "2010-07-31": "61.66240"}, "Operating Margin": {"2020-07-31": "-3.21780", "2019-07-31": "0.20440", "2018-07-31": "-2.39320", "2017-07-31": "4.29040", "2016-07-31": "3.87260", "2015-07-31": "4.33410", "2014-07-31": "5.25970", "2013-07-31": "9.89160", "2012-07-31": "12.46830", "2011-07-31": "3.98380", "2010-07-31": "12.45000"}, "EBIT Margin": {"2020-07-31": "-3.21780", "2019-07-31": "0.20440", "2018-07-31": "-2.39320", "2017-07-31": "4.29040", "2016-07-31": "3.87260", "2015-07-31": "4.33410", "2014-07-31": "5.25970", "2013-07-31": "9.89160", "2012-07-31": "12.46830", "2011-07-31": "3.98380", "2010-07-31": "12.45000"}, "EBITDA Margin": {"2020-07-31": "4.00900", "2019-07-31": "6.37390", "2018-07-31": "3.53540", "2017-07-31": "8.25230", "2016-07-31": "6.54850", "2015-07-31": "7.57140", "2014-07-31": "8.18370", "2013-07-31": "11.66810", "2012-07-31": "13.72530", "2011-07-31": "5.27450", "2010-07-31": "13.40100"}, "Pre-Tax Profit Margin": {"2020-07-31": "-3.27780", "2019-07-31": "1.73060", "2018-07-31": "-1.26770", "2017-07-31": "5.59850", "2016-07-31": "4.89630", "2015-07-31": "4.39900", "2014-07-31": "5.69490", "2013-07-31": "10.01930", "2012-07-31": "12.28820", "2011-07-31": "4.81010", "2010-07-31": "12.24540"}, "Net Profit Margin": {"2020-07-31": "-3.66400", "2019-07-31": "2.88140", "2018-07-31": "-4.09640", "2017-07-31": "3.54680", "2016-07-31": "3.52840", "2015-07-31": "2.59760", "2014-07-31": "4.20300", "2013-07-31": "8.20160", "2012-07-31": "5.44940", "2011-07-31": "6.78310", "2010-07-31": "2.97460"}, "Asset Turnover": {"2020-07-31": "0.31390", "2019-07-31": "0.33200", "2018-07-31": "0.32950", "2017-07-31": "0.47230", "2016-07-31": "0.46330", "2015-07-31": "0.47570", "2014-07-31": "0.46250", "2013-07-31": "0.98360", "2012-07-31": "0.81640", "2011-07-31": "1.36300", "2010-07-31": ""}, "Inventory Turnover Ratio": {"2020-07-31": "", "2019-07-31": "", "2018-07-31": "", "2017-07-31": "", "2016-07-31": "", "2015-07-31": "", "2014-07-31": "", "2013-07-31": "", "2012-07-31": "", "2011-07-31": "", "2010-07-31": ""}, "Receiveable Turnover": {"2020-07-31": "4.53360", "2019-07-31": "4.10750", "2018-07-31": "5.22910", "2017-07-31": "6.41460", "2016-07-31": "6.75960", "2015-07-31": "6.13160", "2014-07-31": "7.02750", "2013-07-31": "7.35350", "2012-07-31": "7.18170", "2011-07-31": "7.40920", "2010-07-31": ""}, "Days Sales In Receivables": {"2020-07-31": "80.50920", "2019-07-31": "88.86200", "2018-07-31": "69.80160", "2017-07-31": "56.90120", "2016-07-31": "53.99760", "2015-07-31": "59.52810", "2014-07-31": "51.93850", "2013-07-31": "49.63600", "2012-07-31": "50.82390", "2011-07-31": "49.26290", "2010-07-31": ""}, "ROE - Return On Equity": {"2020-07-31": "-1.64160", "2019-07-31": "1.31700", "2018-07-31": "-1.89180", "2017-07-31": "2.03390", "2016-07-31": "1.91040", "2015-07-31": "1.43390", "2014-07-31": "2.26240", "2013-07-31": "11.11560", "2012-07-31": "10.14560", "2011-07-31": "-193.79770", "2010-07-31": ""}, "Return On Tangible Equity": {"2020-07-31": "-2.13120", "2019-07-31": "1.77690", "2018-07-31": "-2.73700", "2017-07-31": "2.67590", "2016-07-31": "2.02470", "2015-07-31": "1.46190", "2014-07-31": "2.31450", "2013-07-31": "11.97540", "2012-07-31": "10.14560", "2011-07-31": "195.89020", "2010-07-31": ""}, "ROA - Return On Assets": {"2020-07-31": "-1.15010", "2019-07-31": "0.95670", "2018-07-31": "-1.34970", "2017-07-31": "1.67500", "2016-07-31": "1.63460", "2015-07-31": "1.23570", "2014-07-31": "1.94410", "2013-07-31": "8.06680", "2012-07-31": "6.56610", "2011-07-31": "28.10020", "2010-07-31": ""}, "ROI - Return On Investment": {"2020-07-31": "-1.36880", "2019-07-31": "1.09600", "2018-07-31": "-1.55600", "2017-07-31": "2.03390", "2016-07-31": "1.91040", "2015-07-31": "1.43390", "2014-07-31": "2.26240", "2013-07-31": "11.11560", "2012-07-31": "10.14560", "2011-07-31": "195.89020", "2010-07-31": ""}, "Book Value Per Share": {"2020-07-31": "19.85060", "2019-07-31": "19.16460", "2018-07-31": "17.53610", "2017-07-31": "11.84580", "2016-07-31": "10.73300", "2015-07-31": "9.70890", "2014-07-31": "9.41900", "2013-07-31": "3.83070", "2012-07-31": "3.40940", "2011-07-31": "1.25850", "2010-07-31": ""}, "Operating Cash Flow Per Share": {"2020-07-31": -0.0399, "2019-07-31": -0.403, "2018-07-31": -0.0346, "2017-07-31": 0.4878, "2016-07-31": 0.4737, "2015-07-31": -0.2117, "2014-07-31": 0.5637, "2013-07-31": 0.1193, "2012-07-31": -1.1492, "2011-07-31": 0.9601, "2010-07-31": 0.5984}, "Free Cash Flow Per Share": {"2020-07-31": 0.2413, "2019-07-31": -0.8393, "2018-07-31": -0.1006, "2017-07-31": 0.4956, "2016-07-31": 0.4645, "2015-07-31": -0.2266, "2014-07-31": 0.6413, "2013-07-31": 0.1039, "2012-07-31": -1.1275, "2011-07-31": 0.9444, "2010-07-31": 0.4579}}, "financial ratios, quarterly": {"Current Ratio": {"2020-10-31": "7.26790", "2020-07-31": "5.96460", "2020-04-30": "6.92800", "2020-01-31": "6.83500", "2019-10-31": "7.22420", "2019-07-31": "5.74750", "2019-04-30": "6.38440", "2019-01-31": "7.44860", "2018-10-31": "8.39580", "2018-07-31": "5.13300", "2018-04-30": "5.97070", "2018-01-31": "3.69910", "2017-10-31": "4.92970", "2017-07-31": "4.03430", "2017-04-30": "3.67640", "2017-01-31": "5.22110", "2016-10-31": "6.05070", "2016-07-31": "5.94270", "2016-04-30": "6.05310", "2016-01-31": "7.02780", "2015-10-31": "8.07030", "2015-07-31": "6.33700", "2015-04-30": "6.13710", "2015-01-31": "7.46910", "2014-10-31": "7.62380", "2014-07-31": "5.41410", "2014-04-30": "5.68800", "2014-01-31": "6.62790", "2013-10-31": "8.76620", "2013-07-31": "2.80930", "2013-04-30": "2.79970", "2013-01-31": "3.10280", "2012-10-31": "3.69340", "2012-07-31": "2.81650", "2012-04-30": "3.03400", "2012-01-31": "3.03810", "2011-10-31": "", "2011-07-31": "", "2011-04-30": "", "2011-01-31": "", "2010-07-31": ""}, "Long-term Debt / Capital": {"2020-10-31": "0.16730", "2020-07-31": "0.16620", "2020-04-30": "0.17090", "2020-01-31": "0.16890", "2019-10-31": "0.16810", "2019-07-31": "0.16780", "2019-04-30": "0.17070", "2019-01-31": "0.17040", "2018-10-31": "0.17160", "2018-07-31": "0.17750", "2018-04-30": "0.18630", "2018-01-31": "", "2017-10-31": "", "2017-07-31": "", "2017-04-30": "", "2017-01-31": "", "2016-10-31": "", "2016-07-31": "", "2016-04-30": "", "2016-01-31": "", "2015-10-31": "", "2015-07-31": "", "2015-04-30": "", "2015-01-31": "", "2014-10-31": "", "2014-07-31": "", "2014-04-30": "", "2014-01-31": "", "2013-10-31": "", "2013-07-31": "", "2013-04-30": "", "2013-01-31": "", "2012-10-31": "", "2012-07-31": "", "2012-04-30": "", "2012-01-31": "", "2011-10-31": "", "2011-07-31": "", "2011-04-30": "", "2011-01-31": "", "2010-07-31": ""}, "Debt/Equity Ratio": {"2020-10-31": "0.20090", "2020-07-31": "0.19930", "2020-04-30": "0.20610", "2020-01-31": "0.20320", "2019-10-31": "0.20210", "2019-07-31": "0.20160", "2019-04-30": "0.20590", "2019-01-31": "0.20550", "2018-10-31": "0.20710", "2018-07-31": "0.21580", "2018-04-30": "0.22900", "2018-01-31": "", "2017-10-31": "", "2017-07-31": "", "2017-04-30": "", "2017-01-31": "", "2016-10-31": "", "2016-07-31": "", "2016-04-30": "", "2016-01-31": "", "2015-10-31": "", "2015-07-31": "", "2015-04-30": "", "2015-01-31": "", "2014-10-31": "", "2014-07-31": "", "2014-04-30": "", "2014-01-31": "", "2013-10-31": "", "2013-07-31": "", "2013-04-30": "", "2013-01-31": "", "2012-10-31": "", "2012-07-31": "", "2012-04-30": "", "2012-01-31": "", "2011-10-31": "", "2011-07-31": "", "2011-04-30": "", "2011-01-31": "", "2010-07-31": ""}, "Gross Margin": {"2020-10-31": "46.42760", "2020-07-31": "63.96370", "2020-04-30": "49.00720", "2020-01-31": "51.80620", "2019-10-31": "48.50260", "2019-07-31": "60.17280", "2019-04-30": "50.70950", "2019-01-31": "52.72170", "2018-10-31": "54.72640", "2018-07-31": "62.11840", "2018-04-30": "46.75940", "2018-01-31": "58.62400", "2017-10-31": "41.85690", "2017-07-31": "67.52970", "2017-04-30": "58.30390", "2017-01-31": "64.70280", "2016-10-31": "55.35930", "2016-07-31": "69.71460", "2016-04-30": "60.54320", "2016-01-31": "65.82660", "2015-10-31": "57.25570", "2015-07-31": "68.68650", "2015-04-30": "55.63670", "2015-01-31": "61.89880", "2014-10-31": "55.13710", "2014-07-31": "67.30480", "2014-04-30": "55.78110", "2014-01-31": "56.67330", "2013-10-31": "43.09700", "2013-07-31": "68.30670", "2013-04-30": "47.26450", "2013-01-31": "56.51910", "2012-10-31": "56.46670", "2012-07-31": "61.82660", "2012-04-30": "57.93840", "2012-01-31": "62.35550", "2011-10-31": "62.79110", "2011-07-31": "", "2011-04-30": "59.79580", "2011-01-31": "61.21360", "2010-07-31": ""}, "Operating Margin": {"2020-10-31": "-18.61230", "2020-07-31": "18.19690", "2020-04-30": "-15.22320", "2020-01-31": "-10.39450", "2019-10-31": "-15.66590", "2019-07-31": "10.14250", "2019-04-30": "-9.68090", "2019-01-31": "-3.75650", "2018-10-31": "1.37970", "2018-07-31": "19.52870", "2018-04-30": "-20.30760", "2018-01-31": "-0.40600", "2017-10-31": "-30.24380", "2017-07-31": "20.58250", "2017-04-30": "-3.51520", "2017-01-31": "7.09650", "2016-10-31": "-19.44390", "2016-07-31": "16.62800", "2016-04-30": "-5.84360", "2016-01-31": "7.54140", "2015-10-31": "-10.89330", "2015-07-31": "18.65990", "2015-04-30": "-7.84180", "2015-01-31": "3.72850", "2014-10-31": "-4.56270", "2014-07-31": "22.35150", "2014-04-30": "0.17920", "2014-01-31": "5.36810", "2013-10-31": "-18.97970", "2013-07-31": "30.00930", "2013-04-30": "-6.39120", "2013-01-31": "7.03860", "2012-10-31": "-0.09790", "2012-07-31": "15.68750", "2012-04-30": "8.49550", "2012-01-31": "9.72290", "2011-10-31": "15.52500", "2011-07-31": "", "2011-04-30": "10.48410", "2011-01-31": "12.85870", "2010-07-31": ""}, "EBIT Margin": {"2020-10-31": "-18.61230", "2020-07-31": "18.19690", "2020-04-30": "-15.22320", "2020-01-31": "-10.39450", "2019-10-31": "-15.66590", "2019-07-31": "10.14250", "2019-04-30": "-9.68090", "2019-01-31": "-3.75650", "2018-10-31": "1.37970", "2018-07-31": "19.52870", "2018-04-30": "-20.30760", "2018-01-31": "-0.40600", "2017-10-31": "-30.24380", "2017-07-31": "20.58250", "2017-04-30": "-3.51520", "2017-01-31": "7.09650", "2016-10-31": "-19.44390", "2016-07-31": "16.62810", "2016-04-30": "-5.84360", "2016-01-31": "7.54140", "2015-10-31": "-10.89330", "2015-07-31": "18.65990", "2015-04-30": "-7.84180", "2015-01-31": "3.72850", "2014-10-31": "-4.56270", "2014-07-31": "22.35150", "2014-04-30": "0.17920", "2014-01-31": "5.36810", "2013-10-31": "-18.97970", "2013-07-31": "30.00930", "2013-04-30": "-6.39120", "2013-01-31": "7.03860", "2012-10-31": "-0.09790", "2012-07-31": "15.68750", "2012-04-30": "8.49550", "2012-01-31": "9.72290", "2011-10-31": "15.52500", "2011-07-31": "", "2011-04-30": "10.48410", "2011-01-31": "12.85870", "2010-07-31": ""}, "EBITDA Margin": {"2020-10-31": "", "2020-07-31": "", "2020-04-30": "", "2020-01-31": "", "2019-10-31": "", "2019-07-31": "", "2019-04-30": "", "2019-01-31": "", "2018-10-31": "", "2018-07-31": "", "2018-04-30": "", "2018-01-31": "", "2017-10-31": "", "2017-07-31": "", "2017-04-30": "", "2017-01-31": "", "2016-10-31": "", "2016-07-31": "", "2016-04-30": "", "2016-01-31": "", "2015-10-31": "", "2015-07-31": "", "2015-04-30": "", "2015-01-31": "", "2014-10-31": "", "2014-07-31": "", "2014-04-30": "", "2014-01-31": "", "2013-10-31": "", "2013-07-31": "", "2013-04-30": "", "2013-01-31": "", "2012-10-31": "", "2012-07-31": "", "2012-04-30": "", "2012-01-31": "", "2011-10-31": "", "2011-07-31": "", "2011-04-30": "", "2011-01-31": "", "2010-07-31": ""}, "Pre-Tax Profit Margin": {"2020-10-31": "-18.17820", "2020-07-31": "20.27910", "2020-04-30": "-21.63890", "2020-01-31": "-9.06040", "2019-10-31": "-13.78320", "2019-07-31": "11.41500", "2019-04-30": "-7.95930", "2019-01-31": "-1.13750", "2018-10-31": "1.99990", "2018-07-31": "20.07320", "2018-04-30": "-19.47890", "2018-01-31": "1.56240", "2017-10-31": "-28.72210", "2017-07-31": "22.12490", "2017-04-30": "-2.37690", "2017-01-31": "8.72160", "2016-10-31": "-18.74170", "2016-07-31": "17.22380", "2016-04-30": "-2.79390", "2016-01-31": "7.12630", "2015-10-31": "-9.78370", "2015-07-31": "18.55750", "2015-04-30": "-7.00730", "2015-01-31": "3.31930", "2014-10-31": "-4.52630", "2014-07-31": "22.71780", "2014-04-30": "0.82530", "2014-01-31": "5.71310", "2013-10-31": "-18.56940", "2013-07-31": "30.14240", "2013-04-30": "-6.58320", "2013-01-31": "7.25330", "2012-10-31": "0.26700", "2012-07-31": "15.44040", "2012-04-30": "8.97100", "2012-01-31": "9.27640", "2011-10-31": "14.99810", "2011-07-31": "", "2011-04-30": "12.78960", "2011-01-31": "13.01460", "2010-07-31": ""}, "Net Profit Margin": {"2020-10-31": "-11.89030", "2020-07-31": "15.91270", "2020-04-30": "-18.45690", "2020-01-31": "-11.49790", "2019-10-31": "-9.54780", "2019-07-31": "11.06770", "2019-04-30": "-5.26870", "2019-01-31": "-0.00060", "2018-10-31": "3.50000", "2018-07-31": "24.66100", "2018-04-30": "-21.91360", "2018-01-31": "-27.81340", "2017-10-31": "-8.24070", "2017-07-31": "13.48180", "2017-04-30": "-1.47360", "2017-01-31": "3.43710", "2016-10-31": "-8.34830", "2016-07-31": "11.40200", "2016-04-30": "-0.40870", "2016-01-31": "0.89400", "2015-10-31": "-1.98100", "2015-07-31": "9.44510", "2015-04-30": "-3.49600", "2015-01-31": "4.44510", "2014-10-31": "-3.75870", "2014-07-31": "16.71390", "2014-04-30": "-2.33190", "2014-01-31": "3.99160", "2013-10-31": "-9.70250", "2013-07-31": "22.06170", "2013-04-30": "-3.91210", "2013-01-31": "7.62040", "2012-10-31": "0.70620", "2012-07-31": "9.97800", "2012-04-30": "5.52500", "2012-01-31": "2.35580", "2011-10-31": "2.77780", "2011-07-31": "", "2011-04-30": "23.03070", "2011-01-31": "3.88550", "2010-07-31": ""}, "Asset Turnover": {"2020-10-31": "0.07260", "2020-07-31": "0.10300", "2020-04-30": "0.07610", "2020-01-31": "0.07810", "2019-10-31": "0.07140", "2019-07-31": "0.09590", "2019-04-30": "0.07910", "2019-01-31": "0.08350", "2018-10-31": "0.09160", "2018-07-31": "0.12050", "2018-04-30": "0.07760", "2018-01-31": "0.12760", "2017-10-31": "0.09400", "2017-07-31": "0.16350", "2017-04-30": "0.12300", "2017-01-31": "0.12150", "2016-10-31": "0.10420", "2016-07-31": "0.15410", "2016-04-30": "0.11520", "2016-01-31": "0.12390", "2015-10-31": "0.10460", "2015-07-31": "0.15740", "2015-04-30": "0.11080", "2015-01-31": "0.11940", "2014-10-31": "0.10900", "2014-07-31": "0.15610", "2014-04-30": "0.11180", "2014-01-31": "0.11650", "2013-10-31": "0.09600", "2013-07-31": "0.31700", "2013-04-30": "0.22810", "2013-01-31": "0.25010", "2012-10-31": "0.23640", "2012-07-31": "0.23780", "2012-04-30": "0.20650", "2012-01-31": "0.22500", "2011-10-31": "", "2011-07-31": "", "2011-04-30": "", "2011-01-31": "", "2010-07-31": ""}, "Inventory Turnover Ratio": {"2020-10-31": "", "2020-07-31": "", "2020-04-30": "", "2020-01-31": "", "2019-10-31": "", "2019-07-31": "", "2019-04-30": "", "2019-01-31": "", "2018-10-31": "", "2018-07-31": "", "2018-04-30": "", "2018-01-31": "", "2017-10-31": "", "2017-07-31": "", "2017-04-30": "", "2017-01-31": "", "2016-10-31": "", "2016-07-31": "", "2016-04-30": "", "2016-01-31": "", "2015-10-31": "", "2015-07-31": "", "2015-04-30": "", "2015-01-31": "", "2014-10-31": "", "2014-07-31": "", "2014-04-30": "", "2014-01-31": "", "2013-10-31": "", "2013-07-31": "", "2013-04-30": "", "2013-01-31": "", "2012-10-31": "", "2012-07-31": "", "2012-04-30": "", "2012-01-31": "", "2011-10-31": "", "2011-07-31": "", "2011-04-30": "", "2011-01-31": "", "2010-07-31": ""}, "Receiveable Turnover": {"2020-10-31": "1.10890", "2020-07-31": "1.48820", "2020-04-30": "1.13240", "2020-01-31": "1.14520", "2019-10-31": "1.12750", "2019-07-31": "1.18660", "2019-04-30": "0.96630", "2019-01-31": "1.00800", "2018-10-31": "1.29350", "2018-07-31": "1.91220", "2018-04-30": "1.40540", "2018-01-31": "1.63710", "2017-10-31": "1.37960", "2017-07-31": "2.22010", "2017-04-30": "1.29990", "2017-01-31": "1.78910", "2016-10-31": "1.70730", "2016-07-31": "2.24830", "2016-04-30": "1.61480", "2016-01-31": "1.71960", "2015-10-31": "1.51520", "2015-07-31": "2.02890", "2015-04-30": "1.43470", "2015-01-31": "1.44740", "2014-10-31": "1.98750", "2014-07-31": "2.37180", "2014-04-30": "1.40670", "2014-01-31": "1.47820", "2013-10-31": "1.41270", "2013-07-31": "2.37030", "2013-04-30": "1.41780", "2013-01-31": "1.72790", "2012-10-31": "1.66000", "2012-07-31": "2.09170", "2012-04-30": "1.60690", "2012-01-31": "1.59230", "2011-10-31": "", "2011-07-31": "", "2011-04-30": "", "2011-01-31": "", "2010-07-31": ""}, "Days Sales In Receivables": {"2020-10-31": "81.16440", "2020-07-31": "60.47410", "2020-04-30": "79.47550", "2020-01-31": "78.59030", "2019-10-31": "79.82430", "2019-07-31": "75.84690", "2019-04-30": "93.14260", "2019-01-31": "89.28340", "2018-10-31": "69.57690", "2018-07-31": "47.06530", "2018-04-30": "64.03940", "2018-01-31": "54.97440", "2017-10-31": "65.23670", "2017-07-31": "40.53880", "2017-04-30": "69.23390", "2017-01-31": "50.30520", "2016-10-31": "52.71470", "2016-07-31": "40.02980", "2016-04-30": "55.73520", "2016-01-31": "52.33850", "2015-10-31": "59.39800", "2015-07-31": "44.35920", "2015-04-30": "62.73240", "2015-01-31": "62.17980", "2014-10-31": "45.28330", "2014-07-31": "37.94620", "2014-04-30": "63.98140", "2014-01-31": "60.88520", "2013-10-31": "63.70710", "2013-07-31": "37.96980", "2013-04-30": "63.47740", "2013-01-31": "52.08770", "2012-10-31": "54.21530", "2012-07-31": "43.02730", "2012-04-30": "56.00700", "2012-01-31": "56.52180", "2011-10-31": "", "2011-07-31": "", "2011-04-30": "", "2011-01-31": "", "2010-07-31": ""}, "ROE - Return On Equity": {"2020-10-31": "-1.21640", "2020-07-31": "2.34040", "2020-04-30": "-1.95700", "2020-01-31": "-1.25230", "2019-10-31": "-0.94550", "2019-07-31": "1.46140", "2019-04-30": "-0.56230", "2019-01-31": "-0.00010", "2018-10-31": "0.42410", "2018-07-31": "4.16490", "2018-04-30": "-2.36010", "2018-01-31": "-4.18900", "2017-10-31": "-0.90190", "2017-07-31": "2.67580", "2017-04-30": "-0.21810", "2017-01-31": "0.48600", "2016-10-31": "-0.98940", "2016-07-31": "2.05340", "2016-04-30": "-0.05450", "2016-01-31": "0.12650", "2015-10-31": "-0.23170", "2015-07-31": "1.72520", "2015-04-30": "-0.45170", "2015-01-31": "0.60330", "2014-10-31": "-0.46010", "2014-07-31": "3.03630", "2014-04-30": "-0.30130", "2014-01-31": "0.52980", "2013-10-31": "-1.04560", "2013-07-31": "9.63790", "2013-04-30": "-1.27460", "2013-01-31": "2.65700", "2012-10-31": "0.23090", "2012-07-31": "3.81170", "2012-04-30": "1.68350", "2012-01-31": "2.32470", "2011-10-31": "", "2011-07-31": "", "2011-04-30": "", "2011-01-31": "", "2010-07-31": ""}, "Return On Tangible Equity": {"2020-10-31": "-1.57050", "2020-07-31": "3.03840", "2020-04-30": "-2.58840", "2020-01-31": "-1.66330", "2019-10-31": "-1.26480", "2019-07-31": "1.97170", "2019-04-30": "-0.77210", "2019-01-31": "-0.00010", "2018-10-31": "0.59600", "2018-07-31": "6.02570", "2018-04-30": "-3.56250", "2018-01-31": "-7.19020", "2017-10-31": "-1.14290", "2017-07-31": "3.52030", "2017-04-30": "-0.29540", "2017-01-31": "0.53300", "2016-10-31": "-1.09180", "2016-07-31": "2.17630", "2016-04-30": "-0.05800", "2016-01-31": "0.12870", "2015-10-31": "-0.23600", "2015-07-31": "1.75880", "2015-04-30": "-0.46110", "2015-01-31": "0.61630", "2014-10-31": "-0.47050", "2014-07-31": "3.10620", "2014-04-30": "-0.30860", "2014-01-31": "0.54300", "2013-10-31": "-1.07280", "2013-07-31": "10.38340", "2013-04-30": "-1.27460", "2013-01-31": "2.65700", "2012-10-31": "0.23090", "2012-07-31": "3.81170", "2012-04-30": "1.68350", "2012-01-31": "2.32470", "2011-10-31": "", "2011-07-31": "", "2011-04-30": "", "2011-01-31": "", "2010-07-31": ""}, "ROA - Return On Assets": {"2020-10-31": "-0.86320", "2020-07-31": "1.63960", "2020-04-30": "-1.40520", "2020-01-31": "-0.89770", "2019-10-31": "-0.68170", "2019-07-31": "1.06160", "2019-04-30": "-0.41680", "2019-01-31": "0.00000", "2018-10-31": "0.32050", "2018-07-31": "2.97140", "2018-04-30": "-1.69980", "2018-01-31": "-3.54870", "2017-10-31": "-0.77500", "2017-07-31": "2.20360", "2017-04-30": "-0.18130", "2017-01-31": "0.41750", "2016-10-31": "-0.86980", "2016-07-31": "1.75700", "2016-04-30": "-0.04710", "2016-01-31": "0.11080", "2015-10-31": "-0.20710", "2015-07-31": "1.48670", "2015-04-30": "-0.38750", "2015-01-31": "0.53080", "2014-10-31": "-0.40950", "2014-07-31": "2.60910", "2014-04-30": "-0.26070", "2014-01-31": "0.46520", "2013-10-31": "-0.93140", "2013-07-31": "6.99440", "2013-04-30": "-0.89250", "2013-01-31": "1.90550", "2012-10-31": "0.16700", "2012-07-31": "2.46690", "2012-04-30": "1.14060", "2012-01-31": "1.50740", "2011-10-31": "", "2011-07-31": "", "2011-04-30": "", "2011-01-31": "", "2010-07-31": ""}, "ROI - Return On Investment": {"2020-10-31": "-1.01280", "2020-07-31": "1.95150", "2020-04-30": "-1.62250", "2020-01-31": "-1.04080", "2019-10-31": "-0.78650", "2019-07-31": "1.21620", "2019-04-30": "-0.46630", "2019-01-31": "-0.00010", "2018-10-31": "0.35130", "2018-07-31": "3.42550", "2018-04-30": "-1.92040", "2018-01-31": "-4.18900", "2017-10-31": "-0.90190", "2017-07-31": "2.67580", "2017-04-30": "-0.21810", "2017-01-31": "0.48600", "2016-10-31": "-0.98940", "2016-07-31": "2.05340", "2016-04-30": "-0.05450", "2016-01-31": "0.12650", "2015-10-31": "-0.23170", "2015-07-31": "1.72520", "2015-04-30": "-0.45170", "2015-01-31": "0.60330", "2014-10-31": "-0.46010", "2014-07-31": "3.03630", "2014-04-30": "-0.30130", "2014-01-31": "0.52980", "2013-10-31": "-1.04560", "2013-07-31": "9.63790", "2013-04-30": "-1.27460", "2013-01-31": "2.65700", "2012-10-31": "0.23090", "2012-07-31": "3.81170", "2012-04-30": "1.68350", "2012-01-31": "2.32470", "2011-10-31": "", "2011-07-31": "", "2011-04-30": "", "2011-01-31": "", "2010-07-31": ""}, "Book Value Per Share": {"2020-10-31": "19.81830", "2020-07-31": "20.16980", "2020-04-30": "19.07020", "2020-01-31": "19.21720", "2019-10-31": "19.20130", "2019-07-31": "19.16460", "2019-04-30": "18.65210", "2019-01-31": "18.60080", "2018-10-31": "18.35970", "2018-07-31": "17.53610", "2018-04-30": "16.44410", "2018-01-31": "14.07190", "2017-10-31": "13.11540", "2017-07-31": "11.84580", "2017-04-30": "11.21160", "2017-01-31": "11.05780", "2016-10-31": "10.80410", "2016-07-31": "10.73300", "2016-04-30": "10.22040", "2016-01-31": "10.01880", "2015-10-31": "9.84180", "2015-07-31": "9.70890", "2015-04-30": "9.37440", "2015-01-31": "9.39360", "2014-10-31": "9.35940", "2014-07-31": "9.41900", "2014-04-30": "9.26230", "2014-01-31": "9.25560", "2013-10-31": "9.21720", "2013-07-31": "3.83070", "2013-04-30": "3.64900", "2013-01-31": "3.66760", "2012-10-31": "3.49460", "2012-07-31": "3.40940", "2012-04-30": "3.55540", "2012-01-31": "3.09650", "2011-10-31": "", "2011-07-31": "", "2011-04-30": "", "2011-01-31": "", "2010-07-31": ""}, "Operating Cash Flow Per Share": {"2020-10-31": "-0.18790", "2020-07-31": 1.2935, "2020-04-30": 0.055, "2020-01-31": 0.2363, "2019-10-31": "-0.22020", "2019-07-31": 1.2421, "2019-04-30": 0.322, "2019-01-31": 0.1718, "2018-10-31": "-0.33140", "2018-07-31": 1.3427, "2018-04-30": 0.2508, "2018-01-31": 0.6296, "2017-10-31": "-0.41560", "2017-07-31": 1.1473, "2017-04-30": 0.2984, "2017-01-31": 0.5725, "2016-10-31": "-0.17610", "2016-07-31": 0.6539, "2016-04-30": 0.3322, "2016-01-31": 0.5211, "2015-10-31": "-0.15290", "2015-07-31": 0.4447, "2015-04-30": 0.3795, "2015-01-31": 0.1364, "2014-10-31": "-0.08000", "2014-07-31": 0.7106, "2014-04-30": 0.3009, "2014-01-31": 0.3294, "2013-10-31": "-0.24860", "2013-07-31": 0.3863, "2013-04-30": 0.0919, "2013-01-31": 0.3165, "2012-10-31": "-0.26610", "2012-07-31": 0.4428, "2012-04-30": 0.4455, "2012-01-31": 0.8014, "2011-10-31": "-1.28040", "2011-07-31": -0.4355, "2011-04-30": 0.3786, "2011-01-31": 0.0569, "2010-07-31": 0}, "Free Cash Flow Per Share": {"2020-10-31": "-0.24150", "2020-07-31": 1.2516, "2020-04-30": -0.0501, "2020-01-31": 0.2068, "2019-10-31": "-0.35340", "2019-07-31": 1.0317, "2019-04-30": 0.0913, "2019-01-31": 0.0634, "2018-10-31": "-0.37280", "2018-07-31": 1.2714, "2018-04-30": 0.2376, "2018-01-31": 0.5916, "2017-10-31": "-0.44770", "2017-07-31": 1.1074, "2017-04-30": 0.2847, "2017-01-31": 0.5713, "2016-10-31": "-0.20990", "2016-07-31": 0.63, "2016-04-30": 0.3123, "2016-01-31": 0.5108, "2015-10-31": "-0.19520", "2015-07-31": 0.4297, "2015-04-30": 0.3579, "2015-01-31": 0.1039, "2014-10-31": "-0.09810", "2014-07-31": 0.6921, "2014-04-30": 0.2835, "2014-01-31": 0.3136, "2013-10-31": "-0.26920", "2013-07-31": 0.3603, "2013-04-30": 0.0629, "2013-01-31": 0.3002, "2012-10-31": "-0.34470", "2012-07-31": 0.3436, "2012-04-30": 0.4493, "2012-01-31": 0.7855, "2011-10-31": "-1.30360", "2011-07-31": -0.3133, "2011-04-30": 0.3489, "2011-01-31": -0.0356, "2010-07-31": 0}}, "revenue": {"Guidewire Software Annual Revenue (Millions of US $)": {"2020": "$742", "2019": "$720", "2018": "$653", "2017": "$510", "2016": "$424", "2015": "$381", "2014": "$350", "2013": "$301", "2012": "$232", "2011": "$172", "2010": "$145"}, "Guidewire Software Quarterly Revenue (Millions of US $)": {"2020-10-31": "$170", "2020-07-31": "$244", "2020-04-30": "$168", "2020-01-31": "$173", "2019-10-31": "$157", "2019-07-31": "$208", "2019-04-30": "$163", "2019-01-31": "$169", "2018-10-31": "$180", "2018-07-31": "$239", "2018-04-30": "$142", "2018-01-31": "$164", "2017-10-31": "$108", "2017-07-31": "$176", "2017-04-30": "$123", "2017-01-31": "$116", "2016-10-31": "$94", "2016-07-31": "$141", "2016-04-30": "$99", "2016-01-31": "$102", "2015-10-31": "$82", "2015-07-31": "$126", "2015-04-30": "$85", "2015-01-31": "$89", "2014-10-31": "$80", "2014-07-31": "$118", "2014-04-30": "$82", "2014-01-31": "$83", "2013-10-31": "$67", "2013-07-31": "$97", "2013-04-30": "$68", "2013-01-31": "$72", "2012-10-31": "$63", "2012-07-31": "$68", "2012-04-30": "$57", "2012-01-31": "$55", "2011-10-31": "$52", "2011-07-31": "", "2011-04-30": "$44", "2011-01-31": "$42", "2010-07-31": ""}}, "gross-profit": {"Guidewire Software Annual Gross Profit (Millions of US $)": {"2020": "$404", "2019": "$395", "2018": "$356", "2017": "$318", "2016": "$273", "2015": "$233", "2014": "$201", "2013": "$175", "2012": "$142", "2011": "$104", "2010": "$89"}, "Guidewire Software Quarterly Gross Profit (Millions of US $)": {"2020-10-31": "$79", "2020-07-31": "$156", "2020-04-30": "$82", "2020-01-31": "$90", "2019-10-31": "$76", "2019-07-31": "$125", "2019-04-30": "$83", "2019-01-31": "$89", "2018-10-31": "$99", "2018-07-31": "$148", "2018-04-30": "$66", "2018-01-31": "$96", "2017-10-31": "$45", "2017-07-31": "$119", "2017-04-30": "$72", "2017-01-31": "$75", "2016-10-31": "$52", "2016-07-31": "$98", "2016-04-30": "$60", "2016-01-31": "$67", "2015-10-31": "$47", "2015-07-31": "$86", "2015-04-30": "$48", "2015-01-31": "$55", "2014-10-31": "$44", "2014-07-31": "$80", "2014-04-30": "$46", "2014-01-31": "$47", "2013-10-31": "$29", "2013-07-31": "$66", "2013-04-30": "$32", "2013-01-31": "$41", "2012-10-31": "$36", "2012-07-31": "$42", "2012-04-30": "$33", "2012-01-31": "$34", "2011-10-31": "$33", "2011-07-31": "", "2011-04-30": "$27", "2011-01-31": "$26", "2010-07-31": ""}}, "operating-income": {"Guidewire Software Annual Operating Income (Millions of US $)": {"2020": "$-24", "2019": "$1", "2018": "$-16", "2017": "$22", "2016": "$16", "2015": "$16", "2014": "$18", "2013": "$30", "2012": "$29", "2011": "$7", "2010": "$18"}, "Guidewire Software Quarterly Operating Income (Millions of US $)": {"2020-10-31": "$-32", "2020-07-31": "$44", "2020-04-30": "$-26", "2020-01-31": "$-18", "2019-10-31": "$-25", "2019-07-31": "$21", "2019-04-30": "$-16", "2019-01-31": "$-6", "2018-10-31": "$2", "2018-07-31": "$47", "2018-04-30": "$-29", "2018-01-31": "$-1", "2017-10-31": "$-33", "2017-07-31": "$36", "2017-04-30": "$-4", "2017-01-31": "$8", "2016-10-31": "$-18", "2016-07-31": "$23", "2016-04-30": "$-6", "2016-01-31": "$8", "2015-10-31": "$-9", "2015-07-31": "$23", "2015-04-30": "$-7", "2015-01-31": "$3", "2014-10-31": "$-4", "2014-07-31": "$26", "2014-04-30": "$0", "2014-01-31": "$4", "2013-10-31": "$-13", "2013-07-31": "$29", "2013-04-30": "$-4", "2013-01-31": "$5", "2012-10-31": "$-0", "2012-07-31": "$11", "2012-04-30": "$5", "2012-01-31": "$5", "2011-10-31": "$8", "2011-07-31": "", "2011-04-30": "$5", "2011-01-31": "$5", "2010-07-31": ""}}, "ebitda": {"Guidewire Software Annual EBITDA (Millions of US $)": {"2020": "$30", "2019": "$46", "2018": "$23", "2017": "$42", "2016": "$28", "2015": "$29", "2014": "$29", "2013": "$35", "2012": "$32", "2011": "$9", "2010": "$19"}, "Guidewire Software Quarterly EBITDA (Millions of US $)": {"2020-10-31": "$-16", "2020-07-31": "$58", "2020-04-30": "$-12", "2020-01-31": "$-5", "2019-10-31": "$-12", "2019-07-31": "$33", "2019-04-30": "$-5", "2019-01-31": "$4", "2018-10-31": "$13", "2018-07-31": "$58", "2018-04-30": "$-18", "2018-01-31": "$9", "2017-10-31": "$-26", "2017-07-31": "$43", "2017-04-30": "$2", "2017-01-31": "$12", "2016-10-31": "$-15", "2016-07-31": "$26", "2016-04-30": "$-3", "2016-01-31": "$10", "2015-10-31": "$-6", "2015-07-31": "$26", "2015-04-30": "$-4", "2015-01-31": "$7", "2014-10-31": "$-0", "2014-07-31": "$32", "2014-04-30": "$2", "2014-01-31": "$6", "2013-10-31": "$-11", "2013-07-31": "$31", "2013-04-30": "$-3", "2013-01-31": "$6", "2012-10-31": "$1", "2012-07-31": "$11", "2012-04-30": "$6", "2012-01-31": "$6", "2011-10-31": "$9", "2011-07-31": "", "2011-04-30": "$5", "2011-01-31": "$5", "2010-07-31": ""}}, "net-income": {"Guidewire Software Annual Net Income (Millions of US $)": {"2020": "$-27", "2019": "$21", "2018": "$-27", "2017": "$18", "2016": "$15", "2015": "$10", "2014": "$15", "2013": "$25", "2012": "$13", "2011": "$12", "2010": "$4"}, "Guidewire Software Quarterly Net Income (Millions of US $)": {"2020-10-31": "$-20", "2020-07-31": "$39", "2020-04-30": "$-31", "2020-01-31": "$-20", "2019-10-31": "$-15", "2019-07-31": "$23", "2019-04-30": "$-9", "2019-01-31": "$-0", "2018-10-31": "$6", "2018-07-31": "$59", "2018-04-30": "$-31", "2018-01-31": "$-46", "2017-10-31": "$-9", "2017-07-31": "$24", "2017-04-30": "$-2", "2017-01-31": "$4", "2016-10-31": "$-8", "2016-07-31": "$16", "2016-04-30": "$-0", "2016-01-31": "$1", "2015-10-31": "$-2", "2015-07-31": "$12", "2015-04-30": "$-3", "2015-01-31": "$4", "2014-10-31": "$-3", "2014-07-31": "$20", "2014-04-30": "$-2", "2014-01-31": "$3", "2013-10-31": "$-6", "2013-07-31": "$21", "2013-04-30": "$-3", "2013-01-31": "$6", "2012-10-31": "$0", "2012-07-31": "$7", "2012-04-30": "$3", "2012-01-31": "$1", "2011-10-31": "$1", "2011-07-31": "", "2011-04-30": "$10", "2011-01-31": "$2", "2010-07-31": ""}}, "eps-earnings-per-share-diluted": {"Guidewire Software Annual EPS": {"2020": "$-0.33", "2019": "$0.25", "2018": "$-0.34", "2017": "$0.24", "2016": "$0.20", "2015": "$0.14", "2014": "$0.21", "2013": "$0.40", "2012": "$0.32", "2011": "$0.76", "2010": "$0.30"}, "Guidewire Software Quarterly EPS": {"2020-10-31": "$-0.24", "2020-07-31": "$0.46", "2020-04-30": "$-0.37", "2020-01-31": "$-0.24", "2019-10-31": "$-0.18", "2019-07-31": "$0.28", "2019-04-30": "$-0.11", "2019-01-31": "$0.00", "2018-10-31": "$0.08", "2018-07-31": "$0.77", "2018-04-30": "$-0.40", "2018-01-31": "$-0.59", "2017-10-31": "$-0.12", "2017-07-31": "$0.32", "2017-04-30": "$-0.02", "2017-01-31": "$0.05", "2016-10-31": "$-0.11", "2016-07-31": "$0.22", "2016-04-30": "$-0.01", "2016-01-31": "$0.01", "2015-10-31": "$-0.02", "2015-07-31": "$0.16", "2015-04-30": "$-0.04", "2015-01-31": "$0.06", "2014-10-31": "$-0.04", "2014-07-31": "$0.30", "2014-04-30": "$-0.03", "2014-01-31": "$0.05", "2013-10-31": "$-0.11", "2013-07-31": "$0.35", "2013-04-30": "$-0.05", "2013-01-31": "$0.09", "2012-10-31": "$0.01", "2012-07-31": "$0.12", "2012-04-30": "$0.05", "2012-01-31": "$0.06", "2011-10-31": "$0.09", "2011-07-31": "$0.00", "2011-04-30": "$0.66", "2011-01-31": "$0.11", "2010-07-31": "$0.00"}}, "shares-outstanding": {"Guidewire Software Annual Shares Outstanding (Millions of Shares)": {"2020": "83", "2019": "83", "2018": "78", "2017": "75", "2016": "74", "2015": "72", "2014": "69", "2013": "62", "2012": "42", "2011": "18", "2010": "16"}, "Guidewire Software Quarterly Shares Outstanding (Millions of Shares)": {"2020-10-31": "84", "2020-07-31": "83", "2020-04-30": "83", "2020-01-31": "83", "2019-10-31": "82", "2019-07-31": "83", "2019-04-30": "82", "2019-01-31": "81", "2018-10-31": "82", "2018-07-31": "78", "2018-04-30": "79", "2018-01-31": "77", "2017-10-31": "75", "2017-07-31": "75", "2017-04-30": "74", "2017-01-31": "75", "2016-10-31": "73", "2016-07-31": "74", "2016-04-30": "72", "2016-01-31": "73", "2015-10-31": "71", "2015-07-31": "72", "2015-04-30": "70", "2015-01-31": "72", "2014-10-31": "69", "2014-07-31": "69", "2014-04-30": "68", "2014-01-31": "71", "2013-10-31": "59", "2013-07-31": "62", "2013-04-30": "57", "2013-01-31": "62", "2012-10-31": "61", "2012-07-31": "42", "2012-04-30": "60", "2012-01-31": "26", "2011-10-31": "21", "2011-07-31": "", "2011-04-30": "18", "2011-01-31": "16", "2010-07-31": ""}}, "total-assets": {"Guidewire Software Annual Total Assets (Millions of US $)": {"2020": "$2,365", "2019": "$2,167", "2018": "$1,981", "2017": "$1,079", "2016": "$916", "2015": "$800", "2014": "$757", "2013": "$306", "2012": "$284", "2011": "$127", "2010": "$0"}, "Guidewire Software Quarterly Total Assets (Millions of US $)": {"2020-10-31": "$2,339", "2020-07-31": "$2,365", "2020-04-30": "$2,209", "2020-01-31": "$2,222", "2019-10-31": "$2,199", "2019-07-31": "$2,167", "2019-04-30": "$2,059", "2019-01-31": "$2,018", "2018-10-31": "$1,969", "2018-07-31": "$1,981", "2018-04-30": "$1,833", "2018-01-31": "$1,284", "2017-10-31": "$1,150", "2017-07-31": "$1,079", "2017-04-30": "$1,003", "2017-01-31": "$952", "2016-10-31": "$903", "2016-07-31": "$916", "2016-04-30": "$858", "2016-01-31": "$824", "2015-10-31": "$787", "2015-07-31": "$800", "2015-04-30": "$771", "2015-01-31": "$749", "2014-10-31": "$732", "2014-07-31": "$757", "2014-04-30": "$734", "2014-01-31": "$716", "2013-10-31": "$693", "2013-07-31": "$306", "2013-04-30": "$299", "2013-01-31": "$289", "2012-10-31": "$268", "2012-07-31": "$284", "2012-04-30": "$276", "2012-01-31": "$245", "2011-10-31": "$0", "2011-07-31": "$0", "2011-04-30": "$0", "2011-01-31": "$0", "2010-07-31": "$0"}}, "cash-on-hand": {"Guidewire Software Annual Cash on Hand (Millions of US $)": {"2020": "$1,133", "2019": "$1,124", "2018": "$1,067", "2017": "$573", "2016": "$628", "2015": "$572", "2014": "$444", "2013": "$157", "2012": "$209", "2011": "$62", "2010": "$"}, "Guidewire Software Quarterly Cash on Hand (Millions of US $)": {"2020-10-31": "$1,150", "2020-07-31": "$1,133", "2020-04-30": "$1,034", "2020-01-31": "$1,055", "2019-10-31": "$1,011", "2019-07-31": "$1,124", "2019-04-30": "$1,005", "2019-01-31": "$1,066", "2018-10-31": "$1,085", "2018-07-31": "$1,067", "2018-04-30": "$994", "2018-01-31": "$505", "2017-10-31": "$561", "2017-07-31": "$573", "2017-04-30": "$477", "2017-01-31": "$583", "2016-10-31": "$530", "2016-07-31": "$628", "2016-04-30": "$579", "2016-01-31": "$591", "2015-10-31": "$537", "2015-07-31": "$572", "2015-04-30": "$550", "2015-01-31": "$545", "2014-10-31": "$500", "2014-07-31": "$444", "2014-04-30": "$430", "2014-01-31": "$444", "2013-10-31": "$529", "2013-07-31": "$157", "2013-04-30": "$154", "2013-01-31": "$166", "2012-10-31": "$188", "2012-07-31": "$209", "2012-04-30": "$206", "2012-01-31": "$173", "2011-10-31": "", "2011-07-31": "", "2011-04-30": "", "2011-01-31": "", "2010-07-31": ""}}, "long-term-debt": {"Guidewire Software Annual Long Term Debt (Millions of US $)": {"2020": "$330", "2019": "$317", "2018": "$305", "2017": "$", "2016": "$", "2015": "$", "2014": "$", "2013": "$", "2012": "$", "2011": "$", "2010": "$"}, "Guidewire Software Quarterly Long Term Debt (Millions of US $)": {"2020-10-31": "$334", "2020-07-31": "$330", "2020-04-30": "$327", "2020-01-31": "$324", "2019-10-31": "$320", "2019-07-31": "$317", "2019-04-30": "$314", "2019-01-31": "$311", "2018-10-31": "$308", "2018-07-31": "$305", "2018-04-30": "$302", "2018-01-31": "", "2017-10-31": "", "2017-07-31": "", "2017-04-30": "", "2017-01-31": "", "2016-10-31": "", "2016-07-31": "", "2016-04-30": "", "2016-01-31": "", "2015-10-31": "", "2015-07-31": "", "2015-04-30": "", "2015-01-31": "", "2014-10-31": "", "2014-07-31": "", "2014-04-30": "", "2014-01-31": "", "2013-10-31": "", "2013-07-31": "", "2013-04-30": "", "2013-01-31": "", "2012-10-31": "", "2012-07-31": "", "2012-04-30": "", "2012-01-31": "", "2011-10-31": "", "2011-07-31": "", "2011-04-30": "", "2011-01-31": "", "2010-07-31": ""}}, "total-liabilities": {"Guidewire Software Annual Total Liabilities (Millions of US $)": {"2020": "$708", "2019": "$593", "2018": "$568", "2017": "$190", "2016": "$132", "2015": "$111", "2014": "$107", "2013": "$84", "2012": "$100", "2011": "$108", "2010": "$0"}, "Guidewire Software Quarterly Total Liabilities (Millions of US $)": {"2020-10-31": "$679", "2020-07-31": "$708", "2020-04-30": "$623", "2020-01-31": "$629", "2019-10-31": "$613", "2019-07-31": "$593", "2019-04-30": "$533", "2019-01-31": "$504", "2018-10-31": "$481", "2018-07-31": "$568", "2018-04-30": "$513", "2018-01-31": "$196", "2017-10-31": "$162", "2017-07-31": "$190", "2017-04-30": "$169", "2017-01-31": "$134", "2016-10-31": "$109", "2016-07-31": "$132", "2016-04-30": "$117", "2016-01-31": "$102", "2015-10-31": "$83", "2015-07-31": "$111", "2015-04-30": "$110", "2015-01-31": "$90", "2014-10-31": "$80", "2014-07-31": "$107", "2014-04-30": "$99", "2014-01-31": "$87", "2013-10-31": "$76", "2013-07-31": "$84", "2013-04-30": "$90", "2013-01-31": "$82", "2012-10-31": "$74", "2012-07-31": "$100", "2012-04-30": "$89", "2012-01-31": "$86", "2011-10-31": "$0", "2011-07-31": "", "2011-04-30": "$0", "2011-01-31": "$0", "2010-07-31": "$0"}}, "total-share-holder-equity": {"Guidewire Software Annual Share Holder Equity (Millions of US $)": {"2020": "$1,657", "2019": "$1,574", "2018": "$1,414", "2017": "$889", "2016": "$784", "2015": "$689", "2014": "$651", "2013": "$222", "2012": "$184", "2011": "$18", "2010": "$0"}, "Guidewire Software Quarterly Share Holder Equity (Millions of US $)": {"2020-10-31": "$1,660", "2020-07-31": "$1,657", "2020-04-30": "$1,586", "2020-01-31": "$1,593", "2019-10-31": "$1,586", "2019-07-31": "$1,574", "2019-04-30": "$1,526", "2019-01-31": "$1,514", "2018-10-31": "$1,488", "2018-07-31": "$1,414", "2018-04-30": "$1,320", "2018-01-31": "$1,087", "2017-10-31": "$988", "2017-07-31": "$889", "2017-04-30": "$834", "2017-01-31": "$818", "2016-10-31": "$794", "2016-07-31": "$784", "2016-04-30": "$741", "2016-01-31": "$722", "2015-10-31": "$704", "2015-07-31": "$689", "2015-04-30": "$661", "2015-01-31": "$659", "2014-10-31": "$651", "2014-07-31": "$651", "2014-04-30": "$635", "2014-01-31": "$629", "2013-10-31": "$617", "2013-07-31": "$222", "2013-04-30": "$209", "2013-01-31": "$207", "2012-10-31": "$194", "2012-07-31": "$184", "2012-04-30": "$187", "2012-01-31": "$159", "2011-10-31": "$0", "2011-07-31": "", "2011-04-30": "$0", "2011-01-31": "$0", "2010-07-31": "$0"}}, "profit-margins": {"current": "-4.29%"}, "gross margin": {"2020-10-31": "53.91%", "2020-07-31": "54.45%", "2020-04-30": "52.83%", "2020-01-31": "53.35%", "2019-10-31": "53.52%", "2019-07-31": "55.00%", "2019-04-30": "55.79%", "2019-01-31": "55.07%", "2018-10-31": "56.41%", "2018-07-31": "54.36%", "2018-04-30": "55.25%", "2018-01-31": "58.14%", "2017-10-31": "59.46%", "2017-07-31": "62.48%", "2017-04-30": "62.66%", "2017-01-31": "63.33%", "2016-10-31": "63.53%", "2016-07-31": "64.15%", "2016-04-30": "63.57%", "2016-01-31": "62.78%", "2015-10-31": "61.78%", "2015-07-31": "61.32%", "2015-04-30": "61.02%", "2015-01-31": "60.98%", "2014-10-31": "59.78%", "2014-07-31": "57.71%", "2014-04-30": "57.14%", "2014-01-31": "55.24%", "2013-10-31": "55.26%", "2013-07-31": "58.33%", "2013-04-30": "55.72%", "2013-01-31": "58.46%", "2012-10-31": "59.67%", "2012-07-31": "61.21%", "2012-01-31": "62.25%", "2011-10-31": "62.32%"}, "operating margin": {"2020-10-31": "-4.24%", "2020-07-31": "-3.37%", "2020-04-30": "-6.80%", "2020-01-31": "-5.42%", "2019-10-31": "-3.73%", "2019-07-31": "0.14%", "2019-04-30": "3.60%", "2019-01-31": "1.92%", "2018-10-31": "2.62%", "2018-07-31": "-2.45%", "2018-04-30": "-4.58%", "2018-01-31": "-0.35%", "2017-10-31": "1.34%", "2017-07-31": "4.32%", "2017-04-30": "1.90%", "2017-01-31": "1.56%", "2016-10-31": "1.61%", "2016-07-31": "3.77%", "2016-04-30": "3.91%", "2016-01-31": "3.80%", "2015-10-31": "2.62%", "2015-07-31": "3.95%", "2015-04-30": "4.84%", "2015-01-31": "6.78%", "2014-10-31": "7.16%", "2014-07-31": "4.86%", "2014-04-30": "6.08%", "2014-01-31": "5.08%", "2013-10-31": "5.59%", "2013-07-31": "10.00%", "2013-04-30": "4.43%", "2013-01-31": "8.08%", "2012-10-31": "8.64%", "2012-07-31": "12.50%", "2012-01-31": "11.92%", "2011-10-31": "13.04%"}, "ebitda margin": {"2020-10-31": "3.31%", "2020-07-31": "3.91%", "2020-04-30": "0.57%", "2020-01-31": "1.57%", "2019-10-31": "2.87%", "2019-07-31": "6.25%", "2019-04-30": "9.32%", "2019-01-31": "7.81%", "2018-10-31": "8.55%", "2018-07-31": "3.52%", "2018-04-30": "1.36%", "2018-01-31": "4.90%", "2017-10-31": "5.93%", "2017-07-31": "8.25%", "2017-04-30": "5.27%", "2017-01-31": "4.44%", "2016-10-31": "4.13%", "2016-07-31": "6.37%", "2016-04-30": "6.60%", "2016-01-31": "6.58%", "2015-10-31": "6.02%", "2015-07-31": "7.63%", "2015-04-30": "9.41%", "2015-01-31": "11.11%", "2014-10-31": "11.02%", "2014-07-31": "8.29%", "2014-04-30": "8.51%", "2014-01-31": "7.30%", "2013-10-31": "7.57%", "2013-07-31": "11.67%", "2013-04-30": "5.54%", "2013-01-31": "9.23%", "2012-10-31": "9.88%", "2012-07-31": "13.79%", "2012-01-31": "13.25%", "2011-10-31": "13.77%"}, "pre tax profit margin": {"2020-10-31": "-4.50%", "2020-07-31": "-3.37%", "2020-04-30": "-7.08%", "2020-01-31": "-3.85%", "2019-10-31": "-1.87%", "2019-07-31": "1.81%", "2019-04-30": "4.93%", "2019-01-31": "3.01%", "2018-10-31": "3.72%", "2018-07-31": "-1.23%", "2018-04-30": "-2.88%", "2018-01-31": "1.40%", "2017-10-31": "2.87%", "2017-07-31": "5.50%", "2017-04-30": "2.74%", "2017-01-31": "2.89%", "2016-10-31": "2.29%", "2016-07-31": "4.72%", "2016-04-30": "4.65%", "2016-01-31": "4.05%", "2015-10-31": "3.14%", "2015-07-31": "4.21%", "2015-04-30": "5.38%", "2015-01-31": "7.32%", "2014-10-31": "7.99%", "2014-07-31": "6.00%", "2014-04-30": "6.99%", "2014-01-31": "5.71%", "2013-10-31": "5.92%", "2013-07-31": "10.00%", "2013-04-30": "4.06%", "2013-01-31": "7.69%", "2012-10-31": "8.23%", "2012-07-31": "12.07%", "2012-01-31": "12.58%", "2011-10-31": "14.49%"}, "net profit margin": {"2020-10-31": "-4.24%", "2020-07-31": "-3.64%", "2020-04-30": "-6.09%", "2020-01-31": "-3.00%", "2019-10-31": "-0.14%", "2019-07-31": "2.78%", "2019-04-30": "7.46%", "2019-01-31": "4.66%", "2018-10-31": "-1.66%", "2018-07-31": "-4.13%", "2018-04-30": "-10.51%", "2018-01-31": "-5.78%", "2017-10-31": "3.25%", "2017-07-31": "3.54%", "2017-04-30": "2.11%", "2017-01-31": "2.67%", "2016-10-31": "2.06%", "2016-07-31": "3.54%", "2016-04-30": "2.69%", "2016-01-31": "2.03%", "2015-10-31": "2.88%", "2015-07-31": "2.63%", "2015-04-30": "4.84%", "2015-01-31": "5.15%", "2014-10-31": "4.96%", "2014-07-31": "4.29%", "2014-04-30": "4.86%", "2014-01-31": "4.76%", "2013-10-31": "5.92%", "2013-07-31": "8.00%", "2013-04-30": "3.69%", "2013-01-31": "6.15%", "2012-10-31": "4.53%", "2012-07-31": "5.17%", "2012-01-31": "7.95%", "2011-10-31": "9.42%"}, "pe ratio": {"current": "758.56", "2021-02-05": "0.00", "2020-10-31": "0.00", "2020-07-31": "0.00", "2020-04-30": "0.00", "2020-01-31": "0.00", "2019-10-31": "0.00", "2019-07-31": "408.32", "2019-04-30": "107.58", "2019-01-31": "180.58", "2018-10-31": "0.00", "2018-07-31": "0.00", "2018-04-30": "0.00", "2018-01-31": "0.00", "2017-10-31": "296.22", "2017-07-31": "257.71", "2017-04-30": "439.21", "2017-01-31": "348.87", "2016-10-31": "522.27", "2016-07-31": "307.35", "2016-04-30": "406.93", "2016-01-31": "500.36", "2015-10-31": "363.94", "2015-07-31": "421.79", "2015-04-30": "192.12", "2015-01-31": "178.93", "2014-10-31": "237.81", "2014-07-31": "578.57", "2014-04-30": "0.00", "2014-01-31": "0.00", "2013-10-31": "1014.40", "2013-07-31": "182.33", "2013-04-30": "364.36", "2013-01-31": "157.71", "2012-10-31": "170.22"}, "price sales": {"2021-02-05": "13.35", "2020-10-31": "10.57", "2020-07-31": "13.12", "2020-04-30": "10.63", "2020-01-31": "13.22", "2019-10-31": "13.28", "2019-07-31": "11.63", "2019-04-30": "11.41", "2019-01-31": "9.48", "2018-10-31": "9.67", "2018-07-31": "10.21", "2018-04-30": "10.97", "2018-01-31": "10.49", "2017-10-31": "11.44", "2017-07-31": "10.56", "2017-04-30": "9.60", "2017-01-31": "8.56", "2016-10-31": "9.64", "2016-07-31": "10.55", "2016-04-30": "10.07", "2016-01-31": "10.00", "2015-10-31": "10.88", "2015-07-31": "11.04", "2015-04-30": "9.40", "2015-01-31": "9.45", "2014-10-31": "9.53", "2014-07-31": "7.75", "2014-04-30": "7.42", "2014-01-31": "9.29", "2013-10-31": "9.99", "2013-07-31": "8.80", "2013-04-30": "7.98", "2013-01-31": "6.94", "2012-10-31": "5.33"}, "price book": {"current": "6.13", "2021-02-05": "6.12", "2020-10-31": "4.85", "2020-07-31": "5.83", "2020-04-30": "4.76", "2020-01-31": "5.85", "2019-10-31": "5.87", "2019-07-31": "5.33", "2019-04-30": "5.71", "2019-01-31": "4.66", "2018-10-31": "4.85", "2018-07-31": "4.92", "2018-04-30": "5.15", "2018-01-31": "5.65", "2017-10-31": "6.10", "2017-07-31": "6.09", "2017-04-30": "5.48", "2017-01-31": "4.73", "2016-10-31": "5.32", "2016-07-31": "5.73", "2016-04-30": "5.57", "2016-01-31": "5.49", "2015-10-31": "5.92", "2015-07-31": "6.08", "2015-04-30": "5.33", "2015-01-31": "5.33", "2014-10-31": "5.34", "2014-07-31": "4.30", "2014-04-30": "4.08", "2014-01-31": "5.10", "2013-10-31": "5.50", "2013-07-31": "11.42", "2013-04-30": "10.98", "2013-01-31": "9.03", "2012-10-31": "8.77", "2012-07-31": "7.53", "2012-04-30": "7.66", "2012-01-31": "5.82"}, "price fcf": {"2021-02-05": "", "2020-10-31": "$1.17", "2020-07-31": "$1.05", "2020-04-30": "$0.84", "2020-01-31": "$0.98", "2019-10-31": "$0.83", "2019-07-31": "$0.81", "2019-04-30": "$1.05", "2019-01-31": "$1.20", "2018-10-31": "$1.73", "2018-07-31": "$1.65", "2018-04-30": "$1.49", "2018-01-31": "$1.54", "2017-10-31": "$1.52", "2017-07-31": "$1.75", "2017-04-30": "$1.28", "2017-01-31": "$1.30", "2016-10-31": "$1.24", "2016-07-31": "$1.26", "2016-04-30": "$1.06", "2016-01-31": "$1.10", "2015-10-31": "$0.70", "2015-07-31": "$0.79", "2015-04-30": "$1.06", "2015-01-31": "$0.98", "2014-10-31": "$1.19", "2014-07-31": "$1.02", "2014-04-30": "$0.69", "2014-01-31": "$0.47", "2013-10-31": "$0.45", "2013-07-31": "$0.38", "2013-04-30": "$0.36", "2013-01-31": "$0.75", "2012-10-31": "$-0.07"}, "net worth": {"value": "$10.17B"}, "current ratio": {"current": "7.27", "2020-10-31": "7.27", "2020-07-31": "5.97", "2020-04-30": "6.93", "2020-01-31": "6.84", "2019-10-31": "7.22", "2019-07-31": "5.75", "2019-04-30": "6.38", "2019-01-31": "7.45", "2018-10-31": "8.40", "2018-07-31": "5.13", "2018-04-30": "5.97", "2018-01-31": "3.70", "2017-10-31": "4.93", "2017-07-31": "4.03", "2017-04-30": "3.68", "2017-01-31": "5.22", "2016-10-31": "6.05", "2016-07-31": "5.94", "2016-04-30": "6.05", "2016-01-31": "7.03", "2015-10-31": "8.07", "2015-07-31": "6.34", "2015-04-30": "6.14", "2015-01-31": "7.47", "2014-10-31": "7.62", "2014-07-31": "5.41", "2014-04-30": "5.69", "2014-01-31": "6.63", "2013-10-31": "8.77", "2013-07-31": "2.81", "2013-04-30": "2.80", "2013-01-31": "3.10", "2012-10-31": "3.69", "2012-07-31": "2.82", "2012-04-30": "3.03", "2012-01-31": "3.04", "2011-10-31": "0.00", "2011-07-31": "0.00", "2011-04-30": "0.00", "2011-01-31": "0.00", "2010-07-31": "0.00"}, "quick ratio": {"2020-10-31": "0.00", "2020-07-31": "0.00", "2020-04-30": "0.00", "2020-01-31": "0.00", "2019-10-31": "0.00", "2019-07-31": "0.00", "2019-04-30": "0.00", "2019-01-31": "0.00", "2018-10-31": "0.00", "2018-07-31": "0.00", "2018-04-30": "0.00", "2018-01-31": "0.00", "2017-10-31": "0.00", "2017-07-31": "0.00", "2017-04-30": "0.00", "2017-01-31": "0.00", "2016-10-31": "0.00", "2016-07-31": "0.00", "2016-04-30": "0.00", "2016-01-31": "0.00", "2015-10-31": "0.00", "2015-07-31": "0.00", "2015-04-30": "0.00", "2015-01-31": "0.00", "2014-10-31": "0.00", "2014-07-31": "0.00", "2014-04-30": "0.00", "2014-01-31": "0.00", "2013-10-31": "0.00", "2013-07-31": "0.00", "2013-04-30": "0.00", "2013-01-31": "0.00", "2012-10-31": "0.00", "2012-07-31": "0.00", "2012-04-30": "0.00", "2012-01-31": "0.00", "2011-10-31": "0.00", "2011-07-31": "0.00", "2011-04-30": "0.00", "2011-01-31": "0.00", "2010-07-31": "0.00"}, "debt equity ratio": {"current": "0.20", "2020-10-31": "0.41", "2020-07-31": "0.43", "2020-04-30": "0.39", "2020-01-31": "0.40", "2019-10-31": "0.39", "2019-07-31": "0.38", "2019-04-30": "0.35", "2019-01-31": "0.33", "2018-10-31": "0.32", "2018-07-31": "0.40", "2018-04-30": "0.39", "2018-01-31": "0.18", "2017-10-31": "0.16", "2017-07-31": "0.21", "2017-04-30": "0.20", "2017-01-31": "0.16", "2016-10-31": "0.14", "2016-07-31": "0.17", "2016-04-30": "0.16", "2016-01-31": "0.14", "2015-10-31": "0.12", "2015-07-31": "0.16", "2015-04-30": "0.17", "2015-01-31": "0.14", "2014-10-31": "0.12", "2014-07-31": "0.16", "2014-04-30": "0.16", "2014-01-31": "0.14", "2013-10-31": "0.12", "2013-07-31": "0.38", "2013-04-30": "0.43", "2013-01-31": "0.39", "2012-10-31": "0.38", "2012-07-31": "0.55", "2012-04-30": "0.48", "2012-01-31": "0.54", "2011-10-31": "0.00", "2011-07-31": "0.00", "2011-04-30": "0.00", "2011-01-31": "0.00", "2010-07-31": "0.00"}, "return on equity": {"2020-10-31": "-1.97%", "2020-07-31": "-1.68%", "2020-04-30": "-2.71%", "2020-01-31": "-1.34%", "2019-10-31": "-0.06%", "2019-07-31": "1.31%", "2019-04-30": "3.77%", "2019-01-31": "2.37%", "2018-10-31": "-0.90%", "2018-07-31": "-2.25%", "2018-04-30": "-5.79%", "2018-01-31": "-3.48%", "2017-10-31": "1.93%", "2017-07-31": "2.16%", "2017-04-30": "1.24%", "2017-01-31": "1.53%", "2016-10-31": "1.18%", "2016-07-31": "2.03%", "2016-04-30": "1.54%", "2016-01-31": "1.15%", "2015-10-31": "1.62%", "2015-07-31": "1.50%", "2015-04-30": "2.75%", "2015-01-31": "2.93%", "2014-10-31": "2.81%", "2014-07-31": "2.37%", "2014-04-30": "3.04%", "2014-01-31": "3.58%", "2013-10-31": "5.74%", "2013-07-31": "11.54%", "2013-04-30": "5.04%", "2013-01-31": "8.29%", "2012-10-31": "6.08%", "2012-07-31": "9.06%", "2012-01-31": "30.19%", "2011-10-31": "inf%"}, "return on assets": {"2020-10-31": "-1.40%", "2020-07-31": "-1.20%", "2020-04-30": "-1.96%", "2020-01-31": "-0.97%", "2019-10-31": "-0.05%", "2019-07-31": "0.97%", "2019-04-30": "2.79%", "2019-01-31": "1.74%", "2018-10-31": "-0.68%", "2018-07-31": "-1.73%", "2018-04-30": "-4.64%", "2018-01-31": "-2.92%", "2017-10-31": "1.63%", "2017-07-31": "1.83%", "2017-04-30": "1.06%", "2017-01-31": "1.32%", "2016-10-31": "1.03%", "2016-07-31": "1.77%", "2016-04-30": "1.35%", "2016-01-31": "1.01%", "2015-10-31": "1.42%", "2015-07-31": "1.31%", "2015-04-30": "2.39%", "2015-01-31": "2.56%", "2014-10-31": "2.45%", "2014-07-31": "2.07%", "2014-04-30": "2.61%", "2014-01-31": "2.98%", "2013-10-31": "4.54%", "2013-07-31": "8.26%", "2013-04-30": "3.51%", "2013-01-31": "5.73%", "2012-10-31": "4.10%", "2012-07-31": "5.96%", "2012-01-31": "19.59%", "2011-10-31": "inf%"}, "return on investments": {"2020-10-31": "-1.64%", "2020-07-31": "-1.30%", "2020-04-30": "-2.52%", "2020-01-31": "-2.01%", "2019-10-31": "-1.39%", "2019-07-31": "0.05%", "2019-04-30": "1.50%", "2019-01-31": "0.80%", "2018-10-31": "1.48%", "2018-07-31": "-1.92%", "2018-04-30": "-6.66%", "2018-01-31": "inf%", "2017-10-31": "inf%", "2017-07-31": "inf%", "2017-04-30": "inf%", "2017-01-31": "inf%", "2016-10-31": "inf%", "2016-07-31": "inf%", "2016-04-30": "inf%", "2016-01-31": "inf%", "2015-10-31": "inf%", "2015-07-31": "inf%", "2015-04-30": "inf%", "2015-01-31": "inf%", "2014-10-31": "inf%", "2014-07-31": "inf%", "2014-04-30": "inf%", "2014-01-31": "inf%", "2013-10-31": "inf%", "2013-07-31": "inf%", "2013-04-30": "inf%", "2013-01-31": "inf%", "2012-10-31": "inf%", "2012-07-31": "inf%", "2012-01-31": "inf%", "2011-10-31": "inf%"}, "return on tangible equity": {"2020-10-31": "-2.58%", "2020-07-31": "-2.22%", "2020-04-30": "-3.62%", "2020-01-31": "-1.80%", "2019-10-31": "-0.09%", "2019-07-31": "1.81%", "2019-04-30": "5.28%", "2019-01-31": "3.40%", "2018-10-31": "-1.35%", "2018-07-31": "-3.31%", "2018-04-30": "-8.37%", "2018-01-31": "-4.88%", "2017-10-31": "2.41%", "2017-07-31": "2.61%", "2017-04-30": "1.42%", "2017-01-31": "1.65%", "2016-10-31": "1.26%", "2016-07-31": "2.12%", "2016-04-30": "1.59%", "2016-01-31": "1.17%", "2015-10-31": "1.65%", "2015-07-31": "1.53%", "2015-04-30": "2.81%", "2015-01-31": "2.99%", "2014-10-31": "2.87%", "2014-07-31": "2.43%", "2014-04-30": "3.13%", "2014-01-31": "3.68%", "2013-10-31": "5.88%", "2013-07-31": "11.76%", "2013-04-30": "5.04%", "2013-01-31": "8.29%", "2012-10-31": "6.08%", "2012-07-31": "9.06%", "2012-01-31": "30.19%", "2011-10-31": "inf%"}, "dividend yield history": {"last payout": "$0.00", "last yield": "0.00%"}}