{"ticker": "HRB", "price": {"title": "H&R Block Historical Annual Stock Price Data", "value": 18.98, "historical": {"2021": {"Average Stock Price": "17.0525", "Year Open": "15.6600", "Year High": "18.9800", "Year Low": "15.6600", "Year Close": "18.9800", "Annual % Change": "19.67%"}, "2020": {"Average Stock Price": "17.1555", "Year Open": "23.4800", "Year High": "24.9700", "Year Low": "11.9400", "Year Close": "15.8600", "Annual % Change": "-32.45%"}, "2019": {"Average Stock Price": "25.4875", "Year Open": "25.5800", "Year High": "29.3000", "Year Low": "23.0200", "Year Close": "23.4800", "Annual % Change": "-7.45%"}, "2018": {"Average Stock Price": "26.2284", "Year Open": "26.7600", "Year High": "29.6000", "Year Low": "22.5000", "Year Close": "25.3700", "Annual % Change": "-3.24%"}, "2017": {"Average Stock Price": "25.9172", "Year Open": "22.9100", "Year High": "31.5100", "Year Low": "20.0500", "Year Close": "26.2200", "Annual % Change": "14.05%"}, "2016": {"Average Stock Price": "24.9085", "Year Open": "32.9500", "Year High": "34.9800", "Year Low": "19.4600", "Year Close": "22.9900", "Annual % Change": "-30.98%"}, "2015": {"Average Stock Price": "33.5731", "Year Open": "33.0800", "Year High": "37.4000", "Year Low": "29.5100", "Year Close": "33.3100", "Annual % Change": "-1.10%"}, "2014": {"Average Stock Price": "31.1256", "Year Open": "29.3800", "Year High": "34.4900", "Year Low": "27.4000", "Year Close": "33.6800", "Annual % Change": "15.98%"}, "2013": {"Average Stock Price": "27.5746", "Year Open": "19.0600", "Year High": "31.9900", "Year Low": "19.0600", "Year Close": "29.0400", "Annual % Change": "56.38%"}, "2012": {"Average Stock Price": "16.6144", "Year Open": "16.2400", "Year High": "19.1900", "Year Low": "14.4700", "Year Close": "18.5700", "Annual % Change": "13.72%"}, "2011": {"Average Stock Price": "15.0642", "Year Open": "12.4900", "Year High": "17.9700", "Year Low": "12.3000", "Year Close": "16.3300", "Annual % Change": "37.11%"}, "2010": {"Average Stock Price": "15.7279", "Year Open": "22.6600", "Year High": "23.0700", "Year Low": "10.6200", "Year Close": "11.9100", "Annual % Change": "-47.35%"}, "2009": {"Average Stock Price": "18.1443", "Year Open": "22.5100", "Year High": "23.0800", "Year Low": "13.9400", "Year Close": "22.6200", "Annual % Change": "-0.44%"}, "2008": {"Average Stock Price": "21.1271", "Year Open": "18.6100", "Year High": "26.5000", "Year Low": "15.4600", "Year Close": "22.7200", "Annual % Change": "22.35%"}, "2007": {"Average Stock Price": "21.5603", "Year Open": "23.2000", "Year High": "24.8400", "Year Low": "17.6000", "Year Close": "18.5700", "Annual % Change": "-19.40%"}, "2006": {"Average Stock Price": "22.8512", "Year Open": "24.4500", "Year High": "25.6400", "Year Low": "20.6100", "Year Close": "23.0400", "Annual % Change": "-6.15%"}, "2005": {"Average Stock Price": "25.5351", "Year Open": "24.3450", "Year High": "29.8050", "Year Low": "23.1000", "Year Close": "24.5500", "Annual % Change": "0.20%"}, "2004": {"Average Stock Price": "24.9824", "Year Open": "27.8600", "Year High": "30.3550", "Year Low": "22.3850", "Year Close": "24.5000", "Annual % Change": "-11.50%"}, "2003": {"Average Stock Price": "21.5576", "Year Open": "20.6250", "Year High": "27.6850", "Year Low": "17.7350", "Year Close": "27.6850", "Annual % Change": "37.74%"}, "2002": {"Average Stock Price": "22.2562", "Year Open": "21.8450", "Year High": "26.5750", "Year Low": "15.3700", "Year Close": "20.1000", "Annual % Change": "-10.07%"}, "2001": {"Average Stock Price": "15.7290", "Year Open": "10.0625", "Year High": "22.5250", "Year Low": "9.3750", "Year Close": "22.3500", "Annual % Change": "116.05%"}, "2000": {"Average Stock Price": "9.2805", "Year Open": "10.4525", "Year High": "12.0475", "Year Low": "7.1400", "Year Close": "10.3450", "Annual % Change": "-5.42%"}, "1999": {"Average Stock Price": "11.8262", "Year Open": "11.2200", "Year High": "14.7200", "Year Low": "9.6575", "Year Close": "10.9375", "Annual % Change": "-2.78%"}, "1998": {"Average Stock Price": "10.9706", "Year Open": "11.0625", "Year High": "12.1875", "Year Low": "9.3275", "Year Close": "11.2500", "Annual % Change": "0.42%"}, "1997": {"Average Stock Price": "8.7863", "Year Open": "7.1250", "Year High": "11.3750", "Year Low": "7.1250", "Year Close": "11.2025", "Annual % Change": "54.52%"}, "1996": {"Average Stock Price": "8.0003", "Year Open": "10.2800", "Year High": "10.4688", "Year Low": "6.0938", "Year Close": "7.2500", "Annual % Change": "-28.40%"}, "1995": {"Average Stock Price": "9.9279", "Year Open": "9.0950", "Year High": "11.6575", "Year Low": "8.4375", "Year Close": "10.1250", "Annual % Change": "9.46%"}, "1994": {"Average Stock Price": "10.5902", "Year Open": "10.1575", "Year High": "12.0950", "Year Low": "8.3750", "Year Close": "9.2500", "Annual % Change": "-9.20%"}, "1993": {"Average Stock Price": "9.4601", "Year Open": "9.9700", "Year High": "10.5950", "Year Low": "8.0950", "Year Close": "10.1875", "Annual % Change": "2.52%"}, "1992": {"Average Stock Price": "8.7301", "Year Open": "9.1250", "Year High": "10.2200", "Year Low": "7.6250", "Year Close": "9.9375", "Annual % Change": "6.00%"}, "1991": {"Average Stock Price": "7.1488", "Year Open": "5.3900", "Year High": "9.4075", "Year Low": "5.1100", "Year Close": "9.3750", "Annual % Change": "73.41%"}, "1990": {"Average Stock Price": "4.8012", "Year Open": "4.6100", "Year High": "5.6250", "Year Low": "3.8750", "Year Close": "5.4063", "Annual % Change": "20.14%"}, "1989": {"Average Stock Price": "3.8683", "Year Open": "3.4375", "Year High": "4.6563", "Year Low": "3.2975", "Year Close": "4.5000", "Annual % Change": "26.85%"}, "1988": {"Average Stock Price": "3.5062", "Year Open": "3.8900", "Year High": "4.2188", "Year Low": "2.9525", "Year Close": "3.5475", "Annual % Change": "-8.45%"}, "1987": {"Average Stock Price": "3.3731", "Year Open": "2.9450", "Year High": "4.0863", "Year Low": "2.6250", "Year Close": "3.8750", "Annual % Change": "37.78%"}}}, "market cap": {"value": "$3.48B"}, "income statement": {"Revenue": {"2020-04-30": "2639.72000", "2019-04-30": "3094.88100", "2018-04-30": "3159.93100", "2017-04-30": "3036.31400", "2016-04-30": "3038.15300", "2015-04-30": "3078.65800", "2014-04-30": "3024.29500", "2013-04-30": "2905.94300", "2012-04-30": "2893.77100", "2011-04-30": "2944.98000", "2010-04-30": "3014.83500", "2009-04-30": "4083.57700", "2008-04-30": "4086.63000", "2007-04-30": "3710.36200", "2006-04-30": "3574.75300", "2005-04-30": "3146.36900"}, "Cost Of Goods Sold": {"2020-04-30": "1712.27600", "2019-04-30": "1756.92200", "2018-04-30": "1739.72900", "2017-04-30": "1644.37700", "2016-04-30": "1685.55200", "2015-04-30": "852.48000", "2014-04-30": "816.62300", "2013-04-30": "769.16100", "2012-04-30": "828.77300", "2011-04-30": "830.98000", "2010-04-30": "855.44500", "2009-04-30": "2596.21800", "2008-04-30": "2588.19300", "2007-04-30": "2330.49400", "2006-04-30": "2155.35000", "2005-04-30": "1891.07100"}, "Gross Profit": {"2020-04-30": "927.44400", "2019-04-30": "1337.95900", "2018-04-30": "1420.20200", "2017-04-30": "1391.93700", "2016-04-30": "1352.60100", "2015-04-30": "2226.17800", "2014-04-30": "2207.67200", "2013-04-30": "2136.78200", "2012-04-30": "2064.99800", "2011-04-30": "2114.00000", "2010-04-30": "2159.39000", "2009-04-30": "1487.35900", "2008-04-30": "1498.43700", "2007-04-30": "1379.86800", "2006-04-30": "1419.40300", "2005-04-30": "1255.29800"}, "Research And Development Expenses": {"2020-04-30": "", "2019-04-30": "", "2018-04-30": "", "2017-04-30": "", "2016-04-30": "", "2015-04-30": "", "2014-04-30": "", "2013-04-30": "", "2012-04-30": "", "2011-04-30": "", "2010-04-30": "", "2009-04-30": "", "2008-04-30": "", "2007-04-30": "", "2006-04-30": "", "2005-04-30": ""}, "SG&A Expenses": {"2020-04-30": "744.36100", "2019-04-30": "722.16700", "2018-04-30": "668.15200", "2017-04-30": "675.95300", "2016-04-30": "719.40900", "2015-04-30": "653.50200", "2014-04-30": "633.42800", "2013-04-30": "604.46900", "2012-04-30": "618.37500", "2011-04-30": "529.15900", "2010-04-30": "480.60400", "2009-04-30": "648.49000", "2008-04-30": "788.89800", "2007-04-30": "728.54000", "2006-04-30": "882.38900", "2005-04-30": "693.14700"}, "Other Operating Income Or Expenses": {"2020-04-30": "", "2019-04-30": "", "2018-04-30": "", "2017-04-30": "", "2016-04-30": "", "2015-04-30": "-666.14900", "2014-04-30": "-662.49500", "2013-04-30": "-686.10100", "2012-04-30": "-711.52300", "2011-04-30": "-790.06200", "2010-04-30": "-799.39100", "2009-04-30": "", "2008-04-30": "", "2007-04-30": "", "2006-04-30": "", "2005-04-30": ""}, "Operating Expenses": {"2020-04-30": "2562.63700", "2019-04-30": "2479.08900", "2018-04-30": "2407.88100", "2017-04-30": "2320.33000", "2016-04-30": "2404.96100", "2015-04-30": "2283.99200", "2014-04-30": "2205.80500", "2013-04-30": "2134.96000", "2012-04-30": "2327.47900", "2011-04-30": "2328.64100", "2010-04-30": "2301.02100", "2009-04-30": "3244.70800", "2008-04-30": "3377.09100", "2007-04-30": "3059.03400", "2006-04-30": "3037.73900", "2005-04-30": "2584.21800"}, "Operating Income": {"2020-04-30": "77.08300", "2019-04-30": "615.79220", "2018-04-30": "752.05000", "2017-04-30": "715.98390", "2016-04-30": "633.19210", "2015-04-30": "794.66600", "2014-04-30": "818.49000", "2013-04-30": "770.98320", "2012-04-30": "566.29200", "2011-04-30": "616.33890", "2010-04-30": "713.81400", "2009-04-30": "838.86890", "2008-04-30": "709.53880", "2007-04-30": "651.32810", "2006-04-30": "537.01420", "2005-04-30": "562.15110"}, "Total Non-Operating Income/Expense": {"2020-04-30": "-80.45700", "2019-04-30": "-70.63200", "2018-04-30": "-83.31800", "2017-04-30": "-86.69700", "2016-04-30": "-63.71300", "2015-04-30": "-51.86100", "2014-04-30": "-51.37400", "2013-04-30": "-68.97200", "2012-04-30": "9.77800", "2011-04-30": "11.36400", "2010-04-30": "9.60000", "2009-04-30": "0.50100", "2008-04-30": "25.53200", "2007-04-30": "-24.06700", "2006-04-30": "-26.53200", "2005-04-30": "-34.53800"}, "Pre-Tax Income": {"2020-04-30": "-3.37400", "2019-04-30": "545.16000", "2018-04-30": "668.73200", "2017-04-30": "629.28700", "2016-04-30": "569.47900", "2015-04-30": "742.80500", "2014-04-30": "767.11600", "2013-04-30": "702.01100", "2012-04-30": "576.07000", "2011-04-30": "627.70300", "2010-04-30": "723.41400", "2009-04-30": "839.37000", "2008-04-30": "735.07100", "2007-04-30": "627.26100", "2006-04-30": "510.48200", "2005-04-30": "527.61300"}, "Income Taxes": {"2020-04-30": "-9.53000", "2019-04-30": "99.90400", "2018-04-30": "41.82300", "2017-04-30": "208.37000", "2016-04-30": "185.92600", "2015-04-30": "256.06100", "2014-04-30": "267.01900", "2013-04-30": "236.85300", "2012-04-30": "230.10200", "2011-04-30": "235.15600", "2010-04-30": "268.29100", "2009-04-30": "326.31500", "2008-04-30": "289.12400", "2007-04-30": "257.80100", "2006-04-30": "212.94100", "2005-04-30": "207.86400"}, "Income After Taxes": {"2020-04-30": "6.15600", "2019-04-30": "445.25600", "2018-04-30": "626.90900", "2017-04-30": "420.91700", "2016-04-30": "383.55300", "2015-04-30": "486.74400", "2014-04-30": "500.09700", "2013-04-30": "465.15800", "2012-04-30": "345.96800", "2011-04-30": "392.54700", "2010-04-30": "455.12300", "2009-04-30": "513.05500", "2008-04-30": "445.94700", "2007-04-30": "369.46000", "2006-04-30": "297.54100", "2005-04-30": "319.74900"}, "Other Income": {"2020-04-30": "", "2019-04-30": "", "2018-04-30": "", "2017-04-30": "", "2016-04-30": "", "2015-04-30": "", "2014-04-30": "", "2013-04-30": "", "2012-04-30": "", "2011-04-30": "", "2010-04-30": "", "2009-04-30": "", "2008-04-30": "", "2007-04-30": "", "2006-04-30": "", "2005-04-30": ""}, "Income From Continuous Operations": {"2020-04-30": "6.15600", "2019-04-30": "445.25600", "2018-04-30": "626.90900", "2017-04-30": "420.91700", "2016-04-30": "383.55300", "2015-04-30": "486.74400", "2014-04-30": "500.09700", "2013-04-30": "465.15800", "2012-04-30": "345.96800", "2011-04-30": "392.54700", "2010-04-30": "455.12300", "2009-04-30": "513.05500", "2008-04-30": "445.94700", "2007-04-30": "369.46000", "2006-04-30": "297.54100", "2005-04-30": "319.74900"}, "Income From Discontinued Operations": {"2020-04-30": "-13.68200", "2019-04-30": "-22.74700", "2018-04-30": "-13.76000", "2017-04-30": "-11.97200", "2016-04-30": "-9.28600", "2015-04-30": "-13.08100", "2014-04-30": "-24.94000", "2013-04-30": "-31.21000", "2012-04-30": "-80.03600", "2011-04-30": "13.56300", "2010-04-30": "24.11900", "2009-04-30": "-27.38200", "2008-04-30": "-754.59400", "2007-04-30": "-803.11300", "2006-04-30": "192.86700", "2005-04-30": "304.16100"}, "Net Income": {"2020-04-30": "-7.52600", "2019-04-30": "422.50900", "2018-04-30": "613.14900", "2017-04-30": "408.94500", "2016-04-30": "374.26700", "2015-04-30": "473.66300", "2014-04-30": "475.15700", "2013-04-30": "433.94800", "2012-04-30": "265.93200", "2011-04-30": "406.11000", "2010-04-30": "479.24200", "2009-04-30": "485.67300", "2008-04-30": "-308.64700", "2007-04-30": "-433.65300", "2006-04-30": "490.40800", "2005-04-30": "623.91000"}, "EBITDA": {"2020-04-30": "352.61900", "2019-04-30": "782.48720", "2018-04-30": "935.34500", "2017-04-30": "898.15190", "2016-04-30": "806.79020", "2015-04-30": "954.47000", "2014-04-30": "934.09400", "2013-04-30": "863.39010", "2012-04-30": "875.90800", "2011-04-30": "854.85490", "2010-04-30": "945.54500", "2009-04-30": "962.49990", "2008-04-30": "829.05280", "2007-04-30": "758.80710", "2006-04-30": "685.33510", "2005-04-30": "712.08720"}, "EBIT": {"2020-04-30": "77.08300", "2019-04-30": "615.79220", "2018-04-30": "752.05000", "2017-04-30": "715.98390", "2016-04-30": "633.19210", "2015-04-30": "794.66600", "2014-04-30": "818.49000", "2013-04-30": "770.98320", "2012-04-30": "658.38100", "2011-04-30": "710.52190", "2010-04-30": "803.64400", "2009-04-30": "838.86890", "2008-04-30": "709.53880", "2007-04-30": "651.32810", "2006-04-30": "537.01420", "2005-04-30": "562.15110"}, "Basic Shares Outstanding": {"2020-04-30": "196.70100", "2019-04-30": "205.37200", "2018-04-30": "208.82400", "2017-04-30": "212.80900", "2016-04-30": "249.00900", "2015-04-30": "275.03300", "2014-04-30": "273.83000", "2013-04-30": "273.05700", "2012-04-30": "297.86300", "2011-04-30": "309.23000", "2010-04-30": "332.28300", "2009-04-30": "332.78700", "2008-04-30": "324.81000", "2007-04-30": "322.68800", "2006-04-30": "328.11800", "2005-04-30": "331.61200"}, "Shares Outstanding": {"2020-04-30": "198.10800", "2019-04-30": "206.72400", "2018-04-30": "210.21300", "2017-04-30": "214.09500", "2016-04-30": "250.81800", "2015-04-30": "277.13600", "2014-04-30": "276.02700", "2013-04-30": "274.35900", "2012-04-30": "298.60100", "2011-04-30": "309.77700", "2010-04-30": "333.23600", "2009-04-30": "334.53900", "2008-04-30": "327.46800", "2007-04-30": "326.15400", "2006-04-30": "333.18700", "2005-04-30": "337.62500"}, "Basic EPS": {"2020-04-30": "-0.04000", "2019-04-30": "2.05000", "2018-04-30": "2.93000", "2017-04-30": "1.92000", "2016-04-30": "1.50000", "2015-04-30": "1.72000", "2014-04-30": "1.73000", "2013-04-30": "1.59000", "2012-04-30": "0.89000", "2011-04-30": "1.31000", "2010-04-30": "1.44000", "2009-04-30": "1.45000", "2008-04-30": "-0.95000", "2007-04-30": "-1.34000", "2006-04-30": "1.49000", "2005-04-30": "1.88000"}, "EPS - Earnings Per Share": {"2020-04-30": "-0.04000", "2019-04-30": "2.04000", "2018-04-30": "2.91000", "2017-04-30": "1.91000", "2016-04-30": "1.49000", "2015-04-30": "1.71000", "2014-04-30": "1.72000", "2013-04-30": "1.58000", "2012-04-30": "0.89000", "2011-04-30": "1.31000", "2010-04-30": "1.43000", "2009-04-30": "1.45000", "2008-04-30": "-0.95000", "2007-04-30": "-1.33000", "2006-04-30": "1.47000", "2005-04-30": "1.85000"}}, "income statement, quarterly": {"Revenue": {"2020-10-31": "176.55000", "2020-07-31": "601.03000", "2020-04-30": "1809.35200", "2020-01-31": "519.20500", "2019-10-31": "160.80100", "2019-07-31": "150.36200", "2019-04-30": "2332.44300", "2019-01-31": "468.38400", "2018-10-31": "148.87100", "2018-07-31": "145.18300", "2018-04-30": "2392.84900", "2018-01-31": "488.42600", "2017-10-31": "140.85400", "2017-07-31": "137.80200", "2017-04-30": "2327.91500", "2017-01-31": "451.88200", "2016-10-31": "131.33200", "2016-07-31": "125.18500", "2016-04-30": "2297.47700", "2016-01-31": "474.54300", "2015-10-31": "128.41500", "2015-07-31": "137.71800", "2015-04-30": "2301.37000", "2015-01-31": "509.07400", "2014-10-31": "134.62800", "2014-07-31": "133.58600", "2014-04-30": "2562.99000", "2014-01-31": "199.77000", "2013-10-31": "134.34000", "2013-07-31": "127.19500", "2013-04-30": "2200.21200", "2013-01-31": "471.97900", "2012-10-31": "137.26300", "2012-07-31": "96.48900", "2012-04-30": "2000.67400", "2012-01-31": "663.28000", "2011-10-31": "129.19400", "2011-07-31": "100.62300", "2011-04-30": "1870.62000", "2011-01-31": "680.29600", "2010-10-31": "119.59000", "2010-07-31": "274.47400", "2010-04-30": "2337.89400", "2010-01-31": "934.85200", "2009-10-31": "326.08100", "2009-07-31": "275.50500", "2009-04-30": "2466.75300", "2009-01-31": "993.44600", "2008-10-31": "351.46900", "2008-07-31": "271.90900", "2008-04-30": "2453.92500", "2008-01-31": "894.80400", "2007-10-31": "356.69200", "2007-07-31": "381.20900", "2007-04-30": "2040.33000", "2007-01-31": "931.17900", "2006-10-31": "396.08300", "2006-07-31": "342.77000", "2006-04-30": "1494.46400", "2006-01-31": "860.25300", "2005-10-31": "605.04300", "2005-07-31": "614.99300", "2005-04-30": "1081.62900", "2005-01-31": "1036.23600"}, "Cost Of Goods Sold": {"2020-10-31": "245.05500", "2020-07-31": "315.03600", "2020-04-30": "767.15700", "2020-01-31": "462.52100", "2019-10-31": "253.20600", "2019-07-31": "229.39200", "2019-04-30": "863.52110", "2019-01-31": "421.02600", "2018-10-31": "250.81500", "2018-07-31": "221.56000", "2018-04-30": "855.39390", "2018-01-31": "416.60100", "2017-10-31": "240.01900", "2017-07-31": "227.71500", "2017-04-30": "1369.27900", "2017-01-31": "165.01500", "2016-10-31": "57.72800", "2016-07-31": "52.35500", "2016-04-30": "1385.15400", "2016-01-31": "181.91500", "2015-10-31": "62.69400", "2015-07-31": "55.78900", "2015-04-30": "544.58800", "2015-01-31": "186.65600", "2014-10-31": "69.38100", "2014-07-31": "51.85500", "2014-04-30": "548.95500", "2014-01-31": "160.83000", "2013-10-31": "60.52600", "2013-07-31": "46.31200", "2013-04-30": "514.73100", "2013-01-31": "160.08100", "2012-10-31": "54.76400", "2012-07-31": "39.58500", "2012-04-30": "512.63400", "2012-01-31": "207.48000", "2011-10-31": "61.43800", "2011-07-31": "47.22100", "2011-04-30": "394.10400", "2011-01-31": "206.97000", "2010-10-31": "61.85900", "2010-07-31": "168.04700", "2010-04-30": "1024.85000", "2010-01-31": "645.74700", "2009-10-31": "410.94900", "2009-07-31": "386.45000", "2009-04-30": "1112.74800", "2009-01-31": "684.56700", "2008-10-31": "438.76500", "2008-07-31": "360.13800", "2008-04-30": "1073.41600", "2008-01-31": "649.04100", "2007-10-31": "437.09200", "2007-07-31": "428.64400", "2007-04-30": "877.67580", "2007-01-31": "646.25900", "2006-10-31": "424.82700", "2006-07-31": "381.73200", "2006-04-30": "552.01390", "2006-01-31": "599.36300", "2005-10-31": "532.92800", "2005-07-31": "471.04500", "2005-04-30": "459.81800", "2005-01-31": "641.55000"}, "Gross Profit": {"2020-10-31": "-68.50500", "2020-07-31": "285.99400", "2020-04-30": "1042.19500", "2020-01-31": "56.68400", "2019-10-31": "-92.40500", "2019-07-31": "-79.03000", "2019-04-30": "1468.92200", "2019-01-31": "47.35800", "2018-10-31": "-101.94400", "2018-07-31": "-76.37700", "2018-04-30": "1537.45500", "2018-01-31": "71.82500", "2017-10-31": "-99.16500", "2017-07-31": "-89.91300", "2017-04-30": "958.63590", "2017-01-31": "286.86700", "2016-10-31": "73.60400", "2016-07-31": "72.83000", "2016-04-30": "912.32300", "2016-01-31": "292.62800", "2015-10-31": "65.72100", "2015-07-31": "81.92900", "2015-04-30": "1756.78200", "2015-01-31": "322.41800", "2014-10-31": "65.24700", "2014-07-31": "81.73100", "2014-04-30": "2014.03500", "2014-01-31": "38.94000", "2013-10-31": "73.81400", "2013-07-31": "80.88300", "2013-04-30": "1685.48100", "2013-01-31": "311.89800", "2012-10-31": "82.49900", "2012-07-31": "56.90400", "2012-04-30": "1488.04000", "2012-01-31": "455.80000", "2011-10-31": "67.75600", "2011-07-31": "53.40200", "2011-04-30": "1476.51600", "2011-01-31": "473.32600", "2010-10-31": "57.73100", "2010-07-31": "106.42700", "2010-04-30": "1313.04400", "2010-01-31": "289.10500", "2009-10-31": "-84.86800", "2009-07-31": "-110.94500", "2009-04-30": "1354.00500", "2009-01-31": "308.87900", "2008-10-31": "-87.29600", "2008-07-31": "-88.22900", "2008-04-30": "1380.50900", "2008-01-31": "245.76300", "2007-10-31": "-80.40000", "2007-07-31": "-47.43500", "2007-04-30": "1162.65400", "2007-01-31": "284.92000", "2006-10-31": "-28.74400", "2006-07-31": "-38.96200", "2006-04-30": "942.45030", "2006-01-31": "260.89000", "2005-10-31": "72.11510", "2005-07-31": "143.94800", "2005-04-30": "621.81080", "2005-01-31": "394.68600"}, "Research And Development Expenses": {"2020-10-31": "", "2020-07-31": "", "2020-04-30": "", "2020-01-31": "", "2019-10-31": "", "2019-07-31": "", "2019-04-30": "", "2019-01-31": "", "2018-10-31": "", "2018-07-31": "", "2018-04-30": "", "2018-01-31": "", "2017-10-31": "", "2017-07-31": "", "2017-04-30": "", "2017-01-31": "", "2016-10-31": "", "2016-07-31": "", "2016-04-30": "", "2016-01-31": "", "2015-10-31": "", "2015-07-31": "", "2015-04-30": "", "2015-01-31": "", "2014-10-31": "", "2014-07-31": "", "2014-04-30": "", "2014-01-31": "", "2013-10-31": "", "2013-07-31": "", "2013-04-30": "", "2013-01-31": "", "2012-10-31": "", "2012-07-31": "", "2012-04-30": "", "2012-01-31": "", "2011-10-31": "", "2011-07-31": "", "2011-04-30": "", "2011-01-31": "", "2010-10-31": "", "2010-07-31": "", "2010-04-30": "", "2010-01-31": "", "2009-10-31": "", "2009-07-31": "", "2009-04-30": "", "2009-01-31": "", "2008-10-31": "", "2008-07-31": "", "2008-04-30": "", "2008-01-31": "", "2007-10-31": "", "2007-07-31": "", "2007-04-30": "", "2007-01-31": "", "2006-10-31": "", "2006-07-31": "", "2006-04-30": "", "2006-01-31": "", "2005-10-31": "", "2005-07-31": "", "2005-04-30": "", "2005-01-31": ""}, "SG&A Expenses": {"2020-10-31": "136.84200", "2020-07-31": "133.03800", "2020-04-30": "268.60300", "2020-01-31": "209.28800", "2019-10-31": "150.33400", "2019-07-31": "116.13600", "2019-04-30": "317.65000", "2019-01-31": "185.45800", "2018-10-31": "113.31900", "2018-07-31": "105.74000", "2018-04-30": "286.95900", "2018-01-31": "169.09800", "2017-10-31": "116.84600", "2017-07-31": "95.24900", "2017-04-30": "275.58100", "2017-01-31": "187.89700", "2016-10-31": "113.65200", "2016-07-31": "98.82300", "2016-04-30": "283.49800", "2016-01-31": "201.87200", "2015-10-31": "135.84700", "2015-07-31": "98.19200", "2015-04-30": "269.37600", "2015-01-31": "189.54700", "2014-10-31": "97.37900", "2014-07-31": "97.20000", "2014-04-30": "268.19100", "2014-01-31": "174.44800", "2013-10-31": "94.09200", "2013-07-31": "96.69700", "2013-04-30": "251.66700", "2013-01-31": "186.99700", "2012-10-31": "90.32700", "2012-07-31": "75.47800", "2012-04-30": "210.23100", "2012-01-31": "211.73600", "2011-10-31": "103.75500", "2011-07-31": "92.65300", "2011-04-30": "146.50800", "2011-01-31": "190.63900", "2010-10-31": "74.98300", "2010-07-31": "117.02900", "2010-04-30": "203.93600", "2010-01-31": "194.66100", "2009-10-31": "129.68500", "2009-07-31": "103.21700", "2009-04-30": "178.25400", "2009-01-31": "208.81400", "2008-10-31": "138.03600", "2008-07-31": "123.38600", "2008-04-30": "246.19100", "2008-01-31": "247.32000", "2007-10-31": "151.27800", "2007-07-31": "144.10900", "2007-04-30": "162.52900", "2007-01-31": "253.96800", "2006-10-31": "162.97200", "2006-07-31": "149.07100", "2006-04-30": "204.50400", "2006-01-31": "297.40100", "2005-10-31": "195.70200", "2005-07-31": "184.78200", "2005-04-30": "99.97000", "2005-01-31": "248.11400"}, "Other Operating Income Or Expenses": {"2020-10-31": "", "2020-07-31": "", "2020-04-30": "", "2020-01-31": "", "2019-10-31": "", "2019-07-31": "", "2019-04-30": "", "2019-01-31": "", "2018-10-31": "", "2018-07-31": "", "2018-04-30": "", "2018-01-31": "", "2017-10-31": "", "2017-07-31": "", "2017-04-30": "", "2017-01-31": "-193.93400", "2016-10-31": "-138.06300", "2016-07-31": "-131.26400", "2016-04-30": "", "2016-01-31": "-181.80300", "2015-10-31": "-135.34900", "2015-07-31": "-130.63500", "2015-04-30": "-242.63500", "2015-01-31": "-178.84100", "2014-10-31": "-123.88700", "2014-07-31": "-120.78600", "2014-04-30": "-243.81000", "2014-01-31": "-163.56800", "2013-10-31": "-124.44200", "2013-07-31": "-130.67500", "2013-04-30": "-271.48400", "2013-01-31": "-179.72800", "2012-10-31": "-117.66100", "2012-07-31": "-117.22800", "2012-04-30": "-252.47100", "2012-01-31": "-206.44700", "2011-10-31": "-126.65000", "2011-07-31": "-125.95500", "2011-04-30": "-262.25600", "2011-01-31": "-245.20800", "2010-10-31": "-128.65600", "2010-07-31": "-153.94200", "2010-04-30": "", "2010-01-31": "", "2009-10-31": "", "2009-07-31": "", "2009-04-30": "", "2009-01-31": "", "2008-10-31": "", "2008-07-31": "", "2008-04-30": "", "2008-01-31": "", "2007-10-31": "", "2007-07-31": "", "2007-04-30": "", "2007-01-31": "", "2006-10-31": "", "2006-07-31": "", "2006-04-30": "", "2006-01-31": "", "2005-10-31": "", "2005-07-31": "", "2005-04-30": "", "2005-01-31": ""}, "Operating Expenses": {"2020-10-31": "381.89700", "2020-07-31": "448.07400", "2020-04-30": "1141.76000", "2020-01-31": "671.80900", "2019-10-31": "403.54000", "2019-07-31": "345.52800", "2019-04-30": "1181.17100", "2019-01-31": "606.48400", "2018-10-31": "364.13400", "2018-07-31": "327.30000", "2018-04-30": "1142.35300", "2018-01-31": "585.69900", "2017-10-31": "356.86500", "2017-07-31": "322.96400", "2017-04-30": "1094.39300", "2017-01-31": "576.67400", "2016-10-31": "339.35400", "2016-07-31": "309.90900", "2016-04-30": "1136.62800", "2016-01-31": "594.38490", "2015-10-31": "362.24800", "2015-07-31": "311.70000", "2015-04-30": "1085.76500", "2015-01-31": "584.22500", "2014-10-31": "319.07600", "2014-07-31": "294.92600", "2014-04-30": "1073.78700", "2014-01-31": "524.11300", "2013-10-31": "301.15500", "2013-07-31": "306.75000", "2013-04-30": "999.10500", "2013-01-31": "564.61500", "2012-10-31": "302.33800", "2012-07-31": "268.90200", "2012-04-30": "1019.64100", "2012-01-31": "666.97600", "2011-10-31": "335.62500", "2011-07-31": "305.23700", "2011-04-30": "899.03100", "2011-01-31": "683.56100", "2010-10-31": "283.96600", "2010-07-31": "462.08300", "2010-04-30": "1228.78600", "2010-01-31": "840.40800", "2009-10-31": "540.63400", "2009-07-31": "489.66700", "2009-04-30": "1291.00200", "2009-01-31": "893.38100", "2008-10-31": "576.80100", "2008-07-31": "483.52400", "2008-04-30": "1319.60700", "2008-01-31": "896.36100", "2007-10-31": "588.37000", "2007-07-31": "572.75300", "2007-04-30": "1040.20500", "2007-01-31": "900.22700", "2006-10-31": "587.79900", "2006-07-31": "530.80300", "2006-04-30": "756.51790", "2006-01-31": "896.76400", "2005-10-31": "728.63000", "2005-07-31": "655.82700", "2005-04-30": "559.78780", "2005-01-31": "889.66400"}, "Operating Income": {"2020-10-31": "-205.34700", "2020-07-31": "152.95600", "2020-04-30": "667.59180", "2020-01-31": "-152.60390", "2019-10-31": "-242.73900", "2019-07-31": "-195.16600", "2019-04-30": "1151.27200", "2019-01-31": "-138.10000", "2018-10-31": "-215.26300", "2018-07-31": "-182.11700", "2018-04-30": "1250.49600", "2018-01-31": "-97.27300", "2017-10-31": "-216.01100", "2017-07-31": "-185.16200", "2017-04-30": "1233.52200", "2017-01-31": "-124.79200", "2016-10-31": "-208.02200", "2016-07-31": "-184.72400", "2016-04-30": "1160.84900", "2016-01-31": "-119.84190", "2015-10-31": "-233.83300", "2015-07-31": "-173.98200", "2015-04-30": "1215.60500", "2015-01-31": "-75.15100", "2014-10-31": "-184.44800", "2014-07-31": "-161.34000", "2014-04-30": "1489.20300", "2014-01-31": "-324.34300", "2013-10-31": "-166.81500", "2013-07-31": "-179.55500", "2013-04-30": "1201.10700", "2013-01-31": "-92.63600", "2012-10-31": "-165.07500", "2012-07-31": "-172.41300", "2012-04-30": "981.03290", "2012-01-31": "-3.69600", "2011-10-31": "-206.43100", "2011-07-31": "-204.61400", "2011-04-30": "971.58900", "2011-01-31": "-3.26500", "2010-10-31": "-164.37600", "2010-07-31": "-187.60900", "2010-04-30": "1109.10800", "2010-01-31": "94.44400", "2009-10-31": "-214.55300", "2009-07-31": "-214.16200", "2009-04-30": "1175.75100", "2009-01-31": "100.06500", "2008-10-31": "-225.33200", "2008-07-31": "-211.61500", "2008-04-30": "1134.31800", "2008-01-31": "-1.55700", "2007-10-31": "-231.67800", "2007-07-31": "-191.54400", "2007-04-30": "1000.12500", "2007-01-31": "30.95200", "2006-10-31": "-191.71600", "2006-07-31": "-188.03300", "2006-04-30": "737.94620", "2006-01-31": "-36.51100", "2005-10-31": "-123.58700", "2005-07-31": "-40.83400", "2005-04-30": "521.84100", "2005-01-31": "146.57200"}, "Total Non-Operating Income/Expense": {"2020-10-31": "-31.68000", "2020-07-31": "-28.91400", "2020-04-30": "-25.51600", "2020-01-31": "-24.42600", "2019-10-31": "-18.56700", "2019-07-31": "-11.94800", "2019-04-30": "-16.69300", "2019-01-31": "-20.56400", "2018-10-31": "-16.72700", "2018-07-31": "-16.64800", "2018-04-30": "-19.47500", "2018-01-31": "-23.53200", "2017-10-31": "-20.25400", "2017-07-31": "-20.05700", "2017-04-30": "-21.61900", "2017-01-31": "-25.80600", "2016-10-31": "-20.44700", "2016-07-31": "-18.82500", "2016-04-30": "-20.04200", "2016-01-31": "-26.65800", "2015-10-31": "-3.88600", "2015-07-31": "-13.12700", "2015-04-30": "-5.54600", "2015-01-31": "-15.71400", "2014-10-31": "-16.12500", "2014-07-31": "-14.47600", "2014-04-30": "-10.40600", "2014-01-31": "-23.48200", "2013-10-31": "-12.54700", "2013-07-31": "-4.93900", "2013-04-30": "-71.27100", "2013-01-31": "-3.63200", "2012-10-31": "2.78700", "2012-07-31": "3.14400", "2012-04-30": "0.59300", "2012-01-31": "2.67000", "2011-10-31": "2.50200", "2011-07-31": "4.01300", "2011-04-30": "72.91500", "2011-01-31": "-22.70300", "2010-10-31": "-19.14000", "2010-07-31": "-19.70800", "2010-04-30": "1.30200", "2010-01-31": "3.00700", "2009-10-31": "1.70000", "2009-07-31": "3.28900", "2009-04-30": "2.30300", "2009-01-31": "1.67400", "2008-10-31": "-2.12100", "2008-07-31": "-1.35500", "2008-04-30": "5.74000", "2008-01-31": "1.97300", "2007-10-31": "9.85500", "2007-07-31": "7.96400", "2007-04-30": "-2.39600", "2007-01-31": "-8.82700", "2006-10-31": "-6.90300", "2006-07-31": "-5.94100", "2006-04-30": "-3.45200", "2006-01-31": "-8.50300", "2005-10-31": "-9.54200", "2005-07-31": "-5.03500", "2005-04-30": "-8.88800", "2005-01-31": "6.70600"}, "Pre-Tax Income": {"2020-10-31": "-237.02700", "2020-07-31": "124.04200", "2020-04-30": "642.07600", "2020-01-31": "-177.03000", "2019-10-31": "-261.30600", "2019-07-31": "-207.11400", "2019-04-30": "1134.57900", "2019-01-31": "-158.66400", "2018-10-31": "-231.99000", "2018-07-31": "-198.76500", "2018-04-30": "1231.02100", "2018-01-31": "-120.80500", "2017-10-31": "-236.26500", "2017-07-31": "-205.21900", "2017-04-30": "1211.90300", "2017-01-31": "-150.59800", "2016-10-31": "-228.46900", "2016-07-31": "-203.54900", "2016-04-30": "1140.80700", "2016-01-31": "-146.50000", "2015-10-31": "-237.71900", "2015-07-31": "-187.10900", "2015-04-30": "1210.05900", "2015-01-31": "-90.86500", "2014-10-31": "-200.57300", "2014-07-31": "-175.81600", "2014-04-30": "1478.79700", "2014-01-31": "-347.82500", "2013-10-31": "-179.36200", "2013-07-31": "-184.49400", "2013-04-30": "1129.83600", "2013-01-31": "-96.26800", "2012-10-31": "-162.28800", "2012-07-31": "-169.26900", "2012-04-30": "981.62600", "2012-01-31": "-1.02600", "2011-10-31": "-203.92900", "2011-07-31": "-200.60100", "2011-04-30": "1044.50400", "2011-01-31": "-25.96800", "2010-10-31": "-183.51600", "2010-07-31": "-207.31700", "2010-04-30": "1110.41000", "2010-01-31": "97.45100", "2009-10-31": "-212.85300", "2009-07-31": "-210.87300", "2009-04-30": "1178.05400", "2009-01-31": "101.73900", "2008-10-31": "-227.45300", "2008-07-31": "-212.97000", "2008-04-30": "1140.05800", "2008-01-31": "0.41600", "2007-10-31": "-221.82300", "2007-07-31": "-183.58000", "2007-04-30": "997.72900", "2007-01-31": "22.12500", "2006-10-31": "-198.61900", "2006-07-31": "-193.97400", "2006-04-30": "734.49400", "2006-01-31": "-45.01400", "2005-10-31": "-133.12900", "2005-07-31": "-45.86900", "2005-04-30": "512.95290", "2005-01-31": "153.27800"}, "Income Taxes": {"2020-10-31": "-14.54700", "2020-07-31": "30.48600", "2020-04-30": "178.61600", "2020-01-31": "-49.00400", "2019-10-31": "-77.75200", "2019-07-31": "-61.39000", "2019-04-30": "249.81000", "2019-01-31": "-38.88500", "2018-10-31": "-61.05300", "2018-07-31": "-49.96800", "2018-04-30": "85.05700", "2018-01-31": "122.12000", "2017-10-31": "-87.95300", "2017-07-31": "-77.40100", "2017-04-30": "425.33300", "2017-01-31": "-49.38600", "2016-10-31": "-85.05400", "2016-07-31": "-82.52300", "2016-04-30": "439.58200", "2016-01-31": "-67.85100", "2015-10-31": "-95.20100", "2015-07-31": "-90.60400", "2015-04-30": "465.92600", "2015-01-31": "-55.55400", "2014-10-31": "-87.34600", "2014-07-31": "-66.96500", "2014-04-30": "549.66400", "2014-01-31": "-135.07400", "2013-10-31": "-76.34700", "2013-07-31": "-71.22400", "2013-04-30": "440.91400", "2013-01-31": "-79.35300", "2012-10-31": "-61.08900", "2012-07-31": "-63.61900", "2012-04-30": "389.92300", "2012-01-31": "2.54100", "2011-10-31": "-80.91600", "2011-07-31": "-81.44600", "2011-04-30": "401.84100", "2011-01-31": "-14.93400", "2010-10-31": "-72.07200", "2010-07-31": "-79.67900", "2010-04-30": "417.97800", "2010-01-31": "43.84800", "2009-10-31": "-86.38100", "2009-07-31": "-80.25600", "2009-04-30": "470.24500", "2009-01-31": "34.90900", "2008-10-31": "-94.29200", "2008-07-31": "-84.54700", "2008-04-30": "456.44500", "2008-01-31": "-6.67400", "2007-10-31": "-86.89000", "2007-07-31": "-73.75700", "2007-04-30": "411.37700", "2007-01-31": "0.18100", "2006-10-31": "-77.62200", "2006-07-31": "-76.13500", "2006-04-30": "297.46200", "2006-01-31": "-14.76600", "2005-10-31": "-51.88000", "2005-07-31": "-17.87500", "2005-04-30": "200.32600", "2005-01-31": "59.54200"}, "Income After Taxes": {"2020-10-31": "-222.48000", "2020-07-31": "93.55600", "2020-04-30": "463.46000", "2020-01-31": "-128.02600", "2019-10-31": "-183.55400", "2019-07-31": "-145.72400", "2019-04-30": "884.76900", "2019-01-31": "-119.77900", "2018-10-31": "-170.93700", "2018-07-31": "-148.79700", "2018-04-30": "1145.96400", "2018-01-31": "-242.92500", "2017-10-31": "-148.31200", "2017-07-31": "-127.81800", "2017-04-30": "786.57000", "2017-01-31": "-101.21200", "2016-10-31": "-143.41500", "2016-07-31": "-121.02600", "2016-04-30": "701.22500", "2016-01-31": "-78.64900", "2015-10-31": "-142.51800", "2015-07-31": "-96.50500", "2015-04-30": "744.13300", "2015-01-31": "-35.31100", "2014-10-31": "-113.22700", "2014-07-31": "-108.85100", "2014-04-30": "929.13310", "2014-01-31": "-212.75100", "2013-10-31": "-103.01500", "2013-07-31": "-113.27000", "2013-04-30": "688.92200", "2013-01-31": "-16.91500", "2012-10-31": "-101.19900", "2012-07-31": "-105.65000", "2012-04-30": "591.70300", "2012-01-31": "-3.56700", "2011-10-31": "-123.01300", "2011-07-31": "-119.15500", "2011-04-30": "642.66300", "2011-01-31": "-11.03400", "2010-10-31": "-111.44400", "2010-07-31": "-127.63800", "2010-04-30": "692.43200", "2010-01-31": "53.60300", "2009-10-31": "-126.47200", "2009-07-31": "-130.61700", "2009-04-30": "707.80900", "2009-01-31": "66.83000", "2008-10-31": "-133.16100", "2008-07-31": "-128.42300", "2008-04-30": "683.61300", "2008-01-31": "7.09000", "2007-10-31": "-134.93300", "2007-07-31": "-109.82300", "2007-04-30": "586.35200", "2007-01-31": "21.94400", "2006-10-31": "-120.99700", "2006-07-31": "-117.83900", "2006-04-30": "437.03200", "2006-01-31": "-30.24800", "2005-10-31": "-81.24900", "2005-07-31": "-27.99400", "2005-04-30": "312.62700", "2005-01-31": "93.73600"}, "Other Income": {"2020-10-31": "", "2020-07-31": "", "2020-04-30": "", "2020-01-31": "", "2019-10-31": "", "2019-07-31": "", "2019-04-30": "", "2019-01-31": "", "2018-10-31": "", "2018-07-31": "", "2018-04-30": "", "2018-01-31": "", "2017-10-31": "", "2017-07-31": "", "2017-04-30": "", "2017-01-31": "", "2016-10-31": "", "2016-07-31": "", "2016-04-30": "", "2016-01-31": "", "2015-10-31": "", "2015-07-31": "", "2015-04-30": "", "2015-01-31": "", "2014-10-31": "", "2014-07-31": "", "2014-04-30": "", "2014-01-31": "", "2013-10-31": "", "2013-07-31": "", "2013-04-30": "", "2013-01-31": "", "2012-10-31": "", "2012-07-31": "", "2012-04-30": "", "2012-01-31": "", "2011-10-31": "", "2011-07-31": "", "2011-04-30": "", "2011-01-31": "", "2010-10-31": "", "2010-07-31": "", "2010-04-30": "", "2010-01-31": "", "2009-10-31": "", "2009-07-31": "", "2009-04-30": "", "2009-01-31": "", "2008-10-31": "", "2008-07-31": "", "2008-04-30": "", "2008-01-31": "", "2007-10-31": "", "2007-07-31": "", "2007-04-30": "", "2007-01-31": "", "2006-10-31": "", "2006-07-31": "", "2006-04-30": "", "2006-01-31": "", "2005-10-31": "", "2005-07-31": "", "2005-04-30": "", "2005-01-31": ""}, "Income From Continuous Operations": {"2020-10-31": "-222.48000", "2020-07-31": "93.55600", "2020-04-30": "463.46000", "2020-01-31": "-128.02600", "2019-10-31": "-183.55400", "2019-07-31": "-145.72400", "2019-04-30": "884.76900", "2019-01-31": "-119.77900", "2018-10-31": "-170.93700", "2018-07-31": "-148.79700", "2018-04-30": "1145.96400", "2018-01-31": "-242.92500", "2017-10-31": "-148.31200", "2017-07-31": "-127.81800", "2017-04-30": "786.56990", "2017-01-31": "-101.21200", "2016-10-31": "-143.41500", "2016-07-31": "-121.02600", "2016-04-30": "701.22500", "2016-01-31": "-78.64900", "2015-10-31": "-142.51800", "2015-07-31": "-96.50500", "2015-04-30": "744.13300", "2015-01-31": "-35.31100", "2014-10-31": "-113.22700", "2014-07-31": "-108.85100", "2014-04-30": "929.13310", "2014-01-31": "-212.75100", "2013-10-31": "-103.01500", "2013-07-31": "-113.27000", "2013-04-30": "688.92200", "2013-01-31": "-16.91500", "2012-10-31": "-101.19900", "2012-07-31": "-105.65000", "2012-04-30": "591.70300", "2012-01-31": "-3.56700", "2011-10-31": "-123.01300", "2011-07-31": "-119.15500", "2011-04-30": "642.66300", "2011-01-31": "-11.03400", "2010-10-31": "-111.44400", "2010-07-31": "-127.63800", "2010-04-30": "692.43200", "2010-01-31": "53.60300", "2009-10-31": "-126.47200", "2009-07-31": "-130.61700", "2009-04-30": "707.80900", "2009-01-31": "66.83000", "2008-10-31": "-133.16100", "2008-07-31": "-128.42300", "2008-04-30": "683.61300", "2008-01-31": "7.09000", "2007-10-31": "-134.93300", "2007-07-31": "-109.82300", "2007-04-30": "586.35200", "2007-01-31": "21.94400", "2006-10-31": "-120.99700", "2006-07-31": "-117.83900", "2006-04-30": "437.03200", "2006-01-31": "-30.24800", "2005-10-31": "-81.24900", "2005-07-31": "-27.99400", "2005-04-30": "312.62700", "2005-01-31": "93.73600"}, "Income From Discontinued Operations": {"2020-10-31": "-1.24600", "2020-07-31": "-2.29700", "2020-04-30": "-3.05700", "2020-01-31": "-1.65700", "2019-10-31": "-4.44500", "2019-07-31": "-4.52300", "2019-04-30": "-6.86000", "2019-01-31": "-6.67500", "2018-10-31": "-5.33900", "2018-07-31": "-3.87300", "2018-04-30": "-3.03700", "2018-01-31": "-2.72000", "2017-10-31": "-5.25400", "2017-07-31": "-2.74900", "2017-04-30": "-3.21800", "2017-01-31": "-3.30200", "2016-10-31": "-2.80500", "2016-07-31": "-2.64700", "2016-04-30": "-0.56300", "2016-01-31": "-3.08000", "2015-10-31": "-2.48900", "2015-07-31": "-3.15400", "2015-04-30": "-5.29200", "2015-01-31": "-1.63700", "2014-10-31": "1.22900", "2014-07-31": "-7.38100", "2014-04-30": "-19.13500", "2014-01-31": "-1.96000", "2013-10-31": "-1.92800", "2013-07-31": "-1.91700", "2013-04-30": "-24.58200", "2013-01-31": "-0.79300", "2012-10-31": "-4.04400", "2012-07-31": "-1.79100", "2012-04-30": "-5.60000", "2012-01-31": "0.21800", "2011-10-31": "-18.71100", "2011-07-31": "-55.94300", "2011-04-30": "15.89800", "2011-01-31": "-1.68700", "2010-10-31": "2.39500", "2010-07-31": "-3.04300", "2010-04-30": "-1.60400", "2010-01-31": "-2.96800", "2009-10-31": "-2.11500", "2009-07-31": "-3.01700", "2009-04-30": "-0.90600", "2009-01-31": "-19.46700", "2008-10-31": "-2.71300", "2008-07-31": "-4.29600", "2008-04-30": "-140.05100", "2008-01-31": "-54.44800", "2007-10-31": "-367.33800", "2007-07-31": "-192.75700", "2007-04-30": "-671.91600", "2007-01-31": "-82.19600", "2006-10-31": "-35.46300", "2006-07-31": "-13.53800", "2006-04-30": "150.50600", "2006-01-31": "42.36100", "2005-10-31": "", "2005-07-31": "", "2005-04-30": "", "2005-01-31": ""}, "Net Income": {"2020-10-31": "-223.72600", "2020-07-31": "91.25900", "2020-04-30": "460.40300", "2020-01-31": "-129.68300", "2019-10-31": "-187.99900", "2019-07-31": "-150.24700", "2019-04-30": "877.90900", "2019-01-31": "-126.45400", "2018-10-31": "-176.27600", "2018-07-31": "-152.67000", "2018-04-30": "1142.92700", "2018-01-31": "-245.64500", "2017-10-31": "-153.56600", "2017-07-31": "-130.56700", "2017-04-30": "783.35190", "2017-01-31": "-104.51400", "2016-10-31": "-146.22000", "2016-07-31": "-123.67300", "2016-04-30": "700.66200", "2016-01-31": "-81.72900", "2015-10-31": "-145.00700", "2015-07-31": "-99.65900", "2015-04-30": "738.84100", "2015-01-31": "-36.94800", "2014-10-31": "-111.99800", "2014-07-31": "-116.23200", "2014-04-30": "909.99800", "2014-01-31": "-214.71100", "2013-10-31": "-104.94300", "2013-07-31": "-115.18700", "2013-04-30": "664.34000", "2013-01-31": "-17.70800", "2012-10-31": "-105.24300", "2012-07-31": "-107.44100", "2012-04-30": "586.10300", "2012-01-31": "-3.34900", "2011-10-31": "-141.72400", "2011-07-31": "-175.09800", "2011-04-30": "658.56100", "2011-01-31": "-12.72100", "2010-10-31": "-109.04900", "2010-07-31": "-130.68100", "2010-04-30": "690.82800", "2010-01-31": "50.63500", "2009-10-31": "-128.58700", "2009-07-31": "-133.63400", "2009-04-30": "706.90300", "2009-01-31": "47.36300", "2008-10-31": "-135.87400", "2008-07-31": "-132.71900", "2008-04-30": "543.56200", "2008-01-31": "-47.35800", "2007-10-31": "-502.27100", "2007-07-31": "-302.58000", "2007-04-30": "-85.56400", "2007-01-31": "-60.25200", "2006-10-31": "-156.46000", "2006-07-31": "-131.37700", "2006-04-30": "587.53800", "2006-01-31": "12.11300", "2005-10-31": "-81.24900", "2005-07-31": "-27.99400", "2005-04-30": "616.78800", "2005-01-31": "93.73600"}, "EBITDA": {"2020-10-31": "-167.54800", "2020-07-31": "192.46400", "2020-04-30": "817.71880", "2020-01-31": "-108.45690", "2019-10-31": "-200.08200", "2019-07-31": "-156.56100", "2019-04-30": "1191.95400", "2019-01-31": "-94.01200", "2018-10-31": "-173.77000", "2018-07-31": "-141.68500", "2018-04-30": "1296.91300", "2018-01-31": "-48.78500", "2017-10-31": "-171.21900", "2017-07-31": "-141.56400", "2017-04-30": "1283.49800", "2017-01-31": "-79.63200", "2016-10-31": "-162.27200", "2016-07-31": "-143.44200", "2016-04-30": "1206.70100", "2016-01-31": "-74.53900", "2015-10-31": "-233.83300", "2015-07-31": "-173.98200", "2015-04-30": "1215.60500", "2015-01-31": "-75.15100", "2014-10-31": "-184.44800", "2014-07-31": "-161.34000", "2014-04-30": "1489.20300", "2014-01-31": "-324.34300", "2013-10-31": "-166.81500", "2013-07-31": "-165.10900", "2013-04-30": "1201.10700", "2013-01-31": "-73.20800", "2012-10-31": "-141.68500", "2012-07-31": "-150.33600", "2012-04-30": "1003.77000", "2012-01-31": "19.84700", "2011-10-31": "-183.55800", "2011-07-31": "-181.67800", "2011-04-30": "971.58900", "2011-01-31": "-3.26500", "2010-10-31": "-164.37600", "2010-07-31": "-187.60900", "2010-04-30": "1109.10800", "2010-01-31": "94.44400", "2009-10-31": "-214.55300", "2009-07-31": "-214.16200", "2009-04-30": "1175.75100", "2009-01-31": "100.06500", "2008-10-31": "-225.33200", "2008-07-31": "-211.61500", "2008-04-30": "1171.12200", "2008-01-31": "26.92400", "2007-10-31": "-214.52400", "2007-07-31": "-154.46900", "2007-04-30": "996.78220", "2007-01-31": "69.81000", "2006-10-31": "-154.37900", "2006-07-31": "-153.40600", "2006-04-30": "774.87120", "2006-01-31": "-7.92700", "2005-10-31": "-81.29500", "2005-07-31": "-0.31400", "2005-04-30": "579.50900", "2005-01-31": "183.43400"}, "EBIT": {"2020-10-31": "-205.34700", "2020-07-31": "152.95600", "2020-04-30": "667.59190", "2020-01-31": "-152.60390", "2019-10-31": "-242.73900", "2019-07-31": "-195.16600", "2019-04-30": "1151.27200", "2019-01-31": "-138.10000", "2018-10-31": "-215.26300", "2018-07-31": "-182.11700", "2018-04-30": "1250.49600", "2018-01-31": "-97.27300", "2017-10-31": "-216.01100", "2017-07-31": "-185.16200", "2017-04-30": "1233.52200", "2017-01-31": "-124.79200", "2016-10-31": "-208.02200", "2016-07-31": "-184.72400", "2016-04-30": "1160.84900", "2016-01-31": "-119.84190", "2015-10-31": "-233.83300", "2015-07-31": "-173.98200", "2015-04-30": "1215.60500", "2015-01-31": "-75.15100", "2014-10-31": "-184.44800", "2014-07-31": "-161.34000", "2014-04-30": "1474.75700", "2014-01-31": "-324.34300", "2013-10-31": "-166.81500", "2013-07-31": "-165.10900", "2013-04-30": "1136.21200", "2013-01-31": "-73.20800", "2012-10-31": "-141.68500", "2012-07-31": "-150.33600", "2012-04-30": "1003.77000", "2012-01-31": "19.84700", "2011-10-31": "-183.55800", "2011-07-31": "-181.67800", "2011-04-30": "1065.77200", "2011-01-31": "-3.26500", "2010-10-31": "-164.37600", "2010-07-31": "-187.60900", "2010-04-30": "1109.10800", "2010-01-31": "94.44400", "2009-10-31": "-214.55300", "2009-07-31": "-214.16200", "2009-04-30": "1175.75100", "2009-01-31": "100.06500", "2008-10-31": "-225.33200", "2008-07-31": "-211.61500", "2008-04-30": "1134.31800", "2008-01-31": "-1.55700", "2007-10-31": "-231.67800", "2007-07-31": "-191.54400", "2007-04-30": "1000.12500", "2007-01-31": "30.95200", "2006-10-31": "-191.71600", "2006-07-31": "-188.03300", "2006-04-30": "737.94610", "2006-01-31": "-36.51100", "2005-10-31": "-123.58700", "2005-07-31": "-40.83400", "2005-04-30": "521.84120", "2005-01-31": "146.57200"}, "Basic Shares Outstanding": {"2020-10-31": "189.60700", "2020-07-31": "192.59800", "2020-04-30": "196.70100", "2020-01-31": "194.07700", "2019-10-31": "198.07900", "2019-07-31": "202.03700", "2019-04-30": "205.37200", "2019-01-31": "205.53200", "2018-10-31": "205.52000", "2018-07-31": "207.67300", "2018-04-30": "208.82400", "2018-01-31": "209.08000", "2017-10-31": "209.06500", "2017-07-31": "207.93500", "2017-04-30": "212.80900", "2017-01-31": "207.86200", "2016-10-31": "215.53500", "2016-07-31": "220.48400", "2016-04-30": "249.00900", "2016-01-31": "231.90400", "2015-10-31": "266.26700", "2015-07-31": "275.76500", "2015-04-30": "275.03300", "2015-01-31": "275.19000", "2014-10-31": "275.10600", "2014-07-31": "274.57500", "2014-04-30": "273.83000", "2014-01-31": "274.11000", "2013-10-31": "273.90700", "2013-07-31": "273.08000", "2013-04-30": "273.05700", "2013-01-31": "271.54200", "2012-10-31": "271.14500", "2012-07-31": "277.15500", "2012-04-30": "297.86300", "2012-01-31": "292.96300", "2011-10-31": "299.89500", "2011-07-31": "305.49100", "2011-04-30": "309.23000", "2011-01-31": "305.14400", "2010-10-31": "306.80400", "2010-07-31": "319.69000", "2010-04-30": "326.25500", "2010-01-31": "332.99900", "2009-10-31": "335.34600", "2009-07-31": "334.53300", "2009-04-30": "332.78700", "2009-01-31": "337.33800", "2008-10-31": "329.81000", "2008-07-31": "327.14100", "2008-04-30": "324.81000", "2008-01-31": "325.07400", "2007-10-31": "324.69400", "2007-07-31": "323.86400", "2007-04-30": "322.68800", "2007-01-31": "322.35000", "2006-10-31": "321.74200", "2006-07-31": "323.67100", "2006-04-30": "328.11800", "2006-01-31": "327.28900", "2005-10-31": "326.04700", "2005-07-31": "330.71400", "2005-04-30": "331.61200", "2005-01-31": "329.03900"}, "Shares Outstanding": {"2020-10-31": "189.60700", "2020-07-31": "194.06700", "2020-04-30": "198.10800", "2020-01-31": "194.07700", "2019-10-31": "198.07900", "2019-07-31": "202.03700", "2019-04-30": "206.72400", "2019-01-31": "205.53200", "2018-10-31": "205.52000", "2018-07-31": "207.67300", "2018-04-30": "210.21300", "2018-01-31": "209.08000", "2017-10-31": "209.06500", "2017-07-31": "207.93500", "2017-04-30": "214.09500", "2017-01-31": "207.86200", "2016-10-31": "215.53500", "2016-07-31": "220.48400", "2016-04-30": "250.81800", "2016-01-31": "231.90400", "2015-10-31": "266.26700", "2015-07-31": "275.76500", "2015-04-30": "277.13600", "2015-01-31": "275.19000", "2014-10-31": "275.10600", "2014-07-31": "274.57500", "2014-04-30": "276.02700", "2014-01-31": "274.11000", "2013-10-31": "273.90700", "2013-07-31": "273.08000", "2013-04-30": "274.35900", "2013-01-31": "271.54200", "2012-10-31": "271.14500", "2012-07-31": "277.15500", "2012-04-30": "298.60100", "2012-01-31": "292.96300", "2011-10-31": "299.89500", "2011-07-31": "305.49100", "2011-04-30": "309.77700", "2011-01-31": "305.14400", "2010-10-31": "306.80400", "2010-07-31": "319.69000", "2010-04-30": "327.31400", "2010-01-31": "334.29700", "2009-10-31": "335.34600", "2009-07-31": "334.53300", "2009-04-30": "334.53900", "2009-01-31": "338.68700", "2008-10-31": "329.81000", "2008-07-31": "327.14100", "2008-04-30": "327.46800", "2008-01-31": "327.20200", "2007-10-31": "324.69400", "2007-07-31": "323.86400", "2007-04-30": "326.15400", "2007-01-31": "326.04800", "2006-10-31": "321.74200", "2006-07-31": "323.67100", "2006-04-30": "333.18700", "2006-01-31": "327.28900", "2005-10-31": "326.04700", "2005-07-31": "330.71400", "2005-04-30": "337.62500", "2005-01-31": "334.87500"}, "Basic EPS": {"2020-10-31": "-1.18000", "2020-07-31": "0.47000", "2020-04-30": "2.32000", "2020-01-31": "-0.67000", "2019-10-31": "-0.95000", "2019-07-31": "-0.74000", "2019-04-30": "4.27000", "2019-01-31": "-0.62000", "2018-10-31": "-0.86000", "2018-07-31": "-0.74000", "2018-04-30": "5.48000", "2018-01-31": "-1.18000", "2017-10-31": "-0.74000", "2017-07-31": "-0.63000", "2017-04-30": "3.66000", "2017-01-31": "-0.50000", "2016-10-31": "-0.68000", "2016-07-31": "-0.56000", "2016-04-30": "2.76000", "2016-01-31": "-0.35000", "2015-10-31": "-0.55000", "2015-07-31": "-0.36000", "2015-04-30": "2.68000", "2015-01-31": "-0.13000", "2014-10-31": "-0.41000", "2014-07-31": "-0.42000", "2014-04-30": "3.32000", "2014-01-31": "-0.78000", "2013-10-31": "-0.39000", "2013-07-31": "-0.42000", "2013-04-30": "2.44000", "2013-01-31": "-0.07000", "2012-10-31": "-0.39000", "2012-07-31": "-0.39000", "2012-04-30": "1.94000", "2012-01-31": "-0.01000", "2011-10-31": "-0.47000", "2011-07-31": "-0.57000", "2011-04-30": "2.12000", "2011-01-31": "-0.04000", "2010-10-31": "-0.36000", "2010-07-31": "-0.41000", "2010-04-30": "2.11000", "2010-01-31": "0.15000", "2009-10-31": "-0.38000", "2009-07-31": "-0.40000", "2009-04-30": "2.13000", "2009-01-31": "0.14000", "2008-10-31": "-0.41000", "2008-07-31": "-0.41000", "2008-04-30": "1.68000", "2008-01-31": "-0.15000", "2007-10-31": "-1.55000", "2007-07-31": "-0.93000", "2007-04-30": "-0.25000", "2007-01-31": "-0.19000", "2006-10-31": "-0.49000", "2006-07-31": "-0.41000", "2006-04-30": "1.78000", "2006-01-31": "0.04000", "2005-10-31": "-0.25000", "2005-07-31": "-0.08000", "2005-04-30": "1.86000", "2005-01-31": "0.28000"}, "EPS - Earnings Per Share": {"2020-10-31": "-1.18000", "2020-07-31": "0.47000", "2020-04-30": "2.32000", "2020-01-31": "-0.67000", "2019-10-31": "-0.95000", "2019-07-31": "-0.74000", "2019-04-30": "4.26000", "2019-01-31": "-0.62000", "2018-10-31": "-0.86000", "2018-07-31": "-0.74000", "2018-04-30": "5.46000", "2018-01-31": "-1.18000", "2017-10-31": "-0.74000", "2017-07-31": "-0.63000", "2017-04-30": "3.65000", "2017-01-31": "-0.50000", "2016-10-31": "-0.68000", "2016-07-31": "-0.56000", "2016-04-30": "2.75000", "2016-01-31": "-0.35000", "2015-10-31": "-0.55000", "2015-07-31": "-0.36000", "2015-04-30": "2.67000", "2015-01-31": "-0.13000", "2014-10-31": "-0.41000", "2014-07-31": "-0.42000", "2014-04-30": "3.31000", "2014-01-31": "-0.78000", "2013-10-31": "-0.39000", "2013-07-31": "-0.42000", "2013-04-30": "2.43000", "2013-01-31": "-0.07000", "2012-10-31": "-0.39000", "2012-07-31": "-0.39000", "2012-04-30": "1.94000", "2012-01-31": "-0.01000", "2011-10-31": "-0.47000", "2011-07-31": "-0.57000", "2011-04-30": "2.12000", "2011-01-31": "-0.04000", "2010-10-31": "-0.36000", "2010-07-31": "-0.41000", "2010-04-30": "2.10000", "2010-01-31": "0.15000", "2009-10-31": "-0.38000", "2009-07-31": "-0.40000", "2009-04-30": "2.13000", "2009-01-31": "0.14000", "2008-10-31": "-0.41000", "2008-07-31": "-0.41000", "2008-04-30": "1.67000", "2008-01-31": "-0.14000", "2007-10-31": "-1.55000", "2007-07-31": "-0.93000", "2007-04-30": "-0.25000", "2007-01-31": "-0.18000", "2006-10-31": "-0.49000", "2006-07-31": "-0.41000", "2006-04-30": "1.76000", "2006-01-31": "0.04000", "2005-10-31": "-0.25000", "2005-07-31": "-0.08000", "2005-04-30": "1.83000", "2005-01-31": "0.28000"}}, "balance sheet": {"Cash On Hand": {"2020-04-30": "2873.02000", "2019-04-30": "1707.72700", "2018-04-30": "1663.67800", "2017-04-30": "1117.53900", "2016-04-30": "1000.91100", "2015-04-30": "2538.78700", "2014-04-30": "2724.12100", "2013-04-30": "1865.42100", "2012-04-30": "1992.43400", "2011-04-30": "1726.22700", "2010-04-30": "1838.39500", "2009-04-30": "1706.31900", "2008-04-30": "671.92800", "2007-04-30": "1254.48400", "2006-04-30": "1059.26600", "2005-04-30": "1694.20400"}, "Receivables": {"2020-04-30": "133.19700", "2019-04-30": "138.96500", "2018-04-30": "146.77400", "2017-04-30": "162.77500", "2016-04-30": "153.11600", "2015-04-30": "167.96400", "2014-04-30": "191.61800", "2013-04-30": "206.83500", "2012-04-30": "193.85800", "2011-04-30": "230.17200", "2010-04-30": "517.98600", "2009-04-30": "512.81400", "2008-04-30": "534.22900", "2007-04-30": "966.77700", "2006-04-30": "971.87300", "2005-04-30": "931.93200"}, "Inventory": {"2020-04-30": "", "2019-04-30": "", "2018-04-30": "", "2017-04-30": "", "2016-04-30": "", "2015-04-30": "", "2014-04-30": "", "2013-04-30": "", "2012-04-30": "", "2011-04-30": "", "2010-04-30": "", "2009-04-30": "", "2008-04-30": "", "2007-04-30": "", "2006-04-30": "", "2005-04-30": ""}, "Pre-Paid Expenses": {"2020-04-30": "80.51900", "2019-04-30": "146.66700", "2018-04-30": "81.26100", "2017-04-30": "65.72500", "2016-04-30": "66.57400", "2015-04-30": "70.28300", "2014-04-30": "62.94000", "2013-04-30": "390.08700", "2012-04-30": "314.70200", "2011-04-30": "191.36000", "2010-04-30": "292.65500", "2009-04-30": "351.94700", "2008-04-30": "420.73800", "2007-04-30": "208.56400", "2006-04-30": "152.46800", "2005-04-30": "444.49800"}, "Other Current Assets": {"2020-04-30": "", "2019-04-30": "", "2018-04-30": "", "2017-04-30": "", "2016-04-30": "", "2015-04-30": "", "2014-04-30": "", "2013-04-30": "", "2012-04-30": "", "2011-04-30": "", "2010-04-30": "", "2009-04-30": "", "2008-04-30": "", "2007-04-30": "", "2006-04-30": "", "2005-04-30": ""}, "Total Current Assets": {"2020-04-30": "3086.73600", "2019-04-30": "1993.35900", "2018-04-30": "1891.71300", "2017-04-30": "1346.03900", "2016-04-30": "1220.60100", "2015-04-30": "2951.30100", "2014-04-30": "3114.00600", "2013-04-30": "2462.34300", "2012-04-30": "2500.99400", "2011-04-30": "3048.08700", "2010-04-30": "2649.03600", "2009-04-30": "2571.08000", "2008-04-30": "2614.48700", "2007-04-30": "3454.29200", "2006-04-30": "2788.43600", "2005-04-30": "3070.63400"}, "Property, Plant, And Equipment": {"2020-04-30": "184.36700", "2019-04-30": "212.09200", "2018-04-30": "231.88800", "2017-04-30": "263.82700", "2016-04-30": "293.56500", "2015-04-30": "311.38700", "2014-04-30": "304.91100", "2013-04-30": "267.88000", "2012-04-30": "240.77200", "2011-04-30": "255.29800", "2010-04-30": "345.47000", "2009-04-30": "368.28900", "2008-04-30": "363.66400", "2007-04-30": "379.06600", "2006-04-30": "343.70600", "2005-04-30": "330.15000"}, "Long-Term Investments": {"2020-04-30": "", "2019-04-30": "", "2018-04-30": "", "2017-04-30": "", "2016-04-30": "202.38500", "2015-04-30": "239.33800", "2014-04-30": "268.42800", "2013-04-30": "825.66500", "2012-04-30": "777.51600", "2011-04-30": "648.84400", "2010-04-30": "595.40500", "2009-04-30": "744.89900", "2008-04-30": "966.30100", "2007-04-30": "1358.22200", "2006-04-30": "", "2005-04-30": ""}, "Goodwill And Intangible Assets": {"2020-04-30": "1127.11400", "2019-04-30": "862.43010", "2018-04-30": "881.85200", "2017-04-30": "900.57100", "2016-04-30": "904.64200", "2015-04-30": "873.97300", "2014-04-30": "791.73900", "2013-04-30": "719.22100", "2012-04-30": "704.23000", "2011-04-30": "709.49300", "2010-04-30": "1207.87900", "2009-04-30": "1236.22800", "2008-04-30": "978.68200", "2007-04-30": "1175.33200", "2006-04-30": "1151.64900", "2005-04-30": "1429.65300"}, "Other Long-Term Assets": {"2020-04-30": "67.84700", "2019-04-30": "90.08500", "2018-04-30": "101.40100", "2017-04-30": "99.94300", "2016-04-30": "105.90900", "2015-04-30": "125.96000", "2014-04-30": "167.19800", "2013-04-30": "262.67000", "2012-04-30": "426.05500", "2011-04-30": "627.73100", "2010-04-30": "436.52800", "2009-04-30": "439.22600", "2008-04-30": "700.29100", "2007-04-30": "454.64600", "2006-04-30": "367.92000", "2005-04-30": "707.61900"}, "Total Long-Term Assets": {"2020-04-30": "2025.31100", "2019-04-30": "1306.58600", "2018-04-30": "1249.23600", "2017-04-30": "1348.06900", "2016-04-30": "1626.62400", "2015-04-30": "1564.11900", "2014-04-30": "1579.52300", "2013-04-30": "2075.43600", "2012-04-30": "2148.57300", "2011-04-30": "2241.36600", "2010-04-30": "2585.28200", "2009-04-30": "2788.64200", "2008-04-30": "3008.93800", "2007-04-30": "4089.75800", "2006-04-30": "3200.69900", "2005-04-30": "2467.42200"}, "Total Assets": {"2020-04-30": "5112.04700", "2019-04-30": "3299.94500", "2018-04-30": "3140.94900", "2017-04-30": "2694.10800", "2016-04-30": "2847.22500", "2015-04-30": "4515.42000", "2014-04-30": "4693.52900", "2013-04-30": "4537.77900", "2012-04-30": "4649.56700", "2011-04-30": "5289.45300", "2010-04-30": "5234.31800", "2009-04-30": "5359.72200", "2008-04-30": "5623.42500", "2007-04-30": "7544.05000", "2006-04-30": "5989.13500", "2005-04-30": "5538.05600"}, "Total Current Liabilities": {"2020-04-30": "1575.61600", "2019-04-30": "923.00100", "2018-04-30": "843.65100", "2017-04-30": "939.28000", "2016-04-30": "1039.60500", "2015-04-30": "1878.28900", "2014-04-30": "2313.11600", "2013-04-30": "2012.20500", "2012-04-30": "2526.42800", "2011-04-30": "2337.98000", "2010-04-30": "2321.49100", "2009-04-30": "2398.28000", "2008-04-30": "3111.33500", "2007-04-30": "5220.90900", "2006-04-30": "2893.43600", "2005-04-30": "2234.79600"}, "Long Term Debt": {"2020-04-30": "2845.87300", "2019-04-30": "1492.62900", "2018-04-30": "1494.60900", "2017-04-30": "1493.01700", "2016-04-30": "1491.37500", "2015-04-30": "505.29800", "2014-04-30": "505.83700", "2013-04-30": "905.95800", "2012-04-30": "409.11500", "2011-04-30": "1039.52700", "2010-04-30": "1060.14400", "2009-04-30": "1107.12200", "2008-04-30": "1031.78400", "2007-04-30": "537.13400", "2006-04-30": "417.26200", "2005-04-30": "923.07300"}, "Other Non-Current Liabilities": {"2020-04-30": "", "2019-04-30": "", "2018-04-30": "", "2017-04-30": "", "2016-04-30": "", "2015-04-30": "", "2014-04-30": "160.56200", "2013-04-30": "356.06900", "2012-04-30": "388.13200", "2011-04-30": "462.37200", "2010-04-30": "412.05300", "2009-04-30": "448.46100", "2008-04-30": "492.48800", "2007-04-30": "371.50800", "2006-04-30": "530.63800", "2005-04-30": "430.91900"}, "Total Long Term Liabilities": {"2020-04-30": "3465.39000", "2019-04-30": "1835.41700", "2018-04-30": "1903.58700", "2017-04-30": "1815.71100", "2016-04-30": "1784.51700", "2015-04-30": "804.18200", "2014-04-30": "823.86400", "2013-04-30": "1262.02700", "2012-04-30": "797.24690", "2011-04-30": "1501.89900", "2010-04-30": "1472.19700", "2009-04-30": "1555.58300", "2008-04-30": "1524.27200", "2007-04-30": "908.64200", "2006-04-30": "947.90000", "2005-04-30": "1353.99200"}, "Total Liabilities": {"2020-04-30": "5041.00600", "2019-04-30": "2758.41800", "2018-04-30": "2747.23800", "2017-04-30": "2754.99100", "2016-04-30": "2824.12200", "2015-04-30": "2682.47100", "2014-04-30": "3136.98000", "2013-04-30": "3274.23200", "2012-04-30": "3323.67500", "2011-04-30": "3839.87900", "2010-04-30": "3793.68800", "2009-04-30": "3953.86300", "2008-04-30": "4635.60700", "2007-04-30": "6129.55100", "2006-04-30": "3841.33600", "2005-04-30": "3588.78800"}, "Common Stock Net": {"2020-04-30": "2.28200", "2019-04-30": "2.38300", "2018-04-30": "2.46200", "2017-04-30": "2.46200", "2016-04-30": "2.60200", "2015-04-30": "3.16600", "2014-04-30": "3.16600", "2013-04-30": "3.16600", "2012-04-30": "3.97900", "2011-04-30": "4.12400", "2010-04-30": "4.31400", "2009-04-30": "4.44200", "2008-04-30": "4.35900", "2007-04-30": "4.35900", "2006-04-30": "4.35900", "2005-04-30": "4.35900"}, "Retained Earnings (Accumulated Deficit)": {"2020-04-30": "42.96500", "2019-04-30": "499.38600", "2018-04-30": "362.98000", "2017-04-30": "-48.20600", "2016-04-30": "40.34700", "2015-04-30": "1836.44200", "2014-04-30": "1589.29700", "2013-04-30": "1333.44500", "2012-04-30": "2523.99700", "2011-04-30": "2658.10300", "2010-04-30": "2658.58600", "2009-04-30": "2671.43700", "2008-04-30": "2384.44900", "2007-04-30": "2886.44000", "2006-04-30": "3492.05900", "2005-04-30": "3161.68200"}, "Comprehensive Income": {"2020-04-30": "-51.57600", "2019-04-30": "-20.41600", "2018-04-30": "-14.30300", "2017-04-30": "-15.29900", "2016-04-30": "-11.23300", "2015-04-30": "1.74000", "2014-04-30": "5.17700", "2013-04-30": "10.55000", "2012-04-30": "12.14500", "2011-04-30": "11.23300", "2010-04-30": "1.67800", "2009-04-30": "-11.63900", "2008-04-30": "2.48600", "2007-04-30": "-1.32000", "2006-04-30": "21.94800", "2005-04-30": "68.71800"}, "Other Share Holders Equity": {"2020-04-30": "", "2019-04-30": "", "2018-04-30": "", "2017-04-30": "", "2016-04-30": "", "2015-04-30": "", "2014-04-30": "", "2013-04-30": "", "2012-04-30": "", "2011-04-30": "", "2010-04-30": "", "2009-04-30": "", "2008-04-30": "", "2007-04-30": "", "2006-04-30": "", "2005-04-30": ""}, "Share Holder Equity": {"2020-04-30": "71.04100", "2019-04-30": "541.52700", "2018-04-30": "393.71100", "2017-04-30": "-60.88300", "2016-04-30": "23.10300", "2015-04-30": "1832.94900", "2014-04-30": "1556.54900", "2013-04-30": "1263.54700", "2012-04-30": "1325.89200", "2011-04-30": "1449.57400", "2010-04-30": "1440.63000", "2009-04-30": "1405.85900", "2008-04-30": "987.81800", "2007-04-30": "1414.49900", "2006-04-30": "2147.79900", "2005-04-30": "1949.26800"}, "Total Liabilities And Share Holders Equity": {"2020-04-30": "5112.04700", "2019-04-30": "3299.94500", "2018-04-30": "3140.94900", "2017-04-30": "2694.10800", "2016-04-30": "2847.22500", "2015-04-30": "4515.42000", "2014-04-30": "4693.52900", "2013-04-30": "4537.77900", "2012-04-30": "4649.56700", "2011-04-30": "5289.45300", "2010-04-30": "5234.31800", "2009-04-30": "5359.72200", "2008-04-30": "5623.42500", "2007-04-30": "7544.05000", "2006-04-30": "5989.13500", "2005-04-30": "5538.05600"}}, "balance sheet, quarterly": {"Cash On Hand": {"2020-10-31": "387.32400", "2020-07-31": "2806.58500", "2020-04-30": "2873.02000", "2020-01-31": "361.78700", "2019-10-31": "421.64400", "2019-07-31": "765.45400", "2019-04-30": "1707.72700", "2019-01-31": "305.12900", "2018-10-31": "723.30600", "2018-07-31": "1110.49200", "2018-04-30": "1663.67800", "2018-01-31": "270.39900", "2017-10-31": "281.66200", "2017-07-31": "668.16000", "2017-04-30": "1117.53900", "2017-01-31": "291.33800", "2016-10-31": "525.15500", "2016-07-31": "428.89600", "2016-04-30": "1000.91100", "2016-01-31": "259.16000", "2015-10-31": "403.46200", "2015-07-31": "1766.78200", "2015-04-30": "2538.78700", "2015-01-31": "1740.06400", "2014-10-31": "1064.21300", "2014-07-31": "1905.18000", "2014-04-30": "2724.12100", "2014-01-31": "482.25900", "2013-10-31": "838.29300", "2013-07-31": "1219.35300", "2013-04-30": "1865.42100", "2013-01-31": "456.34300", "2012-10-31": "1299.56800", "2012-07-31": "982.98000", "2012-04-30": "1992.43400", "2012-01-31": "1253.15200", "2011-10-31": "610.13500", "2011-07-31": "1057.11100", "2011-04-30": "1726.22700", "2011-01-31": "1501.80300", "2010-10-31": "995.21900", "2010-07-31": "1135.61900", "2010-04-30": "1838.39500", "2010-01-31": "1812.99000", "2009-10-31": "1478.31500", "2009-07-31": "1052.94200", "2009-04-30": "1706.31900", "2009-01-31": "1345.09600", "2008-10-31": "694.44000", "2008-07-31": "577.33600", "2008-04-30": "671.92800", "2008-01-31": "1736.29800", "2007-10-31": "624.09100", "2007-07-31": "725.46000", "2007-04-30": "1254.48400", "2007-01-31": "1515.19000", "2006-10-31": "1367.47800", "2006-07-31": "1058.02200", "2006-04-30": "1059.26600", "2006-01-31": "1890.89300", "2005-10-31": "971.10600", "2005-07-31": "1126.86700", "2005-04-30": "1694.20400", "2005-01-31": "1111.46400"}, "Receivables": {"2020-10-31": "71.25300", "2020-07-31": "97.22200", "2020-04-30": "133.19700", "2020-01-31": "819.94600", "2019-10-31": "74.71000", "2019-07-31": "76.12800", "2019-04-30": "138.96500", "2019-01-31": "758.21700", "2018-10-31": "61.28600", "2018-07-31": "70.57600", "2018-04-30": "146.77400", "2018-01-31": "864.39300", "2017-10-31": "77.75000", "2017-07-31": "91.00400", "2017-04-30": "162.77500", "2017-01-31": "787.86500", "2016-10-31": "104.76400", "2016-07-31": "103.42500", "2016-04-30": "153.11600", "2016-01-31": "829.77400", "2015-10-31": "94.76000", "2015-07-31": "103.19400", "2015-04-30": "167.96400", "2015-01-31": "777.45300", "2014-10-31": "107.70500", "2014-07-31": "122.31500", "2014-04-30": "191.61800", "2014-01-31": "677.22100", "2013-10-31": "131.70100", "2013-07-31": "121.30900", "2013-04-30": "206.83500", "2013-01-31": "949.16000", "2012-10-31": "124.51100", "2012-07-31": "116.35700", "2012-04-30": "193.85800", "2012-01-31": "1035.90200", "2011-10-31": "128.06200", "2011-07-31": "329.38800", "2011-04-30": "230.17200", "2011-01-31": "1371.15200", "2010-10-31": "416.33300", "2010-07-31": "376.92900", "2010-04-30": "517.98600", "2010-01-31": "2566.83000", "2009-10-31": "461.48500", "2009-07-31": "379.17700", "2009-04-30": "512.81400", "2009-01-31": "2642.95100", "2008-10-31": "537.75100", "2008-07-31": "785.08300", "2008-04-30": "534.22900", "2008-01-31": "3125.38400", "2007-10-31": "901.35900", "2007-07-31": "827.87000", "2007-04-30": "966.77700", "2007-01-31": "2801.72000", "2006-10-31": "826.55700", "2006-07-31": "808.00400", "2006-04-30": "971.87300", "2006-01-31": "2380.37500", "2005-10-31": "1270.80800", "2005-07-31": "989.71500", "2005-04-30": "931.93200", "2005-01-31": "2084.32200"}, "Inventory": {"2020-10-31": "", "2020-07-31": "", "2020-04-30": "", "2020-01-31": "", "2019-10-31": "", "2019-07-31": "", "2019-04-30": "", "2019-01-31": "", "2018-10-31": "", "2018-07-31": "", "2018-04-30": "", "2018-01-31": "", "2017-10-31": "", "2017-07-31": "", "2017-04-30": "", "2017-01-31": "", "2016-10-31": "", "2016-07-31": "", "2016-04-30": "", "2016-01-31": "", "2015-10-31": "", "2015-07-31": "", "2015-04-30": "", "2015-01-31": "", "2014-10-31": "", "2014-07-31": "", "2014-04-30": "", "2014-01-31": "", "2013-10-31": "", "2013-07-31": "", "2013-04-30": "", "2013-01-31": "", "2012-10-31": "", "2012-07-31": "", "2012-04-30": "", "2012-01-31": "", "2011-10-31": "", "2011-07-31": "", "2011-04-30": "", "2011-01-31": "", "2010-10-31": "", "2010-07-31": "", "2010-04-30": "", "2010-01-31": "", "2009-10-31": "", "2009-07-31": "", "2009-04-30": "", "2009-01-31": "", "2008-10-31": "", "2008-07-31": "", "2008-04-30": "", "2008-01-31": "", "2007-10-31": "", "2007-07-31": "", "2007-04-30": "", "2007-01-31": "", "2006-10-31": "", "2006-07-31": "", "2006-04-30": "", "2006-01-31": "", "2005-10-31": "", "2005-07-31": "", "2005-04-30": "", "2005-01-31": ""}, "Pre-Paid Expenses": {"2020-10-31": "134.33600", "2020-07-31": "93.53800", "2020-04-30": "80.51900", "2020-01-31": "120.22900", "2019-10-31": "105.05800", "2019-07-31": "105.12300", "2019-04-30": "146.66700", "2019-01-31": "171.30600", "2018-10-31": "106.41000", "2018-07-31": "101.05500", "2018-04-30": "81.26100", "2018-01-31": "149.34900", "2017-10-31": "85.20400", "2017-07-31": "74.77600", "2017-04-30": "65.72500", "2017-01-31": "85.59900", "2016-10-31": "73.55500", "2016-07-31": "76.05200", "2016-04-30": "66.57400", "2016-01-31": "100.50400", "2015-10-31": "80.76400", "2015-07-31": "80.55000", "2015-04-30": "70.28300", "2015-01-31": "92.97600", "2014-10-31": "88.27000", "2014-07-31": "74.34300", "2014-04-30": "62.94000", "2014-01-31": "345.23100", "2013-10-31": "225.66000", "2013-07-31": "364.27000", "2013-04-30": "390.08700", "2013-01-31": "331.04600", "2012-10-31": "282.87400", "2012-07-31": "318.26200", "2012-04-30": "314.70200", "2012-01-31": "230.61200", "2011-10-31": "218.05400", "2011-07-31": "281.32600", "2011-04-30": "191.36000", "2011-01-31": "401.10600", "2010-10-31": "324.01400", "2010-07-31": "325.93200", "2010-04-30": "292.65500", "2010-01-31": "344.92200", "2009-10-31": "361.18600", "2009-07-31": "396.02700", "2009-04-30": "351.94700", "2009-01-31": "425.04200", "2008-10-31": "387.67500", "2008-07-31": "438.87200", "2008-04-30": "420.73800", "2008-01-31": "258.66600", "2007-10-31": "219.56200", "2007-07-31": "224.83400", "2007-04-30": "208.56400", "2007-01-31": "202.30900", "2006-10-31": "574.53800", "2006-07-31": "522.67500", "2006-04-30": "152.46800", "2006-01-31": "561.48400", "2005-10-31": "464.00500", "2005-07-31": "473.83100", "2005-04-30": "444.49800", "2005-01-31": "425.40000"}, "Other Current Assets": {"2020-10-31": "", "2020-07-31": "", "2020-04-30": "", "2020-01-31": "", "2019-10-31": "", "2019-07-31": "", "2019-04-30": "", "2019-01-31": "", "2018-10-31": "", "2018-07-31": "", "2018-04-30": "", "2018-01-31": "", "2017-10-31": "", "2017-07-31": "", "2017-04-30": "", "2017-01-31": "", "2016-10-31": "", "2016-07-31": "", "2016-04-30": "", "2016-01-31": "", "2015-10-31": "", "2015-07-31": "", "2015-04-30": "", "2015-01-31": "", "2014-10-31": "", "2014-07-31": "", "2014-04-30": "", "2014-01-31": "", "2013-10-31": "", "2013-07-31": "", "2013-04-30": "", "2013-01-31": "", "2012-10-31": "", "2012-07-31": "", "2012-04-30": "", "2012-01-31": "", "2011-10-31": "", "2011-07-31": "", "2011-04-30": "", "2011-01-31": "", "2010-10-31": "", "2010-07-31": "", "2010-04-30": "", "2010-01-31": "", "2009-10-31": "", "2009-07-31": "", "2009-04-30": "", "2009-01-31": "", "2008-10-31": "", "2008-07-31": "", "2008-04-30": "", "2008-01-31": "", "2007-10-31": "", "2007-07-31": "", "2007-04-30": "", "2007-01-31": "", "2006-10-31": "", "2006-07-31": "", "2006-04-30": "", "2006-01-31": "", "2005-10-31": "", "2005-07-31": "", "2005-04-30": "", "2005-01-31": ""}, "Total Current Assets": {"2020-10-31": "592.91300", "2020-07-31": "2997.34500", "2020-04-30": "3086.73600", "2020-01-31": "1301.96200", "2019-10-31": "601.41200", "2019-07-31": "946.70500", "2019-04-30": "1993.35900", "2019-01-31": "1234.65200", "2018-10-31": "891.00200", "2018-07-31": "1282.12300", "2018-04-30": "1891.71300", "2018-01-31": "1284.14100", "2017-10-31": "444.61600", "2017-07-31": "833.94000", "2017-04-30": "1346.03900", "2017-01-31": "1202.83400", "2016-10-31": "703.47400", "2016-07-31": "608.37300", "2016-04-30": "1220.60100", "2016-01-31": "1218.84900", "2015-10-31": "724.89800", "2015-07-31": "2110.91600", "2015-04-30": "2951.30100", "2015-01-31": "2778.31900", "2014-10-31": "1457.38100", "2014-07-31": "2292.16100", "2014-04-30": "3114.00600", "2014-01-31": "1504.71100", "2013-10-31": "1195.65400", "2013-07-31": "1704.93200", "2013-04-30": "2462.34300", "2013-01-31": "1736.54900", "2012-10-31": "1706.95300", "2012-07-31": "1417.59900", "2012-04-30": "2500.99400", "2012-01-31": "2519.66600", "2011-10-31": "1685.40400", "2011-07-31": "1667.82500", "2011-04-30": "3048.08700", "2011-01-31": "3274.06100", "2010-10-31": "1735.56600", "2010-07-31": "1838.48000", "2010-04-30": "2649.03600", "2010-01-31": "4724.74200", "2009-10-31": "2300.98600", "2009-07-31": "1828.14600", "2009-04-30": "2571.08000", "2009-01-31": "4413.08900", "2008-10-31": "2659.54900", "2008-07-31": "1801.29100", "2008-04-30": "2614.48700", "2008-01-31": "8131.34700", "2007-10-31": "3981.03300", "2007-07-31": "2888.59100", "2007-04-30": "3454.29200", "2007-01-31": "5507.27900", "2006-10-31": "2768.57300", "2006-07-31": "2388.70100", "2006-04-30": "2788.43600", "2006-01-31": "4832.75200", "2005-10-31": "2705.91900", "2005-07-31": "2590.41300", "2005-04-30": "3070.63400", "2005-01-31": "3621.18600"}, "Property, Plant, And Equipment": {"2020-10-31": "164.74200", "2020-07-31": "168.83000", "2020-04-30": "184.36700", "2020-01-31": "197.56900", "2019-10-31": "206.21600", "2019-07-31": "199.67900", "2019-04-30": "212.09200", "2019-01-31": "220.50500", "2018-10-31": "241.77200", "2018-07-31": "227.00300", "2018-04-30": "231.88800", "2018-01-31": "249.91100", "2017-10-31": "262.22600", "2017-07-31": "253.25500", "2017-04-30": "263.82700", "2017-01-31": "282.35800", "2016-10-31": "293.06000", "2016-07-31": "284.11400", "2016-04-30": "293.56500", "2016-01-31": "290.20200", "2015-10-31": "298.60200", "2015-07-31": "297.32100", "2015-04-30": "311.38700", "2015-01-31": "308.80500", "2014-10-31": "318.22500", "2014-07-31": "314.53100", "2014-04-30": "304.91100", "2014-01-31": "314.56500", "2013-10-31": "311.15700", "2013-07-31": "286.58400", "2013-04-30": "267.88000", "2013-01-31": "273.45000", "2012-10-31": "272.43800", "2012-07-31": "242.58500", "2012-04-30": "240.77200", "2012-01-31": "260.75500", "2011-10-31": "257.87000", "2011-07-31": "295.22000", "2011-04-30": "255.29800", "2011-01-31": "321.07500", "2010-10-31": "327.88100", "2010-07-31": "326.64100", "2010-04-30": "345.47000", "2010-01-31": "362.17000", "2009-10-31": "351.28800", "2009-07-31": "359.40800", "2009-04-30": "368.28900", "2009-01-31": "383.70400", "2008-10-31": "377.68700", "2008-07-31": "380.80400", "2008-04-30": "363.66400", "2008-01-31": "391.26500", "2007-10-31": "383.93000", "2007-07-31": "372.23500", "2007-04-30": "379.06600", "2007-01-31": "392.70600", "2006-10-31": "467.54300", "2006-07-31": "452.01000", "2006-04-30": "343.70600", "2006-01-31": "415.84400", "2005-10-31": "362.04100", "2005-07-31": "328.68400", "2005-04-30": "330.15000", "2005-01-31": "327.38500"}, "Long-Term Investments": {"2020-10-31": "", "2020-07-31": "", "2020-04-30": "", "2020-01-31": "", "2019-10-31": "", "2019-07-31": "", "2019-04-30": "", "2019-01-31": "", "2018-10-31": "", "2018-07-31": "", "2018-04-30": "", "2018-01-31": "", "2017-10-31": "", "2017-07-31": "", "2017-04-30": "", "2017-01-31": "", "2016-10-31": "", "2016-07-31": "192.37500", "2016-04-30": "202.38500", "2016-01-31": "212.10600", "2015-10-31": "220.67100", "2015-07-31": "230.13000", "2015-04-30": "239.33800", "2015-01-31": "245.66300", "2014-10-31": "251.09200", "2014-07-31": "259.73200", "2014-04-30": "268.42800", "2014-01-31": "725.91900", "2013-10-31": "761.25100", "2013-07-31": "796.71400", "2013-04-30": "825.66500", "2013-01-31": "754.19900", "2012-10-31": "759.49000", "2012-07-31": "767.52400", "2012-04-30": "777.51600", "2012-01-31": "742.37200", "2011-10-31": "756.44700", "2011-07-31": "466.66300", "2011-04-30": "648.84400", "2011-01-31": "513.19200", "2010-10-31": "537.22600", "2010-07-31": "563.09000", "2010-04-30": "595.40500", "2010-01-31": "641.15700", "2009-10-31": "671.04900", "2009-07-31": "707.71200", "2009-04-30": "744.89900", "2009-01-31": "781.75500", "2008-10-31": "811.73200", "2008-07-31": "868.60300", "2008-04-30": "966.30100", "2008-01-31": "1040.85400", "2007-10-31": "1082.30100", "2007-07-31": "1241.28100", "2007-04-30": "1358.22200", "2007-01-31": "1069.62600", "2006-10-31": "832.80500", "2006-07-31": "687.14000", "2006-04-30": "", "2006-01-31": "175.06800", "2005-10-31": "142.78200", "2005-07-31": "193.20700", "2005-04-30": "", "2005-01-31": "253.53100"}, "Goodwill And Intangible Assets": {"2020-10-31": "1117.85400", "2020-07-31": "1124.31300", "2020-04-30": "1127.11400", "2020-01-31": "1271.90400", "2019-10-31": "1240.70800", "2019-07-31": "1240.66900", "2019-04-30": "862.43010", "2019-01-31": "876.95700", "2018-10-31": "871.71500", "2018-07-31": "862.77200", "2018-04-30": "881.85200", "2018-01-31": "895.78200", "2017-10-31": "899.49900", "2017-07-31": "887.96300", "2017-04-30": "900.57100", "2017-01-31": "918.04000", "2016-10-31": "910.49500", "2016-07-31": "890.85100", "2016-04-30": "904.64200", "2016-01-31": "917.15000", "2015-10-31": "908.29200", "2015-07-31": "871.40300", "2015-04-30": "873.97300", "2015-01-31": "886.29000", "2014-10-31": "878.22710", "2014-07-31": "826.73500", "2014-04-30": "791.73900", "2014-01-31": "756.10500", "2013-10-31": "739.02500", "2013-07-31": "716.12190", "2013-04-30": "719.22100", "2013-01-31": "723.49400", "2012-10-31": "709.68500", "2012-07-31": "702.63400", "2012-04-30": "704.23000", "2012-01-31": "701.74300", "2011-10-31": "700.50900", "2011-07-31": "1102.64600", "2011-04-30": "709.49300", "2011-01-31": "1224.67200", "2010-10-31": "1240.74100", "2010-07-31": "1249.35300", "2010-04-30": "1207.87900", "2010-01-31": "1215.00500", "2009-10-31": "1234.99200", "2009-07-31": "1231.64000", "2009-04-30": "1236.22800", "2009-01-31": "1242.54900", "2008-10-31": "968.83600", "2008-07-31": "1148.74000", "2008-04-30": "978.68200", "2008-01-31": "1164.88400", "2007-10-31": "1168.89400", "2007-07-31": "1180.07700", "2007-04-30": "1175.33200", "2007-01-31": "1166.88800", "2006-10-31": "1600.69900", "2006-07-31": "1584.64000", "2006-04-30": "1151.64900", "2006-01-31": "1601.87200", "2005-10-31": "1581.36400", "2005-07-31": "1439.58200", "2005-04-30": "1429.65300", "2005-01-31": "1418.62100"}, "Other Long-Term Assets": {"2020-10-31": "62.35100", "2020-07-31": "61.47900", "2020-04-30": "67.84700", "2020-01-31": "82.31700", "2019-10-31": "86.62900", "2019-07-31": "94.38400", "2019-04-30": "90.08500", "2019-01-31": "95.32600", "2018-10-31": "97.82000", "2018-07-31": "101.45700", "2018-04-30": "101.40100", "2018-01-31": "106.16100", "2017-10-31": "101.01500", "2017-07-31": "102.74200", "2017-04-30": "99.94300", "2017-01-31": "102.76000", "2016-10-31": "93.39400", "2016-07-31": "97.33100", "2016-04-30": "105.90900", "2016-01-31": "110.74200", "2015-10-31": "114.74600", "2015-07-31": "108.30700", "2015-04-30": "125.96000", "2015-01-31": "146.42300", "2014-10-31": "148.42800", "2014-07-31": "150.70700", "2014-04-30": "167.19800", "2014-01-31": "213.98700", "2013-10-31": "267.42600", "2013-07-31": "258.53600", "2013-04-30": "262.67000", "2013-01-31": "444.80400", "2012-10-31": "448.16400", "2012-07-31": "463.93500", "2012-04-30": "426.05500", "2012-01-31": "628.25300", "2011-10-31": "576.28300", "2011-07-31": "775.69800", "2011-04-30": "627.73100", "2011-01-31": "469.73500", "2010-10-31": "466.36800", "2010-07-31": "446.60000", "2010-04-30": "436.52800", "2010-01-31": "467.05500", "2009-10-31": "409.04400", "2009-07-31": "418.85600", "2009-04-30": "439.22600", "2009-01-31": "480.79500", "2008-10-31": "606.94300", "2008-07-31": "704.04400", "2008-04-30": "700.29100", "2008-01-31": "846.86100", "2007-10-31": "490.61300", "2007-07-31": "484.08100", "2007-04-30": "454.64600", "2007-01-31": "386.98600", "2006-10-31": "537.27100", "2006-07-31": "523.77700", "2006-04-30": "367.92000", "2006-01-31": "646.80500", "2005-10-31": "505.07300", "2005-07-31": "465.29500", "2005-04-30": "707.61900", "2005-01-31": "520.39800"}, "Total Long-Term Assets": {"2020-10-31": "1963.51600", "2020-07-31": "2000.09100", "2020-04-30": "2025.31100", "2020-01-31": "2150.46800", "2019-10-31": "2155.32900", "2019-07-31": "2163.29500", "2019-04-30": "1306.58600", "2019-01-31": "1334.15400", "2018-10-31": "1342.29400", "2018-07-31": "1322.91500", "2018-04-30": "1249.23600", "2018-01-31": "1277.15900", "2017-10-31": "1271.94500", "2017-07-31": "1298.30800", "2017-04-30": "1348.06900", "2017-01-31": "1374.79700", "2016-10-31": "1378.70400", "2016-07-31": "1555.16900", "2016-04-30": "1626.62400", "2016-01-31": "1644.08700", "2015-10-31": "1553.57500", "2015-07-31": "1518.53800", "2015-04-30": "1564.11900", "2015-01-31": "1600.62200", "2014-10-31": "1633.90900", "2014-07-31": "1598.65800", "2014-04-30": "1579.52300", "2014-01-31": "2010.57600", "2013-10-31": "2078.85900", "2013-07-31": "2057.95600", "2013-04-30": "2075.43600", "2013-01-31": "2195.94700", "2012-10-31": "2189.77700", "2012-07-31": "2176.67800", "2012-04-30": "2148.57300", "2012-01-31": "2333.12300", "2011-10-31": "2291.10900", "2011-07-31": "2640.22700", "2011-04-30": "2241.36600", "2011-01-31": "2528.67400", "2010-10-31": "2572.21600", "2010-07-31": "2585.68400", "2010-04-30": "2585.28200", "2010-01-31": "2685.38700", "2009-10-31": "2666.37300", "2009-07-31": "2717.61600", "2009-04-30": "2788.64200", "2009-01-31": "2888.80300", "2008-10-31": "2765.19800", "2008-07-31": "3102.19100", "2008-04-30": "3008.93800", "2008-01-31": "3443.86400", "2007-10-31": "3125.73800", "2007-07-31": "3979.47900", "2007-04-30": "4089.75800", "2007-01-31": "3852.69900", "2006-10-31": "3438.31800", "2006-07-31": "3247.56700", "2006-04-30": "3200.69900", "2006-01-31": "2839.58900", "2005-10-31": "2591.26000", "2005-07-31": "2426.76800", "2005-04-30": "2467.42200", "2005-01-31": "2519.93500"}, "Total Assets": {"2020-10-31": "2556.42900", "2020-07-31": "4997.43600", "2020-04-30": "5112.04700", "2020-01-31": "3452.43000", "2019-10-31": "2756.74100", "2019-07-31": "3110.00000", "2019-04-30": "3299.94500", "2019-01-31": "2568.80600", "2018-10-31": "2233.29600", "2018-07-31": "2605.03800", "2018-04-30": "3140.94900", "2018-01-31": "2561.30000", "2017-10-31": "1716.56100", "2017-07-31": "2132.24800", "2017-04-30": "2694.10800", "2017-01-31": "2577.63100", "2016-10-31": "2082.17800", "2016-07-31": "2163.54200", "2016-04-30": "2847.22500", "2016-01-31": "2862.93600", "2015-10-31": "2278.47300", "2015-07-31": "3629.45400", "2015-04-30": "4515.42000", "2015-01-31": "4378.94100", "2014-10-31": "3091.29000", "2014-07-31": "3890.81900", "2014-04-30": "4693.52900", "2014-01-31": "3515.28700", "2013-10-31": "3274.51300", "2013-07-31": "3762.88800", "2013-04-30": "4537.77900", "2013-01-31": "3932.49600", "2012-10-31": "3896.73000", "2012-07-31": "3594.27700", "2012-04-30": "4649.56700", "2012-01-31": "4852.78900", "2011-10-31": "3976.51300", "2011-07-31": "4308.05200", "2011-04-30": "5289.45300", "2011-01-31": "5802.73500", "2010-10-31": "4307.78200", "2010-07-31": "4424.16400", "2010-04-30": "5234.31800", "2010-01-31": "7410.12900", "2009-10-31": "4967.35900", "2009-07-31": "4545.76200", "2009-04-30": "5359.72200", "2009-01-31": "7301.89200", "2008-10-31": "5424.74700", "2008-07-31": "4903.48200", "2008-04-30": "5623.42500", "2008-01-31": "11575.21000", "2007-10-31": "7106.77100", "2007-07-31": "6868.07000", "2007-04-30": "7544.05000", "2007-01-31": "9359.97800", "2006-10-31": "6206.89100", "2006-07-31": "5636.26800", "2006-04-30": "5989.13500", "2006-01-31": "7672.34100", "2005-10-31": "5297.17900", "2005-07-31": "5017.18100", "2005-04-30": "5538.05600", "2005-01-31": "6141.12100"}, "Total Current Liabilities": {"2020-10-31": "552.60300", "2020-07-31": "765.95800", "2020-04-30": "1575.61600", "2020-01-31": "1337.62100", "2019-10-31": "1263.95700", "2019-07-31": "732.96900", "2019-04-30": "923.00100", "2019-01-31": "587.64600", "2018-10-31": "435.72100", "2018-07-31": "563.99600", "2018-04-30": "843.65100", "2018-01-31": "666.52800", "2017-10-31": "393.17700", "2017-07-31": "562.50600", "2017-04-30": "939.28000", "2017-01-31": "554.63700", "2016-10-31": "434.85700", "2016-07-31": "609.15900", "2016-04-30": "1039.60500", "2016-01-31": "589.03200", "2015-10-31": "566.54800", "2015-07-31": "1190.25400", "2015-04-30": "1878.28900", "2015-01-31": "2471.10400", "2014-10-31": "1075.67700", "2014-07-31": "1683.91900", "2014-04-30": "2313.11600", "2014-01-31": "2054.52000", "2013-10-31": "1546.68500", "2013-07-31": "1450.48400", "2013-04-30": "2012.20500", "2013-01-31": "2063.19400", "2012-10-31": "1931.70200", "2012-07-31": "1977.39700", "2012-04-30": "2526.42800", "2012-01-31": "3243.41600", "2011-10-31": "1781.58800", "2011-07-31": "1603.23400", "2011-04-30": "2337.98000", "2011-01-31": "3462.62900", "2010-10-31": "1916.69200", "2010-07-31": "1939.27900", "2010-04-30": "2321.49100", "2010-01-31": "4979.90200", "2009-10-31": "2382.86700", "2009-07-31": "1823.12600", "2009-04-30": "2398.28000", "2009-01-31": "4004.72800", "2008-10-31": "2441.07900", "2008-07-31": "2551.05400", "2008-04-30": "3111.33500", "2008-01-31": "7670.60300", "2007-10-31": "3876.15100", "2007-07-31": "4710.36300", "2007-04-30": "5220.90900", "2007-01-31": "7070.25900", "2006-10-31": "3816.47100", "2006-07-31": "2934.58100", "2006-04-30": "2893.43600", "2006-01-31": "4750.26200", "2005-10-31": "2376.62700", "2005-07-31": "1903.01300", "2005-04-30": "2234.79600", "2005-01-31": "3402.35500"}, "Long Term Debt": {"2020-10-31": "1559.09300", "2020-07-31": "3495.91800", "2020-04-30": "2845.87300", "2020-01-31": "1880.58900", "2019-10-31": "980.29900", "2019-07-31": "1493.28900", "2019-04-30": "1492.62900", "2019-01-31": "1876.98900", "2018-10-31": "1491.32800", "2018-07-31": "1495.00600", "2018-04-30": "1494.60900", "2018-01-31": "2284.23100", "2017-10-31": "1493.82800", "2017-07-31": "1493.42200", "2017-04-30": "1493.01700", "2017-01-31": "2592.62200", "2016-10-31": "1967.20600", "2016-07-31": "1491.79000", "2016-04-30": "1491.37500", "2016-01-31": "2615.82300", "2015-10-31": "1490.51400", "2015-07-31": "501.96000", "2015-04-30": "505.29800", "2015-01-31": "505.46000", "2014-10-31": "505.58800", "2014-07-31": "505.71400", "2014-04-30": "505.83700", "2014-01-31": "505.95900", "2013-10-31": "506.07800", "2013-07-31": "905.90200", "2013-04-30": "905.95800", "2013-01-31": "906.01200", "2012-10-31": "906.12500", "2012-07-31": "408.99200", "2012-04-30": "409.11500", "2012-01-31": "409.24100", "2011-10-31": "1009.19600", "2011-07-31": "1019.43100", "2011-04-30": "1039.52700", "2011-01-31": "1074.35800", "2010-10-31": "1066.10300", "2010-07-31": "1065.64900", "2010-04-30": "1060.14400", "2010-01-31": "1107.80000", "2009-10-31": "1107.56200", "2009-07-31": "1107.39500", "2009-04-30": "1107.12200", "2009-01-31": "2002.64700", "2008-10-31": "1727.51000", "2008-07-31": "1034.11700", "2008-04-30": "1031.78400", "2008-01-31": "2917.41100", "2007-10-31": "2144.01200", "2007-07-31": "519.80300", "2007-04-30": "537.13400", "2007-01-31": "416.18300", "2006-10-31": "411.70500", "2006-07-31": "411.73400", "2006-04-30": "417.26200", "2006-01-31": "916.92600", "2005-10-31": "917.88400", "2005-07-31": "923.14500", "2005-04-30": "923.07300", "2005-01-31": "928.52900"}, "Other Non-Current Liabilities": {"2020-10-31": "", "2020-07-31": "", "2020-04-30": "", "2020-01-31": "", "2019-10-31": "", "2019-07-31": "", "2019-04-30": "", "2019-01-31": "", "2018-10-31": "", "2018-07-31": "", "2018-04-30": "", "2018-01-31": "", "2017-10-31": "", "2017-07-31": "", "2017-04-30": "", "2017-01-31": "", "2016-10-31": "", "2016-07-31": "", "2016-04-30": "", "2016-01-31": "", "2015-10-31": "", "2015-07-31": "", "2015-04-30": "", "2015-01-31": "", "2014-10-31": "119.39800", "2014-07-31": "136.07200", "2014-04-30": "160.56200", "2014-01-31": "268.04900", "2013-10-31": "266.77500", "2013-07-31": "301.18700", "2013-04-30": "356.06900", "2013-01-31": "328.40200", "2012-10-31": "365.97000", "2012-07-31": "362.21500", "2012-04-30": "388.13200", "2012-01-31": "393.68300", "2011-10-31": "322.90700", "2011-07-31": "451.51000", "2011-04-30": "462.37200", "2011-01-31": "438.06500", "2010-10-31": "445.18200", "2010-07-31": "394.08900", "2010-04-30": "412.05300", "2010-01-31": "385.96000", "2009-10-31": "405.83300", "2009-07-31": "424.52700", "2009-04-30": "448.46100", "2009-01-31": "454.51200", "2008-10-31": "423.49600", "2008-07-31": "481.58900", "2008-04-30": "492.48800", "2008-01-31": "523.26500", "2007-10-31": "542.32800", "2007-07-31": "556.54200", "2007-04-30": "371.50800", "2007-01-31": "343.36200", "2006-10-31": "350.08600", "2006-07-31": "478.38400", "2006-04-30": "530.63800", "2006-01-31": "417.20000", "2005-10-31": "428.39500", "2005-07-31": "368.02800", "2005-04-30": "430.91900", "2005-01-31": "361.58700"}, "Total Long Term Liabilities": {"2020-10-31": "2283.79200", "2020-07-31": "4096.20100", "2020-04-30": "3465.39000", "2020-01-31": "2433.18800", "2019-10-31": "1568.53100", "2019-07-31": "2086.22700", "2019-04-30": "1835.41700", "2019-01-31": "2194.75100", "2018-10-31": "1828.90000", "2018-07-31": "1849.03300", "2018-04-30": "1903.58700", "2018-01-31": "2592.84100", "2017-10-31": "1736.15700", "2017-07-31": "1784.07000", "2017-04-30": "1815.71100", "2017-01-31": "2823.81000", "2016-10-31": "2204.79200", "2016-07-31": "1754.19000", "2016-04-30": "1784.51700", "2016-01-31": "2810.63800", "2015-10-31": "1739.16800", "2015-07-31": "769.77290", "2015-04-30": "804.18200", "2015-01-31": "761.45200", "2014-10-31": "776.93700", "2014-07-31": "809.70000", "2014-04-30": "823.86400", "2014-01-31": "774.00810", "2013-10-31": "772.85300", "2013-07-31": "1207.08900", "2013-04-30": "1262.02700", "2013-01-31": "1234.41400", "2012-10-31": "1272.09500", "2012-07-31": "771.20700", "2012-04-30": "797.24690", "2012-01-31": "802.92400", "2011-10-31": "1332.10300", "2011-07-31": "1470.94100", "2011-04-30": "1501.89900", "2011-01-31": "1512.42300", "2010-10-31": "1511.28500", "2010-07-31": "1459.73800", "2010-04-30": "1472.19700", "2010-01-31": "1493.76000", "2009-10-31": "1513.39500", "2009-07-31": "1531.92200", "2009-04-30": "1555.58300", "2009-01-31": "2457.15900", "2008-10-31": "2151.00600", "2008-07-31": "1515.70600", "2008-04-30": "1524.27200", "2008-01-31": "3440.67600", "2007-10-31": "2686.34000", "2007-07-31": "1076.34500", "2007-04-30": "908.64200", "2007-01-31": "759.54500", "2006-10-31": "761.79100", "2006-07-31": "890.11800", "2006-04-30": "947.90000", "2006-01-31": "1334.12600", "2005-10-31": "1346.27900", "2005-07-31": "1291.17300", "2005-04-30": "1353.99200", "2005-01-31": "1290.11600"}, "Total Liabilities": {"2020-10-31": "2836.39500", "2020-07-31": "4862.15900", "2020-04-30": "5041.00600", "2020-01-31": "3770.80900", "2019-10-31": "2832.48800", "2019-07-31": "2819.19600", "2019-04-30": "2758.41800", "2019-01-31": "2782.39700", "2018-10-31": "2264.62100", "2018-07-31": "2413.02900", "2018-04-30": "2747.23800", "2018-01-31": "3259.36900", "2017-10-31": "2129.33400", "2017-07-31": "2346.57600", "2017-04-30": "2754.99100", "2017-01-31": "3378.44700", "2016-10-31": "2639.64900", "2016-07-31": "2363.34900", "2016-04-30": "2824.12200", "2016-01-31": "3399.67000", "2015-10-31": "2305.71600", "2015-07-31": "1960.02700", "2015-04-30": "2682.47100", "2015-01-31": "3232.55600", "2014-10-31": "1852.61400", "2014-07-31": "2493.61900", "2014-04-30": "3136.98000", "2014-01-31": "2828.52800", "2013-10-31": "2319.53800", "2013-07-31": "2657.57300", "2013-04-30": "3274.23200", "2013-01-31": "3297.60800", "2012-10-31": "3203.79700", "2012-07-31": "2748.60400", "2012-04-30": "3323.67500", "2012-01-31": "4046.34000", "2011-10-31": "3113.69100", "2011-07-31": "3074.17500", "2011-04-30": "3839.87900", "2011-01-31": "4975.05200", "2010-10-31": "3427.97700", "2010-07-31": "3399.01700", "2010-04-30": "3793.68800", "2010-01-31": "6473.66200", "2009-10-31": "3896.26200", "2009-07-31": "3355.04800", "2009-04-30": "3953.86300", "2009-01-31": "6461.88700", "2008-10-31": "4592.08500", "2008-07-31": "4066.76000", "2008-04-30": "4635.60700", "2008-01-31": "11111.28000", "2007-10-31": "6562.49100", "2007-07-31": "5786.70800", "2007-04-30": "6129.55100", "2007-01-31": "7829.80400", "2006-10-31": "4578.26200", "2006-07-31": "3824.69900", "2006-04-30": "3841.33600", "2006-01-31": "6084.38800", "2005-10-31": "3722.90600", "2005-07-31": "3194.18600", "2005-04-30": "3588.78800", "2005-01-31": "4692.47100"}, "Common Stock Net": {"2020-10-31": "2.18700", "2020-07-31": "2.28200", "2020-04-30": "2.28200", "2020-01-31": "2.28200", "2019-10-31": "2.31000", "2019-07-31": "2.36700", "2019-04-30": "2.38300", "2019-01-31": "2.41500", "2018-10-31": "2.42000", "2018-07-31": "2.42000", "2018-04-30": "2.46200", "2018-01-31": "2.46200", "2017-10-31": "2.46200", "2017-07-31": "2.46200", "2017-04-30": "2.46200", "2017-01-31": "2.46200", "2016-10-31": "2.50600", "2016-07-31": "2.58200", "2016-04-30": "2.60200", "2016-01-31": "2.64100", "2015-10-31": "2.76100", "2015-07-31": "3.16600", "2015-04-30": "3.16600", "2015-01-31": "3.16600", "2014-10-31": "3.16600", "2014-07-31": "3.16600", "2014-04-30": "3.16600", "2014-01-31": "3.16600", "2013-10-31": "3.16600", "2013-07-31": "3.16600", "2013-04-30": "3.16600", "2013-01-31": "3.16600", "2012-10-31": "3.16600", "2012-07-31": "3.16600", "2012-04-30": "3.97900", "2012-01-31": "3.99400", "2011-10-31": "3.99400", "2011-07-31": "4.12400", "2011-04-30": "4.12400", "2011-01-31": "4.12400", "2010-10-31": "4.12400", "2010-07-31": "4.15900", "2010-04-30": "4.31400", "2010-01-31": "4.37400", "2009-10-31": "4.44200", "2009-07-31": "4.44200", "2009-04-30": "4.44200", "2009-01-31": "4.44200", "2008-10-31": "4.44200", "2008-07-31": "4.35900", "2008-04-30": "4.35900", "2008-01-31": "4.35900", "2007-10-31": "4.35900", "2007-07-31": "4.35900", "2007-04-30": "4.35900", "2007-01-31": "4.35900", "2006-10-31": "4.35900", "2006-07-31": "4.35900", "2006-04-30": "4.35900", "2006-01-31": "4.35900", "2005-10-31": "4.35900", "2005-07-31": "4.35900", "2005-04-30": "4.35900", "2005-01-31": "2.17900"}, "Retained Earnings (Accumulated Deficit)": {"2020-10-31": "-335.61700", "2020-07-31": "82.93300", "2020-04-30": "42.96500", "2020-01-31": "-367.21800", "2019-10-31": "-122.53500", "2019-07-31": "250.74000", "2019-04-30": "499.38600", "2019-01-31": "-254.27700", "2018-10-31": "-64.29100", "2018-07-31": "163.56700", "2018-04-30": "362.98000", "2018-01-31": "-729.57800", "2017-10-31": "-433.55600", "2017-07-31": "-229.64700", "2017-04-30": "-48.20600", "2017-01-31": "-785.82300", "2016-10-31": "-538.24200", "2016-07-31": "-180.63100", "2016-04-30": "40.34700", "2016-01-31": "-510.00000", "2015-10-31": "3.57300", "2015-07-31": "1679.23400", "2015-04-30": "1836.44200", "2015-01-31": "1158.37600", "2014-10-31": "1250.46500", "2014-07-31": "1418.12400", "2014-04-30": "1589.29700", "2014-01-31": "734.23300", "2013-10-31": "1003.84200", "2013-07-31": "1163.65100", "2013-04-30": "1333.44500", "2013-01-31": "723.67600", "2012-10-31": "795.70700", "2012-07-31": "955.87300", "2012-04-30": "2523.99700", "2012-01-31": "2018.25200", "2011-10-31": "2080.16200", "2011-07-31": "2437.01100", "2011-04-30": "2658.10300", "2011-01-31": "2045.44700", "2010-10-31": "2104.05000", "2010-07-31": "2255.26200", "2010-04-30": "2658.58600", "2010-01-31": "2162.40600", "2009-10-31": "2308.15300", "2009-07-31": "2437.01700", "2009-04-30": "2671.43700", "2009-01-31": "2015.65000", "2008-10-31": "2019.30100", "2008-07-31": "2204.94000", "2008-04-30": "2384.44900", "2008-01-31": "1887.46600", "2007-10-31": "1981.37800", "2007-07-31": "2530.20700", "2007-04-30": "2886.44000", "2007-01-31": "3015.88000", "2006-10-31": "3119.99700", "2006-07-31": "3320.19700", "2006-04-30": "3492.05900", "2006-01-31": "2945.88700", "2005-10-31": "2996.80500", "2005-07-31": "3123.92400", "2005-04-30": "3161.68200", "2005-01-31": "2670.35600"}, "Comprehensive Income": {"2020-10-31": "-31.70700", "2020-07-31": "-34.03700", "2020-04-30": "-51.57600", "2020-01-31": "-25.39100", "2019-10-31": "-21.81700", "2019-07-31": "-22.73600", "2019-04-30": "-20.41600", "2019-01-31": "-17.64200", "2018-10-31": "-18.88000", "2018-07-31": "-16.03400", "2018-04-30": "-14.30300", "2018-01-31": "-9.37400", "2017-10-31": "-14.22200", "2017-07-31": "-12.83700", "2017-04-30": "-15.29900", "2017-01-31": "-15.36300", "2016-10-31": "-17.12200", "2016-07-31": "-14.80400", "2016-04-30": "-11.23300", "2016-01-31": "-20.84900", "2015-10-31": "-16.20800", "2015-07-31": "-8.23400", "2015-04-30": "1.74000", "2015-01-31": "-1.26300", "2014-10-31": "6.57700", "2014-07-31": "5.48300", "2014-04-30": "5.17700", "2014-01-31": "-4.77600", "2013-10-31": "1.46300", "2013-07-31": "-0.25700", "2013-04-30": "10.55000", "2013-01-31": "9.05500", "2012-10-31": "8.68500", "2012-07-31": "7.35000", "2012-04-30": "12.14500", "2012-01-31": "7.40900", "2011-10-31": "4.35900", "2011-07-31": "12.69200", "2011-04-30": "11.23300", "2011-01-31": "7.16200", "2010-10-31": "2.75700", "2010-07-31": "-2.64800", "2010-04-30": "1.67800", "2010-01-31": "1.08600", "2009-10-31": "0.06600", "2009-07-31": "-2.84900", "2009-04-30": "-11.63900", "2009-01-31": "-16.61400", "2008-10-31": "-11.23600", "2008-07-31": "0.83300", "2008-04-30": "2.48600", "2008-01-31": "-0.34800", "2007-10-31": "1.13100", "2007-07-31": "2.52800", "2007-04-30": "-1.32000", "2007-01-31": "6.97500", "2006-10-31": "21.59300", "2006-07-31": "20.25500", "2006-04-30": "21.94800", "2006-01-31": "33.64100", "2005-10-31": "44.46300", "2005-07-31": "63.73100", "2005-04-30": "68.71800", "2005-01-31": "97.62500"}, "Other Share Holders Equity": {"2020-10-31": "", "2020-07-31": "", "2020-04-30": "", "2020-01-31": "", "2019-10-31": "", "2019-07-31": "", "2019-04-30": "", "2019-01-31": "", "2018-10-31": "", "2018-07-31": "", "2018-04-30": "", "2018-01-31": "", "2017-10-31": "", "2017-07-31": "", "2017-04-30": "", "2017-01-31": "", "2016-10-31": "", "2016-07-31": "", "2016-04-30": "", "2016-01-31": "", "2015-10-31": "", "2015-07-31": "", "2015-04-30": "", "2015-01-31": "", "2014-10-31": "", "2014-07-31": "", "2014-04-30": "", "2014-01-31": "", "2013-10-31": "", "2013-07-31": "", "2013-04-30": "", "2013-01-31": "", "2012-10-31": "", "2012-07-31": "", "2012-04-30": "", "2012-01-31": "", "2011-10-31": "", "2011-07-31": "", "2011-04-30": "", "2011-01-31": "", "2010-10-31": "", "2010-07-31": "", "2010-04-30": "", "2010-01-31": "", "2009-10-31": "", "2009-07-31": "", "2009-04-30": "", "2009-01-31": "", "2008-10-31": "", "2008-07-31": "", "2008-04-30": "", "2008-01-31": "", "2007-10-31": "", "2007-07-31": "", "2007-04-30": "", "2007-01-31": "", "2006-10-31": "", "2006-07-31": "", "2006-04-30": "", "2006-01-31": "", "2005-10-31": "", "2005-07-31": "", "2005-04-30": "", "2005-01-31": ""}, "Share Holder Equity": {"2020-10-31": "-279.96600", "2020-07-31": "135.27700", "2020-04-30": "71.04100", "2020-01-31": "-318.37900", "2019-10-31": "-75.74700", "2019-07-31": "290.80400", "2019-04-30": "541.52700", "2019-01-31": "-213.59100", "2018-10-31": "-31.32500", "2018-07-31": "192.00900", "2018-04-30": "393.71100", "2018-01-31": "-698.06900", "2017-10-31": "-412.77300", "2017-07-31": "-214.32800", "2017-04-30": "-60.88300", "2017-01-31": "-800.81600", "2016-10-31": "-557.47100", "2016-07-31": "-199.80700", "2016-04-30": "23.10300", "2016-01-31": "-536.73400", "2015-10-31": "-27.24300", "2015-07-31": "1669.42700", "2015-04-30": "1832.94900", "2015-01-31": "1146.38500", "2014-10-31": "1238.67600", "2014-07-31": "1397.20000", "2014-04-30": "1556.54900", "2014-01-31": "686.75900", "2013-10-31": "954.97500", "2013-07-31": "1105.31500", "2013-04-30": "1263.54700", "2013-01-31": "634.88800", "2012-10-31": "692.93300", "2012-07-31": "845.67300", "2012-04-30": "1325.89200", "2012-01-31": "806.44900", "2011-10-31": "862.82200", "2011-07-31": "1233.87700", "2011-04-30": "1449.57400", "2011-01-31": "827.68300", "2010-10-31": "879.80500", "2010-07-31": "1025.14700", "2010-04-30": "1440.63000", "2010-01-31": "936.46700", "2009-10-31": "1071.09700", "2009-07-31": "1190.71400", "2009-04-30": "1405.85900", "2009-01-31": "840.00500", "2008-10-31": "832.66200", "2008-07-31": "836.72200", "2008-04-30": "987.81800", "2008-01-31": "463.93200", "2007-10-31": "544.28000", "2007-07-31": "1081.36200", "2007-04-30": "1414.49900", "2007-01-31": "1530.17400", "2006-10-31": "1628.62900", "2006-07-31": "1811.56900", "2006-04-30": "2147.79900", "2006-01-31": "1587.95300", "2005-10-31": "1574.27300", "2005-07-31": "1822.99500", "2005-04-30": "1949.26800", "2005-01-31": "1448.65000"}, "Total Liabilities And Share Holders Equity": {"2020-10-31": "2556.42900", "2020-07-31": "4997.43600", "2020-04-30": "5112.04700", "2020-01-31": "3452.43000", "2019-10-31": "2756.74100", "2019-07-31": "3110.00000", "2019-04-30": "3299.94500", "2019-01-31": "2568.80600", "2018-10-31": "2233.29600", "2018-07-31": "2605.03800", "2018-04-30": "3140.94900", "2018-01-31": "2561.30000", "2017-10-31": "1716.56100", "2017-07-31": "2132.24800", "2017-04-30": "2694.10800", "2017-01-31": "2577.63100", "2016-10-31": "2082.17800", "2016-07-31": "2163.54200", "2016-04-30": "2847.22500", "2016-01-31": "2862.93600", "2015-10-31": "2278.47300", "2015-07-31": "3629.45400", "2015-04-30": "4515.42000", "2015-01-31": "4378.94100", "2014-10-31": "3091.29000", "2014-07-31": "3890.81900", "2014-04-30": "4693.52900", "2014-01-31": "3515.28700", "2013-10-31": "3274.51300", "2013-07-31": "3762.88800", "2013-04-30": "4537.77900", "2013-01-31": "3932.49600", "2012-10-31": "3896.73000", "2012-07-31": "3594.27700", "2012-04-30": "4649.56700", "2012-01-31": "4852.78900", "2011-10-31": "3976.51300", "2011-07-31": "4308.05200", "2011-04-30": "5289.45300", "2011-01-31": "5802.73500", "2010-10-31": "4307.78200", "2010-07-31": "4424.16400", "2010-04-30": "5234.31800", "2010-01-31": "7410.12900", "2009-10-31": "4967.35900", "2009-07-31": "4545.76200", "2009-04-30": "5359.72200", "2009-01-31": "7301.89200", "2008-10-31": "5424.74700", "2008-07-31": "4903.48200", "2008-04-30": "5623.42500", "2008-01-31": "11575.21000", "2007-10-31": "7106.77100", "2007-07-31": "6868.07000", "2007-04-30": "7544.05000", "2007-01-31": "9359.97800", "2006-10-31": "6206.89100", "2006-07-31": "5636.26800", "2006-04-30": "5989.13500", "2006-01-31": "7672.34100", "2005-10-31": "5297.17900", "2005-07-31": "5017.18100", "2005-04-30": "5538.05600", "2005-01-31": "6141.12100"}}, "cash flow statement": {"Net Income/Loss": {"2020-04-30": "-7.52600", "2019-04-30": "422.50900", "2018-04-30": "613.14900", "2017-04-30": "408.94500", "2016-04-30": "374.26700", "2015-04-30": "473.66300", "2014-04-30": "475.15700", "2013-04-30": "433.94800", "2012-04-30": "265.93200", "2011-04-30": "406.11000", "2010-04-30": "479.24200", "2009-04-30": "485.67300", "2008-04-30": "-308.64700", "2007-04-30": "-433.65300", "2006-04-30": "490.40800", "2005-04-30": "623.91000"}, "Total Depreciation And Amortization - Cash Flow": {"2020-04-30": "275.53600", "2019-04-30": "166.69500", "2018-04-30": "183.29500", "2017-04-30": "182.16800", "2016-04-30": "173.59800", "2015-04-30": "159.80400", "2014-04-30": "115.60400", "2013-04-30": "92.40700", "2012-04-30": "217.52700", "2011-04-30": "144.33300", "2010-04-30": "141.90100", "2009-04-30": "123.63100", "2008-04-30": "119.51400", "2007-04-30": "107.47900", "2006-04-30": "148.32100", "2005-04-30": "149.93600"}, "Other Non-Cash Items": {"2020-04-30": "96.36600", "2019-04-30": "95.46500", "2018-04-30": "208.58300", "2017-04-30": "118.51600", "2016-04-30": "135.21100", "2015-04-30": "85.55900", "2014-04-30": "121.02300", "2013-04-30": "84.13200", "2012-04-30": "125.56000", "2011-04-30": "204.88300", "2010-04-30": "361.23100", "2009-04-30": "379.17700", "2008-04-30": "376.53600", "2007-04-30": "172.59800", "2006-04-30": "-249.92700", "2005-04-30": "-217.87100"}, "Total Non-Cash Items": {"2020-04-30": "371.90200", "2019-04-30": "262.16000", "2018-04-30": "391.87800", "2017-04-30": "300.68400", "2016-04-30": "308.80900", "2015-04-30": "245.36300", "2014-04-30": "236.62700", "2013-04-30": "176.53900", "2012-04-30": "343.08700", "2011-04-30": "349.21600", "2010-04-30": "503.13200", "2009-04-30": "502.80800", "2008-04-30": "496.05000", "2007-04-30": "280.07700", "2006-04-30": "-101.60600", "2005-04-30": "-67.93500"}, "Change In Accounts Receivable": {"2020-04-30": "-66.89600", "2019-04-30": "-73.64800", "2018-04-30": "-63.93500", "2017-04-30": "-80.21000", "2016-04-30": "-70.72100", "2015-04-30": "-68.10900", "2014-04-30": "-30.37600", "2013-04-30": "-72.66200", "2012-04-30": "49.75500", "2011-04-30": "-105.70800", "2010-04-30": "-87.88900", "2009-04-30": "-77.44700", "2008-04-30": "-120.67600", "2007-04-30": "-66.33100", "2006-04-30": "-39.69500", "2005-04-30": "-77.10000"}, "Change In Inventories": {"2020-04-30": "", "2019-04-30": "", "2018-04-30": "", "2017-04-30": "", "2016-04-30": "", "2015-04-30": "", "2014-04-30": "", "2013-04-30": "", "2012-04-30": "", "2011-04-30": "", "2010-04-30": "", "2009-04-30": "", "2008-04-30": "", "2007-04-30": "", "2006-04-30": "", "2005-04-30": ""}, "Change In Accounts Payable": {"2020-04-30": "", "2019-04-30": "", "2018-04-30": "", "2017-04-30": "", "2016-04-30": "", "2015-04-30": "", "2014-04-30": "", "2013-04-30": "", "2012-04-30": "", "2011-04-30": "", "2010-04-30": "", "2009-04-30": "", "2008-04-30": "", "2007-04-30": "", "2006-04-30": "-169.38100", "2005-04-30": "-115.10900"}, "Change In Assets/Liabilities": {"2020-04-30": "30.28100", "2019-04-30": "-18.26100", "2018-04-30": "2.67400", "2017-04-30": "-64.25300", "2016-04-30": "-89.41400", "2015-04-30": "-37.26800", "2014-04-30": "3.05300", "2013-04-30": "-103.65700", "2012-04-30": "-100.55800", "2011-04-30": "-87.35900", "2010-04-30": "-169.84000", "2009-04-30": "128.84900", "2008-04-30": "-94.49900", "2007-04-30": "-36.76100", "2006-04-30": "221.74300", "2005-04-30": "94.44300"}, "Total Change In Assets/Liabilities": {"2020-04-30": "-248.05700", "2019-04-30": "-73.90600", "2018-04-30": "-147.28400", "2017-04-30": "-152.01700", "2016-04-30": "-138.52300", "2015-04-30": "-92.41800", "2014-04-30": "97.79700", "2013-04-30": "-113.37900", "2012-04-30": "-246.97000", "2011-04-30": "-242.82300", "2010-04-30": "-394.90500", "2009-04-30": "35.95800", "2008-04-30": "71.35700", "2007-04-30": "-403.39900", "2006-04-30": "205.34000", "2005-04-30": "-41.57800"}, "Cash Flow From Operating Activities": {"2020-04-30": "108.96100", "2019-04-30": "606.53800", "2018-04-30": "850.00300", "2017-04-30": "552.19700", "2016-04-30": "544.55300", "2015-04-30": "626.60800", "2014-04-30": "809.58100", "2013-04-30": "497.10800", "2012-04-30": "362.04900", "2011-04-30": "512.50300", "2010-04-30": "587.46900", "2009-04-30": "1024.43900", "2008-04-30": "258.76000", "2007-04-30": "-556.97500", "2006-04-30": "594.14200", "2005-04-30": "514.39700"}, "Net Change In Property, Plant, And Equipment": {"2020-04-30": "-81.68500", "2019-04-30": "-95.49000", "2018-04-30": "-98.58300", "2017-04-30": "-89.25500", "2016-04-30": "-99.92300", "2015-04-30": "-123.15800", "2014-04-30": "-147.01100", "2013-04-30": "-113.23900", "2012-04-30": "-82.45700", "2011-04-30": "-62.95900", "2010-04-30": "-90.51500", "2009-04-30": "-97.88000", "2008-04-30": "-101.55400", "2007-04-30": "-158.46000", "2006-04-30": "-193.27700", "2005-04-30": "-148.04100"}, "Net Change In Intangible Assets": {"2020-04-30": "", "2019-04-30": "", "2018-04-30": "", "2017-04-30": "", "2016-04-30": "", "2015-04-30": "", "2014-04-30": "", "2013-04-30": "", "2012-04-30": "", "2011-04-30": "", "2010-04-30": "", "2009-04-30": "", "2008-04-30": "", "2007-04-30": "", "2006-04-30": "", "2005-04-30": ""}, "Net Acquisitions/Divestitures": {"2020-04-30": "-450.24200", "2019-04-30": "-43.63700", "2018-04-30": "-42.53900", "2017-04-30": "-54.81600", "2016-04-30": "-88.77600", "2015-04-30": "-113.25200", "2014-04-30": "-68.42800", "2013-04-30": "-20.74200", "2012-04-30": "545.24100", "2011-04-30": "16.91200", "2010-04-30": "56.08400", "2009-04-30": "-274.94000", "2008-04-30": "-24.87200", "2007-04-30": "-57.55400", "2006-04-30": "-210.14200", "2005-04-30": "-23.25400"}, "Net Change In Short-term Investments": {"2020-04-30": "", "2019-04-30": "", "2018-04-30": "", "2017-04-30": "", "2016-04-30": "", "2015-04-30": "", "2014-04-30": "", "2013-04-30": "", "2012-04-30": "", "2011-04-30": "", "2010-04-30": "", "2009-04-30": "", "2008-04-30": "", "2007-04-30": "", "2006-04-30": "", "2005-04-30": ""}, "Net Change In Long-Term Investments": {"2020-04-30": "-35.26400", "2019-04-30": "-19.92200", "2018-04-30": "-22.32000", "2017-04-30": "172.70100", "2016-04-30": "452.13200", "2015-04-30": "-16.30800", "2014-04-30": "44.64700", "2013-04-30": "-135.54200", "2012-04-30": "-186.89500", "2011-04-30": "-156.01100", "2010-04-30": "-6.43900", "2009-04-30": "101.31200", "2008-04-30": "213.98700", "2007-04-30": "-1002.67300", "2006-04-30": "2.00200", "2005-04-30": "-0.42300"}, "Net Change In Investments - Total": {"2020-04-30": "-35.26400", "2019-04-30": "-19.92200", "2018-04-30": "-22.32000", "2017-04-30": "172.70100", "2016-04-30": "452.13200", "2015-04-30": "-16.30800", "2014-04-30": "44.64700", "2013-04-30": "-135.54200", "2012-04-30": "-186.89500", "2011-04-30": "-156.01100", "2010-04-30": "-6.43900", "2009-04-30": "101.31200", "2008-04-30": "213.98700", "2007-04-30": "-1002.67300", "2006-04-30": "2.00200", "2005-04-30": "-0.42300"}, "Investing Activities - Other": {"2020-04-30": "96.96000", "2019-04-30": "3.91800", "2018-04-30": "51.38500", "2017-04-30": "70.68900", "2016-04-30": "66.08200", "2015-04-30": "103.78600", "2014-04-30": "181.48200", "2013-04-30": "158.58600", "2012-04-30": "75.97800", "2011-04-30": "91.90100", "2010-04-30": "72.22300", "2009-04-30": "277.06800", "2008-04-30": "1059.72800", "2007-04-30": "60.31100", "2006-04-30": "-287.08800", "2005-04-30": "113.30800"}, "Cash Flow From Investing Activities": {"2020-04-30": "-470.23100", "2019-04-30": "-155.13100", "2018-04-30": "-112.05700", "2017-04-30": "99.31900", "2016-04-30": "329.51500", "2015-04-30": "-148.93200", "2014-04-30": "10.69000", "2013-04-30": "-110.93700", "2012-04-30": "351.86700", "2011-04-30": "-110.15700", "2010-04-30": "31.35300", "2009-04-30": "5.56000", "2008-04-30": "1147.28900", "2007-04-30": "-1158.37600", "2006-04-30": "-688.50500", "2005-04-30": "-58.41000"}, "Net Long-Term Debt": {"2020-04-30": "", "2019-04-30": "", "2018-04-30": "", "2017-04-30": "", "2016-04-30": "996.83100", "2015-04-30": "-400.00000", "2014-04-30": "", "2013-04-30": "-139.43600", "2012-04-30": "-25.00000", "2011-04-30": "", "2010-04-30": "", "2009-04-30": "", "2008-04-30": "599.37600", "2007-04-30": "-500.00000", "2006-04-30": "", "2005-04-30": "119.55700"}, "Net Current Debt": {"2020-04-30": "2000.00000", "2019-04-30": "", "2018-04-30": "", "2017-04-30": "", "2016-04-30": "", "2015-04-30": "", "2014-04-30": "", "2013-04-30": "", "2012-04-30": "", "2011-04-30": "-50.00000", "2010-04-30": "-25.04590", "2009-04-30": "-29.00000", "2008-04-30": "-1542.08200", "2007-04-30": "1671.08200", "2006-04-30": "", "2005-04-30": ""}, "Debt Issuance/Retirement Net - Total": {"2020-04-30": "2000.00000", "2019-04-30": "", "2018-04-30": "", "2017-04-30": "", "2016-04-30": "996.83100", "2015-04-30": "-400.00000", "2014-04-30": "", "2013-04-30": "-139.43600", "2012-04-30": "-25.00000", "2011-04-30": "-50.00000", "2010-04-30": "-25.04590", "2009-04-30": "-29.00000", "2008-04-30": "-942.70610", "2007-04-30": "1171.08200", "2006-04-30": "", "2005-04-30": "119.55700"}, "Net Common Equity Issued/Repurchased": {"2020-04-30": "-254.13900", "2019-04-30": "-187.38000", "2018-04-30": "19.19300", "2017-04-30": "-320.47900", "2016-04-30": "-1992.56300", "2015-04-30": "6.07300", "2014-04-30": "22.14000", "2013-04-30": "-315.27400", "2012-04-30": "-168.31700", "2011-04-30": "-283.11000", "2010-04-30": "-237.56800", "2009-04-30": "106.82000", "2008-04-30": "16.04200", "2007-04-30": "-163.09900", "2006-04-30": "-161.83100", "2005-04-30": "-400.69800"}, "Net Total Equity Issued/Repurchased": {"2020-04-30": "-254.13900", "2019-04-30": "-187.38000", "2018-04-30": "19.19300", "2017-04-30": "-320.47900", "2016-04-30": "-1992.56300", "2015-04-30": "6.07300", "2014-04-30": "22.14000", "2013-04-30": "-315.27400", "2012-04-30": "-168.31700", "2011-04-30": "-283.11000", "2010-04-30": "-237.56800", "2009-04-30": "106.82000", "2008-04-30": "16.04200", "2007-04-30": "-163.09900", "2006-04-30": "-161.83100", "2005-04-30": "-400.69800"}, "Total Common And Preferred Stock Dividends Paid": {"2020-04-30": "-204.87000", "2019-04-30": "-205.46100", "2018-04-30": "-200.46900", "2017-04-30": "-187.11500", "2016-04-30": "-201.68800", "2015-04-30": "-219.96000", "2014-04-30": "-218.98000", "2013-04-30": "-217.20100", "2012-04-30": "-208.80100", "2011-04-30": "-186.80200", "2010-04-30": "-200.89900", "2009-04-30": "-198.68500", "2008-04-30": "-183.62800", "2007-04-30": "-171.96600", "2006-04-30": "-160.03100", "2005-04-30": "-142.98800"}, "Financial Activities - Other": {"2020-04-30": "-9.14300", "2019-04-30": "-10.85400", "2018-04-30": "-9.38800", "2017-04-30": "-22.83000", "2016-04-30": "-764.30900", "2015-04-30": "-31.92000", "2014-04-30": "-168.09000", "2013-04-30": "87.37000", "2012-04-30": "-42.94400", "2011-04-30": "-14.47900", "2010-04-30": "-17.60500", "2009-04-30": "80.63200", "2008-04-30": "-447.77700", "2007-04-30": "1155.09400", "2006-04-30": "18.82600", "2005-04-30": "-3.78600"}, "Cash Flow From Financial Activities": {"2020-04-30": "1531.84800", "2019-04-30": "-403.69500", "2018-04-30": "-190.66400", "2017-04-30": "-530.42400", "2016-04-30": "-1961.72900", "2015-04-30": "-645.80700", "2014-04-30": "-364.93000", "2013-04-30": "-584.54100", "2012-04-30": "-445.06200", "2011-04-30": "-534.39100", "2010-04-30": "-481.11800", "2009-04-30": "-40.23300", "2008-04-30": "-1558.06900", "2007-04-30": "1991.11100", "2006-04-30": "-303.03600", "2005-04-30": "-427.91500"}, "Net Cash Flow": {"2020-04-30": "1165.29300", "2019-04-30": "44.04900", "2018-04-30": "546.13900", "2017-04-30": "116.62800", "2016-04-30": "-1098.25100", "2015-04-30": "-178.11700", "2014-04-30": "437.72300", "2013-04-30": "-196.75000", "2012-04-30": "266.49000", "2011-04-30": "-126.20100", "2010-04-30": "149.38200", "2009-04-30": "989.76600", "2008-04-30": "-152.02000", "2007-04-30": "275.76000", "2006-04-30": "-397.39900", "2005-04-30": "28.07200"}, "Stock-Based Compensation": {"2020-04-30": "28.04500", "2019-04-30": "23.76700", "2018-04-30": "21.95400", "2017-04-30": "19.28500", "2016-04-30": "23.54000", "2015-04-30": "26.06800", "2014-04-30": "20.05800", "2013-04-30": "15.29300", "2012-04-30": "14.96800", "2011-04-30": "14.50000", "2010-04-30": "29.36900", "2009-04-30": "26.55700", "2008-04-30": "40.37300", "2007-04-30": "37.01400", "2006-04-30": "47.18200", "2005-04-30": "36.85300"}, "Common Stock Dividends Paid": {"2020-04-30": "-204.87000", "2019-04-30": "-205.46100", "2018-04-30": "-200.46900", "2017-04-30": "-187.11500", "2016-04-30": "-201.68800", "2015-04-30": "-219.96000", "2014-04-30": "-218.98000", "2013-04-30": "-217.20100", "2012-04-30": "-208.80100", "2011-04-30": "-186.80200", "2010-04-30": "-200.89900", "2009-04-30": "-198.68500", "2008-04-30": "-183.62800", "2007-04-30": "-171.96600", "2006-04-30": "-160.03100", "2005-04-30": "-142.98800"}}, "cash flow statement, quarterly": {"Net Income/Loss": {"2020-10-31": -223.726, "2020-07-31": "91.25900", "2020-04-30": 460.403, "2020-01-31": -129.683, "2019-10-31": -187.999, "2019-07-31": "-150.24700", "2019-04-30": 877.909, "2019-01-31": -126.454, "2018-10-31": -176.276, "2018-07-31": "-152.67000", "2018-04-30": 1142.927, "2018-01-31": -245.645, "2017-10-31": -153.566, "2017-07-31": "-130.56700", "2017-04-30": 783.352, "2017-01-31": -104.514, "2016-10-31": -146.22, "2016-07-31": "-123.67300", "2016-04-30": 700.662, "2016-01-31": -81.729, "2015-10-31": -244.666, "2015-07-31": "0.00000", "2015-04-30": 473.663, "2015-01-31": 0, "2014-10-31": 0, "2014-07-31": "0.00000", "2014-04-30": 475.157, "2014-01-31": 0, "2013-10-31": 0, "2013-07-31": "0.00000", "2013-04-30": 433.948, "2013-01-31": 0, "2012-10-31": 0, "2012-07-31": "0.00000", "2012-04-30": 265.932, "2012-01-31": 0, "2011-10-31": 0, "2011-07-31": "0.00000", "2011-04-30": 406.11, "2011-01-31": 0, "2010-10-31": 0, "2010-07-31": "0.00000", "2010-04-30": 479.242, "2010-01-31": 0, "2009-10-31": 0, "2009-07-31": "0.00000", "2009-04-30": 485.673, "2009-01-31": 0, "2008-10-31": 0, "2008-07-31": "0.00000", "2008-04-30": 543.562, "2008-01-31": -47.358, "2007-10-31": -502.271, "2007-07-31": "-302.58000", "2007-04-30": -85.564, "2007-01-31": -60.252, "2006-10-31": -156.46, "2006-07-31": "-131.37700", "2006-04-30": 587.538, "2006-01-31": 12.113, "2005-10-31": -81.249, "2005-07-31": "-27.99400", "2005-04-30": 614.93, "2005-01-31": 8.98}, "Total Depreciation And Amortization - Cash Flow": {"2020-10-31": 37.799, "2020-07-31": "39.50800", "2020-04-30": 150.127, "2020-01-31": 44.147, "2019-10-31": 42.657, "2019-07-31": "38.60500", "2019-04-30": 40.682, "2019-01-31": 44.088, "2018-10-31": 41.493, "2018-07-31": "40.43200", "2018-04-30": 46.417, "2018-01-31": 48.488, "2017-10-31": 44.792, "2017-07-31": "43.59800", "2017-04-30": 49.976, "2017-01-31": 45.16, "2016-10-31": 45.75, "2016-07-31": "41.28200", "2016-04-30": 45.852, "2016-01-31": 45.303, "2015-10-31": 82.443, "2015-07-31": "", "2015-04-30": 159.804, "2015-01-31": 0, "2014-10-31": 0, "2014-07-31": "", "2014-04-30": 115.604, "2014-01-31": 0, "2013-10-31": 0, "2013-07-31": "", "2013-04-30": 92.407, "2013-01-31": 0, "2012-10-31": 0, "2012-07-31": "", "2012-04-30": 217.527, "2012-01-31": 0, "2011-10-31": 0, "2011-07-31": "", "2011-04-30": 144.333, "2011-01-31": 0, "2010-10-31": 0, "2010-07-31": "", "2010-04-30": 141.901, "2010-01-31": 0, "2009-10-31": 0, "2009-07-31": "", "2009-04-30": 123.631, "2009-01-31": 0, "2008-10-31": 0, "2008-07-31": "", "2008-04-30": 36.804, "2008-01-31": 28.481, "2007-10-31": 17.154, "2007-07-31": "37.07500", "2007-04-30": -3.343, "2007-01-31": 38.858, "2006-10-31": 37.337, "2006-07-31": "34.62700", "2006-04-30": 36.925, "2006-01-31": 28.584, "2005-10-31": 42.292, "2005-07-31": "40.52000", "2005-04-30": 57.668, "2005-01-31": 92.268}, "Other Non-Cash Items": {"2020-10-31": 18.33, "2020-07-31": "9.03800", "2020-04-30": 25.355, "2020-01-31": 40.432, "2019-10-31": 16.528, "2019-07-31": "14.05100", "2019-04-30": 21.89, "2019-01-31": 41.473, "2018-10-31": 16.531, "2018-07-31": "15.57100", "2018-04-30": 44.744, "2018-01-31": 89.34, "2017-10-31": 46.428, "2017-07-31": "28.07100", "2017-04-30": 65.809, "2017-01-31": 32.46, "2016-10-31": 7.015, "2016-07-31": "13.23200", "2016-04-30": 23.152, "2016-01-31": 74.714, "2015-10-31": 37.345, "2015-07-31": "", "2015-04-30": 85.559, "2015-01-31": 0, "2014-10-31": 0, "2014-07-31": "", "2014-04-30": 121.023, "2014-01-31": 0, "2013-10-31": 0, "2013-07-31": "", "2013-04-30": 84.132, "2013-01-31": 0, "2012-10-31": 0, "2012-07-31": "", "2012-04-30": 125.56, "2012-01-31": 0, "2011-10-31": 0, "2011-07-31": "", "2011-04-30": 204.883, "2011-01-31": 0, "2010-10-31": 0, "2010-07-31": "", "2010-04-30": 361.231, "2010-01-31": 0, "2009-10-31": 0, "2009-07-31": "", "2009-04-30": 379.177, "2009-01-31": 0, "2008-10-31": 0, "2008-07-31": "", "2008-04-30": 380.702, "2008-01-31": -314.351, "2007-10-31": 90.464, "2007-07-31": "219.72100", "2007-04-30": -450.217, "2007-01-31": 795.047, "2006-10-31": -355.618, "2006-07-31": "183.38600", "2006-04-30": 208.121, "2006-01-31": -278.47, "2005-10-31": -103.69, "2005-07-31": "-75.88800", "2005-04-30": -109.82, "2005-01-31": -108.051}, "Total Non-Cash Items": {"2020-10-31": 56.129, "2020-07-31": "48.54600", "2020-04-30": 175.482, "2020-01-31": 84.579, "2019-10-31": 59.185, "2019-07-31": "52.65600", "2019-04-30": 62.572, "2019-01-31": 85.561, "2018-10-31": 58.024, "2018-07-31": "56.00300", "2018-04-30": 91.161, "2018-01-31": 137.828, "2017-10-31": 91.22, "2017-07-31": "71.66900", "2017-04-30": 115.785, "2017-01-31": 77.62, "2016-10-31": 52.765, "2016-07-31": "54.51400", "2016-04-30": 69.004, "2016-01-31": 120.017, "2015-10-31": 119.788, "2015-07-31": "", "2015-04-30": 245.363, "2015-01-31": 0, "2014-10-31": 0, "2014-07-31": "", "2014-04-30": 236.627, "2014-01-31": 0, "2013-10-31": 0, "2013-07-31": "", "2013-04-30": 176.539, "2013-01-31": 0, "2012-10-31": 0, "2012-07-31": "", "2012-04-30": 343.087, "2012-01-31": 0, "2011-10-31": 0, "2011-07-31": "", "2011-04-30": 349.216, "2011-01-31": 0, "2010-10-31": 0, "2010-07-31": "", "2010-04-30": 503.132, "2010-01-31": 0, "2009-10-31": 0, "2009-07-31": "", "2009-04-30": 502.808, "2009-01-31": 0, "2008-10-31": 0, "2008-07-31": "", "2008-04-30": 417.506, "2008-01-31": -285.87, "2007-10-31": 107.618, "2007-07-31": "256.79600", "2007-04-30": -453.56, "2007-01-31": 833.905, "2006-10-31": -318.281, "2006-07-31": "218.01300", "2006-04-30": 245.046, "2006-01-31": -249.886, "2005-10-31": -61.398, "2005-07-31": "-35.36800", "2005-04-30": -52.152, "2005-01-31": -15.783}, "Change In Accounts Receivable": {"2020-10-31": 25.532, "2020-07-31": "26.05200", "2020-04-30": 617.427, "2020-01-31": -756.182, "2019-10-31": 11.34, "2019-07-31": "60.51900", "2019-04-30": 567.509, "2019-01-31": -715.829, "2018-10-31": 8.47, "2018-07-31": "66.20200", "2018-04-30": 587.265, "2018-01-31": -729.158, "2017-10-31": 12.973, "2017-07-31": "64.98500", "2017-04-30": 566.08, "2017-01-31": -694.943, "2016-10-31": -0.567, "2016-07-31": "49.22000", "2016-04-30": 615.24, "2016-01-31": -753.334, "2015-10-31": 67.373, "2015-07-31": "", "2015-04-30": -68.109, "2015-01-31": 0, "2014-10-31": 0, "2014-07-31": "", "2014-04-30": -30.376, "2014-01-31": 0, "2013-10-31": 0, "2013-07-31": "", "2013-04-30": -72.662, "2013-01-31": 0, "2012-10-31": 0, "2012-07-31": "", "2012-04-30": 49.755, "2012-01-31": 0, "2011-10-31": 0, "2011-07-31": "", "2011-04-30": -105.708, "2011-01-31": 0, "2010-10-31": 0, "2010-07-31": "", "2010-04-30": -87.889, "2010-01-31": 0, "2009-10-31": 0, "2009-07-31": "", "2009-04-30": -77.447, "2009-01-31": 0, "2008-10-31": 0, "2008-07-31": "", "2008-04-30": -120.676, "2008-01-31": 0, "2007-10-31": 0, "2007-07-31": "", "2007-04-30": -66.331, "2007-01-31": 0, "2006-10-31": 0, "2006-07-31": "", "2006-04-30": -39.695, "2006-01-31": 0, "2005-10-31": 0, "2005-07-31": "", "2005-04-30": -77.1, "2005-01-31": 0}, "Change In Inventories": {"2020-10-31": 0, "2020-07-31": "", "2020-04-30": 0, "2020-01-31": 0, "2019-10-31": 0, "2019-07-31": "", "2019-04-30": 0, "2019-01-31": 0, "2018-10-31": 0, "2018-07-31": "", "2018-04-30": 0, "2018-01-31": 0, "2017-10-31": 0, "2017-07-31": "", "2017-04-30": 0, "2017-01-31": 0, "2016-10-31": 0, "2016-07-31": "", "2016-04-30": 0, "2016-01-31": 0, "2015-10-31": 0, "2015-07-31": "", "2015-04-30": 0, "2015-01-31": 0, "2014-10-31": 0, "2014-07-31": "", "2014-04-30": 0, "2014-01-31": 0, "2013-10-31": 0, "2013-07-31": "", "2013-04-30": 0, "2013-01-31": 0, "2012-10-31": 0, "2012-07-31": "", "2012-04-30": 0, "2012-01-31": 0, "2011-10-31": 0, "2011-07-31": "", "2011-04-30": 0, "2011-01-31": 0, "2010-10-31": 0, "2010-07-31": "", "2010-04-30": 0, "2010-01-31": 0, "2009-10-31": 0, "2009-07-31": "", "2009-04-30": 0, "2009-01-31": 0, "2008-10-31": 0, "2008-07-31": "", "2008-04-30": 0, "2008-01-31": 0, "2007-10-31": 0, "2007-07-31": "", "2007-04-30": 0, "2007-01-31": 0, "2006-10-31": 0, "2006-07-31": "", "2006-04-30": 0, "2006-01-31": 0, "2005-10-31": 0, "2005-07-31": "", "2005-04-30": 0, "2005-01-31": 0}, "Change In Accounts Payable": {"2020-10-31": 0, "2020-07-31": "", "2020-04-30": 0, "2020-01-31": 0, "2019-10-31": 0, "2019-07-31": "", "2019-04-30": 0, "2019-01-31": 0, "2018-10-31": 0, "2018-07-31": "", "2018-04-30": 0, "2018-01-31": 0, "2017-10-31": 0, "2017-07-31": "", "2017-04-30": 0, "2017-01-31": 0, "2016-10-31": 0, "2016-07-31": "", "2016-04-30": 0, "2016-01-31": 0, "2015-10-31": 0, "2015-07-31": "", "2015-04-30": 0, "2015-01-31": 0, "2014-10-31": 0, "2014-07-31": "", "2014-04-30": 0, "2014-01-31": 0, "2013-10-31": 0, "2013-07-31": "", "2013-04-30": 0, "2013-01-31": 0, "2012-10-31": 0, "2012-07-31": "", "2012-04-30": 0, "2012-01-31": 0, "2011-10-31": 0, "2011-07-31": "", "2011-04-30": 0, "2011-01-31": 0, "2010-10-31": 0, "2010-07-31": "", "2010-04-30": 0, "2010-01-31": 0, "2009-10-31": 0, "2009-07-31": "", "2009-04-30": 0, "2009-01-31": 0, "2008-10-31": 0, "2008-07-31": "", "2008-04-30": 0, "2008-01-31": 0, "2007-10-31": 0, "2007-07-31": "", "2007-04-30": 0, "2007-01-31": 0, "2006-10-31": 0, "2006-07-31": "", "2006-04-30": -169.381, "2006-01-31": 0, "2005-10-31": 0, "2005-07-31": "", "2005-04-30": -115.109, "2005-01-31": 0}, "Change In Assets/Liabilities": {"2020-10-31": -40.911, "2020-07-31": "-16.38200", "2020-04-30": 93.548, "2020-01-31": 1.968, "2019-10-31": -3.05, "2019-07-31": "-62.18500", "2019-04-30": 107.011, "2019-01-31": -36.18, "2018-10-31": -37.137, "2018-07-31": "-51.95500", "2018-04-30": 138.601, "2018-01-31": -54.116, "2017-10-31": -32.321, "2017-07-31": "-49.49000", "2017-04-30": 52.839, "2017-01-31": -18.34, "2016-10-31": -21.801, "2016-07-31": "-76.95100", "2016-04-30": 29.692, "2016-01-31": -116.707, "2015-10-31": -2.399, "2015-07-31": "", "2015-04-30": -37.268, "2015-01-31": 0, "2014-10-31": 0, "2014-07-31": "", "2014-04-30": 3.053, "2014-01-31": 0, "2013-10-31": 0, "2013-07-31": "", "2013-04-30": -103.657, "2013-01-31": 0, "2012-10-31": 0, "2012-07-31": "", "2012-04-30": -100.558, "2012-01-31": 0, "2011-10-31": 0, "2011-07-31": "", "2011-04-30": -87.359, "2011-01-31": 0, "2010-10-31": 0, "2010-07-31": "", "2010-04-30": -169.84, "2010-01-31": 0, "2009-10-31": 0, "2009-07-31": "", "2009-04-30": 128.849, "2009-01-31": 0, "2008-10-31": 0, "2008-07-31": "", "2008-04-30": 1599.007, "2008-01-31": -1693.506, "2007-10-31": 0, "2007-07-31": "", "2007-04-30": 1654.59, "2007-01-31": -1691.351, "2006-10-31": 0, "2006-07-31": "", "2006-04-30": 1064.889, "2006-01-31": -792.324, "2005-10-31": -41.887, "2005-07-31": "-8.93500", "2005-04-30": 99.004, "2005-01-31": -4.561}, "Total Change In Assets/Liabilities": {"2020-10-31": -74.642, "2020-07-31": "-160.30500", "2020-04-30": 948.225, "2020-01-31": -729.3711, "2019-10-31": -80.6729, "2019-07-31": "-386.23800", "2019-04-30": 1017.738, "2019-01-31": -678.872, "2018-10-31": -133.876, "2018-07-31": "-278.89600", "2018-04-30": 981.356, "2018-01-31": -601.427, "2017-10-31": -176.996, "2017-07-31": "-350.21700", "2017-04-30": 1061.89, "2017-01-31": -661.524, "2016-10-31": -163.578, "2016-07-31": "-388.80500", "2016-04-30": 1180.614, "2016-01-31": -863.444, "2015-10-31": -455.693, "2015-07-31": "", "2015-04-30": -92.418, "2015-01-31": 0, "2014-10-31": 0, "2014-07-31": "", "2014-04-30": 97.797, "2014-01-31": 0, "2013-10-31": 0, "2013-07-31": "", "2013-04-30": -113.379, "2013-01-31": 0, "2012-10-31": 0, "2012-07-31": "", "2012-04-30": -246.97, "2012-01-31": 0, "2011-10-31": 0, "2011-07-31": "", "2011-04-30": -242.823, "2011-01-31": 0, "2010-10-31": 0, "2010-07-31": "", "2010-04-30": -394.905, "2010-01-31": 0, "2009-10-31": 0, "2009-07-31": "", "2009-04-30": 35.958, "2009-01-31": 0, "2008-10-31": 0, "2008-07-31": "", "2008-04-30": 1764.863, "2008-01-31": -1693.506, "2007-10-31": 0, "2007-07-31": "", "2007-04-30": 1287.952, "2007-01-31": -1691.351, "2006-10-31": 0, "2006-07-31": "", "2006-04-30": 1048.486, "2006-01-31": -792.324, "2005-10-31": -41.887, "2005-07-31": "-8.93500", "2005-04-30": -37.017, "2005-01-31": -4.561}, "Cash Flow From Operating Activities": {"2020-10-31": -242.239, "2020-07-31": "-20.50000", "2020-04-30": 1576.752, "2020-01-31": -774.475, "2019-10-31": -209.487, "2019-07-31": "-483.82900", "2019-04-30": 1953.994, "2019-01-31": -719.765, "2018-10-31": -252.128, "2018-07-31": "-375.56300", "2018-04-30": 2207.704, "2018-01-31": -709.244, "2017-10-31": -239.342, "2017-07-31": "-409.11500", "2017-04-30": 1962.056, "2017-01-31": -689.483, "2016-10-31": -262.412, "2016-07-31": "-457.96400", "2016-04-30": 1971.502, "2016-01-31": -824.236, "2015-10-31": -224.467, "2015-07-31": "-378.24600", "2015-04-30": 1873.808, "2015-01-31": -619.623, "2014-10-31": -245.992, "2014-07-31": "-381.58500", "2014-04-30": 1929.903, "2014-01-31": -627.949, "2013-10-31": -173.631, "2013-07-31": "-318.74200", "2013-04-30": 1809.034, "2013-01-31": -744.89, "2012-10-31": -193.896, "2012-07-31": "-373.14000", "2012-04-30": 1744.82, "2012-01-31": -800.143, "2011-10-31": -188.079, "2011-07-31": "-394.54900", "2011-04-30": 2017.921, "2011-01-31": -957.417, "2010-10-31": -199.75, "2010-07-31": "-348.25100", "2010-04-30": 3236.431, "2010-01-31": -1862.81, "2009-10-31": -331.575, "2009-07-31": "-454.57700", "2009-04-30": 3448.001, "2009-01-31": -1757.631, "2008-10-31": -301.008, "2008-07-31": "-364.92300", "2008-04-30": 3598.877, "2008-01-31": -2400.699, "2007-10-31": -604.072, "2007-07-31": "-335.34600", "2007-04-30": 2182.43, "2007-01-31": -1567.434, "2006-10-31": -695.912, "2006-07-31": "-476.05900", "2006-04-30": 2288.534, "2006-01-31": -989.533, "2005-10-31": -394.344, "2005-07-31": "-310.51500", "2005-04-30": 2078.83, "2005-01-31": -1564.433}, "Net Change In Property, Plant, And Equipment": {"2020-10-31": -18.273, "2020-07-31": "-8.31100", "2020-04-30": -15.175, "2020-01-31": -23.656, "2019-10-31": -27.673, "2019-07-31": "-15.18100", "2019-04-30": -15.508, "2019-01-31": -13.56, "2018-10-31": -54.365, "2018-07-31": "-12.05700", "2018-04-30": -20.718, "2018-01-31": -21.115, "2017-10-31": -43.656, "2017-07-31": "-13.09400", "2017-04-30": -15.331, "2017-01-31": -29.006, "2016-10-31": -38.672, "2016-07-31": "-6.24600", "2016-04-30": -33.505, "2016-01-31": -27.639, "2015-10-31": -30.09, "2015-07-31": "-8.68900", "2015-04-30": -24.282, "2015-01-31": -27.949, "2014-10-31": -45.086, "2014-07-31": "-25.84100", "2014-04-30": -21.357, "2014-01-31": -38.728, "2013-10-31": -52.54, "2013-07-31": "-34.38600", "2013-04-30": -17.176, "2013-01-31": -35.343, "2012-10-31": -47.447, "2012-07-31": "-13.27300", "2012-04-30": -10.908, "2012-01-31": -31.039, "2011-10-31": -29.557, "2011-07-31": "-10.95300", "2011-04-30": -11.761, "2011-01-31": -16.193, "2010-10-31": -26.371, "2010-07-31": "-8.63400", "2010-04-30": -27.273, "2010-01-31": -55.962, "2009-10-31": 1.48, "2009-07-31": "-8.76000", "2009-04-30": -23.967, "2009-01-31": -15.327, "2008-10-31": -43.938, "2008-07-31": "-14.64800", "2008-04-30": -24.328, "2008-01-31": -31.026, "2007-10-31": -31.703, "2007-07-31": "-14.49700", "2007-04-30": -31.135, "2007-01-31": -46.885, "2006-10-31": -46.082, "2006-07-31": "-34.35800", "2006-04-30": -58.949, "2006-01-31": -56.693, "2005-10-31": -47.305, "2005-07-31": "-30.33000", "2005-04-30": -4.809, "2005-01-31": -143.232}, "Net Change In Intangible Assets": {"2020-10-31": 0, "2020-07-31": "", "2020-04-30": 0, "2020-01-31": 0, "2019-10-31": 0, "2019-07-31": "", "2019-04-30": 0, "2019-01-31": 0, "2018-10-31": 0, "2018-07-31": "", "2018-04-30": 0, "2018-01-31": 0, "2017-10-31": 0, "2017-07-31": "", "2017-04-30": 0, "2017-01-31": 0, "2016-10-31": 0, "2016-07-31": "", "2016-04-30": 0, "2016-01-31": 0, "2015-10-31": 0, "2015-07-31": "", "2015-04-30": 0, "2015-01-31": 0, "2014-10-31": 0, "2014-07-31": "", "2014-04-30": 0, "2014-01-31": 0, "2013-10-31": 0, "2013-07-31": "", "2013-04-30": 0, "2013-01-31": 0, "2012-10-31": 0, "2012-07-31": "", "2012-04-30": 0, "2012-01-31": 0, "2011-10-31": 0, "2011-07-31": "", "2011-04-30": 0, "2011-01-31": 0, "2010-10-31": 0, "2010-07-31": "", "2010-04-30": 0, "2010-01-31": 0, "2009-10-31": 0, "2009-07-31": "", "2009-04-30": 0, "2009-01-31": 0, "2008-10-31": 0, "2008-07-31": "", "2008-04-30": 0, "2008-01-31": 0, "2007-10-31": 0, "2007-07-31": "", "2007-04-30": 0, "2007-01-31": 0, "2006-10-31": 0, "2006-07-31": "", "2006-04-30": 0, "2006-01-31": 0, "2005-10-31": 0, "2005-07-31": "", "2005-04-30": 0, "2005-01-31": 0}, "Net Acquisitions/Divestitures": {"2020-10-31": -3.661, "2020-07-31": "-0.01300", "2020-04-30": 0.04, "2020-01-31": -33.357, "2019-10-31": -22.514, "2019-07-31": "-394.41100", "2019-04-30": -1.209, "2019-01-31": -17.879, "2018-10-31": -23.1, "2018-07-31": "-1.44900", "2018-04-30": -3.142, "2018-01-31": -11.875, "2017-10-31": -26.082, "2017-07-31": "-1.44000", "2017-04-30": -1.991, "2017-01-31": -16.674, "2016-10-31": -34.516, "2016-07-31": "-1.63500", "2016-04-30": -3.447, "2016-01-31": -23.483, "2015-10-31": -49.575, "2015-07-31": "-12.27100", "2015-04-30": -1.089, "2015-01-31": -17.933, "2014-10-31": -53.697, "2014-07-31": "-40.53300", "2014-04-30": -30.563, "2014-01-31": -16.938, "2013-10-31": -19.624, "2013-07-31": "-1.30300", "2013-04-30": -0.08, "2013-01-31": -10.22, "2012-10-31": -10.442, "2012-07-31": "", "2012-04-30": 28.208, "2012-01-31": 488.161, "2011-10-31": 11.099, "2011-07-31": "17.77300", "2011-04-30": 5.446, "2011-01-31": -4.058, "2010-10-31": 22.363, "2010-07-31": "-6.83900", "2010-04-30": 0.152, "2010-01-31": 62.538, "2009-10-31": -5.121, "2009-07-31": "-1.48500", "2009-04-30": 4.372, "2009-01-31": -274.603, "2008-10-31": -4.709, "2008-07-31": "", "2008-04-30": 0.638, "2008-01-31": -4.473, "2007-10-31": -0.15, "2007-07-31": "-20.88700", "2007-04-30": -35.875, "2007-01-31": -9.009, "2006-10-31": -8.043, "2006-07-31": "-4.62700", "2006-04-30": -0.326, "2006-01-31": -9.507, "2005-10-31": -196.857, "2005-07-31": "-3.45200", "2005-04-30": 3.094, "2005-01-31": -26.348}, "Net Change In Short-term Investments": {"2020-10-31": 0, "2020-07-31": "", "2020-04-30": 0, "2020-01-31": 0, "2019-10-31": 0, "2019-07-31": "", "2019-04-30": 0, "2019-01-31": 0, "2018-10-31": 0, "2018-07-31": "", "2018-04-30": 0, "2018-01-31": 0, "2017-10-31": 0, "2017-07-31": "", "2017-04-30": 0, "2017-01-31": 0, "2016-10-31": 0, "2016-07-31": "", "2016-04-30": 0, "2016-01-31": 0, "2015-10-31": 0, "2015-07-31": "", "2015-04-30": 0, "2015-01-31": 0, "2014-10-31": 0, "2014-07-31": "", "2014-04-30": 0, "2014-01-31": 0, "2013-10-31": 0, "2013-07-31": "", "2013-04-30": 0, "2013-01-31": 0, "2012-10-31": 0, "2012-07-31": "", "2012-04-30": 0, "2012-01-31": 0, "2011-10-31": 0, "2011-07-31": "", "2011-04-30": 0, "2011-01-31": 0, "2010-10-31": 0, "2010-07-31": "", "2010-04-30": 0, "2010-01-31": 0, "2009-10-31": 0, "2009-07-31": "", "2009-04-30": 0, "2009-01-31": 0, "2008-10-31": 0, "2008-07-31": "", "2008-04-30": 0, "2008-01-31": 0, "2007-10-31": 0, "2007-07-31": "", "2007-04-30": 0, "2007-01-31": 0, "2006-10-31": 0, "2006-07-31": "", "2006-04-30": 0, "2006-01-31": 0, "2005-10-31": 0, "2005-07-31": "", "2005-04-30": 0, "2005-01-31": 0}, "Net Change In Long-Term Investments": {"2020-10-31": 6.527, "2020-07-31": "-0.12800", "2020-04-30": -2.374, "2020-01-31": -24.771, "2019-10-31": -5.313, "2019-07-31": "-2.80600", "2019-04-30": -3.047, "2019-01-31": -7.96, "2018-10-31": -7.11, "2018-07-31": "-1.80500", "2018-04-30": -2.094, "2018-01-31": -9.287, "2017-10-31": -6.412, "2017-07-31": "-4.52700", "2017-04-30": -2.685, "2017-01-31": 152.285, "2016-10-31": 15.747, "2016-07-31": "7.35400", "2016-04-30": 9.125, "2016-01-31": 2.021, "2015-10-31": 402.928, "2015-07-31": "38.05800", "2015-04-30": -54.406, "2015-01-31": -6.115, "2014-10-31": 26.877, "2014-07-31": "17.33600", "2014-04-30": 44.022, "2014-01-31": -12.058, "2013-10-31": 20.73, "2013-07-31": "-8.04700", "2013-04-30": -76.33, "2013-01-31": -47.774, "2012-10-31": -11.167, "2012-07-31": "-0.27100", "2012-04-30": -41.165, "2012-01-31": -9.116, "2011-10-31": -92.054, "2011-07-31": "-44.56000", "2011-04-30": -111.023, "2011-01-31": -10.966, "2010-10-31": -17.92, "2010-07-31": "-16.10200", "2010-04-30": 26.011, "2010-01-31": -71.143, "2009-10-31": 19.429, "2009-07-31": "19.26400", "2009-04-30": 29.162, "2009-01-31": 17.649, "2008-10-31": 22.882, "2008-07-31": "31.61900", "2008-04-30": 107.266, "2008-01-31": 29.832, "2007-10-31": 62.562, "2007-07-31": "14.32700", "2007-04-30": 70.339, "2007-01-31": -795.009, "2006-10-31": -142.842, "2006-07-31": "-135.16100", "2006-04-30": 2.002, "2006-01-31": 0, "2005-10-31": 0, "2005-07-31": "", "2005-04-30": -0.423, "2005-01-31": 0}, "Net Change In Investments - Total": {"2020-10-31": 6.527, "2020-07-31": "-0.12800", "2020-04-30": -2.374, "2020-01-31": -24.771, "2019-10-31": -5.313, "2019-07-31": "-2.80600", "2019-04-30": -3.047, "2019-01-31": -7.96, "2018-10-31": -7.11, "2018-07-31": "-1.80500", "2018-04-30": -2.094, "2018-01-31": -9.287, "2017-10-31": -6.412, "2017-07-31": "-4.52700", "2017-04-30": -2.685, "2017-01-31": 152.285, "2016-10-31": 15.747, "2016-07-31": "7.35400", "2016-04-30": 9.125, "2016-01-31": 2.021, "2015-10-31": 402.928, "2015-07-31": "38.05800", "2015-04-30": -54.406, "2015-01-31": -6.115, "2014-10-31": 26.877, "2014-07-31": "17.33600", "2014-04-30": 44.022, "2014-01-31": -12.058, "2013-10-31": 20.73, "2013-07-31": "-8.04700", "2013-04-30": -76.33, "2013-01-31": -47.774, "2012-10-31": -11.167, "2012-07-31": "-0.27100", "2012-04-30": -41.165, "2012-01-31": -9.116, "2011-10-31": -92.054, "2011-07-31": "-44.56000", "2011-04-30": -111.023, "2011-01-31": -10.966, "2010-10-31": -17.92, "2010-07-31": "-16.10200", "2010-04-30": 26.011, "2010-01-31": -71.143, "2009-10-31": 19.429, "2009-07-31": "19.26400", "2009-04-30": 29.162, "2009-01-31": 17.649, "2008-10-31": 22.882, "2008-07-31": "31.61900", "2008-04-30": 107.266, "2008-01-31": 29.832, "2007-10-31": 62.562, "2007-07-31": "14.32700", "2007-04-30": 70.339, "2007-01-31": -795.009, "2006-10-31": -142.842, "2006-07-31": "-135.16100", "2006-04-30": 2.002, "2006-01-31": 0, "2005-10-31": 0, "2005-07-31": "", "2005-04-30": -0.423, "2005-01-31": 0}, "Investing Activities - Other": {"2020-10-31": -12.405, "2020-07-31": "12.83200", "2020-04-30": 36.98, "2020-01-31": 9.141, "2019-10-31": -2.752, "2019-07-31": "53.59100", "2019-04-30": -16.108, "2019-01-31": 3.344, "2018-10-31": 7.933, "2018-07-31": "8.74900", "2018-04-30": 36.47, "2018-01-31": -0.881, "2017-10-31": 9.698, "2017-07-31": "6.09800", "2017-04-30": 54.584, "2017-01-31": 13.928, "2016-10-31": -3.428, "2016-07-31": "5.60500", "2016-04-30": 43.301, "2016-01-31": -1.938, "2015-10-31": 9.723, "2015-07-31": "14.99600", "2015-04-30": 63.543, "2015-01-31": 0.021, "2014-10-31": 17.518, "2014-07-31": "22.70400", "2014-04-30": 86.497, "2014-01-31": 63.847, "2013-10-31": 16.492, "2013-07-31": "14.64600", "2013-04-30": 162.965, "2013-01-31": -22.9, "2012-10-31": 11.692, "2012-07-31": "6.82900", "2012-04-30": 52.202, "2012-01-31": 2.644, "2011-10-31": -2.355, "2011-07-31": "23.48700", "2011-04-30": 43.324, "2011-01-31": 11.709, "2010-10-31": 11.296, "2010-07-31": "25.57200", "2010-04-30": 41.374, "2010-01-31": 12.376, "2009-10-31": 12.132, "2009-07-31": "6.34100", "2009-04-30": 9.719, "2009-01-31": 307.356, "2008-10-31": -39.106, "2008-07-31": "-0.90100", "2008-04-30": 1052.346, "2008-01-31": -5.697, "2007-10-31": 3.312, "2007-07-31": "9.76700", "2007-04-30": 56.982, "2007-01-31": 41.467, "2006-10-31": -36.041, "2006-07-31": "-2.09700", "2006-04-30": -376.96, "2006-01-31": -18.153, "2005-10-31": 76.059, "2005-07-31": "31.96600", "2005-04-30": -2.243, "2005-01-31": 115.551}, "Cash Flow From Investing Activities": {"2020-10-31": -27.812, "2020-07-31": "4.38000", "2020-04-30": 19.471, "2020-01-31": -72.643, "2019-10-31": -58.252, "2019-07-31": "-358.80700", "2019-04-30": -35.872, "2019-01-31": -36.055, "2018-10-31": -76.642, "2018-07-31": "-6.56200", "2018-04-30": 10.516, "2018-01-31": -43.158, "2017-10-31": -66.452, "2017-07-31": "-12.96300", "2017-04-30": 34.577, "2017-01-31": 120.533, "2016-10-31": -60.869, "2016-07-31": "5.07800", "2016-04-30": 15.474, "2016-01-31": -51.039, "2015-10-31": 332.986, "2015-07-31": "32.09400", "2015-04-30": -16.234, "2015-01-31": -51.976, "2014-10-31": -54.388, "2014-07-31": "-26.33400", "2014-04-30": 78.599, "2014-01-31": -3.877, "2013-10-31": -34.942, "2013-07-31": "-29.09000", "2013-04-30": 69.379, "2013-01-31": -116.237, "2012-10-31": -57.364, "2012-07-31": "-6.71500", "2012-04-30": 28.337, "2012-01-31": 450.65, "2011-10-31": -112.867, "2011-07-31": "-14.25300", "2011-04-30": -74.014, "2011-01-31": -19.508, "2010-10-31": -10.632, "2010-07-31": "-6.00300", "2010-04-30": 40.264, "2010-01-31": -52.191, "2009-10-31": 27.92, "2009-07-31": "15.36000", "2009-04-30": 19.286, "2009-01-31": 35.075, "2008-10-31": -64.871, "2008-07-31": "16.07000", "2008-04-30": 1135.922, "2008-01-31": -11.364, "2007-10-31": 34.021, "2007-07-31": "-11.29000", "2007-04-30": 60.311, "2007-01-31": -809.436, "2006-10-31": -233.008, "2006-07-31": "-176.24300", "2006-04-30": -434.233, "2006-01-31": -84.353, "2005-10-31": -168.103, "2005-07-31": "-1.81600", "2005-04-30": -4.381, "2005-01-31": -54.029}, "Net Long-Term Debt": {"2020-10-31": -2.035, "2020-07-31": "", "2020-04-30": 0, "2020-01-31": 0, "2019-10-31": 0, "2019-07-31": "", "2019-04-30": 0, "2019-01-31": 0, "2018-10-31": 0, "2018-07-31": "", "2018-04-30": 0, "2018-01-31": 0, "2017-10-31": 0, "2017-07-31": "", "2017-04-30": 0, "2017-01-31": 0, "2016-10-31": 0, "2016-07-31": "", "2016-04-30": 0, "2016-01-31": 0, "2015-10-31": 996.831, "2015-07-31": "", "2015-04-30": 0, "2015-01-31": 0, "2014-10-31": -400, "2014-07-31": "", "2014-04-30": 0, "2014-01-31": 0, "2013-10-31": 0, "2013-07-31": "", "2013-04-30": 0, "2013-01-31": -605.79, "2012-10-31": 497.185, "2012-07-31": "-30.83100", "2012-04-30": -25, "2012-01-31": 0, "2011-10-31": 0, "2011-07-31": "", "2011-04-30": 0, "2011-01-31": 0, "2010-10-31": 0, "2010-07-31": "", "2010-04-30": 0, "2010-01-31": 0, "2009-10-31": 0, "2009-07-31": "", "2009-04-30": 25, "2009-01-31": 0, "2008-10-31": -25, "2008-07-31": "", "2008-04-30": 0, "2008-01-31": 599.376, "2007-10-31": 0, "2007-07-31": "", "2007-04-30": -500, "2007-01-31": 0, "2006-10-31": 0, "2006-07-31": "", "2006-04-30": 0, "2006-01-31": 0, "2005-10-31": 0, "2005-07-31": "", "2005-04-30": -25.664, "2005-01-31": 145.221}, "Net Current Debt": {"2020-10-31": -1930, "2020-07-31": "", "2020-04-30": 965, "2020-01-31": 900, "2019-10-31": 135, "2019-07-31": "", "2019-04-30": -385, "2019-01-31": 385, "2018-10-31": 0, "2018-07-31": "", "2018-04-30": -790, "2018-01-31": 790, "2017-10-31": 0, "2017-07-31": "", "2017-04-30": -1100, "2017-01-31": 625, "2016-10-31": 475, "2016-07-31": "", "2016-04-30": -1125, "2016-01-31": 1125, "2015-10-31": 0, "2015-07-31": "", "2015-04-30": -591.486, "2015-01-31": 591.486, "2014-10-31": 0, "2014-07-31": "", "2014-04-30": -194.984, "2014-01-31": 194.984, "2013-10-31": 0, "2013-07-31": "", "2013-04-30": -424.967, "2013-01-31": 424.967, "2012-10-31": 0, "2012-07-31": "", "2012-04-30": -230.947, "2012-01-31": 190.957, "2011-10-31": 39.99, "2011-07-31": "", "2011-04-30": -681.95, "2011-01-31": 592.46, "2010-10-31": 39.49, "2010-07-31": "", "2010-04-30": -1699.7079, "2010-01-31": 1674.662, "2009-10-31": 0, "2009-07-31": "", "2009-04-30": -1690.298, "2009-01-31": 967.673, "2008-10-31": 718.625, "2008-07-31": "-25.00000", "2008-04-30": -3486.485, "2008-01-31": 1386.485, "2007-10-31": 473.763, "2007-07-31": "84.15500", "2007-04-30": -1255.338, "2007-01-31": 1885.991, "2006-10-31": 851.0729, "2006-07-31": "189.35610", "2006-04-30": -2595.948, "2006-01-31": 2097.773, "2005-10-31": 498.175, "2005-07-31": "", "2005-04-30": -1528.882, "2005-01-31": 1528.882}, "Debt Issuance/Retirement Net - Total": {"2020-10-31": -1932.035, "2020-07-31": "", "2020-04-30": 965, "2020-01-31": 900, "2019-10-31": 135, "2019-07-31": "", "2019-04-30": -385, "2019-01-31": 385, "2018-10-31": 0, "2018-07-31": "", "2018-04-30": -790, "2018-01-31": 790, "2017-10-31": 0, "2017-07-31": "", "2017-04-30": -1100, "2017-01-31": 625, "2016-10-31": 475, "2016-07-31": "", "2016-04-30": -1125, "2016-01-31": 1125, "2015-10-31": 996.831, "2015-07-31": "", "2015-04-30": -591.486, "2015-01-31": 591.486, "2014-10-31": -400, "2014-07-31": "", "2014-04-30": -194.984, "2014-01-31": 194.984, "2013-10-31": 0, "2013-07-31": "", "2013-04-30": -424.9671, "2013-01-31": -180.8229, "2012-10-31": 497.185, "2012-07-31": "-30.83100", "2012-04-30": -255.947, "2012-01-31": 190.957, "2011-10-31": 39.99, "2011-07-31": "", "2011-04-30": -681.95, "2011-01-31": 592.46, "2010-10-31": 39.49, "2010-07-31": "", "2010-04-30": -1699.7079, "2010-01-31": 1674.662, "2009-10-31": 0, "2009-07-31": "", "2009-04-30": -1665.298, "2009-01-31": 967.673, "2008-10-31": 693.625, "2008-07-31": "-25.00000", "2008-04-30": -3486.4851, "2008-01-31": 1985.861, "2007-10-31": 473.763, "2007-07-31": "84.15500", "2007-04-30": -1755.338, "2007-01-31": 1885.991, "2006-10-31": 851.0729, "2006-07-31": "189.35610", "2006-04-30": -2595.948, "2006-01-31": 2097.773, "2005-10-31": 498.175, "2005-07-31": "", "2005-04-30": -1554.546, "2005-01-31": 1674.103}, "Net Common Equity Issued/Repurchased": {"2020-10-31": -150.255, "2020-07-31": "-1.76600", "2020-04-30": -0.014, "2020-01-31": -64.971, "2019-10-31": -153.904, "2019-07-31": "-35.25000", "2019-04-30": -87.755, "2019-01-31": 0.725, "2018-10-31": -0.04, "2018-07-31": "-100.31000", "2018-04-30": -1.329, "2018-01-31": 0.581, "2017-10-31": 0.031, "2017-07-31": "19.91000", "2017-04-30": -0.1, "2017-01-31": -106.498, "2016-10-31": -170.208, "2016-07-31": "-43.67300", "2016-04-30": -129.771, "2016-01-31": -361.881, "2015-10-31": -1496.17, "2015-07-31": "-4.74100", "2015-04-30": 0.402, "2015-01-31": 1.441, "2014-10-31": 0.259, "2014-07-31": "3.97100", "2014-04-30": -5.943, "2014-01-31": 3.547, "2013-10-31": 2.583, "2013-07-31": "21.95300", "2013-04-30": 13.495, "2013-01-31": 9.862, "2012-10-31": -0.011, "2012-07-31": "-338.62000", "2012-04-30": 12.573, "2012-01-31": -0.238, "2011-10-31": -180.412, "2011-07-31": "-0.24000", "2011-04-30": 1.25, "2011-01-31": -2.383, "2010-10-31": -119.108, "2010-07-31": "-162.86900", "2010-04-30": -99.045, "2010-01-31": -142.956, "2009-10-31": 1.265, "2009-07-31": "3.16800", "2009-04-30": -97.134, "2009-01-31": 5.164, "2008-10-31": 174.399, "2008-07-31": "24.39100", "2008-04-30": 8.752, "2008-01-31": -0.472, "2007-10-31": 3.346, "2007-07-31": "4.41600", "2007-04-30": -1.385, "2007-01-31": 8.543, "2006-10-31": 3.849, "2006-07-31": "-174.10600", "2006-04-30": 2.317, "2006-01-31": 52.934, "2005-10-31": -112.62, "2005-07-31": "-104.46200", "2005-04-30": 9.262, "2005-01-31": -409.96}, "Net Total Equity Issued/Repurchased": {"2020-10-31": -150.255, "2020-07-31": "-1.76600", "2020-04-30": -0.014, "2020-01-31": -64.971, "2019-10-31": -153.904, "2019-07-31": "-35.25000", "2019-04-30": -87.755, "2019-01-31": 0.725, "2018-10-31": -0.04, "2018-07-31": "-100.31000", "2018-04-30": -1.329, "2018-01-31": 0.581, "2017-10-31": 0.031, "2017-07-31": "19.91000", "2017-04-30": -0.1, "2017-01-31": -106.498, "2016-10-31": -170.208, "2016-07-31": "-43.67300", "2016-04-30": -129.771, "2016-01-31": -361.881, "2015-10-31": -1496.17, "2015-07-31": "-4.74100", "2015-04-30": 0.402, "2015-01-31": 1.441, "2014-10-31": 0.259, "2014-07-31": "3.97100", "2014-04-30": -5.943, "2014-01-31": 3.547, "2013-10-31": 2.583, "2013-07-31": "21.95300", "2013-04-30": 13.495, "2013-01-31": 9.862, "2012-10-31": -0.011, "2012-07-31": "-338.62000", "2012-04-30": 12.573, "2012-01-31": -0.238, "2011-10-31": -180.412, "2011-07-31": "-0.24000", "2011-04-30": 1.25, "2011-01-31": -2.383, "2010-10-31": -119.108, "2010-07-31": "-162.86900", "2010-04-30": -99.045, "2010-01-31": -142.956, "2009-10-31": 1.265, "2009-07-31": "3.16800", "2009-04-30": -97.134, "2009-01-31": 5.164, "2008-10-31": 174.399, "2008-07-31": "24.39100", "2008-04-30": 8.752, "2008-01-31": -0.472, "2007-10-31": 3.346, "2007-07-31": "4.41600", "2007-04-30": -1.385, "2007-01-31": 8.543, "2006-10-31": 3.849, "2006-07-31": "-174.10600", "2006-04-30": 2.317, "2006-01-31": 52.934, "2005-10-31": -112.62, "2005-07-31": "-104.46200", "2005-04-30": 9.262, "2005-01-31": -409.96}, "Total Common And Preferred Stock Dividends Paid": {"2020-10-31": -50.154, "2020-07-31": "-50.04400", "2020-04-30": -50.043, "2020-01-31": -50.764, "2019-10-31": -51.551, "2019-07-31": "-52.51200", "2019-04-30": -50.595, "2019-01-31": -51.382, "2018-10-31": -51.38, "2018-07-31": "-52.10400", "2018-04-30": -50.211, "2018-01-31": -50.176, "2017-10-31": -50.177, "2017-07-31": "-49.90500", "2017-04-30": -45.578, "2017-01-31": -45.566, "2016-10-31": -47.457, "2016-07-31": "-48.51400", "2016-04-30": -44.158, "2016-01-31": -47.192, "2015-10-31": -55.275, "2015-07-31": "-55.06300", "2015-04-30": -55.055, "2015-01-31": -55.034, "2014-10-31": -55.019, "2014-07-31": "-54.85200", "2014-04-30": -54.846, "2014-01-31": -54.81, "2013-10-31": -54.774, "2013-07-31": "-54.55000", "2013-04-30": -54.509, "2013-01-31": -54.264, "2012-10-31": -54.227, "2012-07-31": "-54.20100", "2012-04-30": -58.743, "2012-01-31": -58.612, "2011-10-31": -45.552, "2011-07-31": "-45.89400", "2011-04-30": -45.876, "2011-01-31": -45.858, "2010-10-31": -46.376, "2010-07-31": "-48.69200", "2010-04-30": -49.582, "2010-01-31": -50.533, "2009-10-31": -50.497, "2009-07-31": "-50.28700", "2009-04-30": -51.116, "2009-01-31": -51.014, "2008-10-31": -49.765, "2008-07-31": "-46.79000", "2008-04-30": -46.579, "2008-01-31": -46.554, "2007-10-31": -46.558, "2007-07-31": "-43.93700", "2007-04-30": -43.876, "2007-01-31": -43.865, "2006-10-31": -43.74, "2006-07-31": "-40.48500", "2006-04-30": -41.366, "2006-01-31": -41.284, "2005-10-31": -40.844, "2005-07-31": "-36.53700", "2005-04-30": -36.566, "2005-01-31": -106.422}, "Financial Activities - Other": {"2020-10-31": -16.781, "2020-07-31": "-4.91000", "2020-04-30": 4.993, "2020-01-31": 4.408, "2019-10-31": -6.113, "2019-07-31": "-12.43100", "2019-04-30": 9.272, "2019-01-31": 2.308, "2018-10-31": -4.94, "2018-07-31": "-17.49400", "2018-04-30": 19.534, "2018-01-31": -2.205, "2017-10-31": -29.262, "2017-07-31": "2.54500", "2017-04-30": -23.203, "2017-01-31": 44.107, "2016-10-31": -18.955, "2016-07-31": "-24.77900", "2016-04-30": 25.396, "2016-01-31": -6.152, "2015-10-31": -492.608, "2015-07-31": "-290.94500", "2015-04-30": -530.942, "2015-01-31": 838.683, "2014-10-31": -42.133, "2014-07-31": "-297.52800", "2014-04-30": -7.224, "2014-01-31": 146.882, "2013-10-31": -111.09, "2013-07-31": "-196.65800", "2013-04-30": -85.27, "2013-01-31": 243.557, "2012-10-31": 128.541, "2012-07-31": "-199.45800", "2012-04-30": -746.772, "2012-01-31": 861.17, "2011-10-31": 53.819, "2011-07-31": "-211.16100", "2011-04-30": -1006.691, "2011-01-31": 936.541, "2010-10-31": 193.059, "2010-07-31": "-137.38800", "2010-04-30": -1353.334, "2010-01-31": 728.147, "2009-10-31": 776.669, "2009-07-31": "-169.08700", "2009-04-30": -1268.279, "2009-01-31": 1376.31, "2008-10-31": -4.217, "2008-07-31": "-23.18200", "2008-04-30": -1878.526, "2008-01-31": 1521.463, "2007-10-31": 91.451, "2007-07-31": "-182.16500", "2007-04-30": -570.738, "2007-01-31": 1201.683, "2006-10-31": 173.768, "2006-07-31": "350.38100", "2006-04-30": 28.175, "2006-01-31": 27.308, "2005-10-31": -22.575, "2005-07-31": "-14.08200", "2005-04-30": 31.628, "2005-01-31": -35.414}, "Cash Flow From Financial Activities": {"2020-10-31": -2149.225, "2020-07-31": "-56.72000", "2020-04-30": 919.936, "2020-01-31": 788.673, "2019-10-31": -76.568, "2019-07-31": "-100.19300", "2019-04-30": -514.078, "2019-01-31": 336.651, "2018-10-31": -56.36, "2018-07-31": "-169.90800", "2018-04-30": -822.006, "2018-01-31": 738.2, "2017-10-31": -79.408, "2017-07-31": "-27.45000", "2017-04-30": -1168.881, "2017-01-31": 517.043, "2016-10-31": 238.38, "2016-07-31": "-116.96600", "2016-04-30": -1273.533, "2016-01-31": 709.775, "2015-10-31": -1047.222, "2015-07-31": "-350.74900", "2015-04-30": -1177.081, "2015-01-31": 1376.576, "2014-10-31": -496.893, "2014-07-31": "-348.40900", "2014-04-30": -262.997, "2014-01-31": 290.603, "2013-10-31": -163.281, "2013-07-31": "-229.25500", "2013-04-30": -551.251, "2013-01-31": 18.332, "2012-10-31": 571.488, "2012-07-31": "-623.11000", "2012-04-30": -1048.889, "2012-01-31": 993.277, "2011-10-31": -132.155, "2011-07-31": "-257.29500", "2011-04-30": -1733.267, "2011-01-31": 1480.76, "2010-10-31": 67.065, "2010-07-31": "-348.94900", "2010-04-30": -3201.669, "2010-01-31": 2209.32, "2009-10-31": 727.437, "2009-07-31": "-216.20600", "2009-04-30": -3081.827, "2009-01-31": 2298.133, "2008-10-31": 814.042, "2008-07-31": "-70.58100", "2008-04-30": -5402.838, "2008-01-31": 3460.298, "2007-10-31": 522.002, "2007-07-31": "-137.53100", "2007-04-30": -2371.338, "2007-01-31": 3052.353, "2006-10-31": 984.95, "2006-07-31": "325.14600", "2006-04-30": -2606.822, "2006-01-31": 2136.731, "2005-10-31": 322.136, "2005-07-31": "-155.08100", "2005-04-30": -1550.222, "2005-01-31": 1122.307}, "Net Cash Flow": {"2020-10-31": -2419.261, "2020-07-31": "-66.43500", "2020-04-30": 2511.233, "2020-01-31": -59.857, "2019-10-31": -343.81, "2019-07-31": "-942.27300", "2019-04-30": 1402.598, "2019-01-31": -418.177, "2018-10-31": -387.186, "2018-07-31": "-553.18600", "2018-04-30": 1393.279, "2018-01-31": -11.263, "2017-10-31": -386.498, "2017-07-31": "-449.37900", "2017-04-30": 826.201, "2017-01-31": -50.71, "2016-10-31": -86.848, "2016-07-31": "-572.01500", "2016-04-30": 719.428, "2016-01-31": -171.17, "2015-10-31": -938.701, "2015-07-31": "-707.80800", "2015-04-30": 686.056, "2015-01-31": 693.644, "2014-10-31": -801.999, "2014-07-31": "-755.81800", "2014-04-30": 1747.903, "2014-01-31": -353.368, "2013-10-31": -373.104, "2013-07-31": "-583.70800", "2013-04-30": 1329.199, "2013-01-31": -842.516, "2012-10-31": 321.03, "2012-07-31": "-1004.46300", "2012-04-30": 725.35, "2012-01-31": 646.373, "2011-10-31": -440.098, "2011-07-31": "-665.13500", "2011-04-30": 212.154, "2011-01-31": 505.944, "2010-10-31": -138.864, "2010-07-31": "-705.43500", "2010-04-30": 76.368, "2010-01-31": 295.434, "2009-10-31": 425.94, "2009-07-31": "-648.36000", "2009-04-30": 385.46, "2009-01-31": 575.577, "2008-10-31": 448.163, "2008-07-31": "-419.43400", "2008-04-30": -668.039, "2008-01-31": 1048.235, "2007-10-31": -48.049, "2007-07-31": "-484.16700", "2007-04-30": -128.597, "2007-01-31": 675.483, "2006-10-31": 56.03, "2006-07-31": "-327.15600", "2006-04-30": -752.521, "2006-01-31": 1062.845, "2005-10-31": -240.311, "2005-07-31": "-467.41200", "2005-04-30": 524.227, "2005-01-31": -496.155}, "Stock-Based Compensation": {"2020-10-31": 7.338, "2020-07-31": "7.59700", "2020-04-30": 5.346, "2020-01-31": 6.605, "2019-10-31": 9.42, "2019-07-31": "6.67400", "2019-04-30": 5.758, "2019-01-31": 6.17, "2018-10-31": 7.48, "2018-07-31": "4.35900", "2018-04-30": 4.889, "2018-01-31": 5.438, "2017-10-31": 6.811, "2017-07-31": "4.81600", "2017-04-30": 2.34, "2017-01-31": 4.473, "2016-10-31": 6.931, "2016-07-31": "5.54100", "2016-04-30": 2.434, "2016-01-31": 7.23, "2015-10-31": 13.876, "2015-07-31": "", "2015-04-30": 26.068, "2015-01-31": 0, "2014-10-31": 0, "2014-07-31": "", "2014-04-30": 20.058, "2014-01-31": 0, "2013-10-31": 0, "2013-07-31": "", "2013-04-30": 15.293, "2013-01-31": 0, "2012-10-31": 0, "2012-07-31": "", "2012-04-30": 14.968, "2012-01-31": 0, "2011-10-31": 0, "2011-07-31": "", "2011-04-30": 14.5, "2011-01-31": 0, "2010-10-31": 0, "2010-07-31": "", "2010-04-30": 29.369, "2010-01-31": 0, "2009-10-31": 0, "2009-07-31": "", "2009-04-30": 26.557, "2009-01-31": 0, "2008-10-31": 0, "2008-07-31": "", "2008-04-30": 10.242, "2008-01-31": 14.631, "2007-10-31": 8.102, "2007-07-31": "7.39800", "2007-04-30": 8.188, "2007-01-31": 11.564, "2006-10-31": 9.083, "2006-07-31": "8.17900", "2006-04-30": 47.182, "2006-01-31": 0, "2005-10-31": 0, "2005-07-31": "", "2005-04-30": 36.853, "2005-01-31": 0}, "Common Stock Dividends Paid": {"2020-10-31": -50.154, "2020-07-31": "-50.04400", "2020-04-30": -50.043, "2020-01-31": -50.764, "2019-10-31": -51.551, "2019-07-31": "-52.51200", "2019-04-30": -50.595, "2019-01-31": -51.382, "2018-10-31": -51.38, "2018-07-31": "-52.10400", "2018-04-30": -50.211, "2018-01-31": -50.176, "2017-10-31": -50.177, "2017-07-31": "-49.90500", "2017-04-30": -45.578, "2017-01-31": -45.566, "2016-10-31": -47.457, "2016-07-31": "-48.51400", "2016-04-30": -44.158, "2016-01-31": -47.192, "2015-10-31": -55.275, "2015-07-31": "-55.06300", "2015-04-30": -55.055, "2015-01-31": -55.034, "2014-10-31": -55.019, "2014-07-31": "-54.85200", "2014-04-30": -54.846, "2014-01-31": -54.81, "2013-10-31": -54.774, "2013-07-31": "-54.55000", "2013-04-30": -54.509, "2013-01-31": -54.264, "2012-10-31": -54.227, "2012-07-31": "-54.20100", "2012-04-30": -58.743, "2012-01-31": -58.612, "2011-10-31": -45.552, "2011-07-31": "-45.89400", "2011-04-30": -45.876, "2011-01-31": -45.858, "2010-10-31": -46.376, "2010-07-31": "-48.69200", "2010-04-30": -49.582, "2010-01-31": -50.533, "2009-10-31": -50.497, "2009-07-31": "-50.28700", "2009-04-30": -51.116, "2009-01-31": -51.014, "2008-10-31": -49.765, "2008-07-31": "-46.79000", "2008-04-30": -46.579, "2008-01-31": -46.554, "2007-10-31": -46.558, "2007-07-31": "-43.93700", "2007-04-30": -43.876, "2007-01-31": -43.865, "2006-10-31": -43.74, "2006-07-31": "-40.48500", "2006-04-30": -41.366, "2006-01-31": -41.284, "2005-10-31": -40.844, "2005-07-31": "-36.53700", "2005-04-30": -36.566, "2005-01-31": -106.422}}, "financial ratios": {"Current Ratio": {"2020-04-30": "1.95910", "2019-04-30": "2.15970", "2018-04-30": "2.24230", "2017-04-30": "1.43310", "2016-04-30": "1.17410", "2015-04-30": "1.57130", "2014-04-30": "1.34620", "2013-04-30": "1.22370", "2012-04-30": "0.98990", "2011-04-30": "1.30370", "2010-04-30": "1.14110", "2009-04-30": "1.07210", "2008-04-30": "0.84030", "2007-04-30": "0.66160", "2006-04-30": "0.96370", "2005-04-30": "1.37400"}, "Long-term Debt / Capital": {"2020-04-30": "0.97560", "2019-04-30": "0.73380", "2018-04-30": "0.79150", "2017-04-30": "1.04250", "2016-04-30": "0.98470", "2015-04-30": "0.21610", "2014-04-30": "0.24530", "2013-04-30": "0.41760", "2012-04-30": "0.23580", "2011-04-30": "0.41760", "2010-04-30": "0.42390", "2009-04-30": "0.44060", "2008-04-30": "0.51090", "2007-04-30": "0.27520", "2006-04-30": "0.16270", "2005-04-30": "0.32140"}, "Debt/Equity Ratio": {"2020-04-30": "49.20060", "2019-04-30": "2.75630", "2018-04-30": "3.79880", "2017-04-30": "-24.53880", "2016-04-30": "64.58910", "2015-04-30": "0.27610", "2014-04-30": "0.58240", "2013-04-30": "0.71760", "2012-04-30": "0.78480", "2011-04-30": "0.73480", "2010-04-30": "0.77320", "2009-04-30": "0.81150", "2008-04-30": "1.18250", "2007-04-30": "1.49420", "2006-04-30": "0.43030", "2005-04-30": "0.48670"}, "Gross Margin": {"2020-04-30": "35.13420", "2019-04-30": "43.23140", "2018-04-30": "44.94410", "2017-04-30": "45.84300", "2016-04-30": "44.52050", "2015-04-30": "72.31000", "2014-04-30": "72.99790", "2013-04-30": "73.53150", "2012-04-30": "71.36010", "2011-04-30": "71.78320", "2010-04-30": "71.62550", "2009-04-30": "36.42290", "2008-04-30": "36.66680", "2007-04-30": "37.18960", "2006-04-30": "39.70630", "2005-04-30": "39.89670"}, "Operating Margin": {"2020-04-30": "2.92010", "2019-04-30": "19.89710", "2018-04-30": "23.79960", "2017-04-30": "23.58070", "2016-04-30": "20.84140", "2015-04-30": "25.81210", "2014-04-30": "27.06380", "2013-04-30": "26.53130", "2012-04-30": "19.56930", "2011-04-30": "20.92850", "2010-04-30": "23.67670", "2009-04-30": "20.54250", "2008-04-30": "17.36240", "2007-04-30": "17.55430", "2006-04-30": "15.02240", "2005-04-30": "17.86670"}, "EBIT Margin": {"2020-04-30": "2.92010", "2019-04-30": "19.89710", "2018-04-30": "23.79960", "2017-04-30": "23.58070", "2016-04-30": "20.84140", "2015-04-30": "25.81210", "2014-04-30": "27.06380", "2013-04-30": "26.53130", "2012-04-30": "22.75170", "2011-04-30": "24.12650", "2010-04-30": "26.65630", "2009-04-30": "20.54250", "2008-04-30": "17.36240", "2007-04-30": "17.55430", "2006-04-30": "15.02240", "2005-04-30": "17.86670"}, "EBITDA Margin": {"2020-04-30": "13.35820", "2019-04-30": "25.28330", "2018-04-30": "29.60020", "2017-04-30": "29.58030", "2016-04-30": "26.55530", "2015-04-30": "31.00280", "2014-04-30": "30.88630", "2013-04-30": "29.71120", "2012-04-30": "30.26870", "2011-04-30": "29.02750", "2010-04-30": "31.36310", "2009-04-30": "23.57000", "2008-04-30": "20.28700", "2007-04-30": "20.45100", "2006-04-30": "19.17150", "2005-04-30": "22.63200"}, "Pre-Tax Profit Margin": {"2020-04-30": "-0.12780", "2019-04-30": "17.61490", "2018-04-30": "21.16290", "2017-04-30": "20.72540", "2016-04-30": "18.74430", "2015-04-30": "24.12760", "2014-04-30": "25.36510", "2013-04-30": "24.15780", "2012-04-30": "19.90720", "2011-04-30": "21.31430", "2010-04-30": "23.99510", "2009-04-30": "20.55480", "2008-04-30": "17.98720", "2007-04-30": "16.90570", "2006-04-30": "14.28020", "2005-04-30": "16.76900"}, "Net Profit Margin": {"2020-04-30": "-0.28510", "2019-04-30": "13.65190", "2018-04-30": "19.40390", "2017-04-30": "13.46850", "2016-04-30": "12.31890", "2015-04-30": "15.38540", "2014-04-30": "15.71130", "2013-04-30": "14.93310", "2012-04-30": "9.18980", "2011-04-30": "13.78990", "2010-04-30": "15.89610", "2009-04-30": "11.89330", "2008-04-30": "-7.55260", "2007-04-30": "-11.68760", "2006-04-30": "13.71870", "2005-04-30": "19.82950"}, "Asset Turnover": {"2020-04-30": "0.51640", "2019-04-30": "0.93790", "2018-04-30": "1.00600", "2017-04-30": "1.12700", "2016-04-30": "1.06710", "2015-04-30": "0.68180", "2014-04-30": "0.64440", "2013-04-30": "0.64040", "2012-04-30": "0.62240", "2011-04-30": "0.55680", "2010-04-30": "0.57600", "2009-04-30": "0.76190", "2008-04-30": "0.72670", "2007-04-30": "0.49180", "2006-04-30": "0.59690", "2005-04-30": "0.56810"}, "Inventory Turnover Ratio": {"2020-04-30": "", "2019-04-30": "", "2018-04-30": "", "2017-04-30": "", "2016-04-30": "", "2015-04-30": "", "2014-04-30": "", "2013-04-30": "", "2012-04-30": "", "2011-04-30": "", "2010-04-30": "", "2009-04-30": "", "2008-04-30": "", "2007-04-30": "", "2006-04-30": "", "2005-04-30": ""}, "Receiveable Turnover": {"2020-04-30": "19.81820", "2019-04-30": "22.27090", "2018-04-30": "21.52920", "2017-04-30": "18.65340", "2016-04-30": "19.84220", "2015-04-30": "18.32930", "2014-04-30": "15.78290", "2013-04-30": "14.04960", "2012-04-30": "14.92730", "2011-04-30": "12.79470", "2010-04-30": "5.82030", "2009-04-30": "7.96310", "2008-04-30": "7.64960", "2007-04-30": "3.83790", "2006-04-30": "3.67820", "2005-04-30": "3.37620"}, "Days Sales In Receivables": {"2020-04-30": "18.41750", "2019-04-30": "16.38910", "2018-04-30": "16.95370", "2017-04-30": "19.56740", "2016-04-30": "18.39520", "2015-04-30": "19.91350", "2014-04-30": "23.12620", "2013-04-30": "25.97940", "2012-04-30": "24.45190", "2011-04-30": "28.52750", "2010-04-30": "62.71150", "2009-04-30": "45.83660", "2008-04-30": "47.71500", "2007-04-30": "95.10490", "2006-04-30": "99.23310", "2005-04-30": "108.11040"}, "ROE - Return On Equity": {"2020-04-30": "8.66540", "2019-04-30": "82.22230", "2018-04-30": "159.23070", "2017-04-30": "-691.35340", "2016-04-30": "1660.19200", "2015-04-30": "26.55520", "2014-04-30": "32.12860", "2013-04-30": "36.81370", "2012-04-30": "26.09320", "2011-04-30": "27.08020", "2010-04-30": "31.59190", "2009-04-30": "36.49410", "2008-04-30": "45.14470", "2007-04-30": "26.11950", "2006-04-30": "13.85330", "2005-04-30": "16.40350"}, "Return On Tangible Equity": {"2020-04-30": "-0.58290", "2019-04-30": "-138.75100", "2018-04-30": "-128.42780", "2017-04-30": "-43.77920", "2016-04-30": "-43.50950", "2015-04-30": "50.75660", "2014-04-30": "65.38840", "2013-04-30": "85.45580", "2012-04-30": "55.65210", "2011-04-30": "53.04110", "2010-04-30": "195.54080", "2009-04-30": "302.45340", "2008-04-30": "4881.27900", "2007-04-30": "154.47780", "2006-04-30": "29.86910", "2005-04-30": "61.53580"}, "ROA - Return On Assets": {"2020-04-30": "0.12040", "2019-04-30": "13.49280", "2018-04-30": "19.95920", "2017-04-30": "15.62360", "2016-04-30": "13.47110", "2015-04-30": "10.77960", "2014-04-30": "10.65500", "2013-04-30": "10.25080", "2012-04-30": "7.44090", "2011-04-30": "7.42130", "2010-04-30": "8.69500", "2009-04-30": "9.57240", "2008-04-30": "7.93020", "2007-04-30": "4.89740", "2006-04-30": "4.96800", "2005-04-30": "5.77370"}, "ROI - Return On Investment": {"2020-04-30": "0.21100", "2019-04-30": "21.88900", "2018-04-30": "33.19930", "2017-04-30": "29.39090", "2016-04-30": "25.32580", "2015-04-30": "20.81660", "2014-04-30": "24.24850", "2013-04-30": "21.44070", "2012-04-30": "19.94040", "2011-04-30": "15.77060", "2010-04-30": "18.19930", "2009-04-30": "20.41620", "2008-04-30": "22.08090", "2007-04-30": "18.93080", "2006-04-30": "11.59980", "2005-04-30": "11.13200"}, "Book Value Per Share": {"2020-04-30": "0.36910", "2019-04-30": "2.68140", "2018-04-30": "1.88150", "2017-04-30": "-0.29390", "2016-04-30": "0.10480", "2015-04-30": "6.65860", "2014-04-30": "5.67610", "2013-04-30": "4.63460", "2012-04-30": "4.53890", "2011-04-30": "4.74700", "2010-04-30": "4.45590", "2009-04-30": "4.20790", "2008-04-30": "3.03000", "2007-04-30": "4.37630", "2006-04-30": "6.53790", "2005-04-30": "5.88470"}, "Operating Cash Flow Per Share": {"2020-04-30": -2.384, "2019-04-30": -1.1095, "2018-04-30": 1.4643, "2017-04-30": 0.4081, "2016-04-30": -0.0899, "2015-04-30": -0.672, "2014-04-30": 1.1211, "2013-04-30": 0.5994, "2012-04-30": -0.4419, "2011-04-30": -0.1085, "2010-04-30": -1.2993, "2009-04-30": 2.272, "2008-04-30": 2.4979, "2007-04-30": -3.4909, "2006-04-30": 0.2596, "2005-04-30": 1.5236}, "Free Cash Flow Per Share": {"2020-04-30": -2.3344, "2019-04-30": -1.1025, "2018-04-30": 1.4123, "2017-04-30": 0.3896, "2016-04-30": -0.0439, "2015-04-30": -0.5838, "2014-04-30": 1.0013, "2013-04-30": 0.4628, "2012-04-30": -0.5149, "2011-04-30": -0.0401, "2010-04-30": -1.2784, "2009-04-30": 2.2896, "2008-04-30": 2.6737, "2007-04-30": -3.3967, "2006-04-30": 0.118, "2005-04-30": 1.0851}}, "financial ratios, quarterly": {"Current Ratio": {"2020-10-31": "1.07290", "2020-07-31": "3.91320", "2020-04-30": "1.95910", "2020-01-31": "0.97330", "2019-10-31": "0.47580", "2019-07-31": "1.29160", "2019-04-30": "2.15970", "2019-01-31": "2.10100", "2018-10-31": "2.04490", "2018-07-31": "2.27330", "2018-04-30": "2.24230", "2018-01-31": "1.92660", "2017-10-31": "1.13080", "2017-07-31": "1.48250", "2017-04-30": "1.43310", "2017-01-31": "2.16870", "2016-10-31": "1.61770", "2016-07-31": "0.99870", "2016-04-30": "1.17410", "2016-01-31": "2.06920", "2015-10-31": "1.27950", "2015-07-31": "1.77350", "2015-04-30": "1.57130", "2015-01-31": "1.12430", "2014-10-31": "1.35490", "2014-07-31": "1.36120", "2014-04-30": "1.34620", "2014-01-31": "0.73240", "2013-10-31": "0.77300", "2013-07-31": "1.17540", "2013-04-30": "1.22370", "2013-01-31": "0.84170", "2012-10-31": "0.88370", "2012-07-31": "0.71690", "2012-04-30": "0.98990", "2012-01-31": "0.77690", "2011-10-31": "0.94600", "2011-07-31": "1.04030", "2011-04-30": "1.30370", "2011-01-31": "0.94550", "2010-10-31": "0.90550", "2010-07-31": "0.94800", "2010-04-30": "1.14110", "2010-01-31": "0.94880", "2009-10-31": "0.96560", "2009-07-31": "1.00280", "2009-04-30": "1.07210", "2009-01-31": "1.10200", "2008-10-31": "1.08950", "2008-07-31": "0.70610", "2008-04-30": "0.84030", "2008-01-31": "1.06010", "2007-10-31": "1.02710", "2007-07-31": "0.61320", "2007-04-30": "0.66160", "2007-01-31": "0.77890", "2006-10-31": "0.72540", "2006-07-31": "0.81400", "2006-04-30": "0.96370", "2006-01-31": "1.01740", "2005-10-31": "1.13860", "2005-07-31": "1.36120", "2005-04-30": "1.37400", "2005-01-31": "1.06430"}, "Long-term Debt / Capital": {"2020-10-31": "1.21890", "2020-07-31": "0.96270", "2020-04-30": "0.97560", "2020-01-31": "1.20380", "2019-10-31": "1.08370", "2019-07-31": "0.83700", "2019-04-30": "0.73380", "2019-01-31": "1.12840", "2018-10-31": "1.02150", "2018-07-31": "0.88620", "2018-04-30": "0.79150", "2018-01-31": "1.44010", "2017-10-31": "1.38180", "2017-07-31": "1.16760", "2017-04-30": "1.04250", "2017-01-31": "1.44690", "2016-10-31": "1.39540", "2016-07-31": "1.15470", "2016-04-30": "0.98470", "2016-01-31": "1.25820", "2015-10-31": "1.01860", "2015-07-31": "0.23120", "2015-04-30": "0.21610", "2015-01-31": "0.30600", "2014-10-31": "0.28990", "2014-07-31": "0.26580", "2014-04-30": "0.24530", "2014-01-31": "0.42420", "2013-10-31": "0.34640", "2013-07-31": "0.45040", "2013-04-30": "0.41760", "2013-01-31": "0.58800", "2012-10-31": "0.56670", "2012-07-31": "0.32600", "2012-04-30": "0.23580", "2012-01-31": "0.33660", "2011-10-31": "0.53910", "2011-07-31": "0.45240", "2011-04-30": "0.41760", "2011-01-31": "0.56480", "2010-10-31": "0.54790", "2010-07-31": "0.50970", "2010-04-30": "0.42390", "2010-01-31": "0.54190", "2009-10-31": "0.50840", "2009-07-31": "0.48190", "2009-04-30": "0.44060", "2009-01-31": "0.70450", "2008-10-31": "0.67480", "2008-07-31": "0.55280", "2008-04-30": "0.51090", "2008-01-31": "0.86280", "2007-10-31": "0.79750", "2007-07-31": "0.32460", "2007-04-30": "0.27520", "2007-01-31": "0.21380", "2006-10-31": "0.20180", "2006-07-31": "0.18520", "2006-04-30": "0.16270", "2006-01-31": "0.36610", "2005-10-31": "0.36830", "2005-07-31": "0.33620", "2005-04-30": "0.32140", "2005-01-31": "0.39060"}, "Debt/Equity Ratio": {"2020-10-31": "-5.56890", "2020-07-31": "25.84270", "2020-04-30": "49.20060", "2020-01-31": "-7.94530", "2019-10-31": "-21.50510", "2019-07-31": "5.13500", "2019-04-30": "2.75630", "2019-01-31": "-8.78780", "2018-10-31": "-47.60820", "2018-07-31": "7.78610", "2018-04-30": "3.79880", "2018-01-31": "-3.27370", "2017-10-31": "-3.62140", "2017-07-31": "-6.97260", "2017-04-30": "-24.53880", "2017-01-31": "-3.23870", "2016-10-31": "-3.53040", "2016-07-31": "-7.47050", "2016-04-30": "64.58910", "2016-01-31": "-4.87510", "2015-10-31": "-54.74150", "2015-07-31": "0.30120", "2015-04-30": "0.27610", "2015-01-31": "0.95760", "2014-10-31": "0.40880", "2014-07-31": "0.64870", "2014-04-30": "0.58240", "2014-01-31": "1.60390", "2013-10-31": "0.94930", "2013-07-31": "0.82020", "2013-04-30": "0.71760", "2013-01-31": "2.09750", "2012-10-31": "2.17450", "2012-07-31": "1.19390", "2012-04-30": "0.78480", "2012-01-31": "1.60730", "2011-10-31": "1.28060", "2011-07-31": "0.87150", "2011-04-30": "0.73480", "2011-01-31": "2.12700", "2010-10-31": "1.31740", "2010-07-31": "1.09180", "2010-04-30": "0.77320", "2010-01-31": "3.00110", "2009-10-31": "1.06080", "2009-07-31": "0.95610", "2009-04-30": "0.81150", "2009-01-31": "3.34060", "2008-10-31": "2.20710", "2008-07-31": "1.36600", "2008-04-30": "1.18250", "2008-01-31": "9.99550", "2007-10-31": "4.87890", "2007-07-31": "2.01640", "2007-04-30": "1.49420", "2007-01-31": "2.51930", "2006-10-31": "1.20420", "2006-07-31": "0.61630", "2006-04-30": "0.43030", "2006-01-31": "2.22060", "2005-10-31": "0.91030", "2005-07-31": "0.52060", "2005-04-30": "0.48670", "2005-01-31": "1.71400"}, "Gross Margin": {"2020-10-31": "-38.80200", "2020-07-31": "47.58400", "2020-04-30": "57.60050", "2020-01-31": "10.91750", "2019-10-31": "-57.46540", "2019-07-31": "-52.55980", "2019-04-30": "62.97780", "2019-01-31": "10.11090", "2018-10-31": "-68.47810", "2018-07-31": "-52.60740", "2018-04-30": "64.25210", "2018-01-31": "14.70540", "2017-10-31": "-70.40270", "2017-07-31": "-65.24800", "2017-04-30": "41.18000", "2017-01-31": "63.48270", "2016-10-31": "56.04420", "2016-07-31": "58.17790", "2016-04-30": "39.70980", "2016-01-31": "61.66520", "2015-10-31": "51.17860", "2015-07-31": "59.49040", "2015-04-30": "76.33640", "2015-01-31": "63.33420", "2014-10-31": "48.46470", "2014-07-31": "61.18230", "2014-04-30": "78.58150", "2014-01-31": "19.49240", "2013-10-31": "54.94570", "2013-07-31": "63.58980", "2013-04-30": "76.60540", "2013-01-31": "66.08300", "2012-10-31": "60.10290", "2012-07-31": "58.97460", "2012-04-30": "74.37690", "2012-01-31": "68.71910", "2011-10-31": "52.44520", "2011-07-31": "53.07140", "2011-04-30": "78.93190", "2011-01-31": "69.57650", "2010-10-31": "48.27410", "2010-07-31": "38.77490", "2010-04-30": "56.16350", "2010-01-31": "30.92520", "2009-10-31": "-26.02670", "2009-07-31": "-40.26970", "2009-04-30": "54.89020", "2009-01-31": "31.09170", "2008-10-31": "-24.83750", "2008-07-31": "-32.44800", "2008-04-30": "56.25720", "2008-01-31": "27.46560", "2007-10-31": "-22.54050", "2007-07-31": "-12.44330", "2007-04-30": "56.98360", "2007-01-31": "30.59780", "2006-10-31": "-7.25710", "2006-07-31": "-11.36680", "2006-04-30": "63.06270", "2006-01-31": "30.32710", "2005-10-31": "11.91900", "2005-07-31": "23.40650", "2005-04-30": "57.48840", "2005-01-31": "38.08840"}, "Operating Margin": {"2020-10-31": "-116.31090", "2020-07-31": "25.44900", "2020-04-30": "36.89670", "2020-01-31": "-29.39190", "2019-10-31": "-150.95610", "2019-07-31": "-129.79740", "2019-04-30": "49.35910", "2019-01-31": "-29.48440", "2018-10-31": "-144.59700", "2018-07-31": "-125.43960", "2018-04-30": "52.25970", "2018-01-31": "-19.91560", "2017-10-31": "-153.35810", "2017-07-31": "-134.36810", "2017-04-30": "52.98830", "2017-01-31": "-27.61610", "2016-10-31": "-158.39400", "2016-07-31": "-147.56080", "2016-04-30": "50.52710", "2016-01-31": "-25.25420", "2015-10-31": "-182.09170", "2015-07-31": "-126.33210", "2015-04-30": "52.82090", "2015-01-31": "-14.76230", "2014-10-31": "-137.00560", "2014-07-31": "-120.77610", "2014-04-30": "58.10410", "2014-01-31": "-162.35820", "2013-10-31": "-124.17380", "2013-07-31": "-141.16510", "2013-04-30": "54.59050", "2013-01-31": "-19.62710", "2012-10-31": "-120.26180", "2012-07-31": "-178.68670", "2012-04-30": "49.03510", "2012-01-31": "-0.55720", "2011-10-31": "-159.78370", "2011-07-31": "-203.34710", "2011-04-30": "51.93940", "2011-01-31": "-0.47990", "2010-10-31": "-137.44960", "2010-07-31": "-68.35220", "2010-04-30": "47.44050", "2010-01-31": "10.10260", "2009-10-31": "-65.79750", "2009-07-31": "-77.73430", "2009-04-30": "47.66390", "2009-01-31": "10.07250", "2008-10-31": "-64.11150", "2008-07-31": "-77.82570", "2008-04-30": "46.22460", "2008-01-31": "-0.17400", "2007-10-31": "-64.95180", "2007-07-31": "-50.24650", "2007-04-30": "49.01780", "2007-01-31": "3.32400", "2006-10-31": "-48.40300", "2006-07-31": "-54.85690", "2006-04-30": "49.37870", "2006-01-31": "-4.24420", "2005-10-31": "-20.42620", "2005-07-31": "-6.63970", "2005-04-30": "48.24590", "2005-01-31": "14.14470"}, "EBIT Margin": {"2020-10-31": "-116.31090", "2020-07-31": "25.44900", "2020-04-30": "36.89670", "2020-01-31": "-29.39190", "2019-10-31": "-150.95610", "2019-07-31": "-129.79740", "2019-04-30": "49.35910", "2019-01-31": "-29.48440", "2018-10-31": "-144.59700", "2018-07-31": "-125.43960", "2018-04-30": "52.25970", "2018-01-31": "-19.91560", "2017-10-31": "-153.35810", "2017-07-31": "-134.36810", "2017-04-30": "52.98830", "2017-01-31": "-27.61610", "2016-10-31": "-158.39400", "2016-07-31": "-147.56080", "2016-04-30": "50.52710", "2016-01-31": "-25.25420", "2015-10-31": "-182.09170", "2015-07-31": "-126.33210", "2015-04-30": "52.82090", "2015-01-31": "-14.76230", "2014-10-31": "-137.00560", "2014-07-31": "-120.77610", "2014-04-30": "57.54050", "2014-01-31": "-162.35820", "2013-10-31": "-124.17380", "2013-07-31": "-129.80780", "2013-04-30": "51.64100", "2013-01-31": "-15.51090", "2012-10-31": "-103.22160", "2012-07-31": "-155.80640", "2012-04-30": "50.17160", "2012-01-31": "2.99230", "2011-10-31": "-142.07930", "2011-07-31": "-180.55310", "2011-04-30": "56.97430", "2011-01-31": "-0.47990", "2010-10-31": "-137.44960", "2010-07-31": "-68.35220", "2010-04-30": "47.44050", "2010-01-31": "10.10260", "2009-10-31": "-65.79750", "2009-07-31": "-77.73430", "2009-04-30": "47.66390", "2009-01-31": "10.07250", "2008-10-31": "-64.11150", "2008-07-31": "-77.82570", "2008-04-30": "46.22460", "2008-01-31": "-0.17400", "2007-10-31": "-64.95180", "2007-07-31": "-50.24650", "2007-04-30": "49.01780", "2007-01-31": "3.32400", "2006-10-31": "-48.40300", "2006-07-31": "-54.85690", "2006-04-30": "49.37860", "2006-01-31": "-4.24420", "2005-10-31": "-20.42620", "2005-07-31": "-6.63970", "2005-04-30": "48.24590", "2005-01-31": "14.14470"}, "EBITDA Margin": {"2020-10-31": "", "2020-07-31": "", "2020-04-30": "", "2020-01-31": "", "2019-10-31": "", "2019-07-31": "", "2019-04-30": "", "2019-01-31": "", "2018-10-31": "", "2018-07-31": "", "2018-04-30": "", "2018-01-31": "", "2017-10-31": "", "2017-07-31": "", "2017-04-30": "", "2017-01-31": "", "2016-10-31": "", "2016-07-31": "", "2016-04-30": "", "2016-01-31": "", "2015-10-31": "", "2015-07-31": "", "2015-04-30": "", "2015-01-31": "", "2014-10-31": "", "2014-07-31": "", "2014-04-30": "", "2014-01-31": "", "2013-10-31": "", "2013-07-31": "", "2013-04-30": "", "2013-01-31": "", "2012-10-31": "", "2012-07-31": "", "2012-04-30": "", "2012-01-31": "", "2011-10-31": "", "2011-07-31": "", "2011-04-30": "", "2011-01-31": "", "2010-10-31": "", "2010-07-31": "", "2010-04-30": "", "2010-01-31": "", "2009-10-31": "", "2009-07-31": "", "2009-04-30": "", "2009-01-31": "", "2008-10-31": "", "2008-07-31": "", "2008-04-30": "", "2008-01-31": "", "2007-10-31": "", "2007-07-31": "", "2007-04-30": "", "2007-01-31": "", "2006-10-31": "", "2006-07-31": "", "2006-04-30": "", "2006-01-31": "", "2005-10-31": "", "2005-07-31": "", "2005-04-30": "", "2005-01-31": ""}, "Pre-Tax Profit Margin": {"2020-10-31": "-134.25490", "2020-07-31": "20.63820", "2020-04-30": "35.48650", "2020-01-31": "-34.09640", "2019-10-31": "-162.50270", "2019-07-31": "-137.74360", "2019-04-30": "48.64340", "2019-01-31": "-33.87480", "2018-10-31": "-155.83290", "2018-07-31": "-136.90650", "2018-04-30": "51.44580", "2018-01-31": "-24.73350", "2017-10-31": "-167.73750", "2017-07-31": "-148.92310", "2017-04-30": "52.05960", "2017-01-31": "-33.32680", "2016-10-31": "-173.96290", "2016-07-31": "-162.59860", "2016-04-30": "49.65480", "2016-01-31": "-30.87180", "2015-10-31": "-185.11780", "2015-07-31": "-135.86390", "2015-04-30": "52.57990", "2015-01-31": "-17.84910", "2014-10-31": "-148.98310", "2014-07-31": "-131.61260", "2014-04-30": "57.69810", "2014-01-31": "-174.11270", "2013-10-31": "-133.51350", "2013-07-31": "-145.04820", "2013-04-30": "51.35120", "2013-01-31": "-20.39670", "2012-10-31": "-118.23140", "2012-07-31": "-175.42830", "2012-04-30": "49.06480", "2012-01-31": "-0.15470", "2011-10-31": "-157.84710", "2011-07-31": "-199.35900", "2011-04-30": "55.83730", "2011-01-31": "-3.81720", "2010-10-31": "-153.45430", "2010-07-31": "-75.53250", "2010-04-30": "47.49620", "2010-01-31": "10.42420", "2009-10-31": "-65.27610", "2009-07-31": "-76.54050", "2009-04-30": "47.75730", "2009-01-31": "10.24100", "2008-10-31": "-64.71500", "2008-07-31": "-78.32400", "2008-04-30": "46.45860", "2008-01-31": "0.04650", "2007-10-31": "-62.18900", "2007-07-31": "-48.15730", "2007-04-30": "48.90040", "2007-01-31": "2.37600", "2006-10-31": "-50.14580", "2006-07-31": "-56.59010", "2006-04-30": "49.14770", "2006-01-31": "-5.23260", "2005-10-31": "-22.00320", "2005-07-31": "-7.45850", "2005-04-30": "47.42410", "2005-01-31": "14.79180"}, "Net Profit Margin": {"2020-10-31": "-126.72100", "2020-07-31": "15.18380", "2020-04-30": "25.44570", "2020-01-31": "-24.97720", "2019-10-31": "-116.91410", "2019-07-31": "-99.92350", "2019-04-30": "37.63900", "2019-01-31": "-26.99790", "2018-10-31": "-118.40850", "2018-07-31": "-105.15690", "2018-04-30": "47.76430", "2018-01-31": "-50.29320", "2017-10-31": "-109.02490", "2017-07-31": "-94.74970", "2017-04-30": "33.65040", "2017-01-31": "-23.12860", "2016-10-31": "-111.33620", "2016-07-31": "-98.79220", "2016-04-30": "30.49700", "2016-01-31": "-17.22270", "2015-10-31": "-112.92060", "2015-07-31": "-72.36450", "2015-04-30": "32.10440", "2015-01-31": "-7.25790", "2014-10-31": "-83.19070", "2014-07-31": "-87.00910", "2014-04-30": "35.50530", "2014-01-31": "-107.47910", "2013-10-31": "-78.11750", "2013-07-31": "-90.55940", "2013-04-30": "30.19440", "2013-01-31": "-3.75190", "2012-10-31": "-76.67250", "2012-07-31": "-111.35050", "2012-04-30": "29.29530", "2012-01-31": "-0.50490", "2011-10-31": "-109.69860", "2011-07-31": "-174.01390", "2011-04-30": "35.20550", "2011-01-31": "-1.86990", "2010-10-31": "-91.18570", "2010-07-31": "-47.61140", "2010-04-30": "29.54920", "2010-01-31": "5.41640", "2009-10-31": "-39.43410", "2009-07-31": "-48.50510", "2009-04-30": "28.65720", "2009-01-31": "4.76750", "2008-10-31": "-38.65890", "2008-07-31": "-48.81010", "2008-04-30": "22.15070", "2008-01-31": "-5.29260", "2007-10-31": "-140.81360", "2007-07-31": "-79.37380", "2007-04-30": "-4.19360", "2007-01-31": "-6.47050", "2006-10-31": "-39.50180", "2006-07-31": "-38.32800", "2006-04-30": "39.31430", "2006-01-31": "1.40810", "2005-10-31": "-13.42860", "2005-07-31": "-4.55190", "2005-04-30": "57.02400", "2005-01-31": "9.04580"}, "Asset Turnover": {"2020-10-31": "0.06910", "2020-07-31": "0.12030", "2020-04-30": "0.35390", "2020-01-31": "0.15040", "2019-10-31": "0.05830", "2019-07-31": "0.04830", "2019-04-30": "0.70680", "2019-01-31": "0.18230", "2018-10-31": "0.06670", "2018-07-31": "0.05570", "2018-04-30": "0.76180", "2018-01-31": "0.19070", "2017-10-31": "0.08210", "2017-07-31": "0.06460", "2017-04-30": "0.86410", "2017-01-31": "0.17530", "2016-10-31": "0.06310", "2016-07-31": "0.05790", "2016-04-30": "0.80690", "2016-01-31": "0.16580", "2015-10-31": "0.05640", "2015-07-31": "0.03790", "2015-04-30": "0.50970", "2015-01-31": "0.11630", "2014-10-31": "0.04360", "2014-07-31": "0.03430", "2014-04-30": "0.54610", "2014-01-31": "0.05680", "2013-10-31": "0.04100", "2013-07-31": "0.03380", "2013-04-30": "0.48490", "2013-01-31": "0.12000", "2012-10-31": "0.03520", "2012-07-31": "0.02680", "2012-04-30": "0.43030", "2012-01-31": "0.13670", "2011-10-31": "0.03250", "2011-07-31": "0.02340", "2011-04-30": "0.35370", "2011-01-31": "0.11720", "2010-10-31": "0.02780", "2010-07-31": "0.06200", "2010-04-30": "0.44660", "2010-01-31": "0.12620", "2009-10-31": "0.06560", "2009-07-31": "0.06060", "2009-04-30": "0.46020", "2009-01-31": "0.13610", "2008-10-31": "0.06480", "2008-07-31": "0.05550", "2008-04-30": "0.43640", "2008-01-31": "0.07730", "2007-10-31": "0.05020", "2007-07-31": "0.05550", "2007-04-30": "0.27050", "2007-01-31": "0.09950", "2006-10-31": "0.06380", "2006-07-31": "0.06080", "2006-04-30": "0.24950", "2006-01-31": "0.11210", "2005-10-31": "0.11420", "2005-07-31": "0.12260", "2005-04-30": "0.19530", "2005-01-31": "0.16870"}, "Inventory Turnover Ratio": {"2020-10-31": "", "2020-07-31": "", "2020-04-30": "", "2020-01-31": "", "2019-10-31": "", "2019-07-31": "", "2019-04-30": "", "2019-01-31": "", "2018-10-31": "", "2018-07-31": "", "2018-04-30": "", "2018-01-31": "", "2017-10-31": "", "2017-07-31": "", "2017-04-30": "", "2017-01-31": "", "2016-10-31": "", "2016-07-31": "", "2016-04-30": "", "2016-01-31": "", "2015-10-31": "", "2015-07-31": "", "2015-04-30": "", "2015-01-31": "", "2014-10-31": "", "2014-07-31": "", "2014-04-30": "", "2014-01-31": "", "2013-10-31": "", "2013-07-31": "", "2013-04-30": "", "2013-01-31": "", "2012-10-31": "", "2012-07-31": "", "2012-04-30": "", "2012-01-31": "", "2011-10-31": "", "2011-07-31": "", "2011-04-30": "", "2011-01-31": "", "2010-10-31": "", "2010-07-31": "", "2010-04-30": "", "2010-01-31": "", "2009-10-31": "", "2009-07-31": "", "2009-04-30": "", "2009-01-31": "", "2008-10-31": "", "2008-07-31": "", "2008-04-30": "", "2008-01-31": "", "2007-10-31": "", "2007-07-31": "", "2007-04-30": "", "2007-01-31": "", "2006-10-31": "", "2006-07-31": "", "2006-04-30": "", "2006-01-31": "", "2005-10-31": "", "2005-07-31": "", "2005-04-30": "", "2005-01-31": ""}, "Receiveable Turnover": {"2020-10-31": "2.47780", "2020-07-31": "6.18200", "2020-04-30": "13.58400", "2020-01-31": "0.63320", "2019-10-31": "2.15230", "2019-07-31": "1.97510", "2019-04-30": "16.78440", "2019-01-31": "0.61770", "2018-10-31": "2.42910", "2018-07-31": "2.05710", "2018-04-30": "16.30300", "2018-01-31": "0.56510", "2017-10-31": "1.81160", "2017-07-31": "1.51420", "2017-04-30": "14.30140", "2017-01-31": "0.57360", "2016-10-31": "1.25360", "2016-07-31": "1.21040", "2016-04-30": "15.00480", "2016-01-31": "0.57190", "2015-10-31": "1.35520", "2015-07-31": "1.33460", "2015-04-30": "13.70160", "2015-01-31": "0.65480", "2014-10-31": "1.25000", "2014-07-31": "1.09210", "2014-04-30": "13.37550", "2014-01-31": "0.29500", "2013-10-31": "1.02000", "2013-07-31": "1.04850", "2013-04-30": "10.63750", "2013-01-31": "0.49730", "2012-10-31": "1.10240", "2012-07-31": "0.82920", "2012-04-30": "10.32030", "2012-01-31": "0.64030", "2011-10-31": "1.00880", "2011-07-31": "0.30550", "2011-04-30": "8.12710", "2011-01-31": "0.49610", "2010-10-31": "0.28720", "2010-07-31": "0.72820", "2010-04-30": "4.51340", "2010-01-31": "0.36420", "2009-10-31": "0.70660", "2009-07-31": "0.72660", "2009-04-30": "4.81020", "2009-01-31": "0.37590", "2008-10-31": "0.65360", "2008-07-31": "0.34630", "2008-04-30": "4.59340", "2008-01-31": "0.28630", "2007-10-31": "0.39570", "2007-07-31": "0.46050", "2007-04-30": "2.11040", "2007-01-31": "0.33240", "2006-10-31": "0.47920", "2006-07-31": "0.42420", "2006-04-30": "1.53770", "2006-01-31": "0.36140", "2005-10-31": "0.47610", "2005-07-31": "0.62140", "2005-04-30": "1.16060", "2005-01-31": "0.49720"}, "Days Sales In Receivables": {"2020-10-31": "36.32270", "2020-07-31": "14.55830", "2020-04-30": "6.62540", "2020-01-31": "142.13100", "2019-10-31": "41.81500", "2019-07-31": "45.56680", "2019-04-30": "5.36210", "2019-01-31": "145.69140", "2018-10-31": "37.05050", "2018-07-31": "43.75060", "2018-04-30": "5.52050", "2018-01-31": "159.27770", "2017-10-31": "49.67910", "2017-07-31": "59.43570", "2017-04-30": "6.29310", "2017-01-31": "156.91670", "2016-10-31": "71.79330", "2016-07-31": "74.35600", "2016-04-30": "5.99810", "2016-01-31": "157.37170", "2015-10-31": "66.41280", "2015-07-31": "67.43830", "2015-04-30": "6.56860", "2015-01-31": "137.44710", "2014-10-31": "72.00170", "2014-07-31": "82.40650", "2014-04-30": "6.72870", "2014-01-31": "305.10030", "2013-10-31": "88.23200", "2013-07-31": "85.83520", "2013-04-30": "8.46060", "2013-01-31": "180.99190", "2012-10-31": "81.63880", "2012-07-31": "108.53190", "2012-04-30": "8.72070", "2012-01-31": "140.56080", "2011-10-31": "89.21140", "2011-07-31": "294.61380", "2011-04-30": "11.07410", "2011-01-31": "181.39700", "2010-10-31": "313.32030", "2010-07-31": "123.59500", "2010-04-30": "19.94050", "2010-01-31": "247.11370", "2009-10-31": "127.37220", "2009-07-31": "123.86680", "2009-04-30": "18.71010", "2009-01-31": "239.43480", "2008-10-31": "137.70090", "2008-07-31": "259.85710", "2008-04-30": "19.59340", "2008-01-31": "314.35330", "2007-10-31": "227.42960", "2007-07-31": "195.45260", "2007-04-30": "42.64500", "2007-01-31": "270.79090", "2006-10-31": "187.81450", "2006-07-31": "212.15500", "2006-04-30": "58.52840", "2006-01-31": "249.03580", "2005-10-31": "189.03240", "2005-07-31": "144.83800", "2005-04-30": "77.54410", "2005-01-31": "181.02920"}, "ROE - Return On Equity": {"2020-10-31": "79.46680", "2020-07-31": "69.15890", "2020-04-30": "652.38390", "2020-01-31": "40.21180", "2019-10-31": "242.32510", "2019-07-31": "-50.11070", "2019-04-30": "163.38410", "2019-01-31": "56.07870", "2018-10-31": "545.68760", "2018-07-31": "-77.49480", "2018-04-30": "291.06730", "2018-01-31": "34.79960", "2017-10-31": "35.93060", "2017-07-31": "59.63660", "2017-04-30": "-1291.93600", "2017-01-31": "12.63860", "2016-10-31": "25.72600", "2016-07-31": "60.57150", "2016-04-30": "3035.22000", "2016-01-31": "14.65330", "2015-10-31": "523.13560", "2015-07-31": "-5.78070", "2015-04-30": "40.59760", "2015-01-31": "-3.08020", "2014-10-31": "-9.14100", "2014-07-31": "-7.79070", "2014-04-30": "59.69190", "2014-01-31": "-30.97900", "2013-10-31": "-10.78720", "2013-07-31": "-10.24780", "2013-04-30": "54.52290", "2013-01-31": "-2.66430", "2012-10-31": "-14.60440", "2012-07-31": "-12.49300", "2012-04-30": "44.62680", "2012-01-31": "-0.44230", "2011-10-31": "-14.25710", "2011-07-31": "-9.65700", "2011-04-30": "44.33460", "2011-01-31": "-1.33310", "2010-10-31": "-12.66690", "2010-07-31": "-12.45070", "2010-04-30": "48.06450", "2010-01-31": "5.72400", "2009-10-31": "-11.80770", "2009-07-31": "-10.96960", "2009-04-30": "50.34710", "2009-01-31": "7.95590", "2008-10-31": "-15.99220", "2008-07-31": "-15.34830", "2008-04-30": "69.20440", "2008-01-31": "1.52820", "2007-10-31": "-24.79110", "2007-07-31": "-10.15600", "2007-04-30": "41.45300", "2007-01-31": "1.43410", "2006-10-31": "-7.42940", "2006-07-31": "-6.50480", "2006-04-30": "20.34790", "2006-01-31": "-1.90480", "2005-10-31": "-5.16100", "2005-07-31": "-1.53560", "2005-04-30": "16.03820", "2005-01-31": "6.47060"}, "Return On Tangible Equity": {"2020-10-31": "15.91620", "2020-07-31": "-9.45930", "2020-04-30": "-43.88520", "2020-01-31": "8.05050", "2019-10-31": "13.94310", "2019-07-31": "15.34160", "2019-04-30": "-275.71230", "2019-01-31": "10.98340", "2018-10-31": "18.92910", "2018-07-31": "22.18330", "2018-04-30": "-234.76080", "2018-01-31": "15.24140", "2017-10-31": "11.30190", "2017-07-31": "11.59570", "2017-04-30": "-81.81050", "2017-01-31": "5.88830", "2016-10-31": "9.76960", "2016-07-31": "11.09660", "2016-04-30": "-79.54560", "2016-01-31": "5.40960", "2015-10-31": "15.23390", "2015-07-31": "-12.09300", "2015-04-30": "77.59660", "2015-01-31": "-13.57620", "2014-10-31": "-31.41280", "2014-07-31": "-19.08110", "2014-04-30": "121.48550", "2014-01-31": "306.79660", "2013-10-31": "-47.70320", "2013-07-31": "-29.10380", "2013-04-30": "126.56430", "2013-01-31": "19.09020", "2012-10-31": "604.09610", "2012-07-31": "-73.86100", "2012-04-30": "95.18090", "2012-01-31": "-3.40670", "2011-10-31": "-75.78750", "2011-07-31": "-90.79810", "2011-04-30": "86.83680", "2011-01-31": "2.77940", "2010-10-31": "30.87640", "2010-07-31": "56.92890", "2010-04-30": "297.49920", "2010-01-31": "-19.24440", "2009-10-31": "77.16650", "2009-07-31": "319.15480", "2009-04-30": "417.26360", "2009-01-31": "-16.60190", "2008-10-31": "97.78750", "2008-07-31": "41.15880", "2008-04-30": "7482.74000", "2008-01-31": "-1.01150", "2007-10-31": "21.60260", "2007-07-31": "111.25240", "2007-04-30": "245.16420", "2007-01-31": "6.04040", "2006-10-31": "-433.21620", "2006-07-31": "-51.92770", "2006-04-30": "43.87210", "2006-01-31": "217.30960", "2005-10-31": "1145.83300", "2005-07-31": "-7.30130", "2005-04-30": "60.16510", "2005-01-31": "312.15230"}, "ROA - Return On Assets": {"2020-10-31": "-8.70280", "2020-07-31": "1.87210", "2020-04-30": "9.06600", "2020-01-31": "-3.70830", "2019-10-31": "-6.65840", "2019-07-31": "-4.68570", "2019-04-30": "26.81160", "2019-01-31": "-4.66280", "2018-10-31": "-7.65400", "2018-07-31": "-5.71190", "2018-04-30": "36.48460", "2018-01-31": "-9.48440", "2017-10-31": "-8.64010", "2017-07-31": "-5.99450", "2017-04-30": "29.19590", "2017-01-31": "-3.92660", "2016-10-31": "-6.88770", "2016-07-31": "-5.59390", "2016-04-30": "24.62840", "2016-01-31": "-2.74710", "2015-10-31": "-6.25500", "2015-07-31": "-2.65890", "2015-04-30": "16.47980", "2015-01-31": "-0.80640", "2014-10-31": "-3.66280", "2014-07-31": "-2.79760", "2014-04-30": "19.79610", "2014-01-31": "-6.05220", "2013-10-31": "-3.14600", "2013-07-31": "-3.01020", "2013-04-30": "15.18190", "2013-01-31": "-0.43010", "2012-10-31": "-2.59700", "2012-07-31": "-2.93940", "2012-04-30": "12.72600", "2012-01-31": "-0.07350", "2011-10-31": "-3.09350", "2011-07-31": "-2.76590", "2011-04-30": "12.14990", "2011-01-31": "-0.19020", "2010-10-31": "-2.58700", "2010-07-31": "-2.88500", "2010-04-30": "13.22870", "2010-01-31": "0.72340", "2009-10-31": "-2.54610", "2009-07-31": "-2.87340", "2009-04-30": "13.20610", "2009-01-31": "0.91520", "2008-10-31": "-2.45470", "2008-07-31": "-2.61900", "2008-04-30": "12.15650", "2008-01-31": "0.06130", "2007-10-31": "-1.89870", "2007-07-31": "-1.59900", "2007-04-30": "7.77240", "2007-01-31": "0.23440", "2006-10-31": "-1.94940", "2006-07-31": "-2.09070", "2006-04-30": "7.29710", "2006-01-31": "-0.39420", "2005-10-31": "-1.53380", "2005-07-31": "-0.55800", "2005-04-30": "5.64510", "2005-01-31": "1.52640"}, "ROI - Return On Investment": {"2020-10-31": "-17.39310", "2020-07-31": "2.57650", "2020-04-30": "15.88870", "2020-01-31": "-8.19520", "2019-10-31": "-20.29230", "2019-07-31": "-8.16800", "2019-04-30": "43.49560", "2019-01-31": "-7.20090", "2018-10-31": "-11.70800", "2018-07-31": "-8.82010", "2018-04-30": "60.68700", "2018-01-31": "-15.31530", "2017-10-31": "-13.71920", "2017-07-31": "-9.99290", "2017-04-30": "54.92290", "2017-01-31": "-5.64860", "2016-10-31": "-10.17320", "2016-07-31": "-9.36750", "2016-04-30": "46.30140", "2016-01-31": "-3.78290", "2015-10-31": "-9.73970", "2015-07-31": "-4.44440", "2015-04-30": "31.82440", "2015-01-31": "-2.13770", "2014-10-31": "-6.49140", "2014-07-31": "-5.72020", "2014-04-30": "45.05140", "2014-01-31": "-17.83750", "2013-10-31": "-7.05070", "2013-07-31": "-5.63190", "2013-04-30": "31.75480", "2013-01-31": "-1.09770", "2012-10-31": "-6.32870", "2012-07-31": "-8.42060", "2012-04-30": "34.10380", "2012-01-31": "-0.29340", "2011-10-31": "-6.57110", "2011-07-31": "-5.28800", "2011-04-30": "25.81910", "2011-01-31": "-0.58010", "2010-10-31": "-5.72710", "2010-07-31": "-6.10480", "2010-04-30": "27.68870", "2010-01-31": "2.62210", "2009-10-31": "-5.80500", "2009-07-31": "-5.68370", "2009-04-30": "28.16610", "2009-01-31": "2.35100", "2008-10-31": "-5.20130", "2008-07-31": "-6.86450", "2008-04-30": "33.84890", "2008-01-31": "0.20970", "2007-10-31": "-5.01930", "2007-07-31": "-6.85890", "2007-04-30": "30.04420", "2007-01-31": "1.12740", "2006-10-31": "-5.93030", "2006-07-31": "-5.30020", "2006-04-30": "17.03790", "2006-01-31": "-1.20760", "2005-10-31": "-3.26020", "2005-07-31": "-1.01940", "2005-04-30": "10.88410", "2005-01-31": "3.94320"}, "Book Value Per Share": {"2020-10-31": "-1.52640", "2020-07-31": "0.70130", "2020-04-30": "0.36910", "2020-01-31": "-1.65410", "2019-10-31": "-0.38800", "2019-07-31": "1.44710", "2019-04-30": "2.68140", "2019-01-31": "-1.04170", "2018-10-31": "-0.15240", "2018-07-31": "0.93430", "2018-04-30": "1.88150", "2018-01-31": "-3.33810", "2017-10-31": "-1.97430", "2017-07-31": "-1.02520", "2017-04-30": "-0.29390", "2017-01-31": "-3.86560", "2016-10-31": "-2.63590", "2016-07-31": "-0.91200", "2016-04-30": "0.10480", "2016-01-31": "-2.39180", "2015-10-31": "-0.11550", "2015-07-31": "6.04170", "2015-04-30": "6.65860", "2015-01-31": "4.16500", "2014-10-31": "4.50160", "2014-07-31": "5.07910", "2014-04-30": "5.67610", "2014-01-31": "2.50440", "2013-10-31": "3.48470", "2013-07-31": "4.03600", "2013-04-30": "4.63460", "2013-01-31": "2.33140", "2012-10-31": "2.55420", "2012-07-31": "3.11930", "2012-04-30": "4.53890", "2012-01-31": "2.74710", "2011-10-31": "2.94580", "2011-07-31": "4.03540", "2011-04-30": "4.74700", "2011-01-31": "2.71150", "2010-10-31": "2.88360", "2010-07-31": "3.32290", "2010-04-30": "4.45590", "2010-01-31": "2.84440", "2009-10-31": "3.19220", "2009-07-31": "3.55110", "2009-04-30": "4.20790", "2009-01-31": "2.47300", "2008-10-31": "2.45660", "2008-07-31": "2.55030", "2008-04-30": "3.03000", "2008-01-31": "1.42610", "2007-10-31": "1.67530", "2007-07-31": "3.33190", "2007-04-30": "4.37630", "2007-01-31": "4.74000", "2006-10-31": "5.05920", "2006-07-31": "5.63340", "2006-04-30": "6.53790", "2006-01-31": "4.83700", "2005-10-31": "4.83910", "2005-07-31": "5.53920", "2005-04-30": "5.88470", "2005-01-31": "4.38770"}, "Operating Cash Flow Per Share": {"2020-10-31": -1.2801, "2020-07-31": "-0.10560", "2020-04-30": 8.1129, "2020-01-31": -4.0627, "2019-10-31": -1.1054, "2019-07-31": "-2.39480", "2019-04-30": 9.4899, "2019-01-31": -3.5017, "2018-10-31": -1.2458, "2018-07-31": "-1.80840", "2018-04-30": 10.5372, "2018-01-31": -3.392, "2017-10-31": -1.1342, "2017-07-31": "-1.96750", "2017-04-30": 9.3619, "2017-01-31": -3.4404, "2016-10-31": -1.2652, "2016-07-31": "-2.07710", "2016-04-30": 8.3243, "2016-01-31": -3.8896, "2015-10-31": -0.892, "2015-07-31": "-1.37160", "2015-04-30": 6.7931, "2015-01-31": -2.2509, "2014-10-31": -0.8915, "2014-07-31": "-1.38970", "2014-04-30": 7.0201, "2014-01-31": -2.2895, "2013-10-31": -0.6304, "2013-07-31": "-1.16720", "2013-04-30": 6.6433, "2013-01-31": -2.7401, "2012-10-31": -0.745, "2012-07-31": "-1.34630", "2012-04-30": 5.9325, "2012-01-31": -2.7772, "2011-10-31": -0.6513, "2011-07-31": "-1.29150", "2011-04-30": 6.5879, "2011-01-31": -3.1473, "2010-10-31": -0.6969, "2010-07-31": "-1.08930", "2010-04-30": 9.7188, "2010-01-31": -5.5797, "2009-10-31": -0.9855, "2009-07-31": "-1.35880", "2009-04-30": 10.218, "2009-01-31": -5.1367, "2008-10-31": -0.9036, "2008-07-31": "-1.11550", "2008-04-30": 10.9983, "2008-01-31": -7.3149, "2007-10-31": -1.8577, "2007-07-31": "-1.03550", "2007-04-30": 6.6941, "2007-01-31": -4.7592, "2006-10-31": -2.1718, "2006-07-31": "-1.47080", "2006-04-30": 6.9603, "2006-01-31": -3.0153, "2005-10-31": -1.2229, "2005-07-31": "-0.93890", "2005-04-30": 6.1953, "2005-01-31": -4.6717}, "Free Cash Flow Per Share": {"2020-10-31": -1.3774, "2020-07-31": "-0.14850", "2020-04-30": 8.0433, "2020-01-31": -4.1891, "2019-10-31": -1.2466, "2019-07-31": "-2.46990", "2019-04-30": 9.4172, "2019-01-31": -3.5677, "2018-10-31": -1.5109, "2018-07-31": "-1.86650", "2018-04-30": 10.4407, "2018-01-31": -3.493, "2017-10-31": -1.3426, "2017-07-31": "-2.03050", "2017-04-30": 9.3006, "2017-01-31": -3.5876, "2016-10-31": -1.4453, "2016-07-31": "-2.10540", "2016-04-30": 8.2123, "2016-01-31": -4.0304, "2015-10-31": -1.0061, "2015-07-31": "-1.40310", "2015-04-30": 6.708, "2015-01-31": -2.3524, "2014-10-31": -1.0552, "2014-07-31": "-1.48380", "2014-04-30": 6.9459, "2014-01-31": -2.4306, "2013-10-31": -0.8218, "2013-07-31": "-1.29310", "2013-04-30": 6.5843, "2013-01-31": -2.87, "2012-10-31": -0.921, "2012-07-31": "-1.39420", "2012-04-30": 5.9005, "2012-01-31": -2.8863, "2011-10-31": -0.7505, "2011-07-31": "-1.32740", "2011-04-30": 6.5525, "2011-01-31": -3.201, "2010-10-31": -0.784, "2010-07-31": "-1.11630", "2010-04-30": 9.6315, "2010-01-31": -5.7472, "2009-10-31": -0.981, "2009-07-31": "-1.38500", "2009-04-30": 10.1437, "2009-01-31": -5.1772, "2008-10-31": -1.0365, "2008-07-31": "-1.16030", "2008-04-30": 10.9242, "2008-01-31": -7.4086, "2007-10-31": -1.9553, "2007-07-31": "-1.08020", "2007-04-30": 6.5988, "2007-01-31": -4.8998, "2006-10-31": -2.3156, "2006-07-31": "-1.57700", "2006-04-30": 6.7906, "2006-01-31": -3.1876, "2005-10-31": -1.3693, "2005-07-31": "-1.03060", "2005-04-30": 6.1845, "2005-01-31": -5.0994}}, "revenue": {"H&R Block Annual Revenue (Millions of US $)": {"2020": "$2,640", "2019": "$3,095", "2018": "$3,160", "2017": "$3,036", "2016": "$3,038", "2015": "$3,079", "2014": "$3,024", "2013": "$2,906", "2012": "$2,894", "2011": "$2,945", "2010": "$3,015", "2009": "$4,084", "2008": "$4,087", "2007": "$3,710", "2006": "$3,575", "2005": "$3,146"}, "H&R Block Quarterly Revenue (Millions of US $)": {"2020-10-31": "$177", "2020-07-31": "$601", "2020-04-30": "$1,809", "2020-01-31": "$519", "2019-10-31": "$161", "2019-07-31": "$150", "2019-04-30": "$2,332", "2019-01-31": "$468", "2018-10-31": "$149", "2018-07-31": "$145", "2018-04-30": "$2,393", "2018-01-31": "$488", "2017-10-31": "$141", "2017-07-31": "$138", "2017-04-30": "$2,328", "2017-01-31": "$452", "2016-10-31": "$131", "2016-07-31": "$125", "2016-04-30": "$2,297", "2016-01-31": "$475", "2015-10-31": "$128", "2015-07-31": "$138", "2015-04-30": "$2,301", "2015-01-31": "$509", "2014-10-31": "$135", "2014-07-31": "$134", "2014-04-30": "$2,563", "2014-01-31": "$200", "2013-10-31": "$134", "2013-07-31": "$127", "2013-04-30": "$2,200", "2013-01-31": "$472", "2012-10-31": "$137", "2012-07-31": "$96", "2012-04-30": "$2,001", "2012-01-31": "$663", "2011-10-31": "$129", "2011-07-31": "$101", "2011-04-30": "$1,871", "2011-01-31": "$680", "2010-10-31": "$120", "2010-07-31": "$274", "2010-04-30": "$2,338", "2010-01-31": "$935", "2009-10-31": "$326", "2009-07-31": "$276", "2009-04-30": "$2,467", "2009-01-31": "$993", "2008-10-31": "$351", "2008-07-31": "$272", "2008-04-30": "$2,454", "2008-01-31": "$895", "2007-10-31": "$357", "2007-07-31": "$381", "2007-04-30": "$2,040", "2007-01-31": "$931", "2006-10-31": "$396", "2006-07-31": "$343", "2006-04-30": "$1,494", "2006-01-31": "$860", "2005-10-31": "$605", "2005-07-31": "$615", "2005-04-30": "$1,082", "2005-01-31": "$1,036"}}, "gross-profit": {"H&R Block Annual Gross Profit (Millions of US $)": {"2020": "$927", "2019": "$1,338", "2018": "$1,420", "2017": "$1,392", "2016": "$1,353", "2015": "$2,226", "2014": "$2,208", "2013": "$2,137", "2012": "$2,065", "2011": "$2,114", "2010": "$2,159", "2009": "$1,487", "2008": "$1,498", "2007": "$1,380", "2006": "$1,419", "2005": "$1,255"}, "H&R Block Quarterly Gross Profit (Millions of US $)": {"2020-10-31": "$-69", "2020-07-31": "$286", "2020-04-30": "$1,042", "2020-01-31": "$57", "2019-10-31": "$-92", "2019-07-31": "$-79", "2019-04-30": "$1,469", "2019-01-31": "$47", "2018-10-31": "$-102", "2018-07-31": "$-76", "2018-04-30": "$1,537", "2018-01-31": "$72", "2017-10-31": "$-99", "2017-07-31": "$-90", "2017-04-30": "$959", "2017-01-31": "$287", "2016-10-31": "$74", "2016-07-31": "$73", "2016-04-30": "$912", "2016-01-31": "$293", "2015-10-31": "$66", "2015-07-31": "$82", "2015-04-30": "$1,757", "2015-01-31": "$322", "2014-10-31": "$65", "2014-07-31": "$82", "2014-04-30": "$2,014", "2014-01-31": "$39", "2013-10-31": "$74", "2013-07-31": "$81", "2013-04-30": "$1,685", "2013-01-31": "$312", "2012-10-31": "$82", "2012-07-31": "$57", "2012-04-30": "$1,488", "2012-01-31": "$456", "2011-10-31": "$68", "2011-07-31": "$53", "2011-04-30": "$1,477", "2011-01-31": "$473", "2010-10-31": "$58", "2010-07-31": "$106", "2010-04-30": "$1,313", "2010-01-31": "$289", "2009-10-31": "$-85", "2009-07-31": "$-111", "2009-04-30": "$1,354", "2009-01-31": "$309", "2008-10-31": "$-87", "2008-07-31": "$-88", "2008-04-30": "$1,381", "2008-01-31": "$246", "2007-10-31": "$-80", "2007-07-31": "$-47", "2007-04-30": "$1,163", "2007-01-31": "$285", "2006-10-31": "$-29", "2006-07-31": "$-39", "2006-04-30": "$942", "2006-01-31": "$261", "2005-10-31": "$72", "2005-07-31": "$144", "2005-04-30": "$622", "2005-01-31": "$395"}}, "operating-income": {"H&R Block Annual Operating Income (Millions of US $)": {"2020": "$77", "2019": "$616", "2018": "$752", "2017": "$716", "2016": "$633", "2015": "$795", "2014": "$818", "2013": "$771", "2012": "$566", "2011": "$616", "2010": "$714", "2009": "$839", "2008": "$710", "2007": "$651", "2006": "$537", "2005": "$562"}, "H&R Block Quarterly Operating Income (Millions of US $)": {"2020-10-31": "$-205", "2020-07-31": "$153", "2020-04-30": "$668", "2020-01-31": "$-153", "2019-10-31": "$-243", "2019-07-31": "$-195", "2019-04-30": "$1,151", "2019-01-31": "$-138", "2018-10-31": "$-215", "2018-07-31": "$-182", "2018-04-30": "$1,250", "2018-01-31": "$-97", "2017-10-31": "$-216", "2017-07-31": "$-185", "2017-04-30": "$1,234", "2017-01-31": "$-125", "2016-10-31": "$-208", "2016-07-31": "$-185", "2016-04-30": "$1,161", "2016-01-31": "$-120", "2015-10-31": "$-234", "2015-07-31": "$-174", "2015-04-30": "$1,216", "2015-01-31": "$-75", "2014-10-31": "$-184", "2014-07-31": "$-161", "2014-04-30": "$1,489", "2014-01-31": "$-324", "2013-10-31": "$-167", "2013-07-31": "$-180", "2013-04-30": "$1,201", "2013-01-31": "$-93", "2012-10-31": "$-165", "2012-07-31": "$-172", "2012-04-30": "$981", "2012-01-31": "$-4", "2011-10-31": "$-206", "2011-07-31": "$-205", "2011-04-30": "$972", "2011-01-31": "$-3", "2010-10-31": "$-164", "2010-07-31": "$-188", "2010-04-30": "$1,109", "2010-01-31": "$94", "2009-10-31": "$-215", "2009-07-31": "$-214", "2009-04-30": "$1,176", "2009-01-31": "$100", "2008-10-31": "$-225", "2008-07-31": "$-212", "2008-04-30": "$1,134", "2008-01-31": "$-2", "2007-10-31": "$-232", "2007-07-31": "$-192", "2007-04-30": "$1,000", "2007-01-31": "$31", "2006-10-31": "$-192", "2006-07-31": "$-188", "2006-04-30": "$738", "2006-01-31": "$-37", "2005-10-31": "$-124", "2005-07-31": "$-41", "2005-04-30": "$522", "2005-01-31": "$147"}}, "ebitda": {"H&R Block Annual EBITDA (Millions of US $)": {"2020": "$353", "2019": "$782", "2018": "$935", "2017": "$898", "2016": "$807", "2015": "$954", "2014": "$934", "2013": "$863", "2012": "$876", "2011": "$855", "2010": "$946", "2009": "$963", "2008": "$829", "2007": "$759", "2006": "$685", "2005": "$712"}, "H&R Block Quarterly EBITDA (Millions of US $)": {"2020-10-31": "$-168", "2020-07-31": "$192", "2020-04-30": "$818", "2020-01-31": "$-108", "2019-10-31": "$-200", "2019-07-31": "$-157", "2019-04-30": "$1,192", "2019-01-31": "$-94", "2018-10-31": "$-174", "2018-07-31": "$-142", "2018-04-30": "$1,297", "2018-01-31": "$-49", "2017-10-31": "$-171", "2017-07-31": "$-142", "2017-04-30": "$1,283", "2017-01-31": "$-80", "2016-10-31": "$-162", "2016-07-31": "$-143", "2016-04-30": "$1,207", "2016-01-31": "$-75", "2015-10-31": "$-234", "2015-07-31": "$-174", "2015-04-30": "$1,216", "2015-01-31": "$-75", "2014-10-31": "$-184", "2014-07-31": "$-161", "2014-04-30": "$1,489", "2014-01-31": "$-324", "2013-10-31": "$-167", "2013-07-31": "$-165", "2013-04-30": "$1,201", "2013-01-31": "$-73", "2012-10-31": "$-142", "2012-07-31": "$-150", "2012-04-30": "$1,004", "2012-01-31": "$20", "2011-10-31": "$-184", "2011-07-31": "$-182", "2011-04-30": "$972", "2011-01-31": "$-3", "2010-10-31": "$-164", "2010-07-31": "$-188", "2010-04-30": "$1,109", "2010-01-31": "$94", "2009-10-31": "$-215", "2009-07-31": "$-214", "2009-04-30": "$1,176", "2009-01-31": "$100", "2008-10-31": "$-225", "2008-07-31": "$-212", "2008-04-30": "$1,171", "2008-01-31": "$27", "2007-10-31": "$-215", "2007-07-31": "$-154", "2007-04-30": "$997", "2007-01-31": "$70", "2006-10-31": "$-154", "2006-07-31": "$-153", "2006-04-30": "$775", "2006-01-31": "$-8", "2005-10-31": "$-81", "2005-07-31": "$-0", "2005-04-30": "$580", "2005-01-31": "$183"}}, "net-income": {"H&R Block Annual Net Income (Millions of US $)": {"2020": "$-8", "2019": "$423", "2018": "$613", "2017": "$409", "2016": "$374", "2015": "$474", "2014": "$475", "2013": "$434", "2012": "$266", "2011": "$406", "2010": "$479", "2009": "$486", "2008": "$-309", "2007": "$-434", "2006": "$490", "2005": "$624"}, "H&R Block Quarterly Net Income (Millions of US $)": {"2020-10-31": "$-224", "2020-07-31": "$91", "2020-04-30": "$460", "2020-01-31": "$-130", "2019-10-31": "$-188", "2019-07-31": "$-150", "2019-04-30": "$878", "2019-01-31": "$-126", "2018-10-31": "$-176", "2018-07-31": "$-153", "2018-04-30": "$1,143", "2018-01-31": "$-246", "2017-10-31": "$-154", "2017-07-31": "$-131", "2017-04-30": "$783", "2017-01-31": "$-105", "2016-10-31": "$-146", "2016-07-31": "$-124", "2016-04-30": "$701", "2016-01-31": "$-82", "2015-10-31": "$-145", "2015-07-31": "$-100", "2015-04-30": "$739", "2015-01-31": "$-37", "2014-10-31": "$-112", "2014-07-31": "$-116", "2014-04-30": "$910", "2014-01-31": "$-215", "2013-10-31": "$-105", "2013-07-31": "$-115", "2013-04-30": "$664", "2013-01-31": "$-18", "2012-10-31": "$-105", "2012-07-31": "$-107", "2012-04-30": "$586", "2012-01-31": "$-3", "2011-10-31": "$-142", "2011-07-31": "$-175", "2011-04-30": "$659", "2011-01-31": "$-13", "2010-10-31": "$-109", "2010-07-31": "$-131", "2010-04-30": "$691", "2010-01-31": "$51", "2009-10-31": "$-129", "2009-07-31": "$-134", "2009-04-30": "$707", "2009-01-31": "$47", "2008-10-31": "$-136", "2008-07-31": "$-133", "2008-04-30": "$544", "2008-01-31": "$-47", "2007-10-31": "$-502", "2007-07-31": "$-303", "2007-04-30": "$-86", "2007-01-31": "$-60", "2006-10-31": "$-156", "2006-07-31": "$-131", "2006-04-30": "$588", "2006-01-31": "$12", "2005-10-31": "$-81", "2005-07-31": "$-28", "2005-04-30": "$617", "2005-01-31": "$94"}}, "eps-earnings-per-share-diluted": {"H&R Block Annual EPS": {"2020": "$-0.04", "2019": "$2.04", "2018": "$2.91", "2017": "$1.91", "2016": "$1.49", "2015": "$1.71", "2014": "$1.72", "2013": "$1.58", "2012": "$0.89", "2011": "$1.31", "2010": "$1.43", "2009": "$1.45", "2008": "$-0.95", "2007": "$-1.33", "2006": "$1.47", "2005": "$1.85"}, "H&R Block Quarterly EPS": {"2020-10-31": "$-1.18", "2020-07-31": "$0.47", "2020-04-30": "$2.32", "2020-01-31": "$-0.67", "2019-10-31": "$-0.95", "2019-07-31": "$-0.74", "2019-04-30": "$4.26", "2019-01-31": "$-0.62", "2018-10-31": "$-0.86", "2018-07-31": "$-0.74", "2018-04-30": "$5.46", "2018-01-31": "$-1.18", "2017-10-31": "$-0.74", "2017-07-31": "$-0.63", "2017-04-30": "$3.65", "2017-01-31": "$-0.50", "2016-10-31": "$-0.68", "2016-07-31": "$-0.56", "2016-04-30": "$2.75", "2016-01-31": "$-0.35", "2015-10-31": "$-0.55", "2015-07-31": "$-0.36", "2015-04-30": "$2.67", "2015-01-31": "$-0.13", "2014-10-31": "$-0.41", "2014-07-31": "$-0.42", "2014-04-30": "$3.31", "2014-01-31": "$-0.78", "2013-10-31": "$-0.39", "2013-07-31": "$-0.42", "2013-04-30": "$2.43", "2013-01-31": "$-0.07", "2012-10-31": "$-0.39", "2012-07-31": "$-0.39", "2012-04-30": "$1.94", "2012-01-31": "$-0.01", "2011-10-31": "$-0.47", "2011-07-31": "$-0.57", "2011-04-30": "$2.12", "2011-01-31": "$-0.04", "2010-10-31": "$-0.36", "2010-07-31": "$-0.41", "2010-04-30": "$2.10", "2010-01-31": "$0.15", "2009-10-31": "$-0.38", "2009-07-31": "$-0.40", "2009-04-30": "$2.13", "2009-01-31": "$0.14", "2008-10-31": "$-0.41", "2008-07-31": "$-0.41", "2008-04-30": "$1.67", "2008-01-31": "$-0.14", "2007-10-31": "$-1.55", "2007-07-31": "$-0.93", "2007-04-30": "$-0.25", "2007-01-31": "$-0.18", "2006-10-31": "$-0.49", "2006-07-31": "$-0.41", "2006-04-30": "$1.76", "2006-01-31": "$0.04", "2005-10-31": "$-0.25", "2005-07-31": "$-0.08", "2005-04-30": "$1.83", "2005-01-31": "$0.28"}}, "shares-outstanding": {"H&R Block Annual Shares Outstanding (Millions of Shares)": {"2020": "198", "2019": "207", "2018": "210", "2017": "214", "2016": "251", "2015": "277", "2014": "276", "2013": "274", "2012": "299", "2011": "310", "2010": "333", "2009": "335", "2008": "327", "2007": "326", "2006": "333", "2005": "338"}, "H&R Block Quarterly Shares Outstanding (Millions of Shares)": {"2020-10-31": "190", "2020-07-31": "194", "2020-04-30": "198", "2020-01-31": "194", "2019-10-31": "198", "2019-07-31": "202", "2019-04-30": "207", "2019-01-31": "206", "2018-10-31": "206", "2018-07-31": "208", "2018-04-30": "210", "2018-01-31": "209", "2017-10-31": "209", "2017-07-31": "208", "2017-04-30": "214", "2017-01-31": "208", "2016-10-31": "216", "2016-07-31": "220", "2016-04-30": "251", "2016-01-31": "232", "2015-10-31": "266", "2015-07-31": "276", "2015-04-30": "277", "2015-01-31": "275", "2014-10-31": "275", "2014-07-31": "275", "2014-04-30": "276", "2014-01-31": "274", "2013-10-31": "274", "2013-07-31": "273", "2013-04-30": "274", "2013-01-31": "272", "2012-10-31": "271", "2012-07-31": "277", "2012-04-30": "299", "2012-01-31": "293", "2011-10-31": "300", "2011-07-31": "305", "2011-04-30": "310", "2011-01-31": "305", "2010-10-31": "307", "2010-07-31": "320", "2010-04-30": "327", "2010-01-31": "334", "2009-10-31": "335", "2009-07-31": "335", "2009-04-30": "335", "2009-01-31": "339", "2008-10-31": "330", "2008-07-31": "327", "2008-04-30": "327", "2008-01-31": "327", "2007-10-31": "325", "2007-07-31": "324", "2007-04-30": "326", "2007-01-31": "326", "2006-10-31": "322", "2006-07-31": "324", "2006-04-30": "333", "2006-01-31": "327", "2005-10-31": "326", "2005-07-31": "331", "2005-04-30": "338", "2005-01-31": "335"}}, "total-assets": {"H&R Block Annual Total Assets (Millions of US $)": {"2020": "$5,112", "2019": "$3,300", "2018": "$3,141", "2017": "$2,694", "2016": "$2,847", "2015": "$4,515", "2014": "$4,694", "2013": "$4,538", "2012": "$4,650", "2011": "$5,289", "2010": "$5,234", "2009": "$5,360", "2008": "$5,623", "2007": "$7,544", "2006": "$5,989", "2005": "$5,538"}, "H&R Block Quarterly Total Assets (Millions of US $)": {"2020-10-31": "$2,556", "2020-07-31": "$4,997", "2020-04-30": "$5,112", "2020-01-31": "$3,452", "2019-10-31": "$2,757", "2019-07-31": "$3,110", "2019-04-30": "$3,300", "2019-01-31": "$2,569", "2018-10-31": "$2,233", "2018-07-31": "$2,605", "2018-04-30": "$3,141", "2018-01-31": "$2,561", "2017-10-31": "$1,717", "2017-07-31": "$2,132", "2017-04-30": "$2,694", "2017-01-31": "$2,578", "2016-10-31": "$2,082", "2016-07-31": "$2,164", "2016-04-30": "$2,847", "2016-01-31": "$2,863", "2015-10-31": "$2,278", "2015-07-31": "$3,629", "2015-04-30": "$4,515", "2015-01-31": "$4,379", "2014-10-31": "$3,091", "2014-07-31": "$3,891", "2014-04-30": "$4,694", "2014-01-31": "$3,515", "2013-10-31": "$3,275", "2013-07-31": "$3,763", "2013-04-30": "$4,538", "2013-01-31": "$3,932", "2012-10-31": "$3,897", "2012-07-31": "$3,594", "2012-04-30": "$4,650", "2012-01-31": "$4,853", "2011-10-31": "$3,977", "2011-07-31": "$4,308", "2011-04-30": "$5,289", "2011-01-31": "$5,803", "2010-10-31": "$4,308", "2010-07-31": "$4,424", "2010-04-30": "$5,234", "2010-01-31": "$7,410", "2009-10-31": "$4,967", "2009-07-31": "$4,546", "2009-04-30": "$5,360", "2009-01-31": "$7,302", "2008-10-31": "$5,425", "2008-07-31": "$4,903", "2008-04-30": "$5,623", "2008-01-31": "$11,575", "2007-10-31": "$7,107", "2007-07-31": "$6,868", "2007-04-30": "$7,544", "2007-01-31": "$9,360", "2006-10-31": "$6,207", "2006-07-31": "$5,636", "2006-04-30": "$5,989", "2006-01-31": "$7,672", "2005-10-31": "$5,297", "2005-07-31": "$5,017", "2005-04-30": "$5,538", "2005-01-31": "$6,141"}}, "cash-on-hand": {"H&R Block Annual Cash on Hand (Millions of US $)": {"2020": "$2,873", "2019": "$1,708", "2018": "$1,664", "2017": "$1,118", "2016": "$1,001", "2015": "$2,539", "2014": "$2,724", "2013": "$1,865", "2012": "$1,992", "2011": "$1,726", "2010": "$1,838", "2009": "$1,706", "2008": "$672", "2007": "$1,254", "2006": "$1,059", "2005": "$1,694"}, "H&R Block Quarterly Cash on Hand (Millions of US $)": {"2020-10-31": "$387", "2020-07-31": "$2,807", "2020-04-30": "$2,873", "2020-01-31": "$362", "2019-10-31": "$422", "2019-07-31": "$765", "2019-04-30": "$1,708", "2019-01-31": "$305", "2018-10-31": "$723", "2018-07-31": "$1,110", "2018-04-30": "$1,664", "2018-01-31": "$270", "2017-10-31": "$282", "2017-07-31": "$668", "2017-04-30": "$1,118", "2017-01-31": "$291", "2016-10-31": "$525", "2016-07-31": "$429", "2016-04-30": "$1,001", "2016-01-31": "$259", "2015-10-31": "$403", "2015-07-31": "$1,767", "2015-04-30": "$2,539", "2015-01-31": "$1,740", "2014-10-31": "$1,064", "2014-07-31": "$1,905", "2014-04-30": "$2,724", "2014-01-31": "$482", "2013-10-31": "$838", "2013-07-31": "$1,219", "2013-04-30": "$1,865", "2013-01-31": "$456", "2012-10-31": "$1,300", "2012-07-31": "$983", "2012-04-30": "$1,992", "2012-01-31": "$1,253", "2011-10-31": "$610", "2011-07-31": "$1,057", "2011-04-30": "$1,726", "2011-01-31": "$1,502", "2010-10-31": "$995", "2010-07-31": "$1,136", "2010-04-30": "$1,838", "2010-01-31": "$1,813", "2009-10-31": "$1,478", "2009-07-31": "$1,053", "2009-04-30": "$1,706", "2009-01-31": "$1,345", "2008-10-31": "$694", "2008-07-31": "$577", "2008-04-30": "$672", "2008-01-31": "$1,736", "2007-10-31": "$624", "2007-07-31": "$725", "2007-04-30": "$1,254", "2007-01-31": "$1,515", "2006-10-31": "$1,367", "2006-07-31": "$1,058", "2006-04-30": "$1,059", "2006-01-31": "$1,891", "2005-10-31": "$971", "2005-07-31": "$1,127", "2005-04-30": "$1,694", "2005-01-31": "$1,111"}}, "long-term-debt": {"H&R Block Annual Long Term Debt (Millions of US $)": {"2020": "$2,846", "2019": "$1,493", "2018": "$1,495", "2017": "$1,493", "2016": "$1,491", "2015": "$505", "2014": "$506", "2013": "$906", "2012": "$409", "2011": "$1,040", "2010": "$1,060", "2009": "$1,107", "2008": "$1,032", "2007": "$537", "2006": "$417", "2005": "$923"}, "H&R Block Quarterly Long Term Debt (Millions of US $)": {"2020-10-31": "$1,559", "2020-07-31": "$3,496", "2020-04-30": "$2,846", "2020-01-31": "$1,881", "2019-10-31": "$980", "2019-07-31": "$1,493", "2019-04-30": "$1,493", "2019-01-31": "$1,877", "2018-10-31": "$1,491", "2018-07-31": "$1,495", "2018-04-30": "$1,495", "2018-01-31": "$2,284", "2017-10-31": "$1,494", "2017-07-31": "$1,493", "2017-04-30": "$1,493", "2017-01-31": "$2,593", "2016-10-31": "$1,967", "2016-07-31": "$1,492", "2016-04-30": "$1,491", "2016-01-31": "$2,616", "2015-10-31": "$1,491", "2015-07-31": "$502", "2015-04-30": "$505", "2015-01-31": "$505", "2014-10-31": "$506", "2014-07-31": "$506", "2014-04-30": "$506", "2014-01-31": "$506", "2013-10-31": "$506", "2013-07-31": "$906", "2013-04-30": "$906", "2013-01-31": "$906", "2012-10-31": "$906", "2012-07-31": "$409", "2012-04-30": "$409", "2012-01-31": "$409", "2011-10-31": "$1,009", "2011-07-31": "$1,019", "2011-04-30": "$1,040", "2011-01-31": "$1,074", "2010-10-31": "$1,066", "2010-07-31": "$1,066", "2010-04-30": "$1,060", "2010-01-31": "$1,108", "2009-10-31": "$1,108", "2009-07-31": "$1,107", "2009-04-30": "$1,107", "2009-01-31": "$2,003", "2008-10-31": "$1,728", "2008-07-31": "$1,034", "2008-04-30": "$1,032", "2008-01-31": "$2,917", "2007-10-31": "$2,144", "2007-07-31": "$520", "2007-04-30": "$537", "2007-01-31": "$416", "2006-10-31": "$412", "2006-07-31": "$412", "2006-04-30": "$417", "2006-01-31": "$917", "2005-10-31": "$918", "2005-07-31": "$923", "2005-04-30": "$923", "2005-01-31": "$929"}}, "total-liabilities": {"H&R Block Annual Total Liabilities (Millions of US $)": {"2020": "$5,041", "2019": "$2,758", "2018": "$2,747", "2017": "$2,755", "2016": "$2,824", "2015": "$2,682", "2014": "$3,137", "2013": "$3,274", "2012": "$3,324", "2011": "$3,840", "2010": "$3,794", "2009": "$3,954", "2008": "$4,636", "2007": "$6,130", "2006": "$3,841", "2005": "$3,589"}, "H&R Block Quarterly Total Liabilities (Millions of US $)": {"2020-10-31": "$2,836", "2020-07-31": "$4,862", "2020-04-30": "$5,041", "2020-01-31": "$3,771", "2019-10-31": "$2,832", "2019-07-31": "$2,819", "2019-04-30": "$2,758", "2019-01-31": "$2,782", "2018-10-31": "$2,265", "2018-07-31": "$2,413", "2018-04-30": "$2,747", "2018-01-31": "$3,259", "2017-10-31": "$2,129", "2017-07-31": "$2,347", "2017-04-30": "$2,755", "2017-01-31": "$3,378", "2016-10-31": "$2,640", "2016-07-31": "$2,363", "2016-04-30": "$2,824", "2016-01-31": "$3,400", "2015-10-31": "$2,306", "2015-07-31": "$1,960", "2015-04-30": "$2,682", "2015-01-31": "$3,233", "2014-10-31": "$1,853", "2014-07-31": "$2,494", "2014-04-30": "$3,137", "2014-01-31": "$2,829", "2013-10-31": "$2,320", "2013-07-31": "$2,658", "2013-04-30": "$3,274", "2013-01-31": "$3,298", "2012-10-31": "$3,204", "2012-07-31": "$2,749", "2012-04-30": "$3,324", "2012-01-31": "$4,046", "2011-10-31": "$3,114", "2011-07-31": "$3,074", "2011-04-30": "$3,840", "2011-01-31": "$4,975", "2010-10-31": "$3,428", "2010-07-31": "$3,399", "2010-04-30": "$3,794", "2010-01-31": "$6,474", "2009-10-31": "$3,896", "2009-07-31": "$3,355", "2009-04-30": "$3,954", "2009-01-31": "$6,462", "2008-10-31": "$4,592", "2008-07-31": "$4,067", "2008-04-30": "$4,636", "2008-01-31": "$11,111", "2007-10-31": "$6,562", "2007-07-31": "$5,787", "2007-04-30": "$6,130", "2007-01-31": "$7,830", "2006-10-31": "$4,578", "2006-07-31": "$3,825", "2006-04-30": "$3,841", "2006-01-31": "$6,084", "2005-10-31": "$3,723", "2005-07-31": "$3,194", "2005-04-30": "$3,589", "2005-01-31": "$4,692"}}, "total-share-holder-equity": {"H&R Block Annual Share Holder Equity (Millions of US $)": {"2020": "$71", "2019": "$542", "2018": "$394", "2017": "$-61", "2016": "$23", "2015": "$1,833", "2014": "$1,557", "2013": "$1,264", "2012": "$1,326", "2011": "$1,450", "2010": "$1,441", "2009": "$1,406", "2008": "$988", "2007": "$1,414", "2006": "$2,148", "2005": "$1,949"}, "H&R Block Quarterly Share Holder Equity (Millions of US $)": {"2020-10-31": "$-280", "2020-07-31": "$135", "2020-04-30": "$71", "2020-01-31": "$-318", "2019-10-31": "$-76", "2019-07-31": "$291", "2019-04-30": "$542", "2019-01-31": "$-214", "2018-10-31": "$-31", "2018-07-31": "$192", "2018-04-30": "$394", "2018-01-31": "$-698", "2017-10-31": "$-413", "2017-07-31": "$-214", "2017-04-30": "$-61", "2017-01-31": "$-801", "2016-10-31": "$-557", "2016-07-31": "$-200", "2016-04-30": "$23", "2016-01-31": "$-537", "2015-10-31": "$-27", "2015-07-31": "$1,669", "2015-04-30": "$1,833", "2015-01-31": "$1,146", "2014-10-31": "$1,239", "2014-07-31": "$1,397", "2014-04-30": "$1,557", "2014-01-31": "$687", "2013-10-31": "$955", "2013-07-31": "$1,105", "2013-04-30": "$1,264", "2013-01-31": "$635", "2012-10-31": "$693", "2012-07-31": "$846", "2012-04-30": "$1,326", "2012-01-31": "$806", "2011-10-31": "$863", "2011-07-31": "$1,234", "2011-04-30": "$1,450", "2011-01-31": "$828", "2010-10-31": "$880", "2010-07-31": "$1,025", "2010-04-30": "$1,441", "2010-01-31": "$936", "2009-10-31": "$1,071", "2009-07-31": "$1,191", "2009-04-30": "$1,406", "2009-01-31": "$840", "2008-10-31": "$833", "2008-07-31": "$837", "2008-04-30": "$988", "2008-01-31": "$464", "2007-10-31": "$544", "2007-07-31": "$1,081", "2007-04-30": "$1,414", "2007-01-31": "$1,530", "2006-10-31": "$1,629", "2006-07-31": "$1,812", "2006-04-30": "$2,148", "2006-01-31": "$1,588", "2005-10-31": "$1,574", "2005-07-31": "$1,823", "2005-04-30": "$1,949", "2005-01-31": "$1,449"}}, "profit-margins": {"current": "6.38%"}, "gross margin": {"2020-10-31": "42.37%", "2020-07-31": "41.84%", "2020-04-30": "35.16%", "2020-01-31": "42.85%", "2019-10-31": "43.23%", "2019-07-31": "43.08%", "2019-04-30": "43.24%", "2019-01-31": "44.56%", "2018-10-31": "45.07%", "2018-07-31": "45.28%", "2018-04-30": "44.94%", "2018-01-31": "27.21%", "2017-10-31": "34.55%", "2017-07-31": "40.34%", "2017-04-30": "45.88%", "2017-01-31": "44.79%", "2016-10-31": "44.65%", "2016-07-31": "44.43%", "2016-04-30": "44.54%", "2016-01-31": "72.26%", "2015-10-31": "72.40%", "2015-07-31": "72.20%", "2015-04-30": "72.30%", "2015-01-31": "74.32%", "2014-10-31": "72.56%", "2014-07-31": "72.88%", "2014-04-30": "73.02%", "2014-01-31": "70.61%", "2013-10-31": "73.37%", "2013-07-31": "73.57%", "2013-04-30": "73.53%", "2013-01-31": "71.66%", "2012-10-31": "71.90%", "2012-07-31": "71.62%", "2012-04-30": "71.35%", "2012-01-31": "74.31%", "2011-10-31": "74.47%", "2011-07-31": "74.35%", "2011-04-30": "71.78%", "2011-01-31": "57.15%", "2010-10-31": "48.16%", "2010-07-31": "41.91%", "2010-04-30": "36.28%", "2010-01-31": "36.14%", "2009-10-31": "36.12%", "2009-07-31": "35.85%", "2009-04-30": "36.44%", "2009-01-31": "37.22%", "2008-10-31": "36.56%", "2008-07-31": "36.68%", "2008-04-30": "36.70%", "2008-01-31": "34.90%", "2007-10-31": "35.62%", "2007-07-31": "36.61%", "2007-04-30": "37.20%", "2007-01-31": "36.63%", "2006-10-31": "36.70%", "2006-07-31": "37.43%", "2006-04-30": "39.70%", "2006-01-31": "34.76%", "2005-10-31": "36.94%"}, "operating margin": {"2020-10-31": "14.91%", "2020-07-31": "13.75%", "2020-04-30": "2.92%", "2020-01-31": "17.71%", "2019-10-31": "18.48%", "2019-07-31": "19.46%", "2019-04-30": "19.91%", "2019-01-31": "22.66%", "2018-10-31": "23.81%", "2018-07-31": "23.84%", "2018-04-30": "23.80%", "2018-01-31": "23.78%", "2017-10-31": "23.14%", "2017-07-31": "23.48%", "2017-04-30": "23.58%", "2017-01-31": "21.40%", "2016-10-31": "21.40%", "2016-07-31": "20.56%", "2016-04-30": "20.84%", "2016-01-31": "22.62%", "2015-10-31": "23.83%", "2015-07-31": "25.40%", "2015-04-30": "25.85%", "2015-01-31": "32.00%", "2014-10-31": "27.04%", "2014-07-31": "27.61%", "2014-04-30": "27.05%", "2014-01-31": "19.92%", "2013-10-31": "25.95%", "2013-07-31": "25.99%", "2013-04-30": "26.54%", "2013-01-31": "20.36%", "2012-10-31": "22.09%", "2012-07-31": "20.73%", "2012-04-30": "19.56%", "2012-01-31": "20.15%", "2011-10-31": "20.06%", "2011-07-31": "21.65%", "2011-04-30": "20.95%", "2011-01-31": "22.10%", "2010-10-31": "23.21%", "2010-07-31": "20.66%", "2010-04-30": "19.97%", "2010-01-31": "21.00%", "2009-10-31": "20.85%", "2009-07-31": "20.48%", "2009-04-30": "20.55%", "2009-01-31": "19.58%", "2008-10-31": "17.50%", "2008-07-31": "17.30%", "2008-04-30": "17.32%", "2008-01-31": "15.63%", "2007-10-31": "16.37%", "2007-07-31": "17.26%", "2007-04-30": "17.55%", "2007-01-31": "12.29%", "2006-10-31": "10.38%", "2006-07-31": "11.78%", "2006-04-30": "15.00%", "2006-01-31": "10.12%", "2005-10-31": "15.10%"}, "ebitda margin": {"2020-10-31": "23.63%", "2020-07-31": "22.72%", "2020-04-30": "13.38%", "2020-01-31": "22.99%", "2019-10-31": "23.82%", "2019-07-31": "24.75%", "2019-04-30": "25.27%", "2019-01-31": "28.11%", "2018-10-31": "29.35%", "2018-07-31": "29.52%", "2018-04-30": "29.59%", "2018-01-31": "29.76%", "2017-10-31": "29.09%", "2017-07-31": "29.49%", "2017-04-30": "29.58%", "2017-01-31": "27.35%", "2016-10-31": "27.31%", "2016-07-31": "24.96%", "2016-04-30": "23.83%", "2016-01-31": "24.10%", "2015-10-31": "23.83%", "2015-07-31": "25.40%", "2015-04-30": "25.85%", "2015-01-31": "32.00%", "2014-10-31": "27.04%", "2014-07-31": "27.61%", "2014-04-30": "27.55%", "2014-01-31": "20.48%", "2013-10-31": "27.14%", "2013-07-31": "27.96%", "2013-04-30": "28.78%", "2013-01-31": "23.61%", "2012-10-31": "25.27%", "2012-07-31": "23.88%", "2012-04-30": "22.74%", "2012-01-31": "22.65%", "2011-10-31": "21.68%", "2011-07-31": "22.47%", "2011-04-30": "20.95%", "2011-01-31": "22.10%", "2010-10-31": "23.21%", "2010-07-31": "20.66%", "2010-04-30": "19.97%", "2010-01-31": "21.00%", "2009-10-31": "20.85%", "2009-07-31": "20.48%", "2009-04-30": "20.55%", "2009-01-31": "20.49%", "2008-10-31": "19.16%", "2008-07-31": "19.38%", "2008-04-30": "20.28%", "2008-01-31": "17.83%", "2007-10-31": "18.82%", "2007-07-31": "20.25%", "2007-04-30": "20.49%", "2007-01-31": "17.00%", "2006-10-31": "14.87%", "2006-07-31": "16.14%", "2006-04-30": "19.19%", "2006-01-31": "15.53%", "2005-10-31": "20.43%"}, "pre tax profit margin": {"2020-10-31": "11.33%", "2020-07-31": "10.61%", "2020-04-30": "-0.11%", "2020-01-31": "15.50%", "2019-10-31": "16.33%", "2019-07-31": "17.33%", "2019-04-30": "17.61%", "2019-01-31": "20.32%", "2018-10-31": "21.39%", "2018-07-31": "21.31%", "2018-04-30": "21.17%", "2018-01-31": "21.00%", "2017-10-31": "20.27%", "2017-07-31": "20.60%", "2017-04-30": "20.72%", "2017-01-31": "18.57%", "2016-10-31": "18.56%", "2016-07-31": "18.25%", "2016-04-30": "18.73%", "2016-01-31": "20.97%", "2015-10-31": "22.56%", "2015-07-31": "23.71%", "2015-04-30": "24.10%", "2015-01-31": "30.26%", "2014-10-31": "24.87%", "2014-07-31": "25.60%", "2014-04-30": "25.40%", "2014-01-31": "15.75%", "2013-10-31": "22.88%", "2013-07-31": "23.43%", "2013-04-30": "24.20%", "2013-01-31": "20.51%", "2012-10-31": "22.44%", "2012-07-31": "21.05%", "2012-04-30": "19.90%", "2012-01-31": "23.12%", "2011-10-31": "22.08%", "2011-07-31": "22.87%", "2011-04-30": "21.32%", "2011-01-31": "20.31%", "2010-10-31": "22.25%", "2010-07-31": "20.32%", "2010-04-30": "20.21%", "2010-01-31": "21.25%", "2009-10-31": "21.07%", "2009-07-31": "20.60%", "2009-04-30": "20.57%", "2009-01-31": "19.71%", "2008-10-31": "17.62%", "2008-07-31": "17.72%", "2008-04-30": "17.96%", "2008-01-31": "16.12%", "2007-10-31": "16.55%", "2007-07-31": "17.00%", "2007-04-30": "16.90%", "2007-01-31": "11.47%", "2006-10-31": "9.57%", "2006-07-31": "10.96%", "2006-04-30": "14.27%", "2006-01-31": "9.14%", "2005-10-31": "14.59%"}, "net profit margin": {"2020-10-31": "6.34%", "2020-07-31": "7.54%", "2020-04-30": "-0.30%", "2020-01-31": "12.97%", "2019-10-31": "13.31%", "2019-07-31": "13.75%", "2019-04-30": "13.67%", "2019-01-31": "21.81%", "2018-10-31": "17.89%", "2018-07-31": "18.63%", "2018-04-30": "19.37%", "2018-01-31": "8.14%", "2017-10-31": "12.85%", "2017-07-31": "13.15%", "2017-04-30": "13.44%", "2017-01-31": "10.85%", "2016-10-31": "11.53%", "2016-07-31": "11.57%", "2016-04-30": "12.31%", "2016-01-31": "13.54%", "2015-10-31": "14.86%", "2015-07-31": "15.89%", "2015-04-30": "15.39%", "2015-01-31": "19.31%", "2014-10-31": "15.40%", "2014-07-31": "15.64%", "2014-04-30": "15.71%", "2014-01-31": "8.61%", "2013-10-31": "14.52%", "2013-07-31": "14.51%", "2013-04-30": "14.94%", "2013-01-31": "13.16%", "2012-10-31": "12.81%", "2012-07-31": "11.56%", "2012-04-30": "9.19%", "2012-01-31": "12.26%", "2011-10-31": "11.83%", "2011-07-31": "13.06%", "2011-04-30": "13.79%", "2011-01-31": "12.84%", "2010-10-31": "13.69%", "2010-07-31": "12.45%", "2010-04-30": "12.36%", "2010-01-31": "12.36%", "2009-10-31": "12.09%", "2009-07-31": "11.84%", "2009-04-30": "11.88%", "2009-01-31": "7.91%", "2008-10-31": "5.74%", "2008-07-31": "-3.47%", "2008-04-30": "-7.54%", "2008-01-31": "-25.54%", "2007-10-31": "-25.64%", "2007-07-31": "-16.14%", "2007-04-30": "-11.67%", "2007-01-31": "7.62%", "2006-10-31": "10.12%", "2006-07-31": "11.75%", "2006-04-30": "13.74%", "2006-01-31": "16.45%", "2005-10-31": "18.03%"}, "pe ratio": {"current": "10.10", "2021-02-05": "19.17", "2020-10-31": "17.19", "2020-07-31": "11.51", "2020-04-30": "1583.82", "2020-01-31": "11.25", "2019-10-31": "11.68", "2019-07-31": "12.25", "2019-04-30": "11.93", "2019-01-31": "6.62", "2018-10-31": "8.94", "2018-07-31": "8.03", "2018-04-30": "8.40", "2018-01-31": "19.12", "2017-10-31": "11.27", "2017-07-31": "13.34", "2017-04-30": "10.39", "2017-01-31": "12.88", "2016-10-31": "12.32", "2016-07-31": "11.65", "2016-04-30": "8.77", "2016-01-31": "19.57", "2015-10-31": "18.41", "2015-07-31": "15.05", "2015-04-30": "14.06", "2015-01-31": "11.56", "2014-10-31": "15.02", "2014-07-31": "14.67", "2014-04-30": "12.90", "2014-01-31": "28.07", "2013-10-31": "14.06", "2013-07-31": "15.42", "2013-04-30": "13.26", "2013-01-31": "14.88", "2012-10-31": "10.87", "2012-07-31": "10.49", "2012-04-30": "11.24", "2012-01-31": "10.66", "2011-10-31": "10.11", "2011-07-31": "8.86", "2011-04-30": "8.92", "2011-01-31": "6.60", "2010-10-31": "5.35", "2010-07-31": "7.13", "2010-04-30": "8.19", "2010-01-31": "9.61", "2009-10-31": "8.18", "2009-07-31": "7.54", "2009-04-30": "6.82", "2009-01-31": "13.32", "2008-10-31": "17.61", "2008-07-31": "0.00", "2008-04-30": "0.00", "2008-01-31": "0.00", "2007-10-31": "0.00", "2007-07-31": "0.00", "2007-04-30": "0.00", "2007-01-31": "20.10", "2006-10-31": "13.51"}, "price sales": {"2021-02-05": "1.20", "2020-10-31": "1.07", "2020-07-31": "0.89", "2020-04-30": "1.19", "2020-01-31": "1.40", "2019-10-31": "1.53", "2019-07-31": "1.69", "2019-04-30": "1.65", "2019-01-31": "1.40", "2018-10-31": "1.56", "2018-07-31": "1.47", "2018-04-30": "1.60", "2018-01-31": "1.58", "2017-10-31": "1.47", "2017-07-31": "1.81", "2017-04-30": "1.47", "2017-01-31": "1.43", "2016-10-31": "1.53", "2016-07-31": "1.59", "2016-04-30": "1.35", "2016-01-31": "2.42", "2015-10-31": "2.68", "2015-07-31": "2.38", "2015-04-30": "2.15", "2015-01-31": "2.22", "2014-10-31": "2.30", "2014-07-31": "2.27", "2014-04-30": "2.00", "2014-01-31": "2.40", "2013-10-31": "2.02", "2013-07-31": "2.21", "2013-04-30": "1.96", "2013-01-31": "1.83", "2012-10-31": "1.33", "2012-07-31": "1.21", "2012-04-30": "1.09", "2012-01-31": "1.28", "2011-10-31": "1.19", "2011-07-31": "1.15", "2011-04-30": "1.25", "2011-01-31": "0.80", "2010-10-31": "0.71", "2010-07-31": "0.88", "2010-04-30": "1.03", "2010-01-31": "1.17", "2009-10-31": "0.98", "2009-07-31": "0.88", "2009-04-30": "0.79", "2009-01-31": "1.06", "2008-10-31": "1.02", "2008-07-31": "1.24", "2008-04-30": "1.08", "2008-01-31": "1.05", "2007-10-31": "1.16", "2007-07-31": "1.05", "2007-04-30": "1.19", "2007-01-31": "1.52", "2006-10-31": "1.38"}, "price book": {"current": "0.00", "2021-02-05": "0.00", "2020-10-31": "-11.15", "2020-07-31": "20.03", "2020-04-30": "42.91", "2020-01-31": "-13.12", "2019-10-31": "-59.61", "2019-07-31": "17.52", "2019-04-30": "9.21", "2019-01-31": "-20.34", "2018-10-31": "-154.95", "2018-07-31": "23.73", "2018-04-30": "12.81", "2018-01-31": "-6.87", "2017-10-31": "-10.73", "2017-07-31": "-25.25", "2017-04-30": "-71.04", "2017-01-31": "-4.63", "2016-10-31": "-7.20", "2016-07-31": "-21.34", "2016-04-30": "156.52", "2016-01-31": "-11.46", "2015-10-31": "-258.20", "2015-07-31": "4.39", "2015-04-30": "3.59", "2015-01-31": "6.47", "2014-10-31": "5.61", "2014-07-31": "4.91", "2014-04-30": "3.86", "2014-01-31": "9.30", "2013-10-31": "6.21", "2013-07-31": "5.88", "2013-04-30": "4.49", "2013-01-31": "7.28", "2012-10-31": "5.11", "2012-07-31": "3.77", "2012-04-30": "2.33", "2012-01-31": "4.23", "2011-10-31": "3.64", "2011-07-31": "2.57", "2011-04-30": "2.50", "2011-01-31": "3.14", "2010-10-31": "2.74", "2010-07-31": "3.13", "2010-04-30": "2.70", "2010-01-31": "4.93", "2009-10-31": "3.72", "2009-07-31": "3.01", "2009-04-30": "2.29", "2009-01-31": "5.28", "2008-10-31": "5.02", "2008-07-31": "5.93", "2008-04-30": "4.46", "2008-01-31": "8.27", "2007-10-31": "7.92", "2007-07-31": "3.62", "2007-04-30": "3.10", "2007-01-31": "3.10", "2006-10-31": "2.56", "2006-07-31": "2.38", "2006-04-30": "2.05", "2006-01-31": "2.95"}, "price fcf": {"2021-02-05": "", "2020-10-31": "$2.33", "2020-07-31": "$2.46", "2020-04-30": "$0.14", "2020-01-31": "$1.51", "2019-10-31": "$2.13", "2019-07-31": "$1.87", "2019-04-30": "$2.47", "2019-01-31": "$3.50", "2018-10-31": "$3.57", "2018-07-31": "$3.74", "2018-04-30": "$3.57", "2018-01-31": "$2.43", "2017-10-31": "$2.34", "2017-07-31": "$2.24", "2017-04-30": "$2.16", "2017-01-31": "$1.07", "2016-10-31": "$0.63", "2016-07-31": "$1.07", "2016-04-30": "$1.77", "2016-01-31": "$0.27", "2015-10-31": "$1.95", "2015-07-31": "$1.90", "2015-04-30": "$1.82", "2015-01-31": "$2.05", "2014-10-31": "$1.98", "2014-07-31": "$2.21", "2014-04-30": "$2.40", "2014-01-31": "$2.04", "2013-10-31": "$1.60", "2013-07-31": "$1.50", "2013-04-30": "$1.40", "2013-01-31": "$0.72", "2012-10-31": "$0.70", "2012-07-31": "$0.87", "2012-04-30": "$0.94", "2012-01-31": "$1.59", "2011-10-31": "$1.27", "2011-07-31": "$1.24", "2011-04-30": "$1.45", "2011-01-31": "$4.53", "2010-10-31": "$1.98", "2010-07-31": "$1.79", "2010-04-30": "$1.52", "2010-01-31": "$2.03", "2009-10-31": "$2.60", "2009-07-31": "$2.55", "2009-04-30": "$2.77", "2009-01-31": "$3.55", "2008-10-31": "$1.32", "2008-07-31": "$0.40", "2008-04-30": "$0.48", "2008-01-31": "$-3.85", "2007-10-31": "$-1.34", "2007-07-31": "$-1.70", "2007-04-30": "$-2.19", "2007-01-31": "$-2.00", "2006-10-31": "$-2.69"}, "net worth": {"value": "$3.48B"}, "current ratio": {"2020-10-31": "1.07", "2020-07-31": "3.91", "2020-04-30": "1.96", "2020-01-31": "0.97", "2019-10-31": "0.48", "2019-07-31": "1.29", "2019-04-30": "2.16", "2019-01-31": "2.10", "2018-10-31": "2.05", "2018-07-31": "2.27", "2018-04-30": "2.24", "2018-01-31": "1.93", "2017-10-31": "1.13", "2017-07-31": "1.48", "2017-04-30": "1.43", "2017-01-31": "2.17", "2016-10-31": "1.62", "2016-07-31": "1.00", "2016-04-30": "1.17", "2016-01-31": "2.07", "2015-10-31": "1.28", "2015-07-31": "1.77", "2015-04-30": "1.57", "2015-01-31": "1.12", "2014-10-31": "1.36", "2014-07-31": "1.36", "2014-04-30": "1.35", "2014-01-31": "0.73", "2013-10-31": "0.77", "2013-07-31": "1.18", "2013-04-30": "1.22", "2013-01-31": "0.84", "2012-10-31": "0.88", "2012-07-31": "0.72", "2012-04-30": "0.99", "2012-01-31": "0.78", "2011-10-31": "0.95", "2011-07-31": "1.04", "2011-04-30": "1.30", "2011-01-31": "0.95", "2010-10-31": "0.91", "2010-07-31": "0.95", "2010-04-30": "1.14", "2010-01-31": "0.95", "2009-10-31": "0.97", "2009-07-31": "1.00", "2009-04-30": "1.07", "2009-01-31": "1.10", "2008-10-31": "1.09", "2008-07-31": "0.71", "2008-04-30": "0.84", "2008-01-31": "1.06", "2007-10-31": "1.03", "2007-07-31": "0.61", "2007-04-30": "0.66", "2007-01-31": "0.78", "2006-10-31": "0.73", "2006-07-31": "0.81", "2006-04-30": "0.96", "2006-01-31": "1.02", "2005-10-31": "1.14", "2005-07-31": "1.36", "2005-04-30": "1.37", "2005-01-31": "1.06"}, "quick ratio": {"2020-10-31": "0.00", "2020-07-31": "0.00", "2020-04-30": "0.00", "2020-01-31": "0.00", "2019-10-31": "0.00", "2019-07-31": "0.00", "2019-04-30": "0.00", "2019-01-31": "0.00", "2018-10-31": "0.00", "2018-07-31": "0.00", "2018-04-30": "0.00", "2018-01-31": "0.00", "2017-10-31": "0.00", "2017-07-31": "0.00", "2017-04-30": "0.00", "2017-01-31": "0.00", "2016-10-31": "0.00", "2016-07-31": "0.00", "2016-04-30": "0.00", "2016-01-31": "0.00", "2015-10-31": "0.00", "2015-07-31": "0.00", "2015-04-30": "0.00", "2015-01-31": "0.00", "2014-10-31": "0.00", "2014-07-31": "0.00", "2014-04-30": "0.00", "2014-01-31": "0.00", "2013-10-31": "0.00", "2013-07-31": "0.00", "2013-04-30": "0.00", "2013-01-31": "0.00", "2012-10-31": "0.00", "2012-07-31": "0.00", "2012-04-30": "0.00", "2012-01-31": "0.00", "2011-10-31": "0.00", "2011-07-31": "0.00", "2011-04-30": "0.00", "2011-01-31": "0.00", "2010-10-31": "0.00", "2010-07-31": "0.00", "2010-04-30": "0.00", "2010-01-31": "0.00", "2009-10-31": "0.00", "2009-07-31": "0.00", "2009-04-30": "0.00", "2009-01-31": "0.00", "2008-10-31": "0.00", "2008-07-31": "0.00", "2008-04-30": "0.00", "2008-01-31": "0.00", "2007-10-31": "0.00", "2007-07-31": "0.00", "2007-04-30": "0.00", "2007-01-31": "0.00", "2006-10-31": "0.00", "2006-07-31": "0.00", "2006-04-30": "0.00", "2006-01-31": "0.00", "2005-10-31": "0.00", "2005-07-31": "0.00", "2005-04-30": "0.00", "2005-01-31": "0.00"}, "debt equity ratio": {"current": "25.84", "2020-10-31": "-10.13", "2020-07-31": "35.94", "2020-04-30": "70.96", "2020-01-31": "-11.84", "2019-10-31": "-37.39", "2019-07-31": "9.69", "2019-04-30": "5.09", "2019-01-31": "-13.03", "2018-10-31": "-72.29", "2018-07-31": "12.57", "2018-04-30": "6.98", "2018-01-31": "-4.67", "2017-10-31": "-5.16", "2017-07-31": "-10.95", "2017-04-30": "-45.25", "2017-01-31": "-4.22", "2016-10-31": "-4.74", "2016-07-31": "-11.83", "2016-04-30": "122.24", "2016-01-31": "-6.33", "2015-10-31": "-84.64", "2015-07-31": "1.17", "2015-04-30": "1.46", "2015-01-31": "2.82", "2014-10-31": "1.50", "2014-07-31": "1.79", "2014-04-30": "2.02", "2014-01-31": "4.12", "2013-10-31": "2.43", "2013-07-31": "2.40", "2013-04-30": "2.59", "2013-01-31": "5.19", "2012-10-31": "4.62", "2012-07-31": "3.25", "2012-04-30": "2.51", "2012-01-31": "5.02", "2011-10-31": "3.61", "2011-07-31": "2.49", "2011-04-30": "2.65", "2011-01-31": "6.01", "2010-10-31": "3.90", "2010-07-31": "3.32", "2010-04-30": "2.63", "2010-01-31": "6.91", "2009-10-31": "3.64", "2009-07-31": "2.82", "2009-04-30": "2.81", "2009-01-31": "7.69", "2008-10-31": "5.52", "2008-07-31": "4.86", "2008-04-30": "4.69", "2008-01-31": "23.95", "2007-10-31": "12.06", "2007-07-31": "5.35", "2007-04-30": "4.33", "2007-01-31": "5.12", "2006-10-31": "2.81", "2006-07-31": "2.11", "2006-04-30": "1.79", "2006-01-31": "3.83", "2005-10-31": "2.37", "2005-07-31": "1.75", "2005-04-30": "1.84", "2005-01-31": "3.24"}, "return on equity": {"2020-10-31": "-201.02%", "2020-07-31": "-495.74%", "2020-04-30": "100.00%", "2020-01-31": "373.58%", "2019-10-31": "304.97%", "2019-07-31": "289.80%", "2019-04-30": "346.01%", "2019-01-31": "807.04%", "2018-10-31": "-1588.81%", "2018-07-31": "-449.52%", "2018-04-30": "-262.94%", "2018-01-31": "-72.73%", "2017-10-31": "-105.57%", "2017-07-31": "-98.22%", "2017-04-30": "-100.80%", "2017-01-31": "-84.95%", "2016-10-31": "-109.83%", "2016-07-31": "-188.93%", "2016-04-30": "132.62%", "2016-01-31": "56.09%", "2015-10-31": "39.56%", "2015-07-31": "33.29%", "2015-04-30": "33.77%", "2015-01-31": "48.32%", "2014-10-31": "38.28%", "2014-07-31": "41.25%", "2014-04-30": "44.14%", "2014-01-31": "22.84%", "2013-10-31": "43.04%", "2013-07-31": "46.09%", "2013-04-30": "50.49%", "2013-01-31": "40.69%", "2012-10-31": "40.42%", "2012-07-31": "34.78%", "2012-04-30": "25.16%", "2012-01-31": "31.15%", "2011-10-31": "30.08%", "2011-07-31": "32.97%", "2011-04-30": "38.82%", "2011-01-31": "41.97%", "2010-10-31": "46.89%", "2010-07-31": "43.10%", "2010-04-30": "41.30%", "2010-01-31": "43.01%", "2009-10-31": "43.57%", "2009-07-31": "45.34%", "2009-04-30": "49.54%", "2009-01-31": "36.82%", "2008-10-31": "29.21%", "2008-07-31": "-19.48%", "2008-04-30": "-40.04%", "2008-01-31": "-107.11%", "2007-10-31": "-83.26%", "2007-07-31": "-42.80%", "2007-04-30": "-27.13%", "2007-01-31": "13.54%", "2006-10-31": "17.44%", "2006-07-31": "21.79%", "2006-04-30": "27.53%", "2006-01-31": "30.00%", "2005-10-31": "35.44%"}, "return on assets": {"2020-10-31": "4.89%", "2020-07-31": "5.71%", "2020-04-30": "-0.22%", "2020-01-31": "13.00%", "2019-10-31": "14.11%", "2019-07-31": "15.20%", "2019-04-30": "15.80%", "2019-01-31": "26.09%", "2018-10-31": "21.56%", "2018-07-31": "23.54%", "2018-04-30": "25.63%", "2018-01-31": "11.07%", "2017-10-31": "17.23%", "2017-07-31": "16.91%", "2017-04-30": "17.15%", "2017-01-31": "13.48%", "2016-10-31": "14.02%", "2016-07-31": "13.79%", "2016-04-30": "12.88%", "2016-01-31": "12.40%", "2015-10-31": "12.35%", "2015-07-31": "12.55%", "2015-04-30": "11.94%", "2015-01-31": "16.07%", "2014-10-31": "12.30%", "2014-07-31": "12.33%", "2014-04-30": "12.46%", "2014-01-31": "6.07%", "2013-10-31": "10.99%", "2013-07-31": "10.56%", "2013-04-30": "10.88%", "2013-01-31": "8.86%", "2012-10-31": "8.73%", "2012-07-31": "7.82%", "2012-04-30": "5.98%", "2012-01-31": "7.36%", "2011-10-31": "6.79%", "2011-07-31": "7.35%", "2011-04-30": "8.19%", "2011-01-31": "8.86%", "2010-10-31": "9.39%", "2010-07-31": "8.75%", "2010-04-30": "8.65%", "2010-01-31": "8.89%", "2009-10-31": "8.86%", "2009-07-31": "8.55%", "2009-04-30": "8.44%", "2009-01-31": "5.54%", "2008-10-31": "3.31%", "2008-07-31": "-1.89%", "2008-04-30": "-3.95%", "2008-01-31": "-11.34%", "2007-10-31": "-12.32%", "2007-07-31": "-8.07%", "2007-04-30": "-6.02%", "2007-01-31": "3.55%", "2006-10-31": "4.91%", "2006-07-31": "6.31%", "2006-04-30": "8.19%", "2006-01-31": "8.84%", "2005-10-31": "10.95%"}, "return on investments": {"2020-10-31": "19.73%", "2020-07-31": "18.86%", "2020-04-30": "4.30%", "2020-01-31": "35.64%", "2019-10-31": "36.02%", "2019-07-31": "34.75%", "2019-04-30": "36.00%", "2019-01-31": "42.70%", "2018-10-31": "45.67%", "2018-07-31": "48.38%", "2018-04-30": "51.56%", "2018-01-31": "54.74%", "2017-10-31": "50.72%", "2017-07-31": "48.44%", "2017-04-30": "48.33%", "2017-01-31": "42.81%", "2016-10-31": "41.18%", "2016-07-31": "39.19%", "2016-04-30": "35.04%", "2016-01-31": "34.18%", "2015-10-31": "38.46%", "2015-07-31": "39.62%", "2015-04-30": "41.69%", "2015-01-31": "58.09%", "2014-10-31": "47.52%", "2014-07-31": "50.58%", "2014-04-30": "48.64%", "2014-01-31": "31.02%", "2013-10-31": "42.38%", "2013-07-31": "41.69%", "2013-04-30": "46.98%", "2013-01-31": "35.95%", "2012-10-31": "44.10%", "2012-07-31": "39.42%", "2012-04-30": "32.00%", "2012-01-31": "28.45%", "2011-10-31": "26.21%", "2011-07-31": "27.94%", "2011-04-30": "29.28%", "2011-01-31": "35.73%", "2010-10-31": "39.66%", "2010-07-31": "36.30%", "2010-04-30": "34.32%", "2010-01-31": "37.24%", "2009-10-31": "34.46%", "2009-07-31": "32.78%", "2009-04-30": "34.29%", "2009-01-31": "34.30%", "2008-10-31": "28.28%", "2008-07-31": "27.63%", "2008-04-30": "29.23%", "2008-01-31": "23.86%", "2007-10-31": "29.66%", "2007-07-31": "34.33%", "2007-04-30": "31.91%", "2007-01-31": "17.73%", "2006-10-31": "13.76%", "2006-07-31": "15.90%", "2006-04-30": "20.80%", "2006-01-31": "12.06%", "2005-10-31": "19.22%"}, "return on tangible equity": {"2020-10-31": "-15.66%", "2020-07-31": "-18.82%", "2020-04-30": "0.65%", "2020-01-31": "-39.26%", "2019-10-31": "-45.02%", "2019-07-31": "-52.19%", "2019-04-30": "-56.66%", "2019-01-31": "-87.28%", "2018-10-31": "-62.14%", "2018-07-31": "-58.06%", "2018-04-30": "-54.45%", "2018-01-31": "-20.29%", "2017-10-31": "-30.86%", "2017-07-31": "-30.55%", "2017-04-30": "-31.15%", "2017-01-31": "-25.27%", "2016-10-31": "-28.52%", "2016-07-31": "-32.09%", "2016-04-30": "-60.47%", "2016-01-31": "-260.35%", "2015-10-31": "169.10%", "2015-07-31": "82.46%", "2015-04-30": "88.23%", "2015-01-31": "131.97%", "2014-10-31": "114.88%", "2014-07-31": "127.94%", "2014-04-30": "146.04%", "2014-01-31": "84.81%", "2013-10-31": "160.75%", "2013-07-31": "206.05%", "2013-04-30": "298.80%", "2013-01-31": "216.08%", "2012-10-31": "173.97%", "2012-07-31": "129.46%", "2012-04-30": "104.31%", "2012-01-31": "119.16%", "2011-10-31": "206.92%", "2011-07-31": "1281.42%", "2011-04-30": "-671.07%", "2011-01-31": "-233.91%", "2010-10-31": "-318.23%", "2010-07-31": "-444.24%", "2010-04-30": "-763.35%", "2010-01-31": "-630.57%", "2009-10-31": "-448.40%", "2009-07-31": "-472.20%", "2009-04-30": "-284.88%", "2009-01-31": "-152.97%", "2008-10-31": "-80.00%", "2008-07-31": "33.89%", "2008-04-30": "87.01%", "2008-01-31": "316.36%", "2007-10-31": "3118.03%", "2007-07-31": "-455.74%", "2007-04-30": "-202.10%", "2007-01-31": "59.73%", "2006-10-31": "101.21%", "2006-07-31": "129.12%", "2006-04-30": "144.62%", "2006-01-31": "235.83%", "2005-10-31": "260.04%"}, "dividend yield history": {"last payout": "$1.04", "last yield": "5.48%"}}