{"ticker": "HAIN", "price": {"title": "Hain Celestial Historical Annual Stock Price Data", "value": 40.8, "historical": {"2021": {"Average Stock Price": "40.9010", "Year Open": "39.6400", "Year High": "44.7500", "Year Low": "39.6400", "Year Close": "40.8000", "Annual % Change": "1.62%"}, "2020": {"Average Stock Price": "30.8921", "Year Open": "25.2000", "Year High": "40.3200", "Year Low": "20.5000", "Year Close": "40.1500", "Annual % Change": "54.69%"}, "2019": {"Average Stock Price": "21.5360", "Year Open": "16.2200", "Year High": "25.9550", "Year Low": "15.9100", "Year Close": "25.9550", "Annual % Change": "63.65%"}, "2018": {"Average Stock Price": "28.8871", "Year Open": "41.9500", "Year High": "41.9500", "Year Low": "15.4900", "Year Close": "15.8600", "Annual % Change": "-62.59%"}, "2017": {"Average Stock Price": "38.6725", "Year Open": "39.4600", "Year High": "45.0000", "Year Low": "31.6000", "Year Close": "42.3900", "Annual % Change": "8.61%"}, "2016": {"Average Stock Price": "41.3474", "Year Open": "39.7700", "Year High": "55.3500", "Year Low": "33.4600", "Year Close": "39.0300", "Annual % Change": "-3.37%"}, "2015": {"Average Stock Price": "57.7080", "Year Open": "56.9400", "Year High": "70.1500", "Year Low": "38.4100", "Year Close": "40.3900", "Annual % Change": "-30.71%"}, "2014": {"Average Stock Price": "47.7179", "Year Open": "44.8500", "Year High": "59.6750", "Year Low": "41.5300", "Year Close": "58.2900", "Annual % Change": "28.42%"}, "2013": {"Average Stock Price": "35.0595", "Year Open": "28.2400", "Year High": "45.3900", "Year Low": "26.2650", "Year Close": "45.3900", "Annual % Change": "67.43%"}, "2012": {"Average Stock Price": "26.3093", "Year Open": "18.1750", "Year High": "36.5700", "Year Low": "17.2300", "Year Close": "27.1100", "Annual % Change": "47.90%"}, "2011": {"Average Stock Price": "15.9714", "Year Open": "13.5900", "Year High": "18.9950", "Year Low": "12.9500", "Year Close": "18.3300", "Annual % Change": "35.48%"}, "2010": {"Average Stock Price": "10.6486", "Year Open": "8.6950", "Year High": "14.1650", "Year Low": "7.2550", "Year Close": "13.5300", "Annual % Change": "59.08%"}, "2009": {"Average Stock Price": "8.2449", "Year Open": "9.7550", "Year High": "9.9000", "Year Low": "5.6450", "Year Close": "8.5050", "Annual % Change": "-10.90%"}, "2008": {"Average Stock Price": "12.5201", "Year Open": "15.8800", "Year High": "15.8800", "Year Low": "7.5200", "Year Close": "9.5450", "Annual % Change": "-40.34%"}, "2007": {"Average Stock Price": "15.0766", "Year Open": "15.1050", "Year High": "17.5300", "Year Low": "13.2100", "Year Close": "16.0000", "Annual % Change": "2.53%"}, "2006": {"Average Stock Price": "12.8270", "Year Open": "10.4800", "Year High": "15.9000", "Year Low": "10.4800", "Year Close": "15.6050", "Annual % Change": "47.50%"}, "2005": {"Average Stock Price": "9.7107", "Year Open": "10.3650", "Year High": "11.2200", "Year Low": "8.6000", "Year Close": "10.5800", "Annual % Change": "2.37%"}, "2004": {"Average Stock Price": "9.6210", "Year Open": "11.7400", "Year High": "12.0450", "Year Low": "7.6200", "Year Close": "10.3350", "Annual % Change": "-10.94%"}, "2003": {"Average Stock Price": "8.7332", "Year Open": "7.7500", "Year High": "12.0100", "Year Low": "5.9200", "Year Close": "11.6050", "Annual % Change": "52.70%"}, "2002": {"Average Stock Price": "8.6357", "Year Open": "13.4500", "Year High": "13.4500", "Year Low": "6.0650", "Year Close": "7.6000", "Annual % Change": "-44.65%"}, "2001": {"Average Stock Price": "12.8289", "Year Open": "15.8450", "Year High": "18.0000", "Year Low": "9.0300", "Year Close": "13.7300", "Annual % Change": "-15.51%"}, "2000": {"Average Stock Price": "15.0801", "Year Open": "11.0650", "Year High": "19.8450", "Year Low": "10.4400", "Year Close": "16.2500", "Annual % Change": "45.22%"}, "1999": {"Average Stock Price": "11.0653", "Year Open": "11.5650", "Year High": "14.2200", "Year Low": "7.5650", "Year Close": "11.1900", "Annual % Change": "-10.48%"}, "1998": {"Average Stock Price": "9.3119", "Year Open": "4.5315", "Year High": "13.8750", "Year Low": "4.5315", "Year Close": "12.5000", "Annual % Change": "172.09%"}, "1997": {"Average Stock Price": "3.5480", "Year Open": "1.7200", "Year High": "6.3750", "Year Low": "1.6900", "Year Close": "4.5940", "Annual % Change": "171.83%"}, "1996": {"Average Stock Price": "1.7450", "Year Open": "1.6550", "Year High": "2.0600", "Year Low": "1.4700", "Year Close": "1.6900", "Annual % Change": "7.99%"}, "1995": {"Average Stock Price": "2.0381", "Year Open": "2.3750", "Year High": "2.7500", "Year Low": "1.4700", "Year Close": "1.5650", "Annual % Change": "-32.40%"}}}, "market cap": {"value": "$4.11B"}, "income statement": {"Revenue": {"2020-06-30": "2053.90300", "2019-06-30": "2104.60600", "2018-06-30": "2265.67000", "2017-06-30": "2343.50500", "2016-06-30": "2392.86400", "2015-06-30": "2609.61300", "2014-06-30": "2107.82200", "2013-06-30": "1734.68300", "2012-06-30": "1378.24700", "2011-06-30": "1108.54600", "2010-06-30": "890.00700", "2009-06-30": "1122.73400", "2008-06-30": "1046.59300", "2007-06-30": "900.43200", "2006-06-30": "738.55700", "2005-06-30": "619.96700"}, "Cost Of Goods Sold": {"2020-06-30": "1588.13300", "2019-06-30": "1706.10900", "2018-06-30": "1798.41300", "2017-06-30": "1824.10900", "2016-06-30": "1827.40200", "2015-06-30": "2046.75800", "2014-06-30": "1579.54000", "2013-06-30": "1259.82300", "2012-06-30": "995.77700", "2011-06-30": "788.70900", "2010-06-30": "641.24900", "2009-06-30": "876.34400", "2008-06-30": "772.06200", "2007-06-30": "639.00200", "2006-06-30": "525.20500", "2005-06-30": "449.01000"}, "Gross Profit": {"2020-06-30": "465.77000", "2019-06-30": "398.49690", "2018-06-30": "467.25700", "2017-06-30": "519.39590", "2016-06-30": "565.46200", "2015-06-30": "562.85500", "2014-06-30": "528.28200", "2013-06-30": "474.86000", "2012-06-30": "382.47000", "2011-06-30": "319.83700", "2010-06-30": "248.75800", "2009-06-30": "246.39000", "2008-06-30": "274.53100", "2007-06-30": "261.43000", "2006-06-30": "213.35200", "2005-06-30": "170.95700"}, "Research And Development Expenses": {"2020-06-30": "", "2019-06-30": "", "2018-06-30": "", "2017-06-30": "", "2016-06-30": "", "2015-06-30": "", "2014-06-30": "", "2013-06-30": "", "2012-06-30": "", "2011-06-30": "", "2010-06-30": "", "2009-06-30": "", "2008-06-30": "", "2007-06-30": "", "2006-06-30": "", "2005-06-30": ""}, "SG&A Expenses": {"2020-06-30": "324.37600", "2019-06-30": "314.00000", "2018-06-30": "316.28500", "2017-06-30": "312.58300", "2016-06-30": "288.02300", "2015-06-30": "302.82700", "2014-06-30": "279.51000", "2013-06-30": "274.75000", "2012-06-30": "229.56600", "2011-06-30": "204.16300", "2010-06-30": "165.91800", "2009-06-30": "198.29100", "2008-06-30": "193.90700", "2007-06-30": "177.45300", "2006-06-30": "148.29500", "2005-06-30": "130.41600"}, "Other Operating Income Or Expenses": {"2020-06-30": "-73.71400", "2019-06-30": "-103.85600", "2018-06-30": "-48.36800", "2017-06-30": "-80.40200", "2016-06-30": "-43.20000", "2015-06-30": "-1.00400", "2014-06-30": "-6.39900", "2013-06-30": "", "2012-06-30": "", "2011-06-30": "", "2010-06-30": "", "2009-06-30": "-52.63000", "2008-06-30": "", "2007-06-30": "", "2006-06-30": "", "2005-06-30": ""}, "Operating Expenses": {"2020-06-30": "1997.86100", "2019-06-30": "2137.09900", "2018-06-30": "2179.00000", "2017-06-30": "2234.08200", "2016-06-30": "2274.06300", "2015-06-30": "2375.75100", "2014-06-30": "1891.07600", "2013-06-30": "1560.37100", "2012-06-30": "1226.71900", "2011-06-30": "997.37190", "2010-06-30": "809.91800", "2009-06-30": "1131.41000", "2008-06-30": "969.83700", "2007-06-30": "816.45500", "2006-06-30": "673.50000", "2005-06-30": "579.42600"}, "Operating Income": {"2020-06-30": "56.04210", "2019-06-30": "-32.49320", "2018-06-30": "86.67020", "2017-06-30": "109.42260", "2016-06-30": "118.80100", "2015-06-30": "233.86230", "2014-06-30": "216.74600", "2013-06-30": "174.31200", "2012-06-30": "151.52800", "2011-06-30": "111.17410", "2010-06-30": "80.08910", "2009-06-30": "-8.67600", "2008-06-30": "76.75600", "2007-06-30": "83.97700", "2006-06-30": "65.05700", "2005-06-30": "40.54100"}, "Total Non-Operating Income/Expense": {"2020-06-30": "-22.21400", "2019-06-30": "-23.51100", "2018-06-30": "-14.23600", "2017-06-30": "-21.54500", "2016-06-30": "-31.73200", "2015-06-30": "-20.99300", "2014-06-30": "-19.58600", "2013-06-30": "-20.49000", "2012-06-30": "-17.30000", "2011-06-30": "-12.24700", "2010-06-30": "-11.79700", "2009-06-30": "-15.14500", "2008-06-30": "-8.61900", "2007-06-30": "-6.88500", "2006-06-30": "-5.91100", "2005-06-30": "-3.67700"}, "Pre-Tax Income": {"2020-06-30": "33.82800", "2019-06-30": "-56.00400", "2018-06-30": "72.43400", "2017-06-30": "87.87800", "2016-06-30": "87.06900", "2015-06-30": "212.86900", "2014-06-30": "197.16000", "2013-06-30": "153.82200", "2012-06-30": "134.22800", "2011-06-30": "98.92700", "2010-06-30": "68.29200", "2009-06-30": "-23.82100", "2008-06-30": "68.13700", "2007-06-30": "77.09200", "2006-06-30": "59.14600", "2005-06-30": "36.86400"}, "Income Taxes": {"2020-06-30": "6.20500", "2019-06-30": "-3.23200", "2018-06-30": "-1.97100", "2017-06-30": "22.46600", "2016-06-30": "59.45100", "2015-06-30": "48.53500", "2014-06-30": "69.60800", "2013-06-30": "34.32400", "2012-06-30": "41.15400", "2011-06-30": "37.80800", "2010-06-30": "28.36200", "2009-06-30": "5.63700", "2008-06-30": "25.21800", "2007-06-30": "29.61000", "2006-06-30": "22.77900", "2005-06-30": "12.80300"}, "Income After Taxes": {"2020-06-30": "27.62300", "2019-06-30": "-52.77200", "2018-06-30": "74.40500", "2017-06-30": "65.41200", "2016-06-30": "27.61800", "2015-06-30": "164.33400", "2014-06-30": "127.55200", "2013-06-30": "119.49800", "2012-06-30": "93.07400", "2011-06-30": "61.11900", "2010-06-30": "39.93000", "2009-06-30": "-29.45800", "2008-06-30": "42.91900", "2007-06-30": "47.48200", "2006-06-30": "36.36700", "2005-06-30": "24.06100"}, "Other Income": {"2020-06-30": "", "2019-06-30": "", "2018-06-30": "", "2017-06-30": "", "2016-06-30": "", "2015-06-30": "", "2014-06-30": "", "2013-06-30": "", "2012-06-30": "", "2011-06-30": "", "2010-06-30": "", "2009-06-30": "", "2008-06-30": "", "2007-06-30": "", "2006-06-30": "", "2005-06-30": ""}, "Income From Continuous Operations": {"2020-06-30": "25.63400", "2019-06-30": "-53.42700", "2018-06-30": "74.74400", "2017-06-30": "65.54100", "2016-06-30": "27.57100", "2015-06-30": "164.96200", "2014-06-30": "131.55100", "2013-06-30": "119.79300", "2012-06-30": "94.21400", "2011-06-30": "58.97100", "2010-06-30": "38.19100", "2009-06-30": "-29.45800", "2008-06-30": "42.91900", "2007-06-30": "47.48200", "2006-06-30": "36.36700", "2005-06-30": "24.06100"}, "Income From Discontinued Operations": {"2020-06-30": "-106.04100", "2019-06-30": "-129.88700", "2018-06-30": "-65.05000", "2017-06-30": "1.88900", "2016-06-30": "19.85800", "2015-06-30": "", "2014-06-30": "-1.62900", "2013-06-30": "-5.13700", "2012-06-30": "-14.98900", "2011-06-30": "-3.98900", "2010-06-30": "-9.57200", "2009-06-30": "", "2008-06-30": "", "2007-06-30": "", "2006-06-30": "", "2005-06-30": ""}, "Net Income": {"2020-06-30": "-80.40700", "2019-06-30": "-183.31400", "2018-06-30": "9.69400", "2017-06-30": "67.43000", "2016-06-30": "47.42900", "2015-06-30": "164.96200", "2014-06-30": "129.92200", "2013-06-30": "114.65600", "2012-06-30": "79.22500", "2011-06-30": "54.98200", "2010-06-30": "28.61900", "2009-06-30": "-24.72300", "2008-06-30": "41.22100", "2007-06-30": "47.48200", "2006-06-30": "36.36700", "2005-06-30": "24.06100"}, "EBITDA": {"2020-06-30": "108.52410", "2019-06-30": "18.40480", "2018-06-30": "148.70520", "2017-06-30": "168.99060", "2016-06-30": "177.49000", "2015-06-30": "291.24230", "2014-06-30": "264.96800", "2013-06-30": "214.40700", "2012-06-30": "181.98700", "2011-06-30": "135.29810", "2010-06-30": "98.86110", "2009-06-30": "12.67800", "2008-06-30": "96.73600", "2007-06-30": "99.66900", "2006-06-30": "77.60600", "2005-06-30": "54.37900"}, "EBIT": {"2020-06-30": "56.04210", "2019-06-30": "-32.49320", "2018-06-30": "86.67020", "2017-06-30": "109.42260", "2016-06-30": "118.80100", "2015-06-30": "233.86230", "2014-06-30": "216.74600", "2013-06-30": "174.31200", "2012-06-30": "151.52800", "2011-06-30": "111.17410", "2010-06-30": "80.08910", "2009-06-30": "-8.67600", "2008-06-30": "76.75600", "2007-06-30": "83.97700", "2006-06-30": "65.05700", "2005-06-30": "40.54100"}, "Basic Shares Outstanding": {"2020-06-30": "103.61800", "2019-06-30": "104.07600", "2018-06-30": "103.84800", "2017-06-30": "103.61100", "2016-06-30": "103.13500", "2015-06-30": "101.70300", "2014-06-30": "97.75000", "2013-06-30": "92.35200", "2012-06-30": "88.72000", "2011-06-30": "86.33000", "2010-06-30": "81.78000", "2009-06-30": "80.96600", "2008-06-30": "80.15400", "2007-06-30": "78.63000", "2006-06-30": "75.28600", "2005-06-30": "72.81400"}, "Shares Outstanding": {"2020-06-30": "103.93700", "2019-06-30": "104.07600", "2018-06-30": "104.47700", "2017-06-30": "104.24800", "2016-06-30": "104.18300", "2015-06-30": "103.42100", "2014-06-30": "100.00600", "2013-06-30": "95.14400", "2012-06-30": "91.69400", "2011-06-30": "89.07400", "2010-06-30": "83.02800", "2009-06-30": "80.96600", "2008-06-30": "83.53000", "2007-06-30": "82.21600", "2006-06-30": "77.82400", "2005-06-30": "74.30600"}, "Basic EPS": {"2020-06-30": "-0.77000", "2019-06-30": "-1.76000", "2018-06-30": "0.09000", "2017-06-30": "0.65000", "2016-06-30": "0.46000", "2015-06-30": "1.62000", "2014-06-30": "1.33000", "2013-06-30": "1.24000", "2012-06-30": "0.89500", "2011-06-30": "0.63500", "2010-06-30": "0.35000", "2009-06-30": "-0.30500", "2008-06-30": "0.51500", "2007-06-30": "0.60500", "2006-06-30": "0.48500", "2005-06-30": "0.33000"}, "EPS - Earnings Per Share": {"2020-06-30": "-0.77000", "2019-06-30": "-1.76000", "2018-06-30": "0.09000", "2017-06-30": "0.65000", "2016-06-30": "0.46000", "2015-06-30": "1.60000", "2014-06-30": "1.30000", "2013-06-30": "1.21000", "2012-06-30": "0.86500", "2011-06-30": "0.61500", "2010-06-30": "0.34500", "2009-06-30": "-0.30500", "2008-06-30": "0.49500", "2007-06-30": "0.58000", "2006-06-30": "0.46500", "2005-06-30": "0.32500"}}, "income statement, quarterly": {"Revenue": {"2020-09-30": "498.62700", "2020-06-30": "511.74610", "2020-03-31": "553.29700", "2019-12-31": "506.78400", "2019-09-30": "482.07600", "2019-06-30": "505.30490", "2019-03-31": "547.25700", "2018-12-31": "533.56600", "2018-09-30": "518.47800", "2018-06-30": "427.49900", "2018-03-31": "632.72000", "2017-12-31": "616.23200", "2017-09-30": "589.21900", "2017-06-30": "333.24390", "2017-03-31": "588.79800", "2016-12-31": "739.99900", "2016-09-30": "681.46400", "2016-06-30": "245.03690", "2016-03-31": "736.66300", "2015-12-31": "743.43700", "2015-09-30": "667.72700", "2015-06-30": "619.23390", "2015-03-31": "662.73900", "2014-12-31": "696.38300", "2014-09-30": "631.25700", "2014-06-30": "538.03910", "2014-03-31": "557.42000", "2013-12-31": "534.87900", "2013-09-30": "477.48400", "2013-06-30": "463.47000", "2013-03-31": "456.08700", "2012-12-31": "455.31900", "2012-09-30": "359.80700", "2012-06-30": "350.79190", "2012-03-31": "375.78100", "2011-12-31": "364.83700", "2011-09-30": "286.83700", "2011-06-30": "270.32100", "2011-03-31": "288.38600", "2010-12-31": "291.87800", "2010-09-30": "257.96100", "2010-06-30": "195.45800", "2010-03-31": "222.09800", "2009-12-31": "241.96700", "2009-09-30": "230.48400", "2009-06-30": "258.80210", "2009-03-31": "264.92800", "2008-12-31": "312.22000", "2008-09-30": "286.78400", "2008-06-30": "268.48310", "2008-03-31": "264.63200", "2007-12-31": "276.23300", "2007-09-30": "237.24500", "2007-06-30": "222.32000", "2007-03-31": "238.02700", "2006-12-31": "230.19000", "2006-09-30": "209.89500", "2006-06-30": "194.79000", "2006-03-31": "196.44300", "2005-12-31": "186.22700", "2005-09-30": "161.09700", "2005-06-30": "151.34900", "2005-03-31": "161.26100"}, "Cost Of Goods Sold": {"2020-09-30": "379.46300", "2020-06-30": "381.80910", "2020-03-31": "420.90200", "2019-12-31": "401.17700", "2019-09-30": "384.24500", "2019-06-30": "410.27510", "2019-03-31": "434.04900", "2018-12-31": "432.21500", "2018-09-30": "429.57000", "2018-06-30": "350.59300", "2018-03-31": "499.70700", "2017-12-31": "482.28200", "2017-09-30": "465.83100", "2017-06-30": "201.31100", "2017-03-31": "449.59500", "2016-12-31": "601.60600", "2016-09-30": "571.59700", "2016-06-30": "143.62490", "2016-03-31": "576.75500", "2015-12-31": "577.17600", "2015-09-30": "529.84600", "2015-06-30": "507.29900", "2015-03-31": "504.99000", "2014-12-31": "529.05600", "2014-09-30": "505.41300", "2014-06-30": "424.75010", "2014-03-31": "404.62700", "2013-12-31": "391.80200", "2013-09-30": "358.36100", "2013-06-30": "340.74800", "2013-03-31": "329.92400", "2012-12-31": "324.55600", "2012-09-30": "264.59500", "2012-06-30": "257.39200", "2012-03-31": "271.10000", "2011-12-31": "260.25200", "2011-09-30": "207.03300", "2011-06-30": "188.54200", "2011-03-31": "205.82200", "2010-12-31": "206.48600", "2010-09-30": "187.85900", "2010-06-30": "139.91000", "2010-03-31": "160.59600", "2009-12-31": "172.06700", "2009-09-30": "168.67600", "2009-06-30": "211.62200", "2009-03-31": "204.93300", "2008-12-31": "241.83800", "2008-09-30": "217.95100", "2008-06-30": "210.66900", "2008-03-31": "195.91000", "2007-12-31": "197.08900", "2007-09-30": "168.39400", "2007-06-30": "160.32900", "2007-03-31": "167.28900", "2006-12-31": "160.31900", "2006-09-30": "151.06500", "2006-06-30": "143.13600", "2006-03-31": "138.76000", "2005-12-31": "128.06100", "2005-09-30": "115.24800", "2005-06-30": "118.06600", "2005-03-31": "115.79300"}, "Gross Profit": {"2020-09-30": "119.16400", "2020-06-30": "129.93700", "2020-03-31": "132.39500", "2019-12-31": "105.60700", "2019-09-30": "97.83100", "2019-06-30": "95.02980", "2019-03-31": "113.20800", "2018-12-31": "101.35100", "2018-09-30": "88.90800", "2018-06-30": "76.90600", "2018-03-31": "133.01300", "2017-12-31": "133.95000", "2017-09-30": "123.38800", "2017-06-30": "131.93290", "2017-03-31": "139.20300", "2016-12-31": "138.39300", "2016-09-30": "109.86700", "2016-06-30": "101.41200", "2016-03-31": "159.90800", "2015-12-31": "166.26100", "2015-09-30": "137.88100", "2015-06-30": "111.93490", "2015-03-31": "157.74900", "2014-12-31": "167.32700", "2014-09-30": "125.84400", "2014-06-30": "113.28900", "2014-03-31": "152.79300", "2013-12-31": "143.07700", "2013-09-30": "119.12300", "2013-06-30": "122.72200", "2013-03-31": "126.16300", "2012-12-31": "130.76300", "2012-09-30": "95.21200", "2012-06-30": "93.39990", "2012-03-31": "104.68100", "2011-12-31": "104.58500", "2011-09-30": "79.80400", "2011-06-30": "81.77910", "2011-03-31": "82.56400", "2010-12-31": "85.39200", "2010-09-30": "70.10200", "2010-06-30": "55.54800", "2010-03-31": "61.50200", "2009-12-31": "69.90000", "2009-09-30": "61.80800", "2009-06-30": "47.18010", "2009-03-31": "59.99500", "2008-12-31": "70.38200", "2008-09-30": "68.83300", "2008-06-30": "57.81410", "2008-03-31": "68.72200", "2007-12-31": "79.14400", "2007-09-30": "68.85100", "2007-06-30": "61.99100", "2007-03-31": "70.73800", "2006-12-31": "69.87100", "2006-09-30": "58.83000", "2006-06-30": "51.65400", "2006-03-31": "57.68300", "2005-12-31": "58.16600", "2005-09-30": "45.84900", "2005-06-30": "33.28300", "2005-03-31": "45.46800"}, "Research And Development Expenses": {"2020-09-30": "", "2020-06-30": "", "2020-03-31": "", "2019-12-31": "", "2019-09-30": "", "2019-06-30": "", "2019-03-31": "", "2018-12-31": "", "2018-09-30": "", "2018-06-30": "", "2018-03-31": "", "2017-12-31": "", "2017-09-30": "", "2017-06-30": "", "2017-03-31": "", "2016-12-31": "", "2016-09-30": "", "2016-06-30": "", "2016-03-31": "", "2015-12-31": "", "2015-09-30": "", "2015-06-30": "", "2015-03-31": "", "2014-12-31": "", "2014-09-30": "", "2014-06-30": "", "2014-03-31": "", "2013-12-31": "", "2013-09-30": "", "2013-06-30": "", "2013-03-31": "", "2012-12-31": "", "2012-09-30": "", "2012-06-30": "", "2012-03-31": "", "2011-12-31": "", "2011-09-30": "", "2011-06-30": "", "2011-03-31": "", "2010-12-31": "", "2010-09-30": "", "2010-06-30": "", "2010-03-31": "", "2009-12-31": "", "2009-09-30": "", "2009-06-30": "", "2009-03-31": "", "2008-12-31": "", "2008-09-30": "", "2008-06-30": "", "2008-03-31": "", "2007-12-31": "", "2007-09-30": "", "2007-06-30": "", "2007-03-31": "", "2006-12-31": "", "2006-09-30": "", "2006-06-30": "", "2006-03-31": "", "2005-12-31": "", "2005-09-30": "", "2005-06-30": "", "2005-03-31": ""}, "SG&A Expenses": {"2020-09-30": "79.15200", "2020-06-30": "79.17100", "2020-03-31": "85.44700", "2019-12-31": "79.07800", "2019-09-30": "80.68000", "2019-06-30": "78.43900", "2019-03-31": "81.08800", "2018-12-31": "78.49600", "2018-09-30": "75.97700", "2018-06-30": "57.69700", "2018-03-31": "86.06300", "2017-12-31": "86.44400", "2017-09-30": "86.08100", "2017-06-30": "66.26000", "2017-03-31": "76.16900", "2016-12-31": "85.18700", "2016-09-30": "84.96700", "2016-06-30": "64.60200", "2016-03-31": "78.89000", "2015-12-31": "68.98100", "2015-09-30": "75.55000", "2015-06-30": "40.21400", "2015-03-31": "83.06800", "2014-12-31": "88.62100", "2014-09-30": "90.92400", "2014-06-30": "52.41800", "2014-03-31": "78.26800", "2013-12-31": "75.23700", "2013-09-30": "73.58700", "2013-06-30": "72.09800", "2013-03-31": "70.08700", "2012-12-31": "72.90300", "2012-09-30": "59.66200", "2012-06-30": "49.14200", "2012-03-31": "62.52800", "2011-12-31": "63.46000", "2011-09-30": "54.43600", "2011-06-30": "45.34900", "2011-03-31": "53.66400", "2010-12-31": "55.00400", "2010-09-30": "50.14600", "2010-06-30": "34.01100", "2010-03-31": "42.16100", "2009-12-31": "47.18200", "2009-09-30": "42.56400", "2009-06-30": "49.76200", "2009-03-31": "45.21300", "2008-12-31": "49.97700", "2008-09-30": "53.33900", "2008-06-30": "42.18800", "2008-03-31": "51.29100", "2007-12-31": "49.88200", "2007-09-30": "50.54600", "2007-06-30": "43.35900", "2007-03-31": "47.19800", "2006-12-31": "44.94600", "2006-09-30": "41.95000", "2006-06-30": "35.87200", "2006-03-31": "41.56600", "2005-12-31": "36.98800", "2005-09-30": "33.86900", "2005-06-30": "33.31800", "2005-03-31": "33.74000"}, "Other Operating Income Or Expenses": {"2020-09-30": "-34.29900", "2020-06-30": "-23.31300", "2020-03-31": "-24.63900", "2019-12-31": "-14.14900", "2019-09-30": "-11.61300", "2019-06-30": "-16.04400", "2019-03-31": "-9.86300", "2018-12-31": "-40.41300", "2018-09-30": "-37.53600", "2018-06-30": "-19.92400", "2018-03-31": "-12.98300", "2017-12-31": "-11.96900", "2017-09-30": "-3.49200", "2017-06-30": "-60.31300", "2017-03-31": "-7.12400", "2016-12-31": "-7.00500", "2016-09-30": "-5.96000", "2016-06-30": "", "2016-03-31": "", "2015-12-31": "", "2015-09-30": "", "2015-06-30": "9.18500", "2015-03-31": "-10.18900", "2014-12-31": "", "2014-09-30": "", "2014-06-30": "", "2014-03-31": "", "2013-12-31": "", "2013-09-30": "", "2013-06-30": "", "2013-03-31": "", "2012-12-31": "", "2012-09-30": "", "2012-06-30": "", "2012-03-31": "", "2011-12-31": "", "2011-09-30": "", "2011-06-30": "", "2011-03-31": "", "2010-12-31": "", "2010-09-30": "", "2010-06-30": "", "2010-03-31": "", "2009-12-31": "", "2009-09-30": "", "2009-06-30": "-0.06300", "2009-03-31": "-52.56700", "2008-12-31": "", "2008-09-30": "", "2008-06-30": "", "2008-03-31": "", "2007-12-31": "", "2007-09-30": "", "2007-06-30": "", "2007-03-31": "", "2006-12-31": "", "2006-09-30": "", "2006-06-30": "", "2006-03-31": "", "2005-12-31": "", "2005-09-30": "", "2005-06-30": "", "2005-03-31": ""}, "Operating Expenses": {"2020-09-30": "495.34700", "2020-06-30": "486.48500", "2020-03-31": "534.16200", "2019-12-31": "497.59300", "2019-09-30": "479.62100", "2019-06-30": "507.94620", "2019-03-31": "528.26500", "2018-12-31": "554.44600", "2018-09-30": "546.44200", "2018-06-30": "430.28870", "2018-03-31": "603.46600", "2017-12-31": "585.26700", "2017-09-30": "559.97800", "2017-06-30": "328.59330", "2017-03-31": "539.17700", "2016-12-31": "698.59900", "2016-09-30": "667.71300", "2016-06-30": "341.73400", "2016-03-31": "665.51500", "2015-12-31": "653.35900", "2015-09-30": "613.45500", "2015-06-30": "548.40480", "2015-03-31": "602.54500", "2014-12-31": "622.37100", "2014-09-30": "602.43000", "2014-06-30": "489.00700", "2014-03-31": "493.79100", "2013-12-31": "470.56600", "2013-09-30": "437.71200", "2013-06-30": "423.73710", "2013-03-31": "405.02800", "2012-12-31": "404.07500", "2012-09-30": "327.53100", "2012-06-30": "300.93800", "2012-03-31": "334.14800", "2011-12-31": "328.63300", "2011-09-30": "263.00000", "2011-06-30": "238.22190", "2011-03-31": "257.56600", "2010-12-31": "262.16600", "2010-09-30": "239.41800", "2010-06-30": "173.73600", "2010-03-31": "202.75700", "2009-12-31": "220.40600", "2009-09-30": "213.01900", "2009-06-30": "262.15400", "2009-03-31": "304.65900", "2008-12-31": "292.70900", "2008-09-30": "271.88800", "2008-06-30": "256.72500", "2008-03-31": "247.20100", "2007-12-31": "246.97100", "2007-09-30": "218.94000", "2007-06-30": "203.68800", "2007-03-31": "214.48700", "2006-12-31": "205.26500", "2006-09-30": "193.01500", "2006-06-30": "179.00800", "2006-03-31": "180.32600", "2005-12-31": "165.04900", "2005-09-30": "149.11700", "2005-06-30": "151.38400", "2005-03-31": "149.53300"}, "Operating Income": {"2020-09-30": "3.28000", "2020-06-30": "25.26110", "2020-03-31": "19.13500", "2019-12-31": "9.19100", "2019-09-30": "2.45500", "2019-06-30": "-2.64130", "2019-03-31": "18.99200", "2018-12-31": "-20.88000", "2018-09-30": "-27.96400", "2018-06-30": "-2.78970", "2018-03-31": "29.25400", "2017-12-31": "30.96500", "2017-09-30": "29.24100", "2017-06-30": "4.65060", "2017-03-31": "49.62100", "2016-12-31": "41.40000", "2016-09-30": "13.75100", "2016-06-30": "-96.69710", "2016-03-31": "71.14800", "2015-12-31": "90.07800", "2015-09-30": "54.27200", "2015-06-30": "70.82910", "2015-03-31": "60.19400", "2014-12-31": "74.01200", "2014-09-30": "28.82700", "2014-06-30": "49.03200", "2014-03-31": "63.62900", "2013-12-31": "64.31300", "2013-09-30": "39.77200", "2013-06-30": "39.73290", "2013-03-31": "51.05900", "2012-12-31": "51.24400", "2012-09-30": "32.27600", "2012-06-30": "49.85390", "2012-03-31": "41.63300", "2011-12-31": "36.20400", "2011-09-30": "23.83700", "2011-06-30": "32.09910", "2011-03-31": "30.82000", "2010-12-31": "29.71200", "2010-09-30": "18.54300", "2010-06-30": "21.72200", "2010-03-31": "19.34100", "2009-12-31": "21.56100", "2009-09-30": "17.46500", "2009-06-30": "-3.35190", "2009-03-31": "-39.73100", "2008-12-31": "19.51100", "2008-09-30": "14.89600", "2008-06-30": "11.75810", "2008-03-31": "17.43100", "2007-12-31": "29.26200", "2007-09-30": "18.30500", "2007-06-30": "18.63200", "2007-03-31": "23.54000", "2006-12-31": "24.92500", "2006-09-30": "16.88000", "2006-06-30": "15.78200", "2006-03-31": "16.11700", "2005-12-31": "21.17800", "2005-09-30": "11.98000", "2005-06-30": "-0.03500", "2005-03-31": "11.72800"}, "Total Non-Operating Income/Expense": {"2020-09-30": "-1.08000", "2020-06-30": "-4.83400", "2020-03-31": "-3.77700", "2019-12-31": "-5.98100", "2019-09-30": "-7.62200", "2019-06-30": "-5.73700", "2019-03-31": "-7.06100", "2018-12-31": "-5.79900", "2018-09-30": "-4.91400", "2018-06-30": "-0.14000", "2018-03-31": "-5.22200", "2017-12-31": "-5.71900", "2017-09-30": "-3.15500", "2017-06-30": "-5.76100", "2017-03-31": "-7.47100", "2016-12-31": "-3.74400", "2016-09-30": "-4.56900", "2016-06-30": "-12.21400", "2016-03-31": "1.71500", "2015-12-31": "-9.36500", "2015-09-30": "-11.86800", "2015-06-30": "0.38700", "2015-03-31": "-8.64000", "2014-12-31": "-8.81400", "2014-09-30": "-3.92600", "2014-06-30": "-3.74700", "2014-03-31": "-5.94600", "2013-12-31": "-5.95500", "2013-09-30": "-3.93800", "2013-06-30": "-5.39000", "2013-03-31": "-7.91300", "2012-12-31": "-3.29500", "2012-09-30": "-3.89200", "2012-06-30": "-4.95000", "2012-03-31": "-4.19400", "2011-12-31": "-4.60700", "2011-09-30": "-3.54900", "2011-06-30": "-3.41200", "2011-03-31": "-2.85100", "2010-12-31": "-3.52700", "2010-09-30": "-2.45700", "2010-06-30": "-3.21600", "2010-03-31": "-2.02400", "2009-12-31": "-3.51500", "2009-09-30": "-3.04200", "2009-06-30": "-1.42900", "2009-03-31": "-4.50800", "2008-12-31": "-5.22400", "2008-09-30": "-3.98400", "2008-06-30": "0.18000", "2008-03-31": "-3.52800", "2007-12-31": "-4.31200", "2007-09-30": "-0.95900", "2007-06-30": "-0.01900", "2007-03-31": "-3.29200", "2006-12-31": "-1.75400", "2006-09-30": "-1.82000", "2006-06-30": "-2.15200", "2006-03-31": "-1.58200", "2005-12-31": "-1.30900", "2005-09-30": "-0.86800", "2005-06-30": "-1.28700", "2005-03-31": "-1.18200"}, "Pre-Tax Income": {"2020-09-30": "2.20000", "2020-06-30": "20.42700", "2020-03-31": "15.35800", "2019-12-31": "3.21000", "2019-09-30": "-5.16700", "2019-06-30": "-8.37800", "2019-03-31": "11.93100", "2018-12-31": "-26.67900", "2018-09-30": "-32.87800", "2018-06-30": "-2.93000", "2018-03-31": "24.03200", "2017-12-31": "25.24600", "2017-09-30": "26.08600", "2017-06-30": "-1.11000", "2017-03-31": "42.15000", "2016-12-31": "37.65600", "2016-09-30": "9.18200", "2016-06-30": "-108.91100", "2016-03-31": "72.86300", "2015-12-31": "80.71300", "2015-09-30": "42.40400", "2015-06-30": "71.21600", "2015-03-31": "51.55400", "2014-12-31": "65.19800", "2014-09-30": "24.90100", "2014-06-30": "45.28500", "2014-03-31": "57.68300", "2013-12-31": "58.35800", "2013-09-30": "35.83400", "2013-06-30": "34.34300", "2013-03-31": "43.14600", "2012-12-31": "47.94900", "2012-09-30": "28.38400", "2012-06-30": "44.90400", "2012-03-31": "37.43900", "2011-12-31": "31.59700", "2011-09-30": "20.28800", "2011-06-30": "28.68700", "2011-03-31": "27.96900", "2010-12-31": "26.18500", "2010-09-30": "16.08600", "2010-06-30": "18.50600", "2010-03-31": "17.31700", "2009-12-31": "18.04600", "2009-09-30": "14.42300", "2009-06-30": "-4.78100", "2009-03-31": "-44.23900", "2008-12-31": "14.28700", "2008-09-30": "10.91200", "2008-06-30": "11.93800", "2008-03-31": "13.90300", "2007-12-31": "24.95000", "2007-09-30": "17.34600", "2007-06-30": "18.61300", "2007-03-31": "20.24800", "2006-12-31": "23.17100", "2006-09-30": "15.06000", "2006-06-30": "13.63000", "2006-03-31": "14.53500", "2005-12-31": "19.86900", "2005-09-30": "11.11200", "2005-06-30": "-1.32200", "2005-03-31": "10.54600"}, "Income Taxes": {"2020-09-30": "12.96200", "2020-06-30": "15.95800", "2020-03-31": "-10.24200", "2019-12-31": "1.02000", "2019-09-30": "-0.53100", "2019-06-30": "-1.30600", "2019-03-31": "2.94300", "2018-12-31": "5.09700", "2018-09-30": "-9.96600", "2018-06-30": "9.54500", "2018-03-31": "-1.31000", "2017-12-31": "-17.69000", "2017-09-30": "7.48400", "2017-06-30": "2.04600", "2017-03-31": "9.14900", "2016-12-31": "10.50900", "2016-09-30": "0.76200", "2016-06-30": "-0.39500", "2016-03-31": "23.91400", "2015-12-31": "22.60200", "2015-09-30": "13.33000", "2015-06-30": "3.39100", "2015-03-31": "18.14700", "2014-12-31": "20.93100", "2014-09-30": "6.06600", "2014-06-30": "21.36100", "2014-03-31": "19.74800", "2013-12-31": "19.74800", "2013-09-30": "8.75100", "2013-06-30": "8.55400", "2013-03-31": "1.61000", "2012-12-31": "16.30200", "2012-09-30": "7.85800", "2012-06-30": "9.52200", "2012-03-31": "12.64800", "2011-12-31": "11.26700", "2011-09-30": "7.71700", "2011-06-30": "9.20700", "2011-03-31": "11.07600", "2010-12-31": "10.36100", "2010-09-30": "7.16400", "2010-06-30": "2.28900", "2010-03-31": "14.00800", "2009-12-31": "6.72800", "2009-09-30": "5.33700", "2009-06-30": "-3.03500", "2009-03-31": "-0.97200", "2008-12-31": "5.49800", "2008-09-30": "4.14600", "2008-06-30": "3.73600", "2008-03-31": "5.58800", "2007-12-31": "9.36800", "2007-09-30": "6.52600", "2007-06-30": "6.47300", "2007-03-31": "7.85800", "2006-12-31": "8.95800", "2006-09-30": "6.32100", "2006-06-30": "5.55500", "2006-03-31": "5.47200", "2005-12-31": "7.53100", "2005-09-30": "4.22100", "2005-06-30": "-0.82500", "2005-03-31": "2.84800"}, "Income After Taxes": {"2020-09-30": "-10.76200", "2020-06-30": "4.46900", "2020-03-31": "25.60000", "2019-12-31": "2.19000", "2019-09-30": "-4.63600", "2019-06-30": "-7.07200", "2019-03-31": "8.98800", "2018-12-31": "-31.77600", "2018-09-30": "-22.91200", "2018-06-30": "-12.47500", "2018-03-31": "25.34200", "2017-12-31": "42.93600", "2017-09-30": "18.60200", "2017-06-30": "-3.15600", "2017-03-31": "33.00100", "2016-12-31": "27.14700", "2016-09-30": "8.42000", "2016-06-30": "-108.51600", "2016-03-31": "48.94900", "2015-12-31": "58.11100", "2015-09-30": "29.07400", "2015-06-30": "67.82500", "2015-03-31": "33.40700", "2014-12-31": "44.26700", "2014-09-30": "18.83500", "2014-06-30": "23.92400", "2014-03-31": "37.93500", "2013-12-31": "38.61000", "2013-09-30": "27.08300", "2013-06-30": "25.78900", "2013-03-31": "41.53600", "2012-12-31": "31.64700", "2012-09-30": "20.52600", "2012-06-30": "35.38200", "2012-03-31": "24.79100", "2011-12-31": "20.33000", "2011-09-30": "12.57100", "2011-06-30": "19.48000", "2011-03-31": "16.89300", "2010-12-31": "15.82400", "2010-09-30": "8.92200", "2010-06-30": "16.21700", "2010-03-31": "3.30900", "2009-12-31": "11.31800", "2009-09-30": "9.08600", "2009-06-30": "-1.74600", "2009-03-31": "-43.26700", "2008-12-31": "8.78900", "2008-09-30": "6.76600", "2008-06-30": "8.20200", "2008-03-31": "8.31500", "2007-12-31": "15.58200", "2007-09-30": "10.82000", "2007-06-30": "12.14000", "2007-03-31": "12.39000", "2006-12-31": "14.21300", "2006-09-30": "8.73900", "2006-06-30": "8.07500", "2006-03-31": "9.06300", "2005-12-31": "12.33800", "2005-09-30": "6.89100", "2005-06-30": "-0.49700", "2005-03-31": "7.69800"}, "Other Income": {"2020-09-30": "", "2020-06-30": "", "2020-03-31": "", "2019-12-31": "", "2019-09-30": "", "2019-06-30": "", "2019-03-31": "", "2018-12-31": "", "2018-09-30": "", "2018-06-30": "", "2018-03-31": "", "2017-12-31": "", "2017-09-30": "", "2017-06-30": "", "2017-03-31": "", "2016-12-31": "", "2016-09-30": "", "2016-06-30": "", "2016-03-31": "", "2015-12-31": "", "2015-09-30": "", "2015-06-30": "", "2015-03-31": "", "2014-12-31": "", "2014-09-30": "", "2014-06-30": "", "2014-03-31": "", "2013-12-31": "", "2013-09-30": "", "2013-06-30": "", "2013-03-31": "", "2012-12-31": "", "2012-09-30": "", "2012-06-30": "", "2012-03-31": "", "2011-12-31": "", "2011-09-30": "", "2011-06-30": "", "2011-03-31": "", "2010-12-31": "", "2010-09-30": "", "2010-06-30": "", "2010-03-31": "", "2009-12-31": "", "2009-09-30": "", "2009-06-30": "", "2009-03-31": "", "2008-12-31": "", "2008-09-30": "", "2008-06-30": "", "2008-03-31": "", "2007-12-31": "", "2007-09-30": "", "2007-06-30": "", "2007-03-31": "", "2006-12-31": "", "2006-09-30": "", "2006-06-30": "", "2006-03-31": "", "2005-12-31": "", "2005-09-30": "", "2005-06-30": "", "2005-03-31": ""}, "Income From Continuous Operations": {"2020-09-30": "-10.78100", "2020-06-30": "3.69900", "2020-03-31": "25.03600", "2019-12-31": "1.85200", "2019-09-30": "-4.95300", "2019-06-30": "-7.33600", "2019-03-31": "8.78300", "2018-12-31": "-31.78700", "2018-09-30": "-23.08700", "2018-06-30": "-12.24000", "2018-03-31": "25.24100", "2017-12-31": "43.13000", "2017-09-30": "18.61300", "2017-06-30": "-3.07200", "2017-03-31": "32.82400", "2016-12-31": "27.18500", "2016-09-30": "8.60400", "2016-06-30": "-108.45500", "2016-03-31": "48.78800", "2015-12-31": "58.08000", "2015-09-30": "29.15800", "2015-06-30": "68.13800", "2015-03-31": "33.39400", "2014-12-31": "44.57500", "2014-09-30": "18.85500", "2014-06-30": "25.79500", "2014-03-31": "38.01800", "2013-12-31": "40.08300", "2013-09-30": "27.65500", "2013-06-30": "25.93300", "2013-03-31": "41.82900", "2012-12-31": "32.24300", "2012-09-30": "19.78800", "2012-06-30": "35.67500", "2012-03-31": "24.81900", "2011-12-31": "21.08100", "2011-09-30": "12.63900", "2011-06-30": "16.83700", "2011-03-31": "16.77200", "2010-12-31": "16.26700", "2010-09-30": "9.09500", "2010-06-30": "16.26300", "2010-03-31": "2.65600", "2009-12-31": "11.18200", "2009-09-30": "8.09000", "2009-06-30": "-1.74600", "2009-03-31": "-43.26700", "2008-12-31": "8.78900", "2008-09-30": "6.76600", "2008-06-30": "8.20200", "2008-03-31": "8.31500", "2007-12-31": "15.58200", "2007-09-30": "10.82000", "2007-06-30": "12.14000", "2007-03-31": "12.39000", "2006-12-31": "14.21300", "2006-09-30": "8.73900", "2006-06-30": "8.07500", "2006-03-31": "9.06300", "2005-12-31": "12.33800", "2005-09-30": "6.89100", "2005-06-30": "-0.49700", "2005-03-31": "7.69800"}, "Income From Discontinued Operations": {"2020-09-30": "11.26600", "2020-06-30": "-0.46000", "2020-03-31": "-0.69700", "2019-12-31": "-2.81600", "2019-09-30": "-102.06800", "2019-06-30": "-6.21500", "2019-03-31": "-74.62000", "2018-12-31": "-34.71400", "2018-09-30": "-14.33800", "2018-06-30": "-57.70100", "2018-03-31": "-12.55500", "2017-12-31": "3.97300", "2017-09-30": "1.23300", "2017-06-30": "3.38500", "2017-03-31": "-1.49600", "2016-12-31": "", "2016-09-30": "", "2016-06-30": "", "2016-03-31": "", "2015-12-31": "", "2015-09-30": "", "2015-06-30": "", "2015-03-31": "", "2014-12-31": "", "2014-09-30": "", "2014-06-30": "", "2014-03-31": "-2.77700", "2013-12-31": "1.14800", "2013-09-30": "0.00000", "2013-06-30": "0.00000", "2013-03-31": "-1.11400", "2012-12-31": "-0.62100", "2012-09-30": "-3.40200", "2012-06-30": "-12.28500", "2012-03-31": "-0.71200", "2011-12-31": "-1.04300", "2011-09-30": "-0.94900", "2011-06-30": "", "2011-03-31": "0.00000", "2010-12-31": "", "2010-09-30": "", "2010-06-30": "", "2010-03-31": "", "2009-12-31": "", "2009-09-30": "", "2009-06-30": "", "2009-03-31": "", "2008-12-31": "", "2008-09-30": "", "2008-06-30": "", "2008-03-31": "", "2007-12-31": "", "2007-09-30": "", "2007-06-30": "", "2007-03-31": "", "2006-12-31": "", "2006-09-30": "", "2006-06-30": "", "2006-03-31": "", "2005-12-31": "", "2005-09-30": "", "2005-06-30": "", "2005-03-31": ""}, "Net Income": {"2020-09-30": "0.48500", "2020-06-30": "3.23900", "2020-03-31": "24.33900", "2019-12-31": "-0.96400", "2019-09-30": "-107.02100", "2019-06-30": "-13.55100", "2019-03-31": "-65.83700", "2018-12-31": "-66.50100", "2018-09-30": "-37.42500", "2018-06-30": "-69.94100", "2018-03-31": "12.68600", "2017-12-31": "47.10300", "2017-09-30": "19.84600", "2017-06-30": "0.31300", "2017-03-31": "31.32800", "2016-12-31": "27.18500", "2016-09-30": "8.60400", "2016-06-30": "-88.59700", "2016-03-31": "48.78800", "2015-12-31": "58.08000", "2015-09-30": "29.15800", "2015-06-30": "68.13800", "2015-03-31": "33.39400", "2014-12-31": "44.57500", "2014-09-30": "18.85500", "2014-06-30": "25.79500", "2014-03-31": "35.24100", "2013-12-31": "41.23100", "2013-09-30": "27.65500", "2013-06-30": "25.93300", "2013-03-31": "40.71500", "2012-12-31": "31.62200", "2012-09-30": "16.38600", "2012-06-30": "23.39000", "2012-03-31": "24.10700", "2011-12-31": "20.03800", "2011-09-30": "11.69000", "2011-06-30": "12.84800", "2011-03-31": "16.77200", "2010-12-31": "16.26700", "2010-09-30": "9.09500", "2010-06-30": "6.69100", "2010-03-31": "2.65600", "2009-12-31": "11.18200", "2009-09-30": "8.09000", "2009-06-30": "1.26500", "2009-03-31": "-41.15000", "2008-12-31": "8.14000", "2008-09-30": "7.02200", "2008-06-30": "6.50400", "2008-03-31": "8.31500", "2007-12-31": "15.58200", "2007-09-30": "10.82000", "2007-06-30": "12.14000", "2007-03-31": "12.39000", "2006-12-31": "14.21300", "2006-09-30": "8.73900", "2006-06-30": "8.07500", "2006-03-31": "9.06300", "2005-12-31": "12.33800", "2005-09-30": "6.89100", "2005-06-30": "-0.49700", "2005-03-31": "7.69800"}, "EBITDA": {"2020-09-30": "17.04100", "2020-06-30": "37.67410", "2020-03-31": "32.06200", "2019-12-31": "22.41000", "2019-09-30": "16.37800", "2019-06-30": "10.70870", "2019-03-31": "31.47500", "2018-12-31": "-8.67500", "2018-09-30": "-15.10400", "2018-06-30": "14.10630", "2018-03-31": "44.32800", "2017-12-31": "45.88300", "2017-09-30": "44.38800", "2017-06-30": "19.48360", "2017-03-31": "60.18800", "2016-12-31": "58.34800", "2016-09-30": "30.97100", "2016-06-30": "-86.10710", "2016-03-31": "87.45700", "2015-12-31": "106.12500", "2015-09-30": "70.01500", "2015-06-30": "85.14510", "2015-03-31": "74.35600", "2014-12-31": "88.33400", "2014-09-30": "43.40700", "2014-06-30": "62.65700", "2014-03-31": "76.41800", "2013-12-31": "75.66800", "2013-09-30": "50.22500", "2013-06-30": "53.00890", "2013-03-31": "60.85300", "2012-12-31": "60.21900", "2012-09-30": "40.32600", "2012-06-30": "57.94590", "2012-03-31": "49.40800", "2011-12-31": "44.48200", "2011-09-30": "30.15100", "2011-06-30": "38.56210", "2011-03-31": "36.76800", "2010-12-31": "35.48200", "2010-09-30": "24.48600", "2010-06-30": "26.43200", "2010-03-31": "24.04400", "2009-12-31": "26.34000", "2009-09-30": "22.04500", "2009-06-30": "1.74310", "2009-03-31": "-34.54800", "2008-12-31": "25.20100", "2008-09-30": "20.28200", "2008-06-30": "17.36110", "2008-03-31": "22.57500", "2007-12-31": "34.02600", "2007-09-30": "22.77400", "2007-06-30": "23.39700", "2007-03-31": "27.37900", "2006-12-31": "28.69400", "2006-09-30": "20.19900", "2006-06-30": "19.20100", "2006-03-31": "19.23100", "2005-12-31": "23.98700", "2005-09-30": "15.18700", "2005-06-30": "4.36400", "2005-03-31": "14.84100"}, "EBIT": {"2020-09-30": "3.28000", "2020-06-30": "25.26110", "2020-03-31": "19.13500", "2019-12-31": "9.19100", "2019-09-30": "2.45500", "2019-06-30": "-2.64120", "2019-03-31": "18.99200", "2018-12-31": "-20.88000", "2018-09-30": "-27.96400", "2018-06-30": "-2.78980", "2018-03-31": "29.25400", "2017-12-31": "30.96500", "2017-09-30": "29.24100", "2017-06-30": "4.65060", "2017-03-31": "49.62100", "2016-12-31": "41.40000", "2016-09-30": "13.75100", "2016-06-30": "-96.69700", "2016-03-31": "71.14800", "2015-12-31": "90.07800", "2015-09-30": "54.27200", "2015-06-30": "70.82920", "2015-03-31": "60.19400", "2014-12-31": "74.01200", "2014-09-30": "28.82700", "2014-06-30": "49.03200", "2014-03-31": "63.62900", "2013-12-31": "64.31300", "2013-09-30": "39.77200", "2013-06-30": "39.73300", "2013-03-31": "51.05900", "2012-12-31": "51.24400", "2012-09-30": "32.27600", "2012-06-30": "49.85390", "2012-03-31": "41.63300", "2011-12-31": "36.20400", "2011-09-30": "23.83700", "2011-06-30": "32.09910", "2011-03-31": "30.82000", "2010-12-31": "29.71200", "2010-09-30": "18.54300", "2010-06-30": "21.72200", "2010-03-31": "19.34100", "2009-12-31": "21.56100", "2009-09-30": "17.46500", "2009-06-30": "-3.35200", "2009-03-31": "-39.73100", "2008-12-31": "19.51100", "2008-09-30": "14.89600", "2008-06-30": "11.75810", "2008-03-31": "17.43100", "2007-12-31": "29.26200", "2007-09-30": "18.30500", "2007-06-30": "18.63200", "2007-03-31": "23.54000", "2006-12-31": "24.92500", "2006-09-30": "16.88000", "2006-06-30": "15.78200", "2006-03-31": "16.11700", "2005-12-31": "21.17800", "2005-09-30": "11.98000", "2005-06-30": "-0.03500", "2005-03-31": "11.72800"}, "Basic Shares Outstanding": {"2020-09-30": "101.55800", "2020-06-30": "103.61800", "2020-03-31": "104.03200", "2019-12-31": "104.31800", "2019-09-30": "104.22500", "2019-06-30": "104.07600", "2019-03-31": "104.11700", "2018-12-31": "104.05600", "2018-09-30": "103.96200", "2018-06-30": "103.84800", "2018-03-31": "103.91800", "2017-12-31": "103.83700", "2017-09-30": "103.70900", "2017-06-30": "103.61100", "2017-03-31": "103.68700", "2016-12-31": "103.59700", "2016-09-30": "103.46800", "2016-06-30": "103.13500", "2016-03-31": "103.26500", "2015-12-31": "103.01700", "2015-09-30": "102.80700", "2015-06-30": "101.70300", "2015-03-31": "102.25200", "2014-12-31": "101.26700", "2014-09-30": "100.68200", "2014-06-30": "97.75000", "2014-03-31": "99.39000", "2013-12-31": "96.03800", "2013-09-30": "95.41200", "2013-06-30": "92.35200", "2013-03-31": "93.01600", "2012-12-31": "91.88400", "2012-09-30": "90.03400", "2012-06-30": "88.72000", "2012-03-31": "89.01200", "2011-12-31": "88.31600", "2011-09-30": "87.86000", "2011-06-30": "86.33000", "2011-03-31": "86.40400", "2010-12-31": "85.85800", "2010-09-30": "85.64600", "2010-06-30": "81.78000", "2010-03-31": "81.67600", "2009-12-31": "81.54800", "2009-09-30": "81.40200", "2009-06-30": "80.96600", "2009-03-31": "81.11000", "2008-12-31": "80.92800", "2008-09-30": "80.45000", "2008-06-30": "80.15400", "2008-03-31": "80.20200", "2007-12-31": "80.09600", "2007-09-30": "80.05200", "2007-06-30": "78.63000", "2007-03-31": "79.05600", "2006-12-31": "78.34600", "2006-09-30": "77.49200", "2006-06-30": "75.28600", "2006-03-31": "76.42400", "2005-12-31": "74.33000", "2005-09-30": "73.27200", "2005-06-30": "72.81400", "2005-03-31": "72.88000"}, "Shares Outstanding": {"2020-09-30": "101.55800", "2020-06-30": "103.93700", "2020-03-31": "104.33700", "2019-12-31": "104.61900", "2019-09-30": "104.22500", "2019-06-30": "104.07600", "2019-03-31": "104.33400", "2018-12-31": "104.05600", "2018-09-30": "103.96200", "2018-06-30": "104.47700", "2018-03-31": "104.50300", "2017-12-31": "104.44000", "2017-09-30": "104.47600", "2017-06-30": "104.24800", "2017-03-31": "104.24600", "2016-12-31": "104.20400", "2016-09-30": "104.20600", "2016-06-30": "104.18300", "2016-03-31": "104.08700", "2015-12-31": "104.16100", "2015-09-30": "104.25800", "2015-06-30": "103.42100", "2015-03-31": "103.79600", "2014-12-31": "103.22600", "2014-09-30": "102.65600", "2014-06-30": "100.00600", "2014-03-31": "101.50200", "2013-12-31": "98.37000", "2013-09-30": "97.86800", "2013-06-30": "95.14400", "2013-03-31": "95.64200", "2012-12-31": "94.71000", "2012-09-30": "93.13800", "2012-06-30": "91.69400", "2012-03-31": "91.97800", "2011-12-31": "91.30400", "2011-09-30": "90.71200", "2011-06-30": "89.07400", "2011-03-31": "89.42200", "2010-12-31": "88.66800", "2010-09-30": "87.83600", "2010-06-30": "83.02800", "2010-03-31": "82.76600", "2009-12-31": "82.70400", "2009-09-30": "82.31800", "2009-06-30": "80.96600", "2009-03-31": "81.11000", "2008-12-31": "82.05000", "2008-09-30": "82.99800", "2008-06-30": "83.53000", "2008-03-31": "83.17600", "2007-12-31": "84.19200", "2007-09-30": "83.65000", "2007-06-30": "82.21600", "2007-03-31": "83.00000", "2006-12-31": "82.40400", "2006-09-30": "80.04600", "2006-06-30": "77.82400", "2006-03-31": "79.09400", "2005-12-31": "76.86800", "2005-09-30": "75.12000", "2005-06-30": "74.30600", "2005-03-31": "74.61600"}, "Basic EPS": {"2020-09-30": "0.00480", "2020-06-30": "0.04000", "2020-03-31": "0.23000", "2019-12-31": "-0.01000", "2019-09-30": "-1.03000", "2019-06-30": "-0.13000", "2019-03-31": "-0.63000", "2018-12-31": "-0.64000", "2018-09-30": "-0.36000", "2018-06-30": "-0.67000", "2018-03-31": "0.12000", "2017-12-31": "0.45000", "2017-09-30": "0.19000", "2017-06-30": "0.01000", "2017-03-31": "0.30000", "2016-12-31": "0.26000", "2016-09-30": "0.08000", "2016-06-30": "-0.85000", "2016-03-31": "0.47000", "2015-12-31": "0.56000", "2015-09-30": "0.28000", "2015-06-30": "0.66000", "2015-03-31": "0.33000", "2014-12-31": "0.44000", "2014-09-30": "0.19000", "2014-06-30": "0.26000", "2014-03-31": "0.35000", "2013-12-31": "0.43000", "2013-09-30": "0.29000", "2013-06-30": "0.27500", "2013-03-31": "0.44000", "2012-12-31": "0.34500", "2012-09-30": "0.18000", "2012-06-30": "0.26500", "2012-03-31": "0.27000", "2011-12-31": "0.22500", "2011-09-30": "0.13500", "2011-06-30": "0.14500", "2011-03-31": "0.19500", "2010-12-31": "0.19000", "2010-09-30": "0.10500", "2010-06-30": "0.08000", "2010-03-31": "0.03500", "2009-12-31": "0.13500", "2009-09-30": "0.10000", "2009-06-30": "0.01500", "2009-03-31": "-0.50500", "2008-12-31": "0.10000", "2008-09-30": "0.08500", "2008-06-30": "0.08000", "2008-03-31": "0.10500", "2007-12-31": "0.19500", "2007-09-30": "0.13500", "2007-06-30": "0.15500", "2007-03-31": "0.15500", "2006-12-31": "0.18000", "2006-09-30": "0.11500", "2006-06-30": "0.10500", "2006-03-31": "0.12000", "2005-12-31": "0.16500", "2005-09-30": "0.09500", "2005-06-30": "-0.00500", "2005-03-31": "0.10500"}, "EPS - Earnings Per Share": {"2020-09-30": "0.00480", "2020-06-30": "0.04000", "2020-03-31": "0.23000", "2019-12-31": "-0.01000", "2019-09-30": "-1.03000", "2019-06-30": "-0.13000", "2019-03-31": "-0.63000", "2018-12-31": "-0.64000", "2018-09-30": "-0.36000", "2018-06-30": "-0.67000", "2018-03-31": "0.12000", "2017-12-31": "0.45000", "2017-09-30": "0.19000", "2017-06-30": "0.01000", "2017-03-31": "0.30000", "2016-12-31": "0.26000", "2016-09-30": "0.08000", "2016-06-30": "-0.85000", "2016-03-31": "0.47000", "2015-12-31": "0.56000", "2015-09-30": "0.28000", "2015-06-30": "0.67000", "2015-03-31": "0.32000", "2014-12-31": "0.43000", "2014-09-30": "0.18000", "2014-06-30": "0.25500", "2014-03-31": "0.34000", "2013-12-31": "0.42000", "2013-09-30": "0.28500", "2013-06-30": "0.27500", "2013-03-31": "0.42500", "2012-12-31": "0.33500", "2012-09-30": "0.17500", "2012-06-30": "0.25500", "2012-03-31": "0.26000", "2011-12-31": "0.22000", "2011-09-30": "0.13000", "2011-06-30": "0.13500", "2011-03-31": "0.19000", "2010-12-31": "0.18500", "2010-09-30": "0.10500", "2010-06-30": "0.08000", "2010-03-31": "0.03000", "2009-12-31": "0.13500", "2009-09-30": "0.10000", "2009-06-30": "0.01500", "2009-03-31": "-0.50500", "2008-12-31": "0.10000", "2008-09-30": "0.08500", "2008-06-30": "0.08000", "2008-03-31": "0.10000", "2007-12-31": "0.18500", "2007-09-30": "0.13000", "2007-06-30": "0.15000", "2007-03-31": "0.15000", "2006-12-31": "0.17000", "2006-09-30": "0.11000", "2006-06-30": "0.10000", "2006-03-31": "0.11500", "2005-12-31": "0.16000", "2005-09-30": "0.09000", "2005-06-30": "-0.01000", "2005-03-31": "0.10500"}}, "balance sheet": {"Cash On Hand": {"2020-06-30": "37.77100", "2019-06-30": "31.01700", "2018-06-30": "106.55700", "2017-06-30": "137.05500", "2016-06-30": "127.92600", "2015-06-30": "166.92200", "2014-06-30": "123.75100", "2013-06-30": "41.26300", "2012-06-30": "29.89500", "2011-06-30": "27.51700", "2010-06-30": "17.26600", "2009-06-30": "41.40800", "2008-06-30": "58.51300", "2007-06-30": "60.51800", "2006-06-30": "48.87500", "2005-06-30": "24.13900"}, "Receivables": {"2020-06-30": "170.96900", "2019-06-30": "209.99000", "2018-06-30": "252.70800", "2017-06-30": "225.76500", "2016-06-30": "278.93300", "2015-06-30": "263.10800", "2014-06-30": "287.91500", "2013-06-30": "233.64100", "2012-06-30": "166.67700", "2011-06-30": "139.80300", "2010-06-30": "114.21500", "2009-06-30": "114.50600", "2008-06-30": "118.86700", "2007-06-30": "99.09200", "2006-06-30": "80.76400", "2005-06-30": "69.72300"}, "Inventory": {"2020-06-30": "248.17000", "2019-06-30": "299.34100", "2018-06-30": "391.52500", "2017-06-30": "341.99500", "2016-06-30": "408.56400", "2015-06-30": "397.31900", "2014-06-30": "320.25100", "2013-06-30": "250.17500", "2012-06-30": "186.44000", "2011-06-30": "170.73900", "2010-06-30": "157.01200", "2009-06-30": "158.59000", "2008-06-30": "175.66700", "2007-06-30": "129.06200", "2006-06-30": "105.88300", "2005-06-30": "76.49700"}, "Pre-Paid Expenses": {"2020-06-30": "104.02400", "2019-06-30": "51.39100", "2018-06-30": "59.94600", "2017-06-30": "46.17900", "2016-06-30": "84.81100", "2015-06-30": "62.94000", "2014-06-30": "47.90600", "2013-06-30": "32.37700", "2012-06-30": "19.86400", "2011-06-30": "14.30600", "2010-06-30": "14.58600", "2009-06-30": "21.59900", "2008-06-30": "27.48200", "2007-06-30": "19.26300", "2006-06-30": "21.96800", "2005-06-30": ""}, "Other Current Assets": {"2020-06-30": "", "2019-06-30": "", "2018-06-30": "", "2017-06-30": "", "2016-06-30": "", "2015-06-30": "", "2014-06-30": "", "2013-06-30": "", "2012-06-30": "30.09800", "2011-06-30": "4.70800", "2010-06-30": "", "2009-06-30": "", "2008-06-30": "", "2007-06-30": "", "2006-06-30": "", "2005-06-30": "18.16400"}, "Total Current Assets": {"2020-06-30": "560.93400", "2019-06-30": "701.78700", "2018-06-30": "1051.58700", "2017-06-30": "874.78100", "2016-06-30": "900.23400", "2015-06-30": "928.79500", "2014-06-30": "803.60300", "2013-06-30": "575.17200", "2012-06-30": "448.80800", "2011-06-30": "371.06600", "2010-06-30": "313.81700", "2009-06-30": "349.13100", "2008-06-30": "393.04100", "2007-06-30": "316.00400", "2006-06-30": "260.47600", "2005-06-30": "194.19400"}, "Property, Plant, And Equipment": {"2020-06-30": "289.25600", "2019-06-30": "287.84500", "2018-06-30": "310.17200", "2017-06-30": "291.86600", "2016-06-30": "389.84100", "2015-06-30": "353.66400", "2014-06-30": "310.66100", "2013-06-30": "235.84100", "2012-06-30": "148.47500", "2011-06-30": "110.42300", "2010-06-30": "106.98500", "2009-06-30": "102.13500", "2008-06-30": "159.08900", "2007-06-30": "114.90100", "2006-06-30": "119.83000", "2005-06-30": "88.20400"}, "Long-Term Investments": {"2020-06-30": "17.43900", "2019-06-30": "18.89000", "2018-06-30": "20.72500", "2017-06-30": "18.99800", "2016-06-30": "20.24400", "2015-06-30": "2.30500", "2014-06-30": "36.51100", "2013-06-30": "46.79900", "2012-06-30": "45.10000", "2011-06-30": "50.55700", "2010-06-30": "52.27300", "2009-06-30": "49.06100", "2008-06-30": "", "2007-06-30": "", "2006-06-30": "", "2005-06-30": ""}, "Goodwill And Intangible Assets": {"2020-06-30": "1208.42000", "2019-06-30": "1256.16700", "2018-06-30": "1534.52300", "2017-06-30": "1540.12000", "2016-06-30": "1665.12300", "2015-06-30": "1782.07000", "2014-06-30": "1785.85000", "2013-06-30": "1374.34100", "2012-06-30": "1012.93400", "2011-06-30": "773.26310", "2010-06-30": "714.58400", "2009-06-30": "605.65500", "2008-06-30": "687.09900", "2007-06-30": "605.67800", "2006-06-30": "482.62800", "2005-06-30": "411.84300"}, "Other Long-Term Assets": {"2020-06-30": "24.23800", "2019-06-30": "58.76400", "2018-06-30": "29.66700", "2017-06-30": "30.23500", "2016-06-30": "32.63800", "2015-06-30": "32.57400", "2014-06-30": "28.69200", "2013-06-30": "26.34100", "2012-06-30": "18.27600", "2011-06-30": "28.19500", "2010-06-30": "10.42800", "2009-06-30": "17.51400", "2008-06-30": "20.15500", "2007-06-30": "21.87300", "2006-06-30": "14.75000", "2005-06-30": "12.89500"}, "Total Long-Term Assets": {"2020-06-30": "1627.51800", "2019-06-30": "1880.83300", "2018-06-30": "1895.08700", "2017-06-30": "2056.32300", "2016-06-30": "2107.84600", "2015-06-30": "2170.61300", "2014-06-30": "2161.71400", "2013-06-30": "1683.32200", "2012-06-30": "1224.78500", "2011-06-30": "962.43800", "2010-06-30": "884.27000", "2009-06-30": "774.36500", "2008-06-30": "866.34300", "2007-06-30": "742.45200", "2006-06-30": "617.20800", "2005-06-30": "512.94200"}, "Total Assets": {"2020-06-30": "2188.45200", "2019-06-30": "2582.62000", "2018-06-30": "2946.67400", "2017-06-30": "2931.10400", "2016-06-30": "3008.08000", "2015-06-30": "3099.40800", "2014-06-30": "2965.31700", "2013-06-30": "2258.49400", "2012-06-30": "1673.59300", "2011-06-30": "1333.50400", "2010-06-30": "1198.08700", "2009-06-30": "1123.49600", "2008-06-30": "1259.38400", "2007-06-30": "1058.45600", "2006-06-30": "877.68400", "2005-06-30": "707.13600"}, "Total Current Liabilities": {"2020-06-30": "300.27700", "2019-06-30": "383.15700", "2018-06-30": "422.44500", "2017-06-30": "340.49400", "2016-06-30": "357.02800", "2015-06-30": "391.35500", "2014-06-30": "424.16400", "2013-06-30": "274.13000", "2012-06-30": "202.80900", "2011-06-30": "170.68300", "2010-06-30": "138.85000", "2009-06-30": "136.53900", "2008-06-30": "146.31500", "2007-06-30": "117.48000", "2006-06-30": "87.54300", "2005-06-30": "69.85200"}, "Long Term Debt": {"2020-06-30": "281.11800", "2019-06-30": "613.53700", "2018-06-30": "687.50100", "2017-06-30": "740.13500", "2016-06-30": "836.17100", "2015-06-30": "812.60800", "2014-06-30": "767.82700", "2013-06-30": "653.46400", "2012-06-30": "390.28800", "2011-06-30": "229.54000", "2010-06-30": "225.00400", "2009-06-30": "258.37200", "2008-06-30": "308.22000", "2007-06-30": "215.44600", "2006-06-30": "151.22900", "2005-06-30": "92.27100"}, "Other Non-Current Liabilities": {"2020-06-30": "28.69200", "2019-06-30": "14.48900", "2018-06-30": "12.77000", "2017-06-30": "15.97500", "2016-06-30": "18.86000", "2015-06-30": "16.63700", "2014-06-30": "5.02000", "2013-06-30": "14.95000", "2012-06-30": "8.26100", "2011-06-30": "14.65700", "2010-06-30": "30.22700", "2009-06-30": "2.64700", "2008-06-30": "5.01200", "2007-06-30": "0.66400", "2006-06-30": "", "2005-06-30": ""}, "Total Long Term Liabilities": {"2020-06-30": "444.62100", "2019-06-30": "680.14400", "2018-06-30": "787.18000", "2017-06-30": "877.77800", "2016-06-30": "986.53800", "2015-06-30": "980.38600", "2014-06-30": "921.28600", "2013-06-30": "782.80900", "2012-06-30": "506.18200", "2011-06-30": "296.11800", "2010-06-30": "293.51400", "2009-06-30": "285.63400", "2008-06-30": "370.25800", "2007-06-30": "244.02000", "2006-06-30": "172.04900", "2005-06-30": "108.99400"}, "Total Liabilities": {"2020-06-30": "744.89800", "2019-06-30": "1063.30100", "2018-06-30": "1209.62500", "2017-06-30": "1218.27200", "2016-06-30": "1343.56600", "2015-06-30": "1371.74100", "2014-06-30": "1345.45000", "2013-06-30": "1056.93900", "2012-06-30": "708.99100", "2011-06-30": "466.80100", "2010-06-30": "432.36400", "2009-06-30": "422.17300", "2008-06-30": "516.57300", "2007-06-30": "361.50000", "2006-06-30": "259.59200", "2005-06-30": "178.84600"}, "Common Stock Net": {"2020-06-30": "1.09200", "2019-06-30": "1.08800", "2018-06-30": "1.08400", "2017-06-30": "1.08000", "2016-06-30": "1.07500", "2015-06-30": "1.05800", "2014-06-30": "1.03100", "2013-06-30": "0.49000", "2012-06-30": "0.46200", "2011-06-30": "0.45100", "2010-06-30": "0.43700", "2009-06-30": "0.41700", "2008-06-30": "0.41100", "2007-06-30": "0.40900", "2006-06-30": "0.39600", "2005-06-30": "0.37500"}, "Retained Earnings (Accumulated Deficit)": {"2020-06-30": "614.17100", "2019-06-30": "695.01700", "2018-06-30": "878.51600", "2017-06-30": "868.82200", "2016-06-30": "801.39200", "2015-06-30": "753.96300", "2014-06-30": "629.61800", "2013-06-30": "489.76700", "2012-06-30": "375.11100", "2011-06-30": "295.88600", "2010-06-30": "240.90400", "2009-06-30": "212.28500", "2008-06-30": "237.00800", "2007-06-30": "195.65800", "2006-06-30": "153.33200", "2005-06-30": "127.96700"}, "Comprehensive Income": {"2020-06-30": "-171.39200", "2019-06-30": "-225.00400", "2018-06-30": "-184.24000", "2017-06-30": "-195.47900", "2016-06-30": "-172.11100", "2015-06-30": "-41.63100", "2014-06-30": "60.12800", "2013-06-30": "-27.25100", "2012-06-30": "-5.38300", "2011-06-30": "7.14400", "2010-06-30": "-6.87100", "2009-06-30": "1.76900", "2008-06-30": "", "2007-06-30": "", "2006-06-30": "", "2005-06-30": ""}, "Other Share Holders Equity": {"2020-06-30": "", "2019-06-30": "", "2018-06-30": "", "2017-06-30": "", "2016-06-30": "", "2015-06-30": "", "2014-06-30": "", "2013-06-30": "", "2012-06-30": "", "2011-06-30": "", "2010-06-30": "", "2009-06-30": "", "2008-06-30": "32.21500", "2007-06-30": "25.88400", "2006-06-30": "17.39700", "2005-06-30": "10.04800"}, "Share Holder Equity": {"2020-06-30": "1443.55400", "2019-06-30": "1519.31900", "2018-06-30": "1737.04900", "2017-06-30": "1712.83200", "2016-06-30": "1664.51400", "2015-06-30": "1727.66700", "2014-06-30": "1619.86700", "2013-06-30": "1201.55500", "2012-06-30": "964.60200", "2011-06-30": "866.70300", "2010-06-30": "765.72300", "2009-06-30": "701.32300", "2008-06-30": "742.81100", "2007-06-30": "696.95600", "2006-06-30": "618.09200", "2005-06-30": "528.29000"}, "Total Liabilities And Share Holders Equity": {"2020-06-30": "2188.45200", "2019-06-30": "2582.62000", "2018-06-30": "2946.67400", "2017-06-30": "2931.10400", "2016-06-30": "3008.08000", "2015-06-30": "3099.40800", "2014-06-30": "2965.31700", "2013-06-30": "2258.49400", "2012-06-30": "1673.59300", "2011-06-30": "1333.50400", "2010-06-30": "1198.08700", "2009-06-30": "1123.49600", "2008-06-30": "1259.38400", "2007-06-30": "1058.45600", "2006-06-30": "877.68400", "2005-06-30": "707.13600"}}, "balance sheet, quarterly": {"Cash On Hand": {"2020-09-30": "27.52300", "2020-06-30": "37.77100", "2020-03-31": "41.54900", "2019-12-31": "37.02400", "2019-09-30": "20.52200", "2019-06-30": "31.01700", "2019-03-31": "62.01400", "2018-12-31": "72.46200", "2018-09-30": "55.87100", "2018-06-30": "106.55700", "2018-03-31": "117.15200", "2017-12-31": "139.21600", "2017-09-30": "126.78700", "2017-06-30": "137.05500", "2017-03-31": "162.64200", "2016-12-31": "157.12500", "2016-09-30": "113.47200", "2016-06-30": "127.92600", "2016-03-31": "125.39000", "2015-12-31": "177.10000", "2015-09-30": "147.69900", "2015-06-30": "166.92200", "2015-03-31": "100.32500", "2014-12-31": "135.22700", "2014-09-30": "92.65800", "2014-06-30": "123.75100", "2014-03-31": "101.42200", "2013-12-31": "67.53300", "2013-09-30": "65.06900", "2013-06-30": "41.26300", "2013-03-31": "27.21700", "2012-12-31": "42.57100", "2012-09-30": "36.15400", "2012-06-30": "29.89500", "2012-03-31": "41.16400", "2011-12-31": "23.92800", "2011-09-30": "29.37700", "2011-06-30": "27.51700", "2011-03-31": "25.57100", "2010-12-31": "26.30800", "2010-09-30": "20.94800", "2010-06-30": "17.26600", "2010-03-31": "40.97500", "2009-12-31": "26.81300", "2009-09-30": "16.64700", "2009-06-30": "41.40800", "2009-03-31": "27.78400", "2008-12-31": "49.91200", "2008-09-30": "43.50600", "2008-06-30": "58.51300", "2008-03-31": "86.73200", "2007-12-31": "44.71800", "2007-09-30": "51.46200", "2007-06-30": "60.51800", "2007-03-31": "54.94500", "2006-12-31": "83.07900", "2006-09-30": "78.14300", "2006-06-30": "48.87500", "2006-03-31": "32.65800", "2005-12-31": "17.35900", "2005-09-30": "20.02100", "2005-06-30": "24.13900", "2005-03-31": "17.11700"}, "Receivables": {"2020-09-30": "166.08600", "2020-06-30": "170.96900", "2020-03-31": "237.71900", "2019-12-31": "206.58300", "2019-09-30": "206.47800", "2019-06-30": "209.99000", "2019-03-31": "256.79900", "2018-12-31": "240.52000", "2018-09-30": "246.51900", "2018-06-30": "252.70800", "2018-03-31": "261.51700", "2017-12-31": "274.72800", "2017-09-30": "272.34100", "2017-06-30": "225.76500", "2017-03-31": "241.73800", "2016-12-31": "250.58100", "2016-09-30": "256.08200", "2016-06-30": "278.93300", "2016-03-31": "360.96400", "2015-12-31": "350.40800", "2015-09-30": "330.22100", "2015-06-30": "263.10800", "2015-03-31": "337.51600", "2014-12-31": "321.52300", "2014-09-30": "319.49600", "2014-06-30": "287.91500", "2014-03-31": "302.07800", "2013-12-31": "252.38600", "2013-09-30": "233.75900", "2013-06-30": "233.64100", "2013-03-31": "232.41700", "2012-12-31": "217.42900", "2012-09-30": "181.57500", "2012-06-30": "166.67700", "2012-03-31": "192.87100", "2011-12-31": "200.97300", "2011-09-30": "150.34600", "2011-06-30": "139.80300", "2011-03-31": "141.98100", "2010-12-31": "130.55800", "2010-09-30": "131.48900", "2010-06-30": "114.21500", "2010-03-31": "116.87900", "2009-12-31": "124.92900", "2009-09-30": "131.83800", "2009-06-30": "114.50600", "2009-03-31": "128.59500", "2008-12-31": "113.58600", "2008-09-30": "127.37800", "2008-06-30": "118.86700", "2008-03-31": "131.77500", "2007-12-31": "126.54700", "2007-09-30": "111.48400", "2007-06-30": "99.09200", "2007-03-31": "115.32900", "2006-12-31": "104.10600", "2006-09-30": "95.21500", "2006-06-30": "80.76400", "2006-03-31": "90.31000", "2005-12-31": "88.38800", "2005-09-30": "76.06800", "2005-06-30": "69.72300", "2005-03-31": "72.98200"}, "Inventory": {"2020-09-30": "292.96800", "2020-06-30": "248.17000", "2020-03-31": "238.13300", "2019-12-31": "283.12700", "2019-09-30": "301.35100", "2019-06-30": "299.34100", "2019-03-31": "395.24600", "2018-12-31": "402.72400", "2018-09-30": "414.47900", "2018-06-30": "391.52500", "2018-03-31": "399.15600", "2017-12-31": "502.37200", "2017-09-30": "484.79200", "2017-06-30": "341.99500", "2017-03-31": "435.65100", "2016-12-31": "430.57800", "2016-09-30": "442.08500", "2016-06-30": "408.56400", "2016-03-31": "394.95800", "2015-12-31": "403.31800", "2015-09-30": "427.15200", "2015-06-30": "397.31900", "2015-03-31": "369.96800", "2014-12-31": "372.14600", "2014-09-30": "386.25300", "2014-06-30": "320.25100", "2014-03-31": "299.46400", "2013-12-31": "262.94900", "2013-09-30": "267.07500", "2013-06-30": "250.17500", "2013-03-31": "240.14600", "2012-12-31": "234.27800", "2012-09-30": "199.91600", "2012-06-30": "186.44000", "2012-03-31": "179.75400", "2011-12-31": "189.51400", "2011-09-30": "181.51200", "2011-06-30": "170.73900", "2011-03-31": "166.95900", "2010-12-31": "169.97900", "2010-09-30": "169.81700", "2010-06-30": "157.01200", "2010-03-31": "154.04800", "2009-12-31": "165.33200", "2009-09-30": "165.23800", "2009-06-30": "158.59000", "2009-03-31": "204.59900", "2008-12-31": "212.76300", "2008-09-30": "215.59000", "2008-06-30": "175.66700", "2008-03-31": "158.63800", "2007-12-31": "150.37600", "2007-09-30": "142.37200", "2007-06-30": "129.06200", "2007-03-31": "124.17900", "2006-12-31": "115.66500", "2006-09-30": "111.44000", "2006-06-30": "105.88300", "2006-03-31": "102.60800", "2005-12-31": "104.74300", "2005-09-30": "83.56700", "2005-06-30": "76.49700", "2005-03-31": "83.92800"}, "Pre-Paid Expenses": {"2020-09-30": "55.15100", "2020-06-30": "95.69000", "2020-03-31": "86.65300", "2019-12-31": "50.01900", "2019-09-30": "36.50800", "2019-06-30": "51.39100", "2019-03-31": "54.78600", "2018-12-31": "56.39300", "2018-09-30": "58.18300", "2018-06-30": "59.94600", "2018-03-31": "62.63500", "2017-12-31": "62.99400", "2017-09-30": "60.97600", "2017-06-30": "46.17900", "2017-03-31": "65.01700", "2016-12-31": "64.10500", "2016-09-30": "83.96900", "2016-06-30": "84.81100", "2016-03-31": "43.46900", "2015-12-31": "49.51300", "2015-09-30": "38.91400", "2015-06-30": "62.94000", "2015-03-31": "46.51400", "2014-12-31": "50.87700", "2014-09-30": "46.34100", "2014-06-30": "47.90600", "2014-03-31": "44.60100", "2013-12-31": "36.52700", "2013-09-30": "38.63900", "2013-06-30": "32.37700", "2013-03-31": "35.36900", "2012-12-31": "26.41100", "2012-09-30": "17.95400", "2012-06-30": "19.86400", "2012-03-31": "19.65300", "2011-12-31": "20.16800", "2011-09-30": "13.34700", "2011-06-30": "14.30600", "2011-03-31": "16.40800", "2010-12-31": "15.51000", "2010-09-30": "", "2010-06-30": "14.58600", "2010-03-31": "", "2009-12-31": "", "2009-09-30": "", "2009-06-30": "21.59900", "2009-03-31": "", "2008-12-31": "", "2008-09-30": "", "2008-06-30": "27.48200", "2008-03-31": "", "2007-12-31": "", "2007-09-30": "", "2007-06-30": "19.26300", "2007-03-31": "", "2006-12-31": "", "2006-09-30": "", "2006-06-30": "21.96800", "2006-03-31": "", "2005-12-31": "", "2005-09-30": "", "2005-06-30": "", "2005-03-31": ""}, "Other Current Assets": {"2020-09-30": "71.02300", "2020-06-30": "8.33400", "2020-03-31": "", "2019-12-31": "", "2019-09-30": "", "2019-06-30": "", "2019-03-31": "", "2018-12-31": "", "2018-09-30": "", "2018-06-30": "", "2018-03-31": "315.20100", "2017-12-31": "", "2017-09-30": "", "2017-06-30": "", "2017-03-31": "", "2016-12-31": "", "2016-09-30": "", "2016-06-30": "", "2016-03-31": "", "2015-12-31": "", "2015-09-30": "", "2015-06-30": "", "2015-03-31": "", "2014-12-31": "", "2014-09-30": "", "2014-06-30": "", "2014-03-31": "", "2013-12-31": "", "2013-09-30": "", "2013-06-30": "", "2013-03-31": "", "2012-12-31": "", "2012-09-30": "2.87900", "2012-06-30": "30.09800", "2012-03-31": "30.45200", "2011-12-31": "", "2011-09-30": "", "2011-06-30": "4.70800", "2011-03-31": "", "2010-12-31": "", "2010-09-30": "16.92700", "2010-06-30": "", "2010-03-31": "17.92100", "2009-12-31": "17.27500", "2009-09-30": "17.14900", "2009-06-30": "", "2009-03-31": "26.40100", "2008-12-31": "21.96400", "2008-09-30": "23.61400", "2008-06-30": "", "2008-03-31": "21.66300", "2007-12-31": "20.77100", "2007-09-30": "21.87500", "2007-06-30": "", "2007-03-31": "19.08800", "2006-12-31": "17.86000", "2006-09-30": "17.29100", "2006-06-30": "", "2006-03-31": "20.68400", "2005-12-31": "18.60500", "2005-09-30": "18.62300", "2005-06-30": "18.16400", "2005-03-31": "19.16300"}, "Total Current Assets": {"2020-09-30": "612.75100", "2020-06-30": "560.93400", "2020-03-31": "604.05400", "2019-12-31": "576.75300", "2019-09-30": "564.85900", "2019-06-30": "701.78700", "2019-03-31": "905.02600", "2018-12-31": "951.42600", "2018-09-30": "1014.86100", "2018-06-30": "1051.58700", "2018-03-31": "1155.66100", "2017-12-31": "979.31000", "2017-09-30": "944.89600", "2017-06-30": "874.78100", "2017-03-31": "905.04800", "2016-12-31": "902.38900", "2016-09-30": "895.60800", "2016-06-30": "900.23400", "2016-03-31": "946.20200", "2015-12-31": "1001.36600", "2015-09-30": "964.96400", "2015-06-30": "928.79500", "2015-03-31": "880.90400", "2014-12-31": "905.36500", "2014-09-30": "869.41000", "2014-06-30": "803.60300", "2014-03-31": "765.18500", "2013-12-31": "636.91600", "2013-09-30": "622.20700", "2013-06-30": "575.17200", "2013-03-31": "553.63700", "2012-12-31": "537.86900", "2012-09-30": "455.73700", "2012-06-30": "448.80800", "2012-03-31": "477.90800", "2011-12-31": "448.53500", "2011-09-30": "388.26700", "2011-06-30": "371.06600", "2011-03-31": "361.93700", "2010-12-31": "353.28200", "2010-09-30": "349.93000", "2010-06-30": "313.81700", "2010-03-31": "342.86100", "2009-12-31": "347.40200", "2009-09-30": "344.20500", "2009-06-30": "349.13100", "2009-03-31": "400.65600", "2008-12-31": "410.68100", "2008-09-30": "422.57000", "2008-06-30": "393.04100", "2008-03-31": "406.92300", "2007-12-31": "350.50600", "2007-09-30": "335.27600", "2007-06-30": "316.00400", "2007-03-31": "318.02800", "2006-12-31": "324.58200", "2006-09-30": "305.93200", "2006-06-30": "260.47600", "2006-03-31": "251.93100", "2005-12-31": "234.76600", "2005-09-30": "203.95000", "2005-06-30": "194.19400", "2005-03-31": "196.30100"}, "Property, Plant, And Equipment": {"2020-09-30": "275.70800", "2020-06-30": "289.25600", "2020-03-31": "287.62900", "2019-12-31": "298.55800", "2019-09-30": "288.10400", "2019-06-30": "287.84500", "2019-03-31": "331.07000", "2018-12-31": "320.03600", "2018-09-30": "315.92600", "2018-06-30": "310.17200", "2018-03-31": "314.23700", "2017-12-31": "386.07700", "2017-09-30": "380.47800", "2017-06-30": "291.86600", "2017-03-31": "377.19000", "2016-12-31": "372.08200", "2016-09-30": "382.37200", "2016-06-30": "389.84100", "2016-03-31": "392.71900", "2015-12-31": "382.83000", "2015-09-30": "361.79700", "2015-06-30": "353.66400", "2015-03-31": "325.96600", "2014-12-31": "333.82400", "2014-09-30": "340.06800", "2014-06-30": "310.66100", "2014-03-31": "298.89700", "2013-12-31": "255.25700", "2013-09-30": "251.36300", "2013-06-30": "235.84100", "2013-03-31": "220.25000", "2012-12-31": "218.17000", "2012-09-30": "154.11100", "2012-06-30": "148.47500", "2012-03-31": "147.35000", "2011-12-31": "171.94400", "2011-09-30": "107.48600", "2011-06-30": "110.42300", "2011-03-31": "110.13100", "2010-12-31": "105.25300", "2010-09-30": "106.70900", "2010-06-30": "106.98500", "2010-03-31": "100.15700", "2009-12-31": "101.81900", "2009-09-30": "102.78600", "2009-06-30": "102.13500", "2009-03-31": "142.33600", "2008-12-31": "143.44800", "2008-09-30": "155.82300", "2008-06-30": "159.08900", "2008-03-31": "152.31400", "2007-12-31": "130.44400", "2007-09-30": "130.83800", "2007-06-30": "114.90100", "2007-03-31": "117.32900", "2006-12-31": "117.70400", "2006-09-30": "113.98200", "2006-06-30": "119.83000", "2006-03-31": "99.72000", "2005-12-31": "97.50700", "2005-09-30": "93.12000", "2005-06-30": "88.20400", "2005-03-31": "87.40700"}, "Long-Term Investments": {"2020-09-30": "17.89900", "2020-06-30": "17.43900", "2020-03-31": "18.10300", "2019-12-31": "18.99000", "2019-09-30": "18.46300", "2019-06-30": "18.89000", "2019-03-31": "19.22800", "2018-12-31": "19.31800", "2018-09-30": "21.15300", "2018-06-30": "20.72500", "2018-03-31": "20.12600", "2017-12-31": "19.30100", "2017-09-30": "19.10900", "2017-06-30": "18.99800", "2017-03-31": "18.97600", "2016-12-31": "19.04700", "2016-09-30": "19.17700", "2016-06-30": "20.24400", "2016-03-31": "20.03400", "2015-12-31": "20.21400", "2015-09-30": "2.14000", "2015-06-30": "2.30500", "2015-03-31": "3.44900", "2014-12-31": "6.57200", "2014-09-30": "6.39600", "2014-06-30": "36.51100", "2014-03-31": "39.36700", "2013-12-31": "41.32900", "2013-09-30": "41.09900", "2013-06-30": "46.79900", "2013-03-31": "47.69700", "2012-12-31": "49.59500", "2012-09-30": "46.29300", "2012-06-30": "45.10000", "2012-03-31": "43.02300", "2011-12-31": "42.42600", "2011-09-30": "49.27000", "2011-06-30": "50.55700", "2011-03-31": "44.86900", "2010-12-31": "45.34000", "2010-09-30": "45.89100", "2010-06-30": "52.27300", "2010-03-31": "45.84200", "2009-12-31": "46.25300", "2009-09-30": "46.32800", "2009-06-30": "49.06100", "2009-03-31": "", "2008-12-31": "", "2008-09-30": "", "2008-06-30": "", "2008-03-31": "", "2007-12-31": "", "2007-09-30": "", "2007-06-30": "", "2007-03-31": "", "2006-12-31": "", "2006-09-30": "", "2006-06-30": "", "2006-03-31": "", "2005-12-31": "", "2005-09-30": "", "2005-06-30": "", "2005-03-31": ""}, "Goodwill And Intangible Assets": {"2020-09-30": "1180.10700", "2020-06-30": "1208.42000", "2020-03-31": "1216.78100", "2019-12-31": "1258.50100", "2019-09-30": "1237.45000", "2019-06-30": "1256.16700", "2019-03-31": "1492.44500", "2018-12-31": "1482.32100", "2018-09-30": "1522.04900", "2018-06-30": "1534.52300", "2018-03-31": "1597.18800", "2017-12-31": "1667.60700", "2017-09-30": "1652.10000", "2017-06-30": "1540.12000", "2017-03-31": "1600.00800", "2016-12-31": "1595.56600", "2016-09-30": "1636.73000", "2016-06-30": "1665.12300", "2016-03-31": "1839.24500", "2015-12-31": "1878.99200", "2015-09-30": "1789.59600", "2015-06-30": "1782.07000", "2015-03-31": "1739.19400", "2014-12-31": "1716.05600", "2014-09-30": "1760.99600", "2014-06-30": "1785.85000", "2014-03-31": "1706.01700", "2013-12-31": "1410.28700", "2013-09-30": "1404.12200", "2013-06-30": "1374.34100", "2013-03-31": "1291.59300", "2012-12-31": "1318.27700", "2012-09-30": "1020.68400", "2012-06-30": "1012.93400", "2012-03-31": "1000.79900", "2011-12-31": "971.46000", "2011-09-30": "780.53800", "2011-06-30": "773.26310", "2011-03-31": "789.75310", "2010-12-31": "759.08700", "2010-09-30": "759.15900", "2010-06-30": "714.58400", "2010-03-31": "609.45000", "2009-12-31": "609.34600", "2009-09-30": "608.34800", "2009-06-30": "605.65500", "2009-03-31": "608.56300", "2008-12-31": "671.22600", "2008-09-30": "680.13300", "2008-06-30": "687.09900", "2008-03-31": "656.28100", "2007-12-31": "629.38800", "2007-09-30": "619.61200", "2007-06-30": "605.67800", "2007-03-31": "600.18200", "2006-12-31": "479.60500", "2006-09-30": "479.09600", "2006-06-30": "482.62800", "2006-03-31": "479.35300", "2005-12-31": "455.23600", "2005-09-30": "419.13600", "2005-06-30": "411.84300", "2005-03-31": "400.78700"}, "Other Long-Term Assets": {"2020-09-30": "23.87200", "2020-06-30": "24.23800", "2020-03-31": "27.61100", "2019-12-31": "48.29800", "2019-09-30": "45.72700", "2019-06-30": "58.76400", "2019-03-31": "30.50200", "2018-12-31": "30.39000", "2018-09-30": "29.04100", "2018-06-30": "29.66700", "2018-03-31": "33.31200", "2017-12-31": "35.04200", "2017-09-30": "35.26400", "2017-06-30": "30.23500", "2017-03-31": "32.36100", "2016-12-31": "31.85800", "2016-09-30": "32.28100", "2016-06-30": "32.63800", "2016-03-31": "32.96600", "2015-12-31": "33.45800", "2015-09-30": "33.67900", "2015-06-30": "32.57400", "2015-03-31": "31.68600", "2014-12-31": "29.88600", "2014-09-30": "27.95900", "2014-06-30": "28.69200", "2014-03-31": "28.58600", "2013-12-31": "28.52900", "2013-09-30": "26.03000", "2013-06-30": "26.34100", "2013-03-31": "24.59200", "2012-12-31": "25.35700", "2012-09-30": "22.58600", "2012-06-30": "18.27600", "2012-03-31": "14.17000", "2011-12-31": "14.07000", "2011-09-30": "11.94800", "2011-06-30": "28.19500", "2011-03-31": "18.89600", "2010-12-31": "19.07400", "2010-09-30": "19.19500", "2010-06-30": "10.42800", "2010-03-31": "15.48200", "2009-12-31": "16.49800", "2009-09-30": "17.17700", "2009-06-30": "17.51400", "2009-03-31": "18.71400", "2008-12-31": "19.94600", "2008-09-30": "19.25200", "2008-06-30": "20.15500", "2008-03-31": "19.30400", "2007-12-31": "19.70800", "2007-09-30": "19.11600", "2007-06-30": "21.87300", "2007-03-31": "15.74800", "2006-12-31": "16.04300", "2006-09-30": "16.00100", "2006-06-30": "14.75000", "2006-03-31": "11.59600", "2005-12-31": "12.19300", "2005-09-30": "12.63500", "2005-06-30": "12.89500", "2005-03-31": "12.25300"}, "Total Long-Term Assets": {"2020-09-30": "1586.98300", "2020-06-30": "1627.51800", "2020-03-31": "1632.08300", "2019-12-31": "1708.19200", "2019-09-30": "1671.57400", "2019-06-30": "1880.83300", "2019-03-31": "1873.24500", "2018-12-31": "1852.06500", "2018-09-30": "1888.16900", "2018-06-30": "1895.08700", "2018-03-31": "1964.86300", "2017-12-31": "2108.02700", "2017-09-30": "2086.95100", "2017-06-30": "2056.32300", "2017-03-31": "2028.53500", "2016-12-31": "2018.55300", "2016-09-30": "2070.56000", "2016-06-30": "2107.84600", "2016-03-31": "2284.96400", "2015-12-31": "2315.49400", "2015-09-30": "2187.21200", "2015-06-30": "2170.61300", "2015-03-31": "2100.29500", "2014-12-31": "2086.33800", "2014-09-30": "2135.41900", "2014-06-30": "2161.71400", "2014-03-31": "2072.86700", "2013-12-31": "1735.40200", "2013-09-30": "1722.61400", "2013-06-30": "1683.32200", "2013-03-31": "1584.13200", "2012-12-31": "1611.39900", "2012-09-30": "1243.67400", "2012-06-30": "1224.78500", "2012-03-31": "1205.34200", "2011-12-31": "1199.90000", "2011-09-30": "949.24200", "2011-06-30": "962.43800", "2011-03-31": "963.64900", "2010-12-31": "928.75400", "2010-09-30": "930.95400", "2010-06-30": "884.27000", "2010-03-31": "770.93100", "2009-12-31": "773.91600", "2009-09-30": "774.63900", "2009-06-30": "774.36500", "2009-03-31": "769.61300", "2008-12-31": "834.62000", "2008-09-30": "855.20800", "2008-06-30": "866.34300", "2008-03-31": "827.89900", "2007-12-31": "779.54000", "2007-09-30": "769.56600", "2007-06-30": "742.45200", "2007-03-31": "733.25900", "2006-12-31": "613.35190", "2006-09-30": "609.07900", "2006-06-30": "617.20800", "2006-03-31": "590.66900", "2005-12-31": "564.93600", "2005-09-30": "524.89100", "2005-06-30": "512.94200", "2005-03-31": "500.44700"}, "Total Assets": {"2020-09-30": "2199.73400", "2020-06-30": "2188.45200", "2020-03-31": "2236.13700", "2019-12-31": "2284.94500", "2019-09-30": "2236.43300", "2019-06-30": "2582.62000", "2019-03-31": "2778.27100", "2018-12-31": "2803.49100", "2018-09-30": "2903.03000", "2018-06-30": "2946.67400", "2018-03-31": "3120.52400", "2017-12-31": "3087.33700", "2017-09-30": "3031.84700", "2017-06-30": "2931.10400", "2017-03-31": "2933.58300", "2016-12-31": "2920.94200", "2016-09-30": "2966.16800", "2016-06-30": "3008.08000", "2016-03-31": "3231.16600", "2015-12-31": "3316.86000", "2015-09-30": "3152.17600", "2015-06-30": "3099.40800", "2015-03-31": "2981.19900", "2014-12-31": "2991.70300", "2014-09-30": "3004.82900", "2014-06-30": "2965.31700", "2014-03-31": "2838.05200", "2013-12-31": "2372.31800", "2013-09-30": "2344.82100", "2013-06-30": "2258.49400", "2013-03-31": "2137.76900", "2012-12-31": "2149.26800", "2012-09-30": "1699.41100", "2012-06-30": "1673.59300", "2012-03-31": "1683.25000", "2011-12-31": "1648.43500", "2011-09-30": "1337.50900", "2011-06-30": "1333.50400", "2011-03-31": "1325.58600", "2010-12-31": "1282.03600", "2010-09-30": "1280.88400", "2010-06-30": "1198.08700", "2010-03-31": "1113.79200", "2009-12-31": "1121.31800", "2009-09-30": "1118.84400", "2009-06-30": "1123.49600", "2009-03-31": "1170.26900", "2008-12-31": "1245.30100", "2008-09-30": "1277.77800", "2008-06-30": "1259.38400", "2008-03-31": "1234.82200", "2007-12-31": "1130.04600", "2007-09-30": "1104.84200", "2007-06-30": "1058.45600", "2007-03-31": "1051.28700", "2006-12-31": "937.93400", "2006-09-30": "915.01100", "2006-06-30": "877.68400", "2006-03-31": "842.60000", "2005-12-31": "799.70200", "2005-09-30": "728.84100", "2005-06-30": "707.13600", "2005-03-31": "696.74800"}, "Total Current Liabilities": {"2020-09-30": "329.00300", "2020-06-30": "300.27700", "2020-03-31": "302.22900", "2019-12-31": "312.03500", "2019-09-30": "319.96000", "2019-06-30": "383.15700", "2019-03-31": "419.13100", "2018-12-31": "439.32900", "2018-09-30": "438.21300", "2018-06-30": "422.44500", "2018-03-31": "413.68700", "2017-12-31": "401.09300", "2017-09-30": "377.29800", "2017-06-30": "340.49400", "2017-03-31": "346.67200", "2016-12-31": "371.43200", "2016-09-30": "351.29500", "2016-06-30": "357.02800", "2016-03-31": "364.49800", "2015-12-31": "411.55900", "2015-09-30": "376.33700", "2015-06-30": "391.35500", "2015-03-31": "342.68600", "2014-12-31": "429.34300", "2014-09-30": "456.27000", "2014-06-30": "424.16400", "2014-03-31": "390.36400", "2013-12-31": "264.55300", "2013-09-30": "294.89200", "2013-06-30": "274.13000", "2013-03-31": "256.57100", "2012-12-31": "258.46000", "2012-09-30": "210.53600", "2012-06-30": "202.80900", "2012-03-31": "216.42700", "2011-12-31": "212.65800", "2011-09-30": "175.20900", "2011-06-30": "170.68300", "2011-03-31": "191.27800", "2010-12-31": "181.86700", "2010-09-30": "170.05700", "2010-06-30": "138.85000", "2010-03-31": "125.27100", "2009-12-31": "127.45900", "2009-09-30": "133.43300", "2009-06-30": "136.53900", "2009-03-31": "145.06900", "2008-12-31": "135.13700", "2008-09-30": "150.37500", "2008-06-30": "146.31500", "2008-03-31": "144.22900", "2007-12-31": "138.96400", "2007-09-30": "127.19000", "2007-06-30": "117.48000", "2007-03-31": "126.60800", "2006-12-31": "110.11500", "2006-09-30": "109.29600", "2006-06-30": "87.54300", "2006-03-31": "93.27900", "2005-12-31": "92.44600", "2005-09-30": "72.65600", "2005-06-30": "69.85200", "2005-03-31": "67.66800"}, "Long Term Debt": {"2020-09-30": "289.04200", "2020-06-30": "281.11800", "2020-03-31": "363.52600", "2019-12-31": "324.86400", "2019-09-30": "323.38600", "2019-06-30": "613.53700", "2019-03-31": "729.20100", "2018-12-31": "692.12800", "2018-09-30": "693.42900", "2018-06-30": "687.50100", "2018-03-31": "723.45700", "2017-12-31": "742.12500", "2017-09-30": "746.39200", "2017-06-30": "740.13500", "2017-03-31": "780.86800", "2016-12-31": "790.69100", "2016-09-30": "827.87500", "2016-06-30": "836.17100", "2016-03-31": "879.62700", "2015-12-31": "940.46200", "2015-09-30": "843.29000", "2015-06-30": "812.60800", "2015-03-31": "845.10300", "2014-12-31": "785.84500", "2014-09-30": "787.62800", "2014-06-30": "767.82700", "2014-03-31": "750.33100", "2013-12-31": "627.52100", "2013-09-30": "641.24100", "2013-06-30": "653.46400", "2013-03-31": "620.32700", "2012-12-31": "635.11000", "2012-09-30": "360.24600", "2012-06-30": "390.28800", "2012-03-31": "430.35800", "2011-12-31": "450.40900", "2011-09-30": "230.51200", "2011-06-30": "229.54000", "2011-03-31": "236.76100", "2010-12-31": "240.08700", "2010-09-30": "257.69400", "2010-06-30": "225.00400", "2010-03-31": "225.07400", "2009-12-31": "235.07200", "2009-09-30": "242.03600", "2009-06-30": "258.37200", "2009-03-31": "291.04400", "2008-12-31": "319.60800", "2008-09-30": "321.17700", "2008-06-30": "308.22000", "2008-03-31": "298.76500", "2007-12-31": "214.43600", "2007-09-30": "215.04900", "2007-06-30": "215.44600", "2007-03-31": "223.87700", "2006-12-31": "151.40900", "2006-09-30": "151.17200", "2006-06-30": "151.22900", "2006-03-31": "133.00200", "2005-12-31": "108.18400", "2005-09-30": "90.78500", "2005-06-30": "92.27100", "2005-03-31": "85.53300"}, "Other Non-Current Liabilities": {"2020-09-30": "31.16100", "2020-06-30": "28.69200", "2020-03-31": "16.26100", "2019-12-31": "15.22500", "2019-09-30": "14.21500", "2019-06-30": "14.48900", "2019-03-31": "16.52800", "2018-12-31": "15.84600", "2018-09-30": "12.74100", "2018-06-30": "12.77000", "2018-03-31": "24.21100", "2017-12-31": "23.44600", "2017-09-30": "16.46000", "2017-06-30": "15.97500", "2017-03-31": "16.56600", "2016-12-31": "17.19000", "2016-09-30": "18.13600", "2016-06-30": "18.86000", "2016-03-31": "5.98600", "2015-12-31": "4.83000", "2015-09-30": "4.78900", "2015-06-30": "16.63700", "2015-03-31": "5.83400", "2014-12-31": "4.55000", "2014-09-30": "4.74700", "2014-06-30": "5.02000", "2014-03-31": "13.01400", "2013-12-31": "13.32700", "2013-09-30": "15.29300", "2013-06-30": "14.95000", "2013-03-31": "14.72800", "2012-12-31": "14.83800", "2012-09-30": "8.57100", "2012-06-30": "8.26100", "2012-03-31": "12.28600", "2011-12-31": "16.06600", "2011-09-30": "4.78300", "2011-06-30": "14.65700", "2011-03-31": "15.54600", "2010-12-31": "12.32100", "2010-09-30": "26.87900", "2010-06-30": "30.22700", "2010-03-31": "", "2009-12-31": "", "2009-09-30": "", "2009-06-30": "2.64700", "2009-03-31": "", "2008-12-31": "", "2008-09-30": "", "2008-06-30": "5.01200", "2008-03-31": "", "2007-12-31": "", "2007-09-30": "", "2007-06-30": "0.66400", "2007-03-31": "", "2006-12-31": "", "2006-09-30": "", "2006-06-30": "", "2006-03-31": "", "2005-12-31": "", "2005-09-30": "", "2005-06-30": "", "2005-03-31": ""}, "Total Long Term Liabilities": {"2020-09-30": "434.15000", "2020-06-30": "444.62100", "2020-03-31": "494.86000", "2019-12-31": "451.82700", "2019-09-30": "445.53500", "2019-06-30": "680.14400", "2019-03-31": "809.34800", "2018-12-31": "773.21900", "2018-09-30": "779.39310", "2018-06-30": "787.18000", "2018-03-31": "831.06990", "2017-12-31": "863.69800", "2017-09-30": "887.01810", "2017-06-30": "877.77800", "2017-03-31": "921.38790", "2016-12-31": "932.27800", "2016-09-30": "972.43800", "2016-06-30": "986.53800", "2016-03-31": "1027.80100", "2015-12-31": "1091.27600", "2015-09-30": "994.21400", "2015-06-30": "980.38600", "2015-03-31": "1010.68000", "2014-12-31": "941.71090", "2014-09-30": "941.68400", "2014-06-30": "921.28600", "2014-03-31": "898.26600", "2013-12-31": "756.64500", "2013-09-30": "769.65410", "2013-06-30": "782.80900", "2013-03-31": "765.36210", "2012-12-31": "785.34300", "2012-09-30": "479.94000", "2012-06-30": "506.18200", "2012-03-31": "524.29500", "2011-12-31": "540.12900", "2011-09-30": "287.35900", "2011-06-30": "296.11800", "2011-03-31": "295.06200", "2010-12-31": "292.99000", "2010-09-30": "324.38500", "2010-06-30": "293.51400", "2010-03-31": "254.25400", "2009-12-31": "261.61900", "2009-09-30": "269.32500", "2009-06-30": "285.63400", "2009-03-31": "339.53400", "2008-12-31": "381.07400", "2008-09-30": "382.18600", "2008-06-30": "370.25800", "2008-03-31": "350.55200", "2007-12-31": "258.95800", "2007-09-30": "261.10500", "2007-06-30": "244.02000", "2007-03-31": "250.25500", "2006-12-31": "175.87300", "2006-09-30": "175.44200", "2006-06-30": "172.04900", "2006-03-31": "154.44100", "2005-12-31": "129.69700", "2005-09-30": "112.28000", "2005-06-30": "108.99400", "2005-03-31": "99.07500"}, "Total Liabilities": {"2020-09-30": "763.15300", "2020-06-30": "744.89800", "2020-03-31": "797.08900", "2019-12-31": "763.86200", "2019-09-30": "765.49500", "2019-06-30": "1063.30100", "2019-03-31": "1228.47900", "2018-12-31": "1212.54800", "2018-09-30": "1217.60600", "2018-06-30": "1209.62500", "2018-03-31": "1244.75700", "2017-12-31": "1264.79100", "2017-09-30": "1264.31600", "2017-06-30": "1218.27200", "2017-03-31": "1268.06000", "2016-12-31": "1303.71000", "2016-09-30": "1323.73300", "2016-06-30": "1343.56600", "2016-03-31": "1392.29900", "2015-12-31": "1502.83500", "2015-09-30": "1370.55100", "2015-06-30": "1371.74100", "2015-03-31": "1353.36600", "2014-12-31": "1371.05400", "2014-09-30": "1397.95400", "2014-06-30": "1345.45000", "2014-03-31": "1288.63000", "2013-12-31": "1021.19800", "2013-09-30": "1064.54600", "2013-06-30": "1056.93900", "2013-03-31": "1021.93300", "2012-12-31": "1043.80300", "2012-09-30": "690.47600", "2012-06-30": "708.99100", "2012-03-31": "740.72200", "2011-12-31": "752.78700", "2011-09-30": "462.56800", "2011-06-30": "466.80100", "2011-03-31": "486.34000", "2010-12-31": "474.85700", "2010-09-30": "494.44200", "2010-06-30": "432.36400", "2010-03-31": "379.52500", "2009-12-31": "389.07800", "2009-09-30": "402.75800", "2009-06-30": "422.17300", "2009-03-31": "484.60300", "2008-12-31": "516.21100", "2008-09-30": "532.56100", "2008-06-30": "516.57300", "2008-03-31": "494.78100", "2007-12-31": "397.92200", "2007-09-30": "388.29500", "2007-06-30": "361.50000", "2007-03-31": "376.86300", "2006-12-31": "285.98800", "2006-09-30": "284.73800", "2006-06-30": "259.59200", "2006-03-31": "247.72000", "2005-12-31": "222.14300", "2005-09-30": "184.93600", "2005-06-30": "178.84600", "2005-03-31": "166.74300"}, "Common Stock Net": {"2020-09-30": "1.09300", "2020-06-30": "1.09200", "2020-03-31": "1.09200", "2019-12-31": "1.09100", "2019-09-30": "1.08900", "2019-06-30": "1.08800", "2019-03-31": "1.08700", "2018-12-31": "1.08700", "2018-09-30": "1.08500", "2018-06-30": "1.08400", "2018-03-31": "1.08400", "2017-12-31": "1.08400", "2017-09-30": "1.08100", "2017-06-30": "1.08000", "2017-03-31": "1.08000", "2016-12-31": "1.08000", "2016-09-30": "1.07600", "2016-06-30": "1.07500", "2016-03-31": "1.07500", "2015-12-31": "1.06600", "2015-09-30": "1.06200", "2015-06-30": "1.05800", "2015-03-31": "1.05800", "2014-12-31": "1.04800", "2014-09-30": "0.52000", "2014-06-30": "1.03100", "2014-03-31": "0.51400", "2013-12-31": "0.49700", "2013-09-30": "0.49200", "2013-06-30": "0.49000", "2013-03-31": "0.47900", "2012-12-31": "0.47800", "2012-09-30": "0.46500", "2012-06-30": "0.46200", "2012-03-31": "0.45900", "2011-12-31": "0.45500", "2011-09-30": "0.45200", "2011-06-30": "0.45100", "2011-03-31": "0.44500", "2010-12-31": "0.44100", "2010-09-30": "0.43900", "2010-06-30": "0.43700", "2010-03-31": "0.41900", "2009-12-31": "0.41800", "2009-09-30": "0.41700", "2009-06-30": "0.41700", "2009-03-31": "0.41500", "2008-12-31": "0.41400", "2008-09-30": "0.41400", "2008-06-30": "0.41100", "2008-03-31": "0.41100", "2007-12-31": "0.41000", "2007-09-30": "0.40900", "2007-06-30": "0.40900", "2007-03-31": "0.40500", "2006-12-31": "0.40300", "2006-09-30": "0.39800", "2006-06-30": "0.39600", "2006-03-31": "0.39300", "2005-12-31": "0.39000", "2005-09-30": "0.37800", "2005-06-30": "0.37500", "2005-03-31": "0.37400"}, "Retained Earnings (Accumulated Deficit)": {"2020-09-30": "614.34600", "2020-06-30": "614.17100", "2020-03-31": "610.93200", "2019-12-31": "586.59300", "2019-09-30": "587.55700", "2019-06-30": "695.01700", "2019-03-31": "708.56800", "2018-12-31": "774.40500", "2018-09-30": "840.90600", "2018-06-30": "878.51600", "2018-03-31": "948.45700", "2017-12-31": "935.77100", "2017-09-30": "888.66800", "2017-06-30": "868.82200", "2017-03-31": "868.50900", "2016-12-31": "837.18100", "2016-09-30": "809.99600", "2016-06-30": "801.39200", "2016-03-31": "934.74800", "2015-12-31": "885.76300", "2015-09-30": "828.81600", "2015-06-30": "753.96300", "2015-03-31": "726.44200", "2014-12-31": "693.04800", "2014-09-30": "648.47300", "2014-06-30": "629.61800", "2014-03-31": "593.89400", "2013-12-31": "558.65300", "2013-09-30": "517.42200", "2013-06-30": "489.76700", "2013-03-31": "463.83400", "2012-12-31": "423.11900", "2012-09-30": "391.49700", "2012-06-30": "375.11100", "2012-03-31": "351.72100", "2011-12-31": "327.61400", "2011-09-30": "307.57600", "2011-06-30": "295.88600", "2011-03-31": "283.03800", "2010-12-31": "266.26600", "2010-09-30": "249.99900", "2010-06-30": "240.90400", "2010-03-31": "234.21300", "2009-12-31": "231.55700", "2009-09-30": "220.37500", "2009-06-30": "212.28500", "2009-03-31": "211.02000", "2008-12-31": "252.17000", "2008-09-30": "244.03000", "2008-06-30": "237.00800", "2008-03-31": "230.50400", "2007-12-31": "222.18900", "2007-09-30": "206.60700", "2007-06-30": "195.65800", "2007-03-31": "201.25200", "2006-12-31": "188.83600", "2006-09-30": "174.06800", "2006-06-30": "153.33200", "2006-03-31": "157.74700", "2005-12-31": "147.99900", "2005-09-30": "135.33000", "2005-06-30": "127.96700", "2005-03-31": "130.65500"}, "Comprehensive Income": {"2020-09-30": "-140.38700", "2020-06-30": "-171.39200", "2020-03-31": "-172.40300", "2019-12-31": "-120.19700", "2019-09-30": "-168.89400", "2019-06-30": "-225.00400", "2019-03-31": "-204.46700", "2018-12-31": "-225.35900", "2018-09-30": "-197.41100", "2018-06-30": "-184.24000", "2018-03-31": "-115.58400", "2017-12-31": "-153.35100", "2017-09-30": "-161.69200", "2017-06-30": "-195.47900", "2017-03-31": "-240.87100", "2016-12-31": "-255.53300", "2016-09-30": "-204.28200", "2016-06-30": "-172.11100", "2016-03-31": "-129.06200", "2015-12-31": "-107.57700", "2015-09-30": "-81.51400", "2015-06-30": "-41.63100", "2015-03-31": "-105.93700", "2014-12-31": "-48.95000", "2014-09-30": "0.90400", "2014-06-30": "60.12800", "2014-03-31": "38.03400", "2013-12-31": "30.95700", "2013-09-30": "15.66300", "2013-06-30": "-27.25100", "2013-03-31": "-24.76800", "2012-12-31": "12.25800", "2012-09-30": "7.49200", "2012-06-30": "-5.38300", "2012-03-31": "4.29200", "2011-12-31": "-7.98500", "2011-09-30": "-2.64600", "2011-06-30": "7.14400", "2011-03-31": "2.76400", "2010-12-31": "-1.67200", "2010-09-30": "-2.08700", "2010-06-30": "-6.87100", "2010-03-31": "6.28400", "2009-12-31": "8.62600", "2009-09-30": "6.86800", "2009-06-30": "1.76900", "2009-03-31": "-10.72500", "2008-12-31": "-5.09100", "2008-09-30": "", "2008-06-30": "", "2008-03-31": "", "2007-12-31": "", "2007-09-30": "", "2007-06-30": "", "2007-03-31": "", "2006-12-31": "", "2006-09-30": "", "2006-06-30": "", "2006-03-31": "", "2005-12-31": "", "2005-09-30": "", "2005-06-30": "", "2005-03-31": ""}, "Other Share Holders Equity": {"2020-09-30": "", "2020-06-30": "", "2020-03-31": "", "2019-12-31": "", "2019-09-30": "", "2019-06-30": "", "2019-03-31": "", "2018-12-31": "", "2018-09-30": "", "2018-06-30": "", "2018-03-31": "", "2017-12-31": "", "2017-09-30": "", "2017-06-30": "", "2017-03-31": "", "2016-12-31": "", "2016-09-30": "", "2016-06-30": "", "2016-03-31": "", "2015-12-31": "", "2015-09-30": "", "2015-06-30": "", "2015-03-31": "", "2014-12-31": "", "2014-09-30": "", "2014-06-30": "", "2014-03-31": "", "2013-12-31": "", "2013-09-30": "", "2013-06-30": "", "2013-03-31": "", "2012-12-31": "", "2012-09-30": "", "2012-06-30": "", "2012-03-31": "", "2011-12-31": "", "2011-09-30": "", "2011-06-30": "", "2011-03-31": "", "2010-12-31": "", "2010-09-30": "", "2010-06-30": "", "2010-03-31": "", "2009-12-31": "", "2009-09-30": "", "2009-06-30": "", "2009-03-31": "", "2008-12-31": "", "2008-09-30": "20.62000", "2008-06-30": "32.21500", "2008-03-31": "35.12200", "2007-12-31": "35.78300", "2007-09-30": "33.86300", "2007-06-30": "25.88400", "2007-03-31": "18.16300", "2006-12-31": "16.35400", "2006-09-30": "17.89500", "2006-06-30": "17.39700", "2006-03-31": "12.77400", "2005-12-31": "12.14200", "2005-09-30": "13.08000", "2005-06-30": "10.04800", "2005-03-31": "12.99100"}, "Share Holder Equity": {"2020-09-30": "1436.58100", "2020-06-30": "1443.55400", "2020-03-31": "1439.04800", "2019-12-31": "1521.08300", "2019-09-30": "1470.93800", "2019-06-30": "1519.31900", "2019-03-31": "1549.79200", "2018-12-31": "1590.94300", "2018-09-30": "1685.42400", "2018-06-30": "1737.04900", "2018-03-31": "1875.76700", "2017-12-31": "1822.54600", "2017-09-30": "1767.53100", "2017-06-30": "1712.83200", "2017-03-31": "1665.52300", "2016-12-31": "1617.23200", "2016-09-30": "1642.43500", "2016-06-30": "1664.51400", "2016-03-31": "1838.86700", "2015-12-31": "1814.02500", "2015-09-30": "1781.62500", "2015-06-30": "1727.66700", "2015-03-31": "1627.83300", "2014-12-31": "1620.64900", "2014-09-30": "1606.87500", "2014-06-30": "1619.86700", "2014-03-31": "1549.42200", "2013-12-31": "1351.12000", "2013-09-30": "1280.27500", "2013-06-30": "1201.55500", "2013-03-31": "1115.83600", "2012-12-31": "1105.46500", "2012-09-30": "1008.93500", "2012-06-30": "964.60200", "2012-03-31": "942.52800", "2011-12-31": "895.64800", "2011-09-30": "874.94100", "2011-06-30": "866.70300", "2011-03-31": "839.24600", "2010-12-31": "807.17900", "2010-09-30": "786.44200", "2010-06-30": "765.72300", "2010-03-31": "734.26700", "2009-12-31": "732.24000", "2009-09-30": "716.08600", "2009-06-30": "701.32300", "2009-03-31": "685.66600", "2008-12-31": "729.09000", "2008-09-30": "745.21700", "2008-06-30": "742.81100", "2008-03-31": "740.04100", "2007-12-31": "732.12400", "2007-09-30": "716.54700", "2007-06-30": "696.95600", "2007-03-31": "674.42400", "2006-12-31": "651.94600", "2006-09-30": "630.27300", "2006-06-30": "618.09200", "2006-03-31": "594.88000", "2005-12-31": "577.55900", "2005-09-30": "543.90500", "2005-06-30": "528.29000", "2005-03-31": "530.00500"}, "Total Liabilities And Share Holders Equity": {"2020-09-30": "2199.73400", "2020-06-30": "2188.45200", "2020-03-31": "2236.13700", "2019-12-31": "2284.94500", "2019-09-30": "2236.43300", "2019-06-30": "2582.62000", "2019-03-31": "2778.27100", "2018-12-31": "2803.49100", "2018-09-30": "2903.03000", "2018-06-30": "2946.67400", "2018-03-31": "3120.52400", "2017-12-31": "3087.33700", "2017-09-30": "3031.84700", "2017-06-30": "2931.10400", "2017-03-31": "2933.58300", "2016-12-31": "2920.94200", "2016-09-30": "2966.16800", "2016-06-30": "3008.08000", "2016-03-31": "3231.16600", "2015-12-31": "3316.86000", "2015-09-30": "3152.17600", "2015-06-30": "3099.40800", "2015-03-31": "2981.19900", "2014-12-31": "2991.70300", "2014-09-30": "3004.82900", "2014-06-30": "2965.31700", "2014-03-31": "2838.05200", "2013-12-31": "2372.31800", "2013-09-30": "2344.82100", "2013-06-30": "2258.49400", "2013-03-31": "2137.76900", "2012-12-31": "2149.26800", "2012-09-30": "1699.41100", "2012-06-30": "1673.59300", "2012-03-31": "1683.25000", "2011-12-31": "1648.43500", "2011-09-30": "1337.50900", "2011-06-30": "1333.50400", "2011-03-31": "1325.58600", "2010-12-31": "1282.03600", "2010-09-30": "1280.88400", "2010-06-30": "1198.08700", "2010-03-31": "1113.79200", "2009-12-31": "1121.31800", "2009-09-30": "1118.84400", "2009-06-30": "1123.49600", "2009-03-31": "1170.26900", "2008-12-31": "1245.30100", "2008-09-30": "1277.77800", "2008-06-30": "1259.38400", "2008-03-31": "1234.82200", "2007-12-31": "1130.04600", "2007-09-30": "1104.84200", "2007-06-30": "1058.45600", "2007-03-31": "1051.28700", "2006-12-31": "937.93400", "2006-09-30": "915.01100", "2006-06-30": "877.68400", "2006-03-31": "842.60000", "2005-12-31": "799.70200", "2005-09-30": "728.84100", "2005-06-30": "707.13600", "2005-03-31": "696.74800"}}, "cash flow statement": {"Net Income/Loss": {"2020-06-30": "-80.40700", "2019-06-30": "-183.31400", "2018-06-30": "9.69400", "2017-06-30": "67.43000", "2016-06-30": "47.42900", "2015-06-30": "164.96200", "2014-06-30": "129.92200", "2013-06-30": "114.65600", "2012-06-30": "79.22500", "2011-06-30": "54.98200", "2010-06-30": "28.61900", "2009-06-30": "-29.45800", "2008-06-30": "42.91900", "2007-06-30": "47.48200", "2006-06-30": "36.36700", "2005-06-30": "24.06100"}, "Total Depreciation And Amortization - Cash Flow": {"2020-06-30": "52.48200", "2019-06-30": "50.89800", "2018-06-30": "62.03500", "2017-06-30": "59.56800", "2016-06-30": "58.68900", "2015-06-30": "57.38000", "2014-06-30": "48.22200", "2013-06-30": "40.09500", "2012-06-30": "30.45900", "2011-06-30": "24.12400", "2010-06-30": "18.77200", "2009-06-30": "21.35400", "2008-06-30": "19.98000", "2007-06-30": "15.69200", "2006-06-30": "12.54900", "2005-06-30": "13.83800"}, "Other Non-Cash Items": {"2020-06-30": "188.66700", "2019-06-30": "151.64800", "2018-06-30": "67.61700", "2017-06-30": "40.44900", "2016-06-30": "173.39100", "2015-06-30": "-2.45400", "2014-06-30": "15.16200", "2013-06-30": "13.32200", "2012-06-30": "11.94300", "2011-06-30": "16.70700", "2010-06-30": "15.70000", "2009-06-30": "58.59000", "2008-06-30": "-0.19000", "2007-06-30": "12.81400", "2006-06-30": "12.05800", "2005-06-30": "14.81000"}, "Total Non-Cash Items": {"2020-06-30": "241.14900", "2019-06-30": "202.54600", "2018-06-30": "129.65200", "2017-06-30": "100.01700", "2016-06-30": "232.08000", "2015-06-30": "54.92600", "2014-06-30": "63.38400", "2013-06-30": "53.41700", "2012-06-30": "42.40200", "2011-06-30": "40.83100", "2010-06-30": "34.47200", "2009-06-30": "79.94400", "2008-06-30": "19.79000", "2007-06-30": "28.50600", "2006-06-30": "24.60700", "2005-06-30": "28.64800"}, "Change In Accounts Receivable": {"2020-06-30": "33.85600", "2019-06-30": "26.65800", "2018-06-30": "-26.09300", "2017-06-30": "33.49400", "2016-06-30": "-12.07800", "2015-06-30": "-19.58200", "2014-06-30": "12.59500", "2013-06-30": "-47.75100", "2012-06-30": "-4.31600", "2011-06-30": "-22.54500", "2010-06-30": "4.59300", "2009-06-30": "-7.88900", "2008-06-30": "-13.32600", "2007-06-30": "-9.36500", "2006-06-30": "-12.41800", "2005-06-30": "2.57700"}, "Change In Inventories": {"2020-06-30": "33.23600", "2019-06-30": "30.55000", "2018-06-30": "-28.43400", "2017-06-30": "0.20900", "2016-06-30": "-9.32500", "2015-06-30": "-30.46500", "2014-06-30": "-24.81900", "2013-06-30": "-28.34200", "2012-06-30": "-5.59700", "2011-06-30": "-5.67700", "2010-06-30": "5.85600", "2009-06-30": "-26.62300", "2008-06-30": "-31.33500", "2007-06-30": "-9.79300", "2006-06-30": "-9.84100", "2005-06-30": "0.49600"}, "Change In Accounts Payable": {"2020-06-30": "", "2019-06-30": "", "2018-06-30": "", "2017-06-30": "", "2016-06-30": "", "2015-06-30": "", "2014-06-30": "", "2013-06-30": "", "2012-06-30": "", "2011-06-30": "", "2010-06-30": "", "2009-06-30": "", "2008-06-30": "", "2007-06-30": "", "2006-06-30": "", "2005-06-30": ""}, "Change In Assets/Liabilities": {"2020-06-30": "-39.35100", "2019-06-30": "-3.58000", "2018-06-30": "-13.71000", "2017-06-30": "28.58800", "2016-06-30": "-18.93600", "2015-06-30": "-19.27200", "2014-06-30": "-16.54600", "2013-06-30": "-18.22700", "2012-06-30": "-7.60600", "2011-06-30": "-6.01300", "2010-06-30": "1.45200", "2009-06-30": "-2.92300", "2008-06-30": "-8.93300", "2007-06-30": "2.28200", "2006-06-30": "-1.54200", "2005-06-30": "-12.91300"}, "Total Change In Assets/Liabilities": {"2020-06-30": "-3.82800", "2019-06-30": "20.10100", "2018-06-30": "-24.95000", "2017-06-30": "65.24800", "2016-06-30": "-94.53700", "2015-06-30": "-34.40600", "2014-06-30": "-8.53800", "2013-06-30": "-47.11100", "2012-06-30": "0.33300", "2011-06-30": "-37.15500", "2010-06-30": "7.93900", "2009-06-30": "-28.86100", "2008-06-30": "-38.22300", "2007-06-30": "-9.55700", "2006-06-30": "-6.80800", "2005-06-30": "-17.73600"}, "Cash Flow From Operating Activities": {"2020-06-30": "156.91400", "2019-06-30": "39.33300", "2018-06-30": "114.39600", "2017-06-30": "232.69500", "2016-06-30": "184.97200", "2015-06-30": "185.48200", "2014-06-30": "184.76800", "2013-06-30": "120.96200", "2012-06-30": "121.96000", "2011-06-30": "58.65800", "2010-06-30": "71.03000", "2009-06-30": "21.62500", "2008-06-30": "24.48600", "2007-06-30": "66.43100", "2006-06-30": "54.16600", "2005-06-30": "34.97300"}, "Net Change In Property, Plant, And Equipment": {"2020-06-30": "-60.89300", "2019-06-30": "-75.79200", "2018-06-30": "-69.45600", "2017-06-30": "-40.88800", "2016-06-30": "-47.91700", "2015-06-30": "-46.66700", "2014-06-30": "-41.61100", "2013-06-30": "-71.83200", "2012-06-30": "-20.33400", "2011-06-30": "-9.87300", "2010-06-30": "-11.34300", "2009-06-30": "-12.03800", "2008-06-30": "-18.94200", "2007-06-30": "-8.10800", "2006-06-30": "-14.47900", "2005-06-30": "-9.89000"}, "Net Change In Intangible Assets": {"2020-06-30": "", "2019-06-30": "", "2018-06-30": "", "2017-06-30": "", "2016-06-30": "", "2015-06-30": "", "2014-06-30": "", "2013-06-30": "", "2012-06-30": "", "2011-06-30": "", "2010-06-30": "", "2009-06-30": "", "2008-06-30": "", "2007-06-30": "", "2006-06-30": "", "2005-06-30": ""}, "Net Acquisitions/Divestitures": {"2020-06-30": "15.76500", "2019-06-30": "7.14500", "2018-06-30": "-11.63000", "2017-06-30": "-19.54400", "2016-06-30": "-157.06100", "2015-06-30": "-104.63300", "2014-06-30": "-177.29000", "2013-06-30": "-337.41400", "2012-06-30": "-257.26400", "2011-06-30": "-45.33900", "2010-06-30": "-51.41500", "2009-06-30": "-3.25700", "2008-06-30": "-99.17500", "2007-06-30": "-129.68900", "2006-06-30": "-84.48000", "2005-06-30": "-11.09800"}, "Net Change In Short-term Investments": {"2020-06-30": "", "2019-06-30": "", "2018-06-30": "", "2017-06-30": "", "2016-06-30": "", "2015-06-30": "", "2014-06-30": "", "2013-06-30": "", "2012-06-30": "", "2011-06-30": "", "2010-06-30": "", "2009-06-30": "", "2008-06-30": "", "2007-06-30": "", "2006-06-30": "", "2005-06-30": ""}, "Net Change In Long-Term Investments": {"2020-06-30": "", "2019-06-30": "", "2018-06-30": "", "2017-06-30": "", "2016-06-30": "", "2015-06-30": "", "2014-06-30": "12.66500", "2013-06-30": "3.11000", "2012-06-30": "6.93400", "2011-06-30": "-0.27100", "2010-06-30": "", "2009-06-30": "18.50000", "2008-06-30": "", "2007-06-30": "", "2006-06-30": "-1.60000", "2005-06-30": ""}, "Net Change In Investments - Total": {"2020-06-30": "", "2019-06-30": "", "2018-06-30": "", "2017-06-30": "", "2016-06-30": "", "2015-06-30": "", "2014-06-30": "12.66500", "2013-06-30": "3.11000", "2012-06-30": "6.93400", "2011-06-30": "-0.27100", "2010-06-30": "", "2009-06-30": "18.50000", "2008-06-30": "", "2007-06-30": "", "2006-06-30": "-1.60000", "2005-06-30": ""}, "Investing Activities - Other": {"2020-06-30": "", "2019-06-30": "", "2018-06-30": "", "2017-06-30": "", "2016-06-30": "", "2015-06-30": "", "2014-06-30": "", "2013-06-30": "", "2012-06-30": "", "2011-06-30": "", "2010-06-30": "", "2009-06-30": "", "2008-06-30": "2.02500", "2007-06-30": "-1.91100", "2006-06-30": "", "2005-06-30": ""}, "Cash Flow From Investing Activities": {"2020-06-30": "-45.12800", "2019-06-30": "-68.64700", "2018-06-30": "-81.08600", "2017-06-30": "-60.43200", "2016-06-30": "-204.97800", "2015-06-30": "-151.30000", "2014-06-30": "-206.23600", "2013-06-30": "-406.13600", "2012-06-30": "-270.66400", "2011-06-30": "-55.48300", "2010-06-30": "-62.75800", "2009-06-30": "3.20500", "2008-06-30": "-116.09200", "2007-06-30": "-139.70800", "2006-06-30": "-100.55900", "2005-06-30": "-20.98800"}, "Net Long-Term Debt": {"2020-06-30": "-208.29000", "2019-06-30": "-92.16600", "2018-06-30": "293.78800", "2017-06-30": "-19.19900", "2016-06-30": "-162.77000", "2015-06-30": "", "2014-06-30": "-7.22800", "2013-06-30": "12.37700", "2012-06-30": "-0.46000", "2011-06-30": "-0.02200", "2010-06-30": "-0.08800", "2009-06-30": "-0.03400", "2008-06-30": "", "2007-06-30": "", "2006-06-30": "150.00000", "2005-06-30": ""}, "Net Current Debt": {"2020-06-30": "-139.66900", "2019-06-30": "16.20900", "2018-06-30": "-335.22000", "2017-06-30": "-91.20300", "2016-06-30": "178.85100", "2015-06-30": "48.95100", "2014-06-30": "108.32600", "2013-06-30": "263.45800", "2012-06-30": "160.98900", "2011-06-30": "4.10000", "2010-06-30": "-33.40000", "2009-06-30": "-47.17000", "2008-06-30": "90.50000", "2007-06-30": "65.00000", "2006-06-30": "-89.70000", "2005-06-30": "-9.50000"}, "Debt Issuance/Retirement Net - Total": {"2020-06-30": "-347.95900", "2019-06-30": "-75.95700", "2018-06-30": "-41.43200", "2017-06-30": "-110.40200", "2016-06-30": "16.08100", "2015-06-30": "48.95100", "2014-06-30": "101.09800", "2013-06-30": "275.83500", "2012-06-30": "160.52900", "2011-06-30": "4.07800", "2010-06-30": "-33.48800", "2009-06-30": "-47.20400", "2008-06-30": "90.50000", "2007-06-30": "65.00000", "2006-06-30": "60.30000", "2005-06-30": "-9.50000"}, "Net Common Equity Issued/Repurchased": {"2020-06-30": "-60.22100", "2019-06-30": "", "2018-06-30": "", "2017-06-30": "", "2016-06-30": "", "2015-06-30": "18.64300", "2014-06-30": "7.32000", "2013-06-30": "12.76300", "2012-06-30": "14.17900", "2011-06-30": "17.91200", "2010-06-30": "2.13900", "2009-06-30": "5.28300", "2008-06-30": "2.41600", "2007-06-30": "18.40700", "2006-06-30": "15.10400", "2005-06-30": "1.78100"}, "Net Total Equity Issued/Repurchased": {"2020-06-30": "-60.22100", "2019-06-30": "", "2018-06-30": "", "2017-06-30": "", "2016-06-30": "", "2015-06-30": "18.64300", "2014-06-30": "7.32000", "2013-06-30": "12.76300", "2012-06-30": "14.17900", "2011-06-30": "17.91200", "2010-06-30": "2.13900", "2009-06-30": "5.28300", "2008-06-30": "2.41600", "2007-06-30": "18.40700", "2006-06-30": "15.10400", "2005-06-30": "1.78100"}, "Total Common And Preferred Stock Dividends Paid": {"2020-06-30": "", "2019-06-30": "", "2018-06-30": "", "2017-06-30": "", "2016-06-30": "", "2015-06-30": "", "2014-06-30": "", "2013-06-30": "", "2012-06-30": "", "2011-06-30": "", "2010-06-30": "", "2009-06-30": "", "2008-06-30": "", "2007-06-30": "", "2006-06-30": "", "2005-06-30": ""}, "Financial Activities - Other": {"2020-06-30": "303.71400", "2019-06-30": "53.11100", "2018-06-30": "-33.98900", "2017-06-30": "-36.68700", "2016-06-30": "-19.29300", "2015-06-30": "-50.42700", "2014-06-30": "-7.59700", "2013-06-30": "7.53900", "2012-06-30": "-27.28500", "2011-06-30": "-14.85600", "2010-06-30": "-1.03200", "2009-06-30": "2.18700", "2008-06-30": "-0.99100", "2007-06-30": "0.20100", "2006-06-30": "-4.40800", "2005-06-30": "-6.99600"}, "Cash Flow From Financial Activities": {"2020-06-30": "-104.46600", "2019-06-30": "-22.84600", "2018-06-30": "-75.42100", "2017-06-30": "-147.08900", "2016-06-30": "-3.21200", "2015-06-30": "17.16700", "2014-06-30": "100.82100", "2013-06-30": "296.13700", "2012-06-30": "147.42300", "2011-06-30": "7.13400", "2010-06-30": "-32.38100", "2009-06-30": "-39.73400", "2008-06-30": "91.92500", "2007-06-30": "83.60800", "2006-06-30": "70.99600", "2005-06-30": "-14.71500"}, "Net Cash Flow": {"2020-06-30": "-1.75500", "2019-06-30": "-73.49100", "2018-06-30": "-33.97500", "2017-06-30": "19.06600", "2016-06-30": "-38.99600", "2015-06-30": "43.17100", "2014-06-30": "82.48800", "2013-06-30": "11.36800", "2012-06-30": "2.37800", "2011-06-30": "10.25100", "2010-06-30": "-24.14200", "2009-06-30": "-17.10500", "2008-06-30": "-2.00500", "2007-06-30": "11.64300", "2006-06-30": "24.73600", "2005-06-30": "-3.35000"}, "Stock-Based Compensation": {"2020-06-30": "13.07800", "2019-06-30": "9.90000", "2018-06-30": "11.17700", "2017-06-30": "9.65800", "2016-06-30": "12.68800", "2015-06-30": "12.19700", "2014-06-30": "12.44800", "2013-06-30": "13.01000", "2012-06-30": "8.29000", "2011-06-30": "9.03100", "2010-06-30": "6.97900", "2009-06-30": "7.21100", "2008-06-30": "-1.87100", "2007-06-30": "1.03100", "2006-06-30": "4.21300", "2005-06-30": "2.27000"}, "Common Stock Dividends Paid": {"2020-06-30": "", "2019-06-30": "", "2018-06-30": "", "2017-06-30": "", "2016-06-30": "", "2015-06-30": "", "2014-06-30": "", "2013-06-30": "", "2012-06-30": "", "2011-06-30": "", "2010-06-30": "", "2009-06-30": "", "2008-06-30": "", "2007-06-30": "", "2006-06-30": "", "2005-06-30": ""}}, "cash flow statement, quarterly": {"Net Income/Loss": {"2020-09-30": "0.48500", "2020-06-30": 3.239, "2020-03-31": 24.339, "2019-12-31": -0.964, "2019-09-30": "-107.02100", "2019-06-30": -13.551, "2019-03-31": -65.837, "2018-12-31": -66.501, "2018-09-30": "-37.42500", "2018-06-30": -69.941, "2018-03-31": 12.686, "2017-12-31": 47.103, "2017-09-30": "19.84600", "2017-06-30": 0.313, "2017-03-31": 31.328, "2016-12-31": 27.185, "2016-09-30": "8.60400", "2016-06-30": -88.597, "2016-03-31": 48.788, "2015-12-31": 58.08, "2015-09-30": "29.15800", "2015-06-30": 68.138, "2015-03-31": 33.394, "2014-12-31": 44.575, "2014-09-30": "18.85500", "2014-06-30": 25.795, "2014-03-31": 35.241, "2013-12-31": 41.231, "2013-09-30": "27.65500", "2013-06-30": 25.933, "2013-03-31": 40.715, "2012-12-31": 31.622, "2012-09-30": "16.38600", "2012-06-30": 23.39, "2012-03-31": 24.107, "2011-12-31": 20.038, "2011-09-30": "11.69000", "2011-06-30": 12.848, "2011-03-31": 16.772, "2010-12-31": 16.267, "2010-09-30": "9.09500", "2010-06-30": 6.691, "2010-03-31": 2.656, "2009-12-31": 11.182, "2009-09-30": "8.09000", "2009-06-30": -1.746, "2009-03-31": -43.267, "2008-12-31": 8.789, "2008-09-30": "6.76600", "2008-06-30": 8.202, "2008-03-31": 8.315, "2007-12-31": 15.582, "2007-09-30": "10.82000", "2007-06-30": 12.14, "2007-03-31": 12.39, "2006-12-31": 14.213, "2006-09-30": "8.73900", "2006-06-30": 8.075, "2006-03-31": 9.063, "2005-12-31": 12.338, "2005-09-30": "6.89100", "2005-06-30": -0.497, "2005-03-31": 24.558}, "Total Depreciation And Amortization - Cash Flow": {"2020-09-30": "13.76100", "2020-06-30": 12.413, "2020-03-31": 12.927, "2019-12-31": 13.219, "2019-09-30": "13.92300", "2019-06-30": 13.35, "2019-03-31": 12.483, "2018-12-31": 12.205, "2018-09-30": "12.86000", "2018-06-30": 16.896, "2018-03-31": 15.074, "2017-12-31": 14.918, "2017-09-30": "15.14700", "2017-06-30": 14.833, "2017-03-31": 10.567, "2016-12-31": 16.948, "2016-09-30": "17.22000", "2016-06-30": 10.59, "2016-03-31": 16.309, "2015-12-31": 16.047, "2015-09-30": "15.74300", "2015-06-30": 14.316, "2015-03-31": 14.162, "2014-12-31": 14.322, "2014-09-30": "14.58000", "2014-06-30": 13.625, "2014-03-31": 12.789, "2013-12-31": 11.355, "2013-09-30": "10.45300", "2013-06-30": 13.276, "2013-03-31": 9.794, "2012-12-31": 8.975, "2012-09-30": "8.05000", "2012-06-30": 8.092, "2012-03-31": 7.775, "2011-12-31": 8.278, "2011-09-30": "6.31400", "2011-06-30": 6.463, "2011-03-31": 5.948, "2010-12-31": 5.77, "2010-09-30": "5.94300", "2010-06-30": 4.71, "2010-03-31": 4.703, "2009-12-31": 4.779, "2009-09-30": "4.58000", "2009-06-30": 5.095, "2009-03-31": 5.183, "2008-12-31": 5.69, "2008-09-30": "5.38600", "2008-06-30": 5.603, "2008-03-31": 5.144, "2007-12-31": 4.764, "2007-09-30": "4.46900", "2007-06-30": 4.765, "2007-03-31": 3.839, "2006-12-31": 3.769, "2006-09-30": "3.31900", "2006-06-30": 3.419, "2006-03-31": 3.114, "2005-12-31": 2.809, "2005-09-30": "3.20700", "2005-06-30": 4.399, "2005-03-31": 9.439}, "Other Non-Cash Items": {"2020-09-30": "23.02000", "2020-06-30": 63.572, "2020-03-31": 14.341, "2019-12-31": 8.272, "2019-09-30": "102.48200", "2019-06-30": -10.942, "2019-03-31": 79.761, "2018-12-31": 57.118, "2018-09-30": "25.71100", "2018-06-30": 73.964, "2018-03-31": 18.861, "2017-12-31": -23.432, "2017-09-30": "-1.77600", "2017-06-30": 37.747, "2017-03-31": 2.859, "2016-12-31": 2.379, "2016-09-30": "-2.53600", "2016-06-30": 172.297, "2016-03-31": -5.046, "2015-12-31": 0.229, "2015-09-30": "5.91100", "2015-06-30": -7.811, "2015-03-31": 10.464, "2014-12-31": 0.156, "2014-09-30": "-5.26300", "2014-06-30": 9.028, "2014-03-31": 5.08, "2013-12-31": -0.384, "2013-09-30": "1.43800", "2013-06-30": 2.909, "2013-03-31": 2.246, "2012-12-31": 1.515, "2012-09-30": "6.65200", "2012-06-30": 0.462, "2012-03-31": 5.77, "2011-12-31": 2.453, "2011-09-30": "3.25800", "2011-06-30": 12.2, "2011-03-31": 0.707, "2010-12-31": 2.818, "2010-09-30": "0.98200", "2010-06-30": 1.618, "2010-03-31": 9.738, "2009-12-31": 2.23, "2009-09-30": "2.11400", "2009-06-30": 6.408, "2009-03-31": 49.411, "2008-12-31": 1.196, "2008-09-30": "1.57500", "2008-06-30": -0.33, "2008-03-31": 0.134, "2007-12-31": 1.365, "2007-09-30": "-1.35900", "2007-06-30": 11.114, "2007-03-31": 4.206, "2006-12-31": 0.691, "2006-09-30": "-3.19700", "2006-06-30": 8.576, "2006-03-31": 1.326, "2005-12-31": 1.046, "2005-09-30": "1.11000", "2005-06-30": 14.081, "2005-03-31": 0.729}, "Total Non-Cash Items": {"2020-09-30": "36.78100", "2020-06-30": 75.985, "2020-03-31": 27.268, "2019-12-31": 21.491, "2019-09-30": "116.40500", "2019-06-30": 2.408, "2019-03-31": 92.244, "2018-12-31": 69.323, "2018-09-30": "38.57100", "2018-06-30": 90.86, "2018-03-31": 33.935, "2017-12-31": -8.514, "2017-09-30": "13.37100", "2017-06-30": 52.58, "2017-03-31": 13.426, "2016-12-31": 19.327, "2016-09-30": "14.68400", "2016-06-30": 182.887, "2016-03-31": 11.263, "2015-12-31": 16.276, "2015-09-30": "21.65400", "2015-06-30": 6.505, "2015-03-31": 24.626, "2014-12-31": 14.478, "2014-09-30": "9.31700", "2014-06-30": 22.653, "2014-03-31": 17.869, "2013-12-31": 10.971, "2013-09-30": "11.89100", "2013-06-30": 16.185, "2013-03-31": 12.04, "2012-12-31": 10.49, "2012-09-30": "14.70200", "2012-06-30": 8.554, "2012-03-31": 13.545, "2011-12-31": 10.731, "2011-09-30": "9.57200", "2011-06-30": 18.663, "2011-03-31": 6.655, "2010-12-31": 8.588, "2010-09-30": "6.92500", "2010-06-30": 6.328, "2010-03-31": 14.441, "2009-12-31": 7.009, "2009-09-30": "6.69400", "2009-06-30": 11.503, "2009-03-31": 54.594, "2008-12-31": 6.886, "2008-09-30": "6.96100", "2008-06-30": 5.273, "2008-03-31": 5.278, "2007-12-31": 6.129, "2007-09-30": "3.11000", "2007-06-30": 15.879, "2007-03-31": 8.045, "2006-12-31": 4.46, "2006-09-30": "0.12200", "2006-06-30": 11.995, "2006-03-31": 4.44, "2005-12-31": 3.855, "2005-09-30": "4.31700", "2005-06-30": 18.48, "2005-03-31": 10.168}, "Change In Accounts Receivable": {"2020-09-30": "-3.57500", "2020-06-30": 64.726, "2020-03-31": -38.41, "2019-12-31": 8.393, "2019-09-30": "-0.85300", "2019-06-30": 31.124, "2019-03-31": -14.006, "2018-12-31": 5.774, "2018-09-30": "3.76600", "2018-06-30": -2.095, "2018-03-31": -7.921, "2017-12-31": 2.023, "2017-09-30": "-18.10000", "2017-06-30": 2.603, "2017-03-31": 15.006, "2016-12-31": -2.684, "2016-09-30": "18.56900", "2016-06-30": 18.383, "2016-03-31": -12.049, "2015-12-31": -15.034, "2015-09-30": "-3.37800", "2015-06-30": 40.001, "2015-03-31": -18.024, "2014-12-31": -9.933, "2014-09-30": "-31.62600", "2014-06-30": 30.921, "2014-03-31": -8.374, "2013-12-31": -15.918, "2013-09-30": "5.96600", "2013-06-30": 19.035, "2013-03-31": -24.349, "2012-12-31": -33.1, "2012-09-30": "-9.33700", "2012-06-30": 22.563, "2012-03-31": 2.904, "2011-12-31": -20.734, "2011-09-30": "-9.04900", "2011-06-30": -1.542, "2011-03-31": -7.498, "2010-12-31": 0.155, "2010-09-30": "-13.66000", "2010-06-30": 7.997, "2010-03-31": 6.819, "2009-12-31": 6.755, "2009-09-30": "-16.97800", "2009-06-30": 9.411, "2009-03-31": -15.986, "2008-12-31": 10.506, "2008-09-30": "-11.82000", "2008-06-30": 16.271, "2008-03-31": -1.503, "2007-12-31": -15.137, "2007-09-30": "-12.95700", "2007-06-30": 17.432, "2007-03-31": -4.86, "2006-12-31": -5.563, "2006-09-30": "-16.37400", "2006-06-30": 1.41, "2006-03-31": -2.178, "2005-12-31": -7.31, "2005-09-30": "-4.34000", "2005-06-30": 4.941, "2005-03-31": -2.364}, "Change In Inventories": {"2020-09-30": "-44.96200", "2020-06-30": -14.044, "2020-03-31": 37.891, "2019-12-31": 14.896, "2019-09-30": "-5.50700", "2019-06-30": 18.92, "2019-03-31": 17.378, "2018-12-31": 12.892, "2018-09-30": "-18.64000", "2018-06-30": 14.921, "2018-03-31": 19.776, "2017-12-31": -34.945, "2017-09-30": "-28.18600", "2017-06-30": 20.624, "2017-03-31": 11.506, "2016-12-31": 5.786, "2016-09-30": "-37.70700", "2016-06-30": 1.451, "2016-03-31": 7.517, "2015-12-31": 26.762, "2015-09-30": "-45.05500", "2015-06-30": -15.359, "2015-03-31": 11.138, "2014-12-31": 8.183, "2014-09-30": "-34.42700", "2014-06-30": -19.833, "2014-03-31": 3.292, "2013-12-31": 4.227, "2013-09-30": "-12.50500", "2013-06-30": 0.3, "2013-03-31": -9.331, "2012-12-31": -7.71, "2012-09-30": "-11.60100", "2012-06-30": -8.866, "2012-03-31": 5.866, "2011-12-31": 9.87, "2011-09-30": "-12.46700", "2011-06-30": -3.756, "2011-03-31": 8.889, "2010-12-31": -0.167, "2010-09-30": "-10.64300", "2010-06-30": 0.788, "2010-03-31": 10.747, "2009-12-31": -0.038, "2009-09-30": "-5.64100", "2009-06-30": 7.402, "2009-03-31": 7.483, "2008-12-31": -0.207, "2008-09-30": "-41.30100", "2008-06-30": -15.898, "2008-03-31": -0.109, "2007-12-31": -7.462, "2007-09-30": "-7.86600", "2007-06-30": -3.371, "2007-03-31": -1.021, "2006-12-31": 0.479, "2006-09-30": "-5.88000", "2006-06-30": 0.09, "2006-03-31": 6.691, "2005-12-31": -10.028, "2005-09-30": "-6.59400", "2005-06-30": -2.238, "2005-03-31": 2.734}, "Change In Accounts Payable": {"2020-09-30": "", "2020-06-30": 0, "2020-03-31": 0, "2019-12-31": 0, "2019-09-30": "", "2019-06-30": 0, "2019-03-31": 0, "2018-12-31": 0, "2018-09-30": "", "2018-06-30": 0, "2018-03-31": 0, "2017-12-31": 0, "2017-09-30": "", "2017-06-30": 0, "2017-03-31": 0, "2016-12-31": 0, "2016-09-30": "", "2016-06-30": 0, "2016-03-31": 0, "2015-12-31": 0, "2015-09-30": "", "2015-06-30": 0, "2015-03-31": 0, "2014-12-31": 0, "2014-09-30": "", "2014-06-30": 0, "2014-03-31": 0, "2013-12-31": 0, "2013-09-30": "", "2013-06-30": 0, "2013-03-31": 0, "2012-12-31": 0, "2012-09-30": "", "2012-06-30": 0, "2012-03-31": 0, "2011-12-31": 0, "2011-09-30": "", "2011-06-30": 0, "2011-03-31": 0, "2010-12-31": 0, "2010-09-30": "", "2010-06-30": 0, "2010-03-31": 0, "2009-12-31": 0, "2009-09-30": "", "2009-06-30": 0, "2009-03-31": 0, "2008-12-31": 0, "2008-09-30": "", "2008-06-30": 0, "2008-03-31": 0, "2007-12-31": 0, "2007-09-30": "", "2007-06-30": 0, "2007-03-31": 0, "2006-12-31": 0, "2006-09-30": "", "2006-06-30": 0, "2006-03-31": 0, "2005-12-31": 0, "2005-09-30": "", "2005-06-30": 0, "2005-03-31": 0}, "Change In Assets/Liabilities": {"2020-09-30": "36.32800", "2020-06-30": -48.487, "2020-03-31": 8.483, "2019-12-31": -13.714, "2019-09-30": "14.36700", "2019-06-30": -8.563, "2019-03-31": 1.917, "2018-12-31": 3.095, "2018-09-30": "-0.02900", "2018-06-30": -10.924, "2018-03-31": -4.156, "2017-12-31": 10.444, "2017-09-30": "-9.07400", "2017-06-30": 8.517, "2017-03-31": 0.255, "2016-12-31": 14.043, "2016-09-30": "5.77300", "2016-06-30": -42.088, "2016-03-31": -5.182, "2015-12-31": 7.809, "2015-09-30": "20.52500", "2015-06-30": -14.614, "2015-03-31": 1.824, "2014-12-31": -11.778, "2014-09-30": "5.29600", "2014-06-30": -12.966, "2014-03-31": 1.239, "2013-12-31": -3.787, "2013-09-30": "-1.03200", "2013-06-30": 3.266, "2013-03-31": -15.6, "2012-12-31": -3.14, "2012-09-30": "-2.75300", "2012-06-30": -3.26, "2012-03-31": -4.544, "2011-12-31": -1.832, "2011-09-30": "2.03000", "2011-06-30": 0.026, "2011-03-31": -1.189, "2010-12-31": 0.679, "2010-09-30": "-5.52900", "2010-06-30": 0.774, "2010-03-31": -1.627, "2009-12-31": -0.542, "2009-09-30": "2.84700", "2009-06-30": -0.801, "2009-03-31": -4.652, "2008-12-31": -0.758, "2008-09-30": "3.28800", "2008-06-30": -6.585, "2008-03-31": -0.026, "2007-12-31": -1.059, "2007-09-30": "-1.26300", "2007-06-30": -1.23, "2007-03-31": -0.194, "2006-12-31": -1.479, "2006-09-30": "5.18500", "2006-06-30": -0.12, "2006-03-31": -2.682, "2005-12-31": -0.012, "2005-09-30": "1.27200", "2005-06-30": -3.16, "2005-03-31": -9.753}, "Total Change In Assets/Liabilities": {"2020-09-30": "3.40300", "2020-06-30": 13.598, "2020-03-31": -4.663, "2019-12-31": 0.202, "2019-09-30": "-12.96500", "2019-06-30": 32.145, "2019-03-31": -8.072, "2018-12-31": 16.744, "2018-09-30": "-20.71600", "2018-06-30": 26.107, "2018-03-31": -7.641, "2017-12-31": -9.119, "2017-09-30": "-34.29700", "2017-06-30": 16.623, "2017-03-31": 2.298, "2016-12-31": 56.796, "2016-09-30": "-10.46900", "2016-06-30": -41.172, "2016-03-31": -27.841, "2015-12-31": 19.503, "2015-09-30": "-45.02700", "2015-06-30": 40.67, "2015-03-31": -42.102, "2014-12-31": -7.416, "2014-09-30": "-25.55800", "2014-06-30": 14.039, "2014-03-31": -4.317, "2013-12-31": -32.322, "2013-09-30": "14.06200", "2013-06-30": 10.98, "2013-03-31": -46.073, "2012-12-31": -8.085, "2012-09-30": "-3.93300", "2012-06-30": 12.296, "2012-03-31": 2.155, "2011-12-31": -16.181, "2011-09-30": "2.06300", "2011-06-30": -13.284, "2011-03-31": 6.354, "2010-12-31": -2.228, "2010-09-30": "-27.99700", "2010-06-30": 19.42, "2010-03-31": 10.68, "2009-12-31": 0.706, "2009-09-30": "-22.86700", "2009-06-30": 21.311, "2009-03-31": -3.831, "2008-12-31": -3.454, "2008-09-30": "-42.88700", "2008-06-30": -10.156, "2008-03-31": -3.453, "2007-12-31": -13.744, "2007-09-30": "-10.87000", "2007-06-30": -13.093, "2007-03-31": 0.395, "2006-12-31": -7.871, "2006-09-30": "11.01200", "2006-06-30": 12.708, "2006-03-31": 0.366, "2005-12-31": -9.203, "2005-09-30": "-10.67900", "2005-06-30": -7.639, "2005-03-31": -10.097}, "Cash Flow From Operating Activities": {"2020-09-30": "40.66900", "2020-06-30": 92.822, "2020-03-31": 46.944, "2019-12-31": 20.729, "2019-09-30": "-3.58100", "2019-06-30": 21.002, "2019-03-31": 18.335, "2018-12-31": 19.566, "2018-09-30": "-19.57000", "2018-06-30": 47.026, "2018-03-31": 38.98, "2017-12-31": 29.47, "2017-09-30": "-1.08000", "2017-06-30": 69.516, "2017-03-31": 47.052, "2016-12-31": 103.308, "2016-09-30": "12.81900", "2016-06-30": 53.118, "2016-03-31": 32.21, "2015-12-31": 93.859, "2015-09-30": "5.78500", "2015-06-30": 115.313, "2015-03-31": 15.918, "2014-12-31": 51.637, "2014-09-30": "2.61400", "2014-06-30": 62.487, "2014-03-31": 48.793, "2013-12-31": 19.88, "2013-09-30": "53.60800", "2013-06-30": 53.098, "2013-03-31": 6.682, "2012-12-31": 34.027, "2012-09-30": "27.15500", "2012-06-30": 44.24, "2012-03-31": 39.807, "2011-12-31": 14.588, "2011-09-30": "23.32500", "2011-06-30": 18.227, "2011-03-31": 29.781, "2010-12-31": 22.627, "2010-09-30": "-11.97700", "2010-06-30": 32.439, "2010-03-31": 27.777, "2009-12-31": 18.897, "2009-09-30": "-8.08300", "2009-06-30": 31.068, "2009-03-31": 7.496, "2008-12-31": 12.221, "2008-09-30": "-29.16000", "2008-06-30": 3.319, "2008-03-31": 10.14, "2007-12-31": 7.967, "2007-09-30": "3.06000", "2007-06-30": 14.926, "2007-03-31": 20.83, "2006-12-31": 10.802, "2006-09-30": "19.87300", "2006-06-30": 32.778, "2006-03-31": 13.869, "2005-12-31": 6.99, "2005-09-30": "0.52900", "2005-06-30": 10.344, "2005-03-31": 24.629}, "Net Change In Property, Plant, And Equipment": {"2020-09-30": "-12.15500", "2020-06-30": -13.932, "2020-03-31": -17.624, "2019-12-31": -16.173, "2019-09-30": "-13.16400", "2019-06-30": -20.719, "2019-03-31": -14.075, "2018-12-31": -18.737, "2018-09-30": "-22.26100", "2018-06-30": -21.088, "2018-03-31": -23.683, "2017-12-31": -13.452, "2017-09-30": "-11.23300", "2017-06-30": -10.238, "2017-03-31": -7.344, "2016-12-31": -8.753, "2016-09-30": "-14.55300", "2016-06-30": 10.105, "2016-03-31": -16.845, "2015-12-31": -21.664, "2015-09-30": "-19.51300", "2015-06-30": -12.058, "2015-03-31": -10.54, "2014-12-31": -10.809, "2014-09-30": "-13.26000", "2014-06-30": -10.887, "2014-03-31": -9.902, "2013-12-31": -8.475, "2013-09-30": "-12.34700", "2013-06-30": -22.811, "2013-03-31": -24.118, "2012-12-31": -16.597, "2012-09-30": "-8.30600", "2012-06-30": -7.459, "2012-03-31": -6.085, "2011-12-31": -4.326, "2011-09-30": "-2.46400", "2011-06-30": -3.575, "2011-03-31": -3.051, "2010-12-31": -2.137, "2010-09-30": "-1.11000", "2010-06-30": -4.032, "2010-03-31": -2.414, "2009-12-31": -2.182, "2009-09-30": "-2.71500", "2009-06-30": -2.634, "2009-03-31": -3.813, "2008-12-31": -2.797, "2008-09-30": "-2.79400", "2008-06-30": -8.337, "2008-03-31": -3.216, "2007-12-31": -2.724, "2007-09-30": "-4.66500", "2007-06-30": -1.414, "2007-03-31": -2.837, "2006-12-31": -2.969, "2006-09-30": "-0.88800", "2006-06-30": -6.279, "2006-03-31": -1.865, "2005-12-31": -3.227, "2005-09-30": "-3.10800", "2005-06-30": -2.864, "2005-03-31": -7.026}, "Net Change In Intangible Assets": {"2020-09-30": "", "2020-06-30": 0, "2020-03-31": 0, "2019-12-31": 0, "2019-09-30": "", "2019-06-30": 0, "2019-03-31": 0, "2018-12-31": 0, "2018-09-30": "", "2018-06-30": 0, "2018-03-31": 0, "2017-12-31": 0, "2017-09-30": "", "2017-06-30": 0, "2017-03-31": 0, "2016-12-31": 0, "2016-09-30": "", "2016-06-30": 0, "2016-03-31": 0, "2015-12-31": 0, "2015-09-30": "", "2015-06-30": 0, "2015-03-31": 0, "2014-12-31": 0, "2014-09-30": "", "2014-06-30": 0, "2014-03-31": 0, "2013-12-31": 0, "2013-09-30": "", "2013-06-30": 0, "2013-03-31": 0, "2012-12-31": 0, "2012-09-30": "", "2012-06-30": 0, "2012-03-31": 0, "2011-12-31": 0, "2011-09-30": "", "2011-06-30": 0, "2011-03-31": 0, "2010-12-31": 0, "2010-09-30": "", "2010-06-30": 0, "2010-03-31": 0, "2009-12-31": 0, "2009-09-30": "", "2009-06-30": 0, "2009-03-31": 0, "2008-12-31": 0, "2008-09-30": "", "2008-06-30": 0, "2008-03-31": 0, "2007-12-31": 0, "2007-09-30": "", "2007-06-30": 0, "2007-03-31": 0, "2006-12-31": 0, "2006-09-30": "", "2006-06-30": 0, "2006-03-31": 0, "2005-12-31": 0, "2005-09-30": "", "2005-06-30": 0, "2005-03-31": 0}, "Net Acquisitions/Divestitures": {"2020-09-30": "4.42700", "2020-06-30": 1.337, "2020-03-31": 1.308, "2019-12-31": 13.12, "2019-09-30": "", "2019-06-30": 3.282, "2019-03-31": 0, "2018-12-31": 3.863, "2018-09-30": "", "2018-06-30": 1.434, "2018-03-31": 0, "2017-12-31": -13.064, "2017-09-30": "", "2017-06-30": -24.963, "2017-03-31": 5.419, "2016-12-31": 0, "2016-09-30": "", "2016-06-30": 0, "2016-03-31": 0, "2015-12-31": -132.113, "2015-09-30": "-24.94800", "2015-06-30": -0.214, "2015-03-31": -86.484, "2014-12-31": 2.375, "2014-09-30": "-20.31000", "2014-06-30": -55.791, "2014-03-31": -121.98, "2013-12-31": 0, "2013-09-30": "0.48100", "2013-06-30": -59.92, "2013-03-31": -0.228, "2012-12-31": -290.85, "2012-09-30": "13.58400", "2012-06-30": -13.839, "2012-03-31": -2.546, "2011-12-31": -240.879, "2011-09-30": "", "2011-06-30": -0.022, "2011-03-31": -29, "2010-12-31": 0, "2010-09-30": "-16.31700", "2010-06-30": -51.071, "2010-03-31": 0, "2009-12-31": -0.344, "2009-09-30": "", "2009-06-30": -2.933, "2009-03-31": 0.122, "2008-12-31": 0.09, "2008-09-30": "-0.53600", "2008-06-30": -34.717, "2008-03-31": -48.177, "2007-12-31": -7.064, "2007-09-30": "-9.21700", "2007-06-30": -2.831, "2007-03-31": -123.824, "2006-12-31": -11.194, "2006-09-30": "8.16000", "2006-06-30": -27.906, "2006-03-31": -24.357, "2005-12-31": -27.96, "2005-09-30": "-4.25700", "2005-06-30": -4.62, "2005-03-31": -6.478}, "Net Change In Short-term Investments": {"2020-09-30": "", "2020-06-30": 0, "2020-03-31": 0, "2019-12-31": 0, "2019-09-30": "", "2019-06-30": 0, "2019-03-31": 0, "2018-12-31": 0, "2018-09-30": "", "2018-06-30": 0, "2018-03-31": 0, "2017-12-31": 0, "2017-09-30": "", "2017-06-30": 0, "2017-03-31": 0, "2016-12-31": 0, "2016-09-30": "", "2016-06-30": 0, "2016-03-31": 0, "2015-12-31": 0, "2015-09-30": "", "2015-06-30": 0, "2015-03-31": 0, "2014-12-31": 0, "2014-09-30": "", "2014-06-30": 0, "2014-03-31": 0, "2013-12-31": 0, "2013-09-30": "", "2013-06-30": 0, "2013-03-31": 0, "2012-12-31": 0, "2012-09-30": "", "2012-06-30": 0, "2012-03-31": 0, "2011-12-31": 0, "2011-09-30": "", "2011-06-30": 0, "2011-03-31": 0, "2010-12-31": 0, "2010-09-30": "", "2010-06-30": 0, "2010-03-31": 0, "2009-12-31": 0, "2009-09-30": "", "2009-06-30": 0, "2009-03-31": 0, "2008-12-31": 0, "2008-09-30": "", "2008-06-30": 0, "2008-03-31": 0, "2007-12-31": 0, "2007-09-30": "", "2007-06-30": 0, "2007-03-31": 0, "2006-12-31": 0, "2006-09-30": "", "2006-06-30": 0, "2006-03-31": 0, "2005-12-31": 0, "2005-09-30": "", "2005-06-30": 0, "2005-03-31": 0}, "Net Change In Long-Term Investments": {"2020-09-30": "", "2020-06-30": 0, "2020-03-31": 0, "2019-12-31": 0, "2019-09-30": "", "2019-06-30": 0, "2019-03-31": 0, "2018-12-31": 0, "2018-09-30": "", "2018-06-30": 0, "2018-03-31": 0, "2017-12-31": 0, "2017-09-30": "", "2017-06-30": 0, "2017-03-31": 0, "2016-12-31": 0, "2016-09-30": "", "2016-06-30": 0, "2016-03-31": 0, "2015-12-31": 0, "2015-09-30": "", "2015-06-30": -1.488, "2015-03-31": 0.201, "2014-12-31": 0, "2014-09-30": "1.28700", "2014-06-30": 4.426, "2014-03-31": 1.558, "2013-12-31": 6.681, "2013-09-30": "", "2013-06-30": 0.005, "2013-03-31": 2, "2012-12-31": 1.005, "2012-09-30": "0.10000", "2012-06-30": -0.099, "2012-03-31": -0.312, "2011-12-31": 7.345, "2011-09-30": "", "2011-06-30": -1.943, "2011-03-31": 0.353, "2010-12-31": 1.319, "2010-09-30": "", "2010-06-30": -1.807, "2010-03-31": -0.242, "2009-12-31": 0.314, "2009-09-30": "1.73500", "2009-06-30": 18.5, "2009-03-31": 0, "2008-12-31": 0, "2008-09-30": "", "2008-06-30": 0, "2008-03-31": 0, "2007-12-31": 0, "2007-09-30": "", "2007-06-30": 0, "2007-03-31": 0, "2006-12-31": 0, "2006-09-30": "", "2006-06-30": -1.6, "2006-03-31": 0, "2005-12-31": 0, "2005-09-30": "", "2005-06-30": 0, "2005-03-31": 0}, "Net Change In Investments - Total": {"2020-09-30": "", "2020-06-30": 0, "2020-03-31": 0, "2019-12-31": 0, "2019-09-30": "", "2019-06-30": 0, "2019-03-31": 0, "2018-12-31": 0, "2018-09-30": "", "2018-06-30": 0, "2018-03-31": 0, "2017-12-31": 0, "2017-09-30": "", "2017-06-30": 0, "2017-03-31": 0, "2016-12-31": 0, "2016-09-30": "", "2016-06-30": 0, "2016-03-31": 0, "2015-12-31": 0, "2015-09-30": "", "2015-06-30": -1.488, "2015-03-31": 0.201, "2014-12-31": 0, "2014-09-30": "1.28700", "2014-06-30": 4.426, "2014-03-31": 1.558, "2013-12-31": 6.681, "2013-09-30": "", "2013-06-30": 0.005, "2013-03-31": 2, "2012-12-31": 1.005, "2012-09-30": "0.10000", "2012-06-30": -0.099, "2012-03-31": -0.312, "2011-12-31": 7.345, "2011-09-30": "", "2011-06-30": -1.943, "2011-03-31": 0.353, "2010-12-31": 1.319, "2010-09-30": "", "2010-06-30": -1.807, "2010-03-31": -0.242, "2009-12-31": 0.314, "2009-09-30": "1.73500", "2009-06-30": 18.5, "2009-03-31": 0, "2008-12-31": 0, "2008-09-30": "", "2008-06-30": 0, "2008-03-31": 0, "2007-12-31": 0, "2007-09-30": "", "2007-06-30": 0, "2007-03-31": 0, "2006-12-31": 0, "2006-09-30": "", "2006-06-30": -1.6, "2006-03-31": 0, "2005-12-31": 0, "2005-09-30": "", "2005-06-30": 0, "2005-03-31": 0}, "Investing Activities - Other": {"2020-09-30": "", "2020-06-30": 0, "2020-03-31": 0, "2019-12-31": 0, "2019-09-30": "", "2019-06-30": 0, "2019-03-31": 0, "2018-12-31": 0.652, "2018-09-30": "-0.65200", "2018-06-30": -0.124, "2018-03-31": 0.124, "2017-12-31": 0, "2017-09-30": "", "2017-06-30": -1, "2017-03-31": 0, "2016-12-31": 0, "2016-09-30": "1.00000", "2016-06-30": 0, "2016-03-31": 0, "2015-12-31": 0, "2015-09-30": "", "2015-06-30": 0, "2015-03-31": 0, "2014-12-31": 0, "2014-09-30": "", "2014-06-30": 0, "2014-03-31": 0, "2013-12-31": 0, "2013-09-30": "", "2013-06-30": 0, "2013-03-31": 0, "2012-12-31": 0, "2012-09-30": "", "2012-06-30": 0, "2012-03-31": 0, "2011-12-31": 0, "2011-09-30": "", "2011-06-30": 0, "2011-03-31": 0, "2010-12-31": 0, "2010-09-30": "", "2010-06-30": 0, "2010-03-31": 0, "2009-12-31": 0, "2009-09-30": "", "2009-06-30": 0, "2009-03-31": 0, "2008-12-31": 0, "2008-09-30": "", "2008-06-30": 0, "2008-03-31": 0, "2007-12-31": 0, "2007-09-30": "2.02500", "2007-06-30": 0, "2007-03-31": 0, "2006-12-31": 0, "2006-09-30": "-1.91100", "2006-06-30": 0, "2006-03-31": 0, "2005-12-31": 0, "2005-09-30": "", "2005-06-30": 0, "2005-03-31": 0}, "Cash Flow From Investing Activities": {"2020-09-30": "-7.72800", "2020-06-30": -12.595, "2020-03-31": -16.316, "2019-12-31": -3.053, "2019-09-30": "-13.16400", "2019-06-30": -17.437, "2019-03-31": -14.075, "2018-12-31": -14.222, "2018-09-30": "-22.91300", "2018-06-30": -19.778, "2018-03-31": -23.559, "2017-12-31": -26.516, "2017-09-30": "-11.23300", "2017-06-30": -36.201, "2017-03-31": -1.925, "2016-12-31": -8.753, "2016-09-30": "-13.55300", "2016-06-30": 10.105, "2016-03-31": -16.845, "2015-12-31": -153.777, "2015-09-30": "-44.46100", "2015-06-30": -13.76, "2015-03-31": -96.823, "2014-12-31": -8.434, "2014-09-30": "-32.28300", "2014-06-30": -62.252, "2014-03-31": -130.324, "2013-12-31": -1.794, "2013-09-30": "-11.86600", "2013-06-30": -82.726, "2013-03-31": -22.346, "2012-12-31": -306.442, "2012-09-30": "5.37800", "2012-06-30": -21.397, "2012-03-31": -8.943, "2011-12-31": -237.86, "2011-09-30": "-2.46400", "2011-06-30": -5.54, "2011-03-31": -31.698, "2010-12-31": -0.818, "2010-09-30": "-17.42700", "2010-06-30": -56.91, "2010-03-31": -2.656, "2009-12-31": -2.212, "2009-09-30": "-0.98000", "2009-06-30": 12.933, "2009-03-31": -3.691, "2008-12-31": -2.707, "2008-09-30": "-3.33000", "2008-06-30": -43.054, "2008-03-31": -51.393, "2007-12-31": -9.788, "2007-09-30": "-11.85700", "2007-06-30": -4.245, "2007-03-31": -126.661, "2006-12-31": -14.163, "2006-09-30": "5.36100", "2006-06-30": -35.785, "2006-03-31": -26.222, "2005-12-31": -31.187, "2005-09-30": "-7.36500", "2005-06-30": -7.484, "2005-03-31": -13.504}, "Net Long-Term Debt": {"2020-09-30": "-1.43900", "2020-06-30": -0.538, "2020-03-31": -1.001, "2019-12-31": -0.51, "2019-09-30": "-206.24100", "2019-06-30": -79.227, "2019-03-31": -4.838, "2018-12-31": -3.575, "2018-09-30": "-4.52600", "2018-06-30": -8.568, "2018-03-31": 288.444, "2017-12-31": 5.675, "2017-09-30": "8.23700", "2017-06-30": -1.336, "2017-03-31": -4.173, "2016-12-31": -10.714, "2016-09-30": "-2.97600", "2016-06-30": -160.392, "2016-03-31": -3.158, "2015-12-31": -3.312, "2015-09-30": "4.09200", "2015-06-30": 50.09, "2015-03-31": -26.679, "2014-12-31": -6.89, "2014-09-30": "-16.52100", "2014-06-30": 14.898, "2014-03-31": -9.728, "2013-12-31": -10.494, "2013-09-30": "-1.90400", "2013-06-30": -2.103, "2013-03-31": 9.578, "2012-12-31": 5.001, "2012-09-30": "-0.09900", "2012-06-30": -0.107, "2012-03-31": -0.34, "2011-12-31": -0.007, "2011-09-30": "-0.00600", "2011-06-30": -0.006, "2011-03-31": -0.005, "2010-12-31": -0.006, "2010-09-30": "-0.00500", "2010-06-30": -0.01, "2010-03-31": -0.078, "2009-12-31": 0.04, "2009-09-30": "-0.04000", "2009-06-30": 0.066, "2009-03-31": -0.024, "2008-12-31": -0.058, "2008-09-30": "-0.01800", "2008-06-30": 0.41, "2008-03-31": -0.161, "2007-12-31": 0.298, "2007-09-30": "-0.54700", "2007-06-30": 0.76, "2007-03-31": -0.328, "2006-12-31": -0.193, "2006-09-30": "-0.23900", "2006-06-30": 152.011, "2006-03-31": -1.945, "2005-12-31": 0.335, "2005-09-30": "-0.40100", "2005-06-30": 5.109, "2005-03-31": -5.109}, "Net Current Debt": {"2020-09-30": "8.00000", "2020-06-30": -82.169, "2020-03-31": 41, "2019-12-31": 0, "2019-09-30": "-98.50000", "2019-06-30": -37, "2019-03-31": 40.855, "2018-12-31": 2.354, "2018-09-30": "10.00000", "2018-06-30": -25.035, "2018-03-31": -310.185, "2017-12-31": -5, "2017-09-30": "5.00000", "2017-06-30": -45.703, "2017-03-31": -11, "2016-12-31": -30, "2016-09-30": "-4.50000", "2016-06-30": 115, "2016-03-31": -58.118, "2015-12-31": 101.828, "2015-09-30": "20.14100", "2015-06-30": -33.049, "2015-03-31": 60.5, "2014-12-31": 0, "2014-09-30": "21.50000", "2014-06-30": 16.902, "2014-03-31": 119.574, "2013-12-31": -14.898, "2013-09-30": "-13.25200", "2013-06-30": 33.24, "2013-03-31": -14.675, "2012-12-31": 274.893, "2012-09-30": "-30.00000", "2012-06-30": -40.005, "2012-03-31": -20.006, "2011-12-31": 220, "2011-09-30": "1.00000", "2011-06-30": -7, "2011-03-31": -4, "2010-12-31": -17.6, "2010-09-30": "32.70000", "2010-06-30": -0.07, "2010-03-31": -10, "2009-12-31": -7.03, "2009-09-30": "-16.30000", "2009-06-30": -30.17, "2009-03-31": -28.5, "2008-12-31": -1.5, "2008-09-30": "13.00000", "2008-06-30": 12.5, "2008-03-31": 82, "2007-12-31": -3, "2007-09-30": "-1.00000", "2007-06-30": -8, "2007-03-31": 73, "2006-12-31": 0, "2006-09-30": "", "2006-06-30": -131.7, "2006-03-31": 25, "2005-12-31": 17, "2005-09-30": "", "2005-06-30": 7, "2005-03-31": -16.5}, "Debt Issuance/Retirement Net - Total": {"2020-09-30": "6.56100", "2020-06-30": -82.707, "2020-03-31": 39.999, "2019-12-31": -0.51, "2019-09-30": "-304.74100", "2019-06-30": -116.227, "2019-03-31": 36.017, "2018-12-31": -1.221, "2018-09-30": "5.47400", "2018-06-30": -33.603, "2018-03-31": -21.741, "2017-12-31": 0.675, "2017-09-30": "13.23700", "2017-06-30": -47.039, "2017-03-31": -15.173, "2016-12-31": -40.714, "2016-09-30": "-7.47600", "2016-06-30": -45.392, "2016-03-31": -61.276, "2015-12-31": 98.516, "2015-09-30": "24.23300", "2015-06-30": 17.041, "2015-03-31": 33.821, "2014-12-31": -6.89, "2014-09-30": "4.97900", "2014-06-30": 31.8, "2014-03-31": 109.846, "2013-12-31": -25.392, "2013-09-30": "-15.15600", "2013-06-30": 31.137, "2013-03-31": -5.097, "2012-12-31": 279.894, "2012-09-30": "-30.09900", "2012-06-30": -40.112, "2012-03-31": -20.346, "2011-12-31": 219.993, "2011-09-30": "0.99400", "2011-06-30": -7.006, "2011-03-31": -4.005, "2010-12-31": -17.606, "2010-09-30": "32.69500", "2010-06-30": -0.08, "2010-03-31": -10.078, "2009-12-31": -6.99, "2009-09-30": "-16.34000", "2009-06-30": -30.104, "2009-03-31": -28.524, "2008-12-31": -1.558, "2008-09-30": "12.98200", "2008-06-30": 12.91, "2008-03-31": 81.839, "2007-12-31": -2.702, "2007-09-30": "-1.54700", "2007-06-30": -7.24, "2007-03-31": 72.672, "2006-12-31": -0.193, "2006-09-30": "-0.23900", "2006-06-30": 20.311, "2006-03-31": 23.055, "2005-12-31": 17.335, "2005-09-30": "-0.40100", "2005-06-30": 12.109, "2005-03-31": -21.609}, "Net Common Equity Issued/Repurchased": {"2020-09-30": "-42.05200", "2020-06-30": -2.815, "2020-03-31": -57.406, "2019-12-31": 0, "2019-09-30": "", "2019-06-30": 0, "2019-03-31": 0, "2018-12-31": 0, "2018-09-30": "", "2018-06-30": 0, "2018-03-31": 0, "2017-12-31": 0, "2017-09-30": "", "2017-06-30": 0, "2017-03-31": 0, "2016-12-31": 0, "2016-09-30": "", "2016-06-30": 0, "2016-03-31": 0, "2015-12-31": 0, "2015-09-30": "", "2015-06-30": 0, "2015-03-31": 8.915, "2014-12-31": 8.495, "2014-09-30": "1.23300", "2014-06-30": 0.117, "2014-03-31": 1.647, "2013-12-31": 4.976, "2013-09-30": "0.58000", "2013-06-30": 6.221, "2013-03-31": 1.723, "2012-12-31": 0.402, "2012-09-30": "4.41700", "2012-06-30": 3.67, "2012-03-31": 5.169, "2011-12-31": 3.034, "2011-09-30": "2.30600", "2011-06-30": 9.688, "2011-03-31": 6.005, "2010-12-31": 1.642, "2010-09-30": "0.57700", "2010-06-30": 1.05, "2010-03-31": 0.321, "2009-12-31": 0.495, "2009-09-30": "0.27300", "2009-06-30": 0.002, "2009-03-31": 0.001, "2008-12-31": 0.506, "2008-09-30": "4.77400", "2008-06-30": 0.818, "2008-03-31": 0.621, "2007-12-31": 0.734, "2007-09-30": "0.24300", "2007-06-30": 2.459, "2007-03-31": 4.205, "2006-12-31": 7.478, "2006-09-30": "4.26500", "2006-06-30": 3.866, "2006-03-31": 3.962, "2005-12-31": 4.302, "2005-09-30": "2.97400", "2005-06-30": -0.823, "2005-03-31": 2.604}, "Net Total Equity Issued/Repurchased": {"2020-09-30": "-42.05200", "2020-06-30": -2.815, "2020-03-31": -57.406, "2019-12-31": 0, "2019-09-30": "", "2019-06-30": 0, "2019-03-31": 0, "2018-12-31": 0, "2018-09-30": "", "2018-06-30": 0, "2018-03-31": 0, "2017-12-31": 0, "2017-09-30": "", "2017-06-30": 0, "2017-03-31": 0, "2016-12-31": 0, "2016-09-30": "", "2016-06-30": 0, "2016-03-31": 0, "2015-12-31": 0, "2015-09-30": "", "2015-06-30": 0, "2015-03-31": 8.915, "2014-12-31": 8.495, "2014-09-30": "1.23300", "2014-06-30": 0.117, "2014-03-31": 1.647, "2013-12-31": 4.976, "2013-09-30": "0.58000", "2013-06-30": 6.221, "2013-03-31": 1.723, "2012-12-31": 0.402, "2012-09-30": "4.41700", "2012-06-30": 3.67, "2012-03-31": 5.169, "2011-12-31": 3.034, "2011-09-30": "2.30600", "2011-06-30": 9.688, "2011-03-31": 6.005, "2010-12-31": 1.642, "2010-09-30": "0.57700", "2010-06-30": 1.05, "2010-03-31": 0.321, "2009-12-31": 0.495, "2009-09-30": "0.27300", "2009-06-30": 0.002, "2009-03-31": 0.001, "2008-12-31": 0.506, "2008-09-30": "4.77400", "2008-06-30": 0.818, "2008-03-31": 0.621, "2007-12-31": 0.734, "2007-09-30": "0.24300", "2007-06-30": 2.459, "2007-03-31": 4.205, "2006-12-31": 7.478, "2006-09-30": "4.26500", "2006-06-30": 3.866, "2006-03-31": 3.962, "2005-12-31": 4.302, "2005-09-30": "2.97400", "2005-06-30": -0.823, "2005-03-31": 2.604}, "Total Common And Preferred Stock Dividends Paid": {"2020-09-30": "", "2020-06-30": 0, "2020-03-31": 0, "2019-12-31": 0, "2019-09-30": "", "2019-06-30": 0, "2019-03-31": 0, "2018-12-31": 0, "2018-09-30": "", "2018-06-30": 0, "2018-03-31": 0, "2017-12-31": 0, "2017-09-30": "", "2017-06-30": 0, "2017-03-31": 0, "2016-12-31": 0, "2016-09-30": "", "2016-06-30": 0, "2016-03-31": 0, "2015-12-31": 0, "2015-09-30": "", "2015-06-30": 0, "2015-03-31": 0, "2014-12-31": 0, "2014-09-30": "", "2014-06-30": 0, "2014-03-31": 0, "2013-12-31": 0, "2013-09-30": "", "2013-06-30": 0, "2013-03-31": 0, "2012-12-31": 0, "2012-09-30": "", "2012-06-30": 0, "2012-03-31": 0, "2011-12-31": 0, "2011-09-30": "", "2011-06-30": 0, "2011-03-31": 0, "2010-12-31": 0, "2010-09-30": "", "2010-06-30": 0, "2010-03-31": 0, "2009-12-31": 0, "2009-09-30": "", "2009-06-30": 0, "2009-03-31": 0, "2008-12-31": 0, "2008-09-30": "", "2008-06-30": 0, "2008-03-31": 0, "2007-12-31": 0, "2007-09-30": "", "2007-06-30": 0, "2007-03-31": 0, "2006-12-31": 0, "2006-09-30": "", "2006-06-30": 0, "2006-03-31": 0, "2005-12-31": 0, "2005-09-30": "", "2005-06-30": 0, "2005-03-31": 0}, "Financial Activities - Other": {"2020-09-30": "-0.46800", "2020-06-30": -0.027, "2020-03-31": -5.204, "2019-12-31": -2.938, "2019-09-30": "311.88300", "2019-06-30": 89.997, "2019-03-31": -47.514, "2018-12-31": 14.718, "2018-09-30": "-4.09000", "2018-06-30": -9.969, "2018-03-31": -4.577, "2017-12-31": 2.924, "2017-09-30": "-22.36700", "2017-06-30": -3.78, "2017-03-31": -22.475, "2016-12-31": -6.319, "2016-09-30": "-4.11300", "2016-06-30": -5.443, "2016-03-31": -5.432, "2015-12-31": -6.648, "2015-09-30": "-1.77000", "2015-06-30": -54.923, "2015-03-31": 6.272, "2014-12-31": 2.209, "2014-09-30": "-3.98500", "2014-06-30": -11.706, "2014-03-31": 2.636, "2013-12-31": 4.608, "2013-09-30": "-3.13500", "2013-06-30": 7.714, "2013-03-31": 1.388, "2012-12-31": -1.597, "2012-09-30": "0.03400", "2012-06-30": 2.007, "2012-03-31": 2.208, "2011-12-31": -8.082, "2011-09-30": "-23.41800", "2011-06-30": -14.057, "2011-03-31": -0.476, "2010-12-31": -0.286, "2010-09-30": "-0.03700", "2010-06-30": -0.627, "2010-03-31": -0.386, "2009-12-31": -0.002, "2009-09-30": "-0.01700", "2009-06-30": -0.674, "2009-03-31": 2.905, "2008-12-31": -0.031, "2008-09-30": "-0.01300", "2008-06-30": -0.631, "2008-03-31": 2.363, "2007-12-31": -2.735, "2007-09-30": "0.01200", "2007-06-30": -0.609, "2007-03-31": 0.214, "2006-12-31": 0.596, "2006-09-30": "", "2006-06-30": -4.364, "2006-03-31": -0.044, "2005-12-31": 0, "2005-09-30": "", "2005-06-30": -6.962, "2005-03-31": -0.034}, "Cash Flow From Financial Activities": {"2020-09-30": "-35.95900", "2020-06-30": -85.549, "2020-03-31": -22.611, "2019-12-31": -3.448, "2019-09-30": "7.14200", "2019-06-30": -26.23, "2019-03-31": -11.497, "2018-12-31": 13.497, "2018-09-30": "1.38400", "2018-06-30": -43.572, "2018-03-31": -26.318, "2017-12-31": 3.599, "2017-09-30": "-9.13000", "2017-06-30": -50.819, "2017-03-31": -37.648, "2016-12-31": -47.033, "2016-09-30": "-11.58900", "2016-06-30": -50.835, "2016-03-31": -66.708, "2015-12-31": 91.868, "2015-09-30": "22.46300", "2015-06-30": -37.882, "2015-03-31": 49.008, "2014-12-31": 3.814, "2014-09-30": "2.22700", "2014-06-30": 20.211, "2014-03-31": 114.129, "2013-12-31": -15.808, "2013-09-30": "-17.71100", "2013-06-30": 45.072, "2013-03-31": -1.986, "2012-12-31": 278.699, "2012-09-30": "-25.64800", "2012-06-30": -34.435, "2012-03-31": -12.969, "2011-12-31": 214.945, "2011-09-30": "-20.11800", "2011-06-30": -11.375, "2011-03-31": 1.524, "2010-12-31": -16.25, "2010-09-30": "33.23500", "2010-06-30": 0.343, "2010-03-31": -10.143, "2009-12-31": -6.497, "2009-09-30": "-16.08400", "2009-06-30": -30.776, "2009-03-31": -25.618, "2008-12-31": -1.083, "2008-09-30": "17.74300", "2008-06-30": 13.097, "2008-03-31": 84.823, "2007-12-31": -4.703, "2007-09-30": "-1.29200", "2007-06-30": -5.39, "2007-03-31": 77.091, "2006-12-31": 7.881, "2006-09-30": "4.02600", "2006-06-30": 19.813, "2006-03-31": 26.973, "2005-12-31": 21.637, "2005-09-30": "2.57300", "2005-06-30": 4.324, "2005-03-31": -19.039}, "Net Cash Flow": {"2020-09-30": "-0.51800", "2020-06-30": -3.778, "2020-03-31": 4.525, "2019-12-31": 16.502, "2019-09-30": "-19.00400", "2019-06-30": -26.165, "2019-03-31": -12.351, "2018-12-31": 18.144, "2018-09-30": "-53.11900", "2018-06-30": -4.135, "2018-03-31": -22.064, "2017-12-31": 12.429, "2017-09-30": "-20.20500", "2017-06-30": -5.83, "2017-03-31": -4.303, "2016-12-31": 43.653, "2016-09-30": "-14.45400", "2016-06-30": 2.536, "2016-03-31": -51.71, "2015-12-31": 29.401, "2015-09-30": "-19.22300", "2015-06-30": 66.597, "2015-03-31": -34.902, "2014-12-31": 42.569, "2014-09-30": "-31.09300", "2014-06-30": 22.329, "2014-03-31": 33.889, "2013-12-31": 2.464, "2013-09-30": "23.80600", "2013-06-30": 14.046, "2013-03-31": -15.354, "2012-12-31": 6.417, "2012-09-30": "6.25900", "2012-06-30": -11.269, "2012-03-31": 17.236, "2011-12-31": -5.449, "2011-09-30": "1.86000", "2011-06-30": 1.946, "2011-03-31": -0.737, "2010-12-31": 5.36, "2010-09-30": "3.68200", "2010-06-30": -23.709, "2010-03-31": 14.162, "2009-12-31": 10.166, "2009-09-30": "-24.76100", "2009-06-30": 13.624, "2009-03-31": -22.128, "2008-12-31": 6.406, "2008-09-30": "-15.00700", "2008-06-30": -28.219, "2008-03-31": 42.014, "2007-12-31": -6.744, "2007-09-30": "-9.05600", "2007-06-30": 5.573, "2007-03-31": -28.134, "2006-12-31": 4.936, "2006-09-30": "29.26800", "2006-06-30": 16.217, "2006-03-31": 15.299, "2005-12-31": -2.662, "2005-09-30": "-4.11800", "2005-06-30": 7.022, "2005-03-31": -10.372}, "Stock-Based Compensation": {"2020-09-30": "4.36700", "2020-06-30": 3.497, "2020-03-31": 3.761, "2019-12-31": 3.083, "2019-09-30": "2.73700", "2019-06-30": 3.982, "2019-03-31": 3.927, "2018-12-31": 1.893, "2018-09-30": "0.09800", "2018-06-30": 0.919, "2018-03-31": 2.936, "2017-12-31": 4.158, "2017-09-30": "3.16400", "2017-06-30": 2.139, "2017-03-31": 2.284, "2016-12-31": 2.531, "2016-09-30": "2.70400", "2016-06-30": 2.683, "2016-03-31": 2.776, "2015-12-31": 4.023, "2015-09-30": "3.20600", "2015-06-30": 3.263, "2015-03-31": 2.935, "2014-12-31": 3.06, "2014-09-30": "2.93900", "2014-06-30": 2.792, "2014-03-31": 3.02, "2013-12-31": 3.399, "2013-09-30": "3.23700", "2013-06-30": 3.173, "2013-03-31": 3.236, "2012-12-31": 3.709, "2012-09-30": "2.89200", "2012-06-30": 1.969, "2012-03-31": 2.558, "2011-12-31": 1.969, "2011-09-30": "1.79400", "2011-06-30": 1.743, "2011-03-31": 3.377, "2010-12-31": 2.161, "2010-09-30": "1.75000", "2010-06-30": 1.767, "2010-03-31": 1.933, "2009-12-31": 1.725, "2009-09-30": "1.55400", "2009-06-30": 2.756, "2009-03-31": 1.558, "2008-12-31": 1.48, "2008-09-30": "1.41700", "2008-06-30": -1.727, "2008-03-31": -0.459, "2007-12-31": -0.105, "2007-09-30": "0.42000", "2007-06-30": -0.16, "2007-03-31": 0.148, "2006-12-31": 0.968, "2006-09-30": "0.07500", "2006-06-30": 1.038, "2006-03-31": 1.367, "2005-12-31": 0.788, "2005-09-30": "1.02000", "2005-06-30": 1.533, "2005-03-31": 0.737}, "Common Stock Dividends Paid": {"2020-09-30": "", "2020-06-30": 0, "2020-03-31": 0, "2019-12-31": 0, "2019-09-30": "", "2019-06-30": 0, "2019-03-31": 0, "2018-12-31": 0, "2018-09-30": "", "2018-06-30": 0, "2018-03-31": 0, "2017-12-31": 0, "2017-09-30": "", "2017-06-30": 0, "2017-03-31": 0, "2016-12-31": 0, "2016-09-30": "", "2016-06-30": 0, "2016-03-31": 0, "2015-12-31": 0, "2015-09-30": "", "2015-06-30": 0, "2015-03-31": 0, "2014-12-31": 0, "2014-09-30": "", "2014-06-30": 0, "2014-03-31": 0, "2013-12-31": 0, "2013-09-30": "", "2013-06-30": 0, "2013-03-31": 0, "2012-12-31": 0, "2012-09-30": "", "2012-06-30": 0, "2012-03-31": 0, "2011-12-31": 0, "2011-09-30": "", "2011-06-30": 0, "2011-03-31": 0, "2010-12-31": 0, "2010-09-30": "", "2010-06-30": 0, "2010-03-31": 0, "2009-12-31": 0, "2009-09-30": "", "2009-06-30": 0, "2009-03-31": 0, "2008-12-31": 0, "2008-09-30": "", "2008-06-30": 0, "2008-03-31": 0, "2007-12-31": 0, "2007-09-30": "", "2007-06-30": 0, "2007-03-31": 0, "2006-12-31": 0, "2006-09-30": "", "2006-06-30": 0, "2006-03-31": 0, "2005-12-31": 0, "2005-09-30": "", "2005-06-30": 0, "2005-03-31": 0}}, "financial ratios": {"Current Ratio": {"2020-06-30": "1.86810", "2019-06-30": "1.83160", "2018-06-30": "2.48930", "2017-06-30": "2.56920", "2016-06-30": "2.52150", "2015-06-30": "2.37330", "2014-06-30": "1.89460", "2013-06-30": "2.09820", "2012-06-30": "2.21300", "2011-06-30": "2.17400", "2010-06-30": "2.26010", "2009-06-30": "2.55700", "2008-06-30": "2.68630", "2007-06-30": "2.68990", "2006-06-30": "2.97540", "2005-06-30": "2.78010"}, "Long-term Debt / Capital": {"2020-06-30": "0.16300", "2019-06-30": "0.28770", "2018-06-30": "0.28360", "2017-06-30": "0.30170", "2016-06-30": "0.33440", "2015-06-30": "0.31990", "2014-06-30": "0.32160", "2013-06-30": "0.35230", "2012-06-30": "0.28810", "2011-06-30": "0.20940", "2010-06-30": "0.22710", "2009-06-30": "0.26920", "2008-06-30": "0.29330", "2007-06-30": "0.23610", "2006-06-30": "0.19660", "2005-06-30": "0.14870"}, "Debt/Equity Ratio": {"2020-06-30": "0.19590", "2019-06-30": "0.41520", "2018-06-30": "0.41110", "2017-06-30": "0.43770", "2016-06-30": "0.51830", "2015-06-30": "0.48850", "2014-06-30": "0.53580", "2013-06-30": "0.55420", "2012-06-30": "0.40490", "2011-06-30": "0.26560", "2010-06-30": "0.29390", "2009-06-30": "0.36850", "2008-06-30": "0.41520", "2007-06-30": "0.30990", "2006-06-30": "0.24640", "2005-06-30": "0.17990"}, "Gross Margin": {"2020-06-30": "22.67730", "2019-06-30": "18.93450", "2018-06-30": "20.62340", "2017-06-30": "22.16320", "2016-06-30": "23.63120", "2015-06-30": "21.56850", "2014-06-30": "25.06290", "2013-06-30": "27.37450", "2012-06-30": "27.75050", "2011-06-30": "28.85190", "2010-06-30": "27.95010", "2009-06-30": "21.94550", "2008-06-30": "26.23090", "2007-06-30": "29.03380", "2006-06-30": "28.88770", "2005-06-30": "27.57520"}, "Operating Margin": {"2020-06-30": "2.72860", "2019-06-30": "-1.54390", "2018-06-30": "3.82540", "2017-06-30": "4.66920", "2016-06-30": "4.96480", "2015-06-30": "8.96160", "2014-06-30": "10.28290", "2013-06-30": "10.04860", "2012-06-30": "10.99430", "2011-06-30": "10.02880", "2010-06-30": "8.99870", "2009-06-30": "-0.77280", "2008-06-30": "7.33390", "2007-06-30": "9.32630", "2006-06-30": "8.80870", "2005-06-30": "6.53920"}, "EBIT Margin": {"2020-06-30": "2.72860", "2019-06-30": "-1.54390", "2018-06-30": "3.82540", "2017-06-30": "4.66920", "2016-06-30": "4.96480", "2015-06-30": "8.96160", "2014-06-30": "10.28290", "2013-06-30": "10.04860", "2012-06-30": "10.99430", "2011-06-30": "10.02880", "2010-06-30": "8.99870", "2009-06-30": "-0.77280", "2008-06-30": "7.33390", "2007-06-30": "9.32630", "2006-06-30": "8.80870", "2005-06-30": "6.53920"}, "EBITDA Margin": {"2020-06-30": "5.28380", "2019-06-30": "0.87450", "2018-06-30": "6.56340", "2017-06-30": "7.21100", "2016-06-30": "7.41750", "2015-06-30": "11.16040", "2014-06-30": "12.57070", "2013-06-30": "12.36000", "2012-06-30": "13.20420", "2011-06-30": "12.20500", "2010-06-30": "11.10790", "2009-06-30": "1.12920", "2008-06-30": "9.24290", "2007-06-30": "11.06900", "2006-06-30": "10.50780", "2005-06-30": "8.77130"}, "Pre-Tax Profit Margin": {"2020-06-30": "1.64700", "2019-06-30": "-2.66100", "2018-06-30": "3.19700", "2017-06-30": "3.74990", "2016-06-30": "3.63870", "2015-06-30": "8.15710", "2014-06-30": "9.35370", "2013-06-30": "8.86740", "2012-06-30": "9.73900", "2011-06-30": "8.92400", "2010-06-30": "7.67320", "2009-06-30": "-2.12170", "2008-06-30": "6.51040", "2007-06-30": "8.56170", "2006-06-30": "8.00830", "2005-06-30": "5.94610"}, "Net Profit Margin": {"2020-06-30": "-3.91480", "2019-06-30": "-8.71010", "2018-06-30": "0.42790", "2017-06-30": "2.87730", "2016-06-30": "1.98210", "2015-06-30": "6.32130", "2014-06-30": "6.16380", "2013-06-30": "6.60960", "2012-06-30": "5.74820", "2011-06-30": "4.95980", "2010-06-30": "3.21560", "2009-06-30": "-2.20200", "2008-06-30": "3.93860", "2007-06-30": "5.27320", "2006-06-30": "4.92410", "2005-06-30": "3.88100"}, "Asset Turnover": {"2020-06-30": "0.93850", "2019-06-30": "0.81490", "2018-06-30": "0.76890", "2017-06-30": "0.79950", "2016-06-30": "0.79550", "2015-06-30": "0.84200", "2014-06-30": "0.71080", "2013-06-30": "0.76810", "2012-06-30": "0.82350", "2011-06-30": "0.83130", "2010-06-30": "0.74290", "2009-06-30": "0.99930", "2008-06-30": "0.83100", "2007-06-30": "0.85070", "2006-06-30": "0.84150", "2005-06-30": "0.87670"}, "Inventory Turnover Ratio": {"2020-06-30": "6.39940", "2019-06-30": "5.69960", "2018-06-30": "4.59340", "2017-06-30": "5.33370", "2016-06-30": "4.47270", "2015-06-30": "5.15140", "2014-06-30": "4.93220", "2013-06-30": "5.03580", "2012-06-30": "5.34100", "2011-06-30": "4.61940", "2010-06-30": "4.08410", "2009-06-30": "5.52580", "2008-06-30": "4.39500", "2007-06-30": "4.95110", "2006-06-30": "4.96020", "2005-06-30": "5.86960"}, "Receiveable Turnover": {"2020-06-30": "12.01330", "2019-06-30": "10.02240", "2018-06-30": "8.96560", "2017-06-30": "10.38030", "2016-06-30": "8.57860", "2015-06-30": "9.91840", "2014-06-30": "7.32100", "2013-06-30": "7.42460", "2012-06-30": "8.26900", "2011-06-30": "7.92930", "2010-06-30": "7.79240", "2009-06-30": "9.80500", "2008-06-30": "8.80470", "2007-06-30": "9.08680", "2006-06-30": "9.14460", "2005-06-30": "8.89190"}, "Days Sales In Receivables": {"2020-06-30": "30.38300", "2019-06-30": "36.41840", "2018-06-30": "40.71130", "2017-06-30": "35.16280", "2016-06-30": "42.54760", "2015-06-30": "36.80030", "2014-06-30": "49.85670", "2013-06-30": "49.16110", "2012-06-30": "44.14090", "2011-06-30": "46.03160", "2010-06-30": "46.84060", "2009-06-30": "37.22580", "2008-06-30": "41.45490", "2007-06-30": "40.16800", "2006-06-30": "39.91410", "2005-06-30": "41.04880"}, "ROE - Return On Equity": {"2020-06-30": "1.77580", "2019-06-30": "-3.51650", "2018-06-30": "4.30290", "2017-06-30": "3.82650", "2016-06-30": "1.65640", "2015-06-30": "9.54830", "2014-06-30": "8.12110", "2013-06-30": "9.96980", "2012-06-30": "9.76710", "2011-06-30": "6.80410", "2010-06-30": "4.98760", "2009-06-30": "-4.20030", "2008-06-30": "5.77790", "2007-06-30": "6.81280", "2006-06-30": "5.88380", "2005-06-30": "4.55450"}, "Return On Tangible Equity": {"2020-06-30": "10.90190", "2019-06-30": "-20.30270", "2018-06-30": "36.90590", "2017-06-30": "37.94820", "2016-06-30": "-4527.19200", "2015-06-30": "-303.22180", "2014-06-30": "-79.25560", "2013-06-30": "-69.33020", "2012-06-30": "-194.93080", "2011-06-30": "63.11110", "2010-06-30": "74.68070", "2009-06-30": "-30.79190", "2008-06-30": "77.03720", "2007-06-30": "52.01910", "2006-06-30": "26.84620", "2005-06-30": "20.66260"}, "ROA - Return On Assets": {"2020-06-30": "1.17130", "2019-06-30": "-2.06870", "2018-06-30": "2.53660", "2017-06-30": "2.23610", "2016-06-30": "0.91660", "2015-06-30": "5.32240", "2014-06-30": "4.43630", "2013-06-30": "5.30410", "2012-06-30": "5.62940", "2011-06-30": "4.42230", "2010-06-30": "3.18770", "2009-06-30": "-2.62200", "2008-06-30": "3.40790", "2007-06-30": "4.48600", "2006-06-30": "4.14350", "2005-06-30": "3.40260"}, "ROI - Return On Investment": {"2020-06-30": "1.48630", "2019-06-30": "-2.50500", "2018-06-30": "3.08280", "2017-06-30": "2.67190", "2016-06-30": "1.10250", "2015-06-30": "6.49390", "2014-06-30": "5.50950", "2013-06-30": "6.45780", "2012-06-30": "6.95360", "2011-06-30": "5.37940", "2010-06-30": "3.85480", "2009-06-30": "-3.06950", "2008-06-30": "4.08350", "2007-06-30": "5.20410", "2006-06-30": "4.72720", "2005-06-30": "3.87730"}, "Book Value Per Share": {"2020-06-30": "14.16850", "2019-06-30": "14.57810", "2018-06-30": "16.71010", "2017-06-30": "16.51690", "2016-06-30": "16.08830", "2015-06-30": "16.83690", "2014-06-30": "16.16040", "2013-06-30": "12.59760", "2012-06-30": "10.72900", "2011-06-30": "9.87130", "2010-06-30": "8.99280", "2009-06-30": "8.61620", "2008-06-30": "9.24810", "2007-06-30": "8.70740", "2006-06-30": "7.98110", "2005-06-30": "7.21410"}, "Operating Cash Flow Per Share": {"2020-06-30": 1.1318, "2019-06-30": -0.717, "2018-06-30": -1.1372, "2017-06-30": 0.4566, "2016-06-30": -0.018, "2015-06-30": -0.0541, "2014-06-30": 0.5762, "2013-06-30": -0.0587, "2012-06-30": 0.6716, "2011-06-30": -0.197, "2010-06-30": 0.5884, "2009-06-30": -0.026, "2008-06-30": -0.5149, "2007-06-30": 0.112, "2006-06-30": 0.2253, "2005-06-30": 0.4707}, "Free Cash Flow Per Share": {"2020-06-30": 1.2741, "2019-06-30": -0.7804, "2018-06-30": -1.4098, "2017-06-30": 0.5244, "2016-06-30": -0.0267, "2015-06-30": -0.0893, "2014-06-30": 0.9151, "2013-06-30": -0.5919, "2012-06-30": 0.5606, "2011-06-30": -0.1712, "2010-06-30": 0.6005, "2009-06-30": 0.052, "2008-06-30": -0.643, "2007-06-30": 0.1994, "2006-06-30": 0.1724, "2005-06-30": 0.3376}}, "financial ratios, quarterly": {"Current Ratio": {"2020-09-30": "1.86240", "2020-06-30": "1.86810", "2020-03-31": "1.99870", "2019-12-31": "1.84840", "2019-09-30": "1.76540", "2019-06-30": "1.83160", "2019-03-31": "2.15930", "2018-12-31": "2.16560", "2018-09-30": "2.31590", "2018-06-30": "2.48930", "2018-03-31": "2.79360", "2017-12-31": "2.44160", "2017-09-30": "2.50440", "2017-06-30": "2.56920", "2017-03-31": "2.61070", "2016-12-31": "2.42950", "2016-09-30": "2.54940", "2016-06-30": "2.52150", "2016-03-31": "2.59590", "2015-12-31": "2.43310", "2015-09-30": "2.56410", "2015-06-30": "2.37330", "2015-03-31": "2.57060", "2014-12-31": "2.10870", "2014-09-30": "1.90550", "2014-06-30": "1.89460", "2014-03-31": "1.96020", "2013-12-31": "2.40750", "2013-09-30": "2.10990", "2013-06-30": "2.09820", "2013-03-31": "2.15780", "2012-12-31": "2.08110", "2012-09-30": "2.16470", "2012-06-30": "2.21300", "2012-03-31": "2.20820", "2011-12-31": "2.10920", "2011-09-30": "2.21600", "2011-06-30": "2.17400", "2011-03-31": "1.89220", "2010-12-31": "1.94250", "2010-09-30": "2.05770", "2010-06-30": "2.26010", "2010-03-31": "2.73700", "2009-12-31": "2.72560", "2009-09-30": "2.57960", "2009-06-30": "2.55700", "2009-03-31": "2.76180", "2008-12-31": "3.03900", "2008-09-30": "2.81010", "2008-06-30": "2.68630", "2008-03-31": "2.82140", "2007-12-31": "2.52230", "2007-09-30": "2.63600", "2007-06-30": "2.68990", "2007-03-31": "2.51190", "2006-12-31": "2.94770", "2006-09-30": "2.79910", "2006-06-30": "2.97540", "2006-03-31": "2.70080", "2005-12-31": "2.53950", "2005-09-30": "2.80710", "2005-06-30": "2.78010", "2005-03-31": "2.90090"}, "Long-term Debt / Capital": {"2020-09-30": "0.16750", "2020-06-30": "0.16300", "2020-03-31": "0.20170", "2019-12-31": "0.17600", "2019-09-30": "0.18020", "2019-06-30": "0.28770", "2019-03-31": "0.32000", "2018-12-31": "0.30320", "2018-09-30": "0.29150", "2018-06-30": "0.28360", "2018-03-31": "0.27830", "2017-12-31": "0.28940", "2017-09-30": "0.29690", "2017-06-30": "0.30170", "2017-03-31": "0.31920", "2016-12-31": "0.32840", "2016-09-30": "0.33510", "2016-06-30": "0.33440", "2016-03-31": "0.32360", "2015-12-31": "0.34140", "2015-09-30": "0.32130", "2015-06-30": "0.31990", "2015-03-31": "0.34170", "2014-12-31": "0.32660", "2014-09-30": "0.32890", "2014-06-30": "0.32160", "2014-03-31": "0.32630", "2013-12-31": "0.31710", "2013-09-30": "0.33370", "2013-06-30": "0.35230", "2013-03-31": "0.35730", "2012-12-31": "0.36490", "2012-09-30": "0.26310", "2012-06-30": "0.28810", "2012-03-31": "0.31350", "2011-12-31": "0.33460", "2011-09-30": "0.20850", "2011-06-30": "0.20940", "2011-03-31": "0.22000", "2010-12-31": "0.22930", "2010-09-30": "0.24680", "2010-06-30": "0.22710", "2010-03-31": "0.23460", "2009-12-31": "0.24300", "2009-09-30": "0.25260", "2009-06-30": "0.26920", "2009-03-31": "0.29800", "2008-12-31": "0.30480", "2008-09-30": "0.30120", "2008-06-30": "0.29330", "2008-03-31": "0.28760", "2007-12-31": "0.22650", "2007-09-30": "0.23080", "2007-06-30": "0.23610", "2007-03-31": "0.24920", "2006-12-31": "0.18850", "2006-09-30": "0.19350", "2006-06-30": "0.19660", "2006-03-31": "0.18270", "2005-12-31": "0.15780", "2005-09-30": "0.14300", "2005-06-30": "0.14870", "2005-03-31": "0.13900"}, "Debt/Equity Ratio": {"2020-09-30": "0.20150", "2020-06-30": "0.19590", "2020-03-31": "0.25400", "2019-12-31": "0.21450", "2019-09-30": "0.22140", "2019-06-30": "0.41520", "2019-03-31": "0.48500", "2018-12-31": "0.45740", "2018-09-30": "0.42830", "2018-06-30": "0.41110", "2018-03-31": "0.39940", "2017-12-31": "0.42090", "2017-09-30": "0.43260", "2017-06-30": "0.43770", "2017-03-31": "0.47390", "2016-12-31": "0.49660", "2016-09-30": "0.51840", "2016-06-30": "0.51830", "2016-03-31": "0.49890", "2015-12-31": "0.54130", "2015-09-30": "0.49870", "2015-06-30": "0.48850", "2015-03-31": "0.54000", "2014-12-31": "0.54000", "2014-09-30": "0.55230", "2014-06-30": "0.53580", "2014-03-31": "0.53740", "2013-12-31": "0.46460", "2013-09-30": "0.50970", "2013-06-30": "0.55420", "2013-03-31": "0.56880", "2012-12-31": "0.57940", "2012-09-30": "0.35730", "2012-06-30": "0.40490", "2012-03-31": "0.45700", "2011-12-31": "0.50340", "2011-09-30": "0.26400", "2011-06-30": "0.26560", "2011-03-31": "0.28270", "2010-12-31": "0.29750", "2010-09-30": "0.32770", "2010-06-30": "0.29390", "2010-03-31": "0.30660", "2009-12-31": "0.32110", "2009-09-30": "0.33810", "2009-06-30": "0.36850", "2009-03-31": "0.42490", "2008-12-31": "0.43870", "2008-09-30": "0.43130", "2008-06-30": "0.41520", "2008-03-31": "0.40420", "2007-12-31": "0.29350", "2007-09-30": "0.30080", "2007-06-30": "0.30990", "2007-03-31": "0.33280", "2006-12-31": "0.23290", "2006-09-30": "0.24120", "2006-06-30": "0.24640", "2006-03-31": "0.22750", "2005-12-31": "0.19430", "2005-09-30": "0.17450", "2005-06-30": "0.17990", "2005-03-31": "0.16730"}, "Gross Margin": {"2020-09-30": "23.89840", "2020-06-30": "25.39090", "2020-03-31": "23.92840", "2019-12-31": "20.83870", "2019-09-30": "20.29370", "2019-06-30": "18.80650", "2019-03-31": "20.68640", "2018-12-31": "18.99500", "2018-09-30": "17.14790", "2018-06-30": "17.98980", "2018-03-31": "21.02240", "2017-12-31": "21.73690", "2017-09-30": "20.94090", "2017-06-30": "39.59050", "2017-03-31": "23.64190", "2016-12-31": "18.70180", "2016-09-30": "16.12220", "2016-06-30": "41.38640", "2016-03-31": "21.70710", "2015-12-31": "22.36380", "2015-09-30": "20.64930", "2015-06-30": "18.07640", "2015-03-31": "23.80260", "2014-12-31": "24.02800", "2014-09-30": "19.93550", "2014-06-30": "21.05590", "2014-03-31": "27.41080", "2013-12-31": "26.74940", "2013-09-30": "24.94810", "2013-06-30": "26.47900", "2013-03-31": "27.66210", "2012-12-31": "28.71900", "2012-09-30": "26.46200", "2012-06-30": "26.62550", "2012-03-31": "27.85690", "2011-12-31": "28.66620", "2011-09-30": "27.82210", "2011-06-30": "30.25260", "2011-03-31": "28.62970", "2010-12-31": "29.25610", "2010-09-30": "27.17540", "2010-06-30": "28.41940", "2010-03-31": "27.69140", "2009-12-31": "28.88820", "2009-09-30": "26.81660", "2009-06-30": "18.23020", "2009-03-31": "22.64580", "2008-12-31": "22.54240", "2008-09-30": "24.00170", "2008-06-30": "21.53360", "2008-03-31": "25.96890", "2007-12-31": "28.65120", "2007-09-30": "29.02110", "2007-06-30": "27.88370", "2007-03-31": "29.71850", "2006-12-31": "30.35360", "2006-09-30": "28.02830", "2006-06-30": "26.51780", "2006-03-31": "29.36370", "2005-12-31": "31.23390", "2005-09-30": "28.46050", "2005-06-30": "21.99090", "2005-03-31": "28.19530"}, "Operating Margin": {"2020-09-30": "0.65780", "2020-06-30": "4.93630", "2020-03-31": "3.45840", "2019-12-31": "1.81360", "2019-09-30": "0.50930", "2019-06-30": "-0.52270", "2019-03-31": "3.47040", "2018-12-31": "-3.91330", "2018-09-30": "-5.39350", "2018-06-30": "-0.65260", "2018-03-31": "4.62350", "2017-12-31": "5.02490", "2017-09-30": "4.96270", "2017-06-30": "1.39560", "2017-03-31": "8.42750", "2016-12-31": "5.59460", "2016-09-30": "2.01790", "2016-06-30": "-39.46230", "2016-03-31": "9.65810", "2015-12-31": "12.11640", "2015-09-30": "8.12790", "2015-06-30": "11.43820", "2015-03-31": "9.08260", "2014-12-31": "10.62810", "2014-09-30": "4.56660", "2014-06-30": "9.11310", "2014-03-31": "11.41490", "2013-12-31": "12.02380", "2013-09-30": "8.32950", "2013-06-30": "8.57290", "2013-03-31": "11.19500", "2012-12-31": "11.25450", "2012-09-30": "8.97040", "2012-06-30": "14.21180", "2012-03-31": "11.07910", "2011-12-31": "9.92330", "2011-09-30": "8.31030", "2011-06-30": "11.87440", "2011-03-31": "10.68710", "2010-12-31": "10.17960", "2010-09-30": "7.18830", "2010-06-30": "11.11340", "2010-03-31": "8.70830", "2009-12-31": "8.91070", "2009-09-30": "7.57750", "2009-06-30": "-1.29520", "2009-03-31": "-14.99690", "2008-12-31": "6.24910", "2008-09-30": "5.19420", "2008-06-30": "4.37950", "2008-03-31": "6.58690", "2007-12-31": "10.59320", "2007-09-30": "7.71570", "2007-06-30": "8.38070", "2007-03-31": "9.88960", "2006-12-31": "10.82800", "2006-09-30": "8.04210", "2006-06-30": "8.10210", "2006-03-31": "8.20440", "2005-12-31": "11.37210", "2005-09-30": "7.43650", "2005-06-30": "-0.02310", "2005-03-31": "7.27270"}, "EBIT Margin": {"2020-09-30": "0.65780", "2020-06-30": "4.93630", "2020-03-31": "3.45840", "2019-12-31": "1.81360", "2019-09-30": "0.50930", "2019-06-30": "-0.52270", "2019-03-31": "3.47040", "2018-12-31": "-3.91330", "2018-09-30": "-5.39350", "2018-06-30": "-0.65260", "2018-03-31": "4.62350", "2017-12-31": "5.02490", "2017-09-30": "4.96270", "2017-06-30": "1.39560", "2017-03-31": "8.42750", "2016-12-31": "5.59460", "2016-09-30": "2.01790", "2016-06-30": "-39.46220", "2016-03-31": "9.65810", "2015-12-31": "12.11640", "2015-09-30": "8.12790", "2015-06-30": "11.43820", "2015-03-31": "9.08260", "2014-12-31": "10.62810", "2014-09-30": "4.56660", "2014-06-30": "9.11310", "2014-03-31": "11.41490", "2013-12-31": "12.02380", "2013-09-30": "8.32950", "2013-06-30": "8.57290", "2013-03-31": "11.19500", "2012-12-31": "11.25450", "2012-09-30": "8.97040", "2012-06-30": "14.21180", "2012-03-31": "11.07910", "2011-12-31": "9.92330", "2011-09-30": "8.31030", "2011-06-30": "11.87440", "2011-03-31": "10.68710", "2010-12-31": "10.17960", "2010-09-30": "7.18830", "2010-06-30": "11.11340", "2010-03-31": "8.70830", "2009-12-31": "8.91070", "2009-09-30": "7.57750", "2009-06-30": "-1.29520", "2009-03-31": "-14.99690", "2008-12-31": "6.24910", "2008-09-30": "5.19420", "2008-06-30": "4.37940", "2008-03-31": "6.58690", "2007-12-31": "10.59320", "2007-09-30": "7.71570", "2007-06-30": "8.38070", "2007-03-31": "9.88960", "2006-12-31": "10.82800", "2006-09-30": "8.04210", "2006-06-30": "8.10210", "2006-03-31": "8.20440", "2005-12-31": "11.37210", "2005-09-30": "7.43650", "2005-06-30": "-0.02320", "2005-03-31": "7.27270"}, "EBITDA Margin": {"2020-09-30": "", "2020-06-30": "", "2020-03-31": "", "2019-12-31": "", "2019-09-30": "", "2019-06-30": "", "2019-03-31": "", "2018-12-31": "", "2018-09-30": "", "2018-06-30": "", "2018-03-31": "", "2017-12-31": "", "2017-09-30": "", "2017-06-30": "", "2017-03-31": "", "2016-12-31": "", "2016-09-30": "", "2016-06-30": "", "2016-03-31": "", "2015-12-31": "", "2015-09-30": "", "2015-06-30": "", "2015-03-31": "", "2014-12-31": "", "2014-09-30": "", "2014-06-30": "", "2014-03-31": "", "2013-12-31": "", "2013-09-30": "", "2013-06-30": "", "2013-03-31": "", "2012-12-31": "", "2012-09-30": "", "2012-06-30": "", "2012-03-31": "", "2011-12-31": "", "2011-09-30": "", "2011-06-30": "", "2011-03-31": "", "2010-12-31": "", "2010-09-30": "", "2010-06-30": "", "2010-03-31": "", "2009-12-31": "", "2009-09-30": "", "2009-06-30": "", "2009-03-31": "", "2008-12-31": "", "2008-09-30": "", "2008-06-30": "", "2008-03-31": "", "2007-12-31": "", "2007-09-30": "", "2007-06-30": "", "2007-03-31": "", "2006-12-31": "", "2006-09-30": "", "2006-06-30": "", "2006-03-31": "", "2005-12-31": "", "2005-09-30": "", "2005-06-30": "", "2005-03-31": ""}, "Pre-Tax Profit Margin": {"2020-09-30": "0.44120", "2020-06-30": "3.99160", "2020-03-31": "2.77570", "2019-12-31": "0.63340", "2019-09-30": "-1.07180", "2019-06-30": "-1.65800", "2019-03-31": "2.18010", "2018-12-31": "-5.00010", "2018-09-30": "-6.34130", "2018-06-30": "-0.68540", "2018-03-31": "3.79820", "2017-12-31": "4.09680", "2017-09-30": "4.42720", "2017-06-30": "-0.33310", "2017-03-31": "7.15870", "2016-12-31": "5.08870", "2016-09-30": "1.34740", "2016-06-30": "-44.44680", "2016-03-31": "9.89100", "2015-12-31": "10.85670", "2015-09-30": "6.35050", "2015-06-30": "11.50070", "2015-03-31": "7.77890", "2014-12-31": "9.36240", "2014-09-30": "3.94470", "2014-06-30": "8.41670", "2014-03-31": "10.34820", "2013-12-31": "10.91050", "2013-09-30": "7.50480", "2013-06-30": "7.41000", "2013-03-31": "9.46000", "2012-12-31": "10.53090", "2012-09-30": "7.88870", "2012-06-30": "12.80080", "2012-03-31": "9.96300", "2011-12-31": "8.66060", "2011-09-30": "7.07300", "2011-06-30": "10.61220", "2011-03-31": "9.69850", "2010-12-31": "8.97120", "2010-09-30": "6.23580", "2010-06-30": "9.46800", "2010-03-31": "7.79700", "2009-12-31": "7.45800", "2009-09-30": "6.25770", "2009-06-30": "-1.84740", "2009-03-31": "-16.69850", "2008-12-31": "4.57590", "2008-09-30": "3.80500", "2008-06-30": "4.44650", "2008-03-31": "5.25370", "2007-12-31": "9.03220", "2007-09-30": "7.31140", "2007-06-30": "8.37220", "2007-03-31": "8.50660", "2006-12-31": "10.06600", "2006-09-30": "7.17500", "2006-06-30": "6.99730", "2006-03-31": "7.39910", "2005-12-31": "10.66920", "2005-09-30": "6.89770", "2005-06-30": "-0.87350", "2005-03-31": "6.53970"}, "Net Profit Margin": {"2020-09-30": "0.09730", "2020-06-30": "0.63290", "2020-03-31": "4.39890", "2019-12-31": "-0.19020", "2019-09-30": "-22.20000", "2019-06-30": "-2.68170", "2019-03-31": "-12.03040", "2018-12-31": "-12.46350", "2018-09-30": "-7.21820", "2018-06-30": "-16.36050", "2018-03-31": "2.00500", "2017-12-31": "7.64370", "2017-09-30": "3.36820", "2017-06-30": "0.09390", "2017-03-31": "5.32070", "2016-12-31": "3.67370", "2016-09-30": "1.26260", "2016-06-30": "-36.15660", "2016-03-31": "6.62280", "2015-12-31": "7.81240", "2015-09-30": "4.36680", "2015-06-30": "11.00360", "2015-03-31": "5.03880", "2014-12-31": "6.40090", "2014-09-30": "2.98690", "2014-06-30": "4.79430", "2014-03-31": "6.32220", "2013-12-31": "7.70850", "2013-09-30": "5.79180", "2013-06-30": "5.59540", "2013-03-31": "8.92700", "2012-12-31": "6.94500", "2012-09-30": "4.55410", "2012-06-30": "6.66780", "2012-03-31": "6.41520", "2011-12-31": "5.49230", "2011-09-30": "4.07550", "2011-06-30": "4.75290", "2011-03-31": "5.81580", "2010-12-31": "5.57320", "2010-09-30": "3.52570", "2010-06-30": "3.42320", "2010-03-31": "1.19590", "2009-12-31": "4.62130", "2009-09-30": "3.51000", "2009-06-30": "0.48880", "2009-03-31": "-15.53250", "2008-12-31": "2.60710", "2008-09-30": "2.44850", "2008-06-30": "2.42250", "2008-03-31": "3.14210", "2007-12-31": "5.64090", "2007-09-30": "4.56070", "2007-06-30": "5.46060", "2007-03-31": "5.20530", "2006-12-31": "6.17450", "2006-09-30": "4.16350", "2006-06-30": "4.14550", "2006-03-31": "4.61360", "2005-12-31": "6.62520", "2005-09-30": "4.27750", "2005-06-30": "-0.32840", "2005-03-31": "4.77360"}, "Asset Turnover": {"2020-09-30": "0.22670", "2020-06-30": "0.23380", "2020-03-31": "0.24740", "2019-12-31": "0.22180", "2019-09-30": "0.21560", "2019-06-30": "0.19570", "2019-03-31": "0.19700", "2018-12-31": "0.19030", "2018-09-30": "0.17860", "2018-06-30": "0.14510", "2018-03-31": "0.20280", "2017-12-31": "0.19960", "2017-09-30": "0.19430", "2017-06-30": "0.11370", "2017-03-31": "0.20070", "2016-12-31": "0.25330", "2016-09-30": "0.22970", "2016-06-30": "0.08150", "2016-03-31": "0.22800", "2015-12-31": "0.22410", "2015-09-30": "0.21180", "2015-06-30": "0.19980", "2015-03-31": "0.22230", "2014-12-31": "0.23280", "2014-09-30": "0.21010", "2014-06-30": "0.18140", "2014-03-31": "0.19640", "2013-12-31": "0.22550", "2013-09-30": "0.20360", "2013-06-30": "0.20520", "2013-03-31": "0.21330", "2012-12-31": "0.21180", "2012-09-30": "0.21170", "2012-06-30": "0.20960", "2012-03-31": "0.22320", "2011-12-31": "0.22130", "2011-09-30": "0.21450", "2011-06-30": "0.20270", "2011-03-31": "0.21760", "2010-12-31": "0.22770", "2010-09-30": "0.20140", "2010-06-30": "0.16310", "2010-03-31": "0.19940", "2009-12-31": "0.21580", "2009-09-30": "0.20600", "2009-06-30": "0.23040", "2009-03-31": "0.22640", "2008-12-31": "0.25070", "2008-09-30": "0.22440", "2008-06-30": "0.21320", "2008-03-31": "0.21430", "2007-12-31": "0.24440", "2007-09-30": "0.21470", "2007-06-30": "0.21000", "2007-03-31": "0.22640", "2006-12-31": "0.24540", "2006-09-30": "0.22940", "2006-06-30": "0.22190", "2006-03-31": "0.23310", "2005-12-31": "0.23290", "2005-09-30": "0.22100", "2005-06-30": "0.21400", "2005-03-31": "0.23140"}, "Inventory Turnover Ratio": {"2020-09-30": "1.29520", "2020-06-30": "1.53850", "2020-03-31": "1.76750", "2019-12-31": "1.41700", "2019-09-30": "1.27510", "2019-06-30": "1.37060", "2019-03-31": "1.09820", "2018-12-31": "1.07320", "2018-09-30": "1.03640", "2018-06-30": "0.89550", "2018-03-31": "1.25190", "2017-12-31": "0.96000", "2017-09-30": "0.96090", "2017-06-30": "0.58860", "2017-03-31": "1.03200", "2016-12-31": "1.39720", "2016-09-30": "1.29300", "2016-06-30": "0.35150", "2016-03-31": "1.46030", "2015-12-31": "1.43110", "2015-09-30": "1.24040", "2015-06-30": "1.27680", "2015-03-31": "1.36500", "2014-12-31": "1.42160", "2014-09-30": "1.30850", "2014-06-30": "1.32630", "2014-03-31": "1.35120", "2013-12-31": "1.49000", "2013-09-30": "1.34180", "2013-06-30": "1.36200", "2013-03-31": "1.37380", "2012-12-31": "1.38530", "2012-09-30": "1.32350", "2012-06-30": "1.38060", "2012-03-31": "1.50820", "2011-12-31": "1.37330", "2011-09-30": "1.14060", "2011-06-30": "1.10430", "2011-03-31": "1.23280", "2010-12-31": "1.21480", "2010-09-30": "1.10620", "2010-06-30": "0.89110", "2010-03-31": "1.04250", "2009-12-31": "1.04070", "2009-09-30": "1.02080", "2009-06-30": "1.33440", "2009-03-31": "1.00160", "2008-12-31": "1.13670", "2008-09-30": "1.01100", "2008-06-30": "1.19930", "2008-03-31": "1.23500", "2007-12-31": "1.31060", "2007-09-30": "1.18280", "2007-06-30": "1.24230", "2007-03-31": "1.34720", "2006-12-31": "1.38610", "2006-09-30": "1.35560", "2006-06-30": "1.35180", "2006-03-31": "1.35230", "2005-12-31": "1.22260", "2005-09-30": "1.37910", "2005-06-30": "1.54340", "2005-03-31": "1.37970"}, "Receiveable Turnover": {"2020-09-30": "3.00220", "2020-06-30": "2.99320", "2020-03-31": "2.32750", "2019-12-31": "2.45320", "2019-09-30": "2.33480", "2019-06-30": "2.40630", "2019-03-31": "2.13110", "2018-12-31": "2.21840", "2018-09-30": "2.10320", "2018-06-30": "1.69170", "2018-03-31": "2.41940", "2017-12-31": "2.24310", "2017-09-30": "2.16350", "2017-06-30": "1.47610", "2017-03-31": "2.43570", "2016-12-31": "2.95310", "2016-09-30": "2.66110", "2016-06-30": "0.87850", "2016-03-31": "2.04080", "2015-12-31": "2.12160", "2015-09-30": "2.02210", "2015-06-30": "2.35350", "2015-03-31": "1.96360", "2014-12-31": "2.16590", "2014-09-30": "1.97580", "2014-06-30": "1.86870", "2014-03-31": "1.84530", "2013-12-31": "2.11930", "2013-09-30": "2.04260", "2013-06-30": "1.98370", "2013-03-31": "1.96240", "2012-12-31": "2.09410", "2012-09-30": "1.98160", "2012-06-30": "2.10460", "2012-03-31": "1.94840", "2011-12-31": "1.81540", "2011-09-30": "1.90780", "2011-06-30": "1.93360", "2011-03-31": "2.03120", "2010-12-31": "2.23560", "2010-09-30": "1.96180", "2010-06-30": "1.71130", "2010-03-31": "1.90020", "2009-12-31": "1.93680", "2009-09-30": "1.74820", "2009-06-30": "2.26020", "2009-03-31": "2.06020", "2008-12-31": "2.74880", "2008-09-30": "2.25140", "2008-06-30": "2.25870", "2008-03-31": "2.00820", "2007-12-31": "2.18280", "2007-09-30": "2.12810", "2007-06-30": "2.24360", "2007-03-31": "2.06390", "2006-12-31": "2.21110", "2006-09-30": "2.20440", "2006-06-30": "2.41180", "2006-03-31": "2.17520", "2005-12-31": "2.10690", "2005-09-30": "2.11780", "2005-06-30": "2.17070", "2005-03-31": "2.20960"}, "Days Sales In Receivables": {"2020-09-30": "29.97780", "2020-06-30": "30.06810", "2020-03-31": "38.66770", "2019-12-31": "36.68720", "2019-09-30": "38.54790", "2019-06-30": "37.40140", "2019-03-31": "42.23230", "2018-12-31": "40.57010", "2018-09-30": "42.79200", "2018-06-30": "53.20180", "2018-03-31": "37.19900", "2017-12-31": "40.12370", "2017-09-30": "41.59860", "2017-06-30": "60.97290", "2017-03-31": "36.95060", "2016-12-31": "30.47610", "2016-09-30": "33.82040", "2016-06-30": "102.44970", "2016-03-31": "44.09990", "2015-12-31": "42.42020", "2015-09-30": "44.50900", "2015-06-30": "38.24040", "2015-03-31": "45.83470", "2014-12-31": "41.55340", "2014-09-30": "45.55140", "2014-06-30": "48.16070", "2014-03-31": "48.77300", "2013-12-31": "42.46710", "2013-09-30": "44.06080", "2013-06-30": "45.37010", "2013-03-31": "45.86300", "2012-12-31": "42.97780", "2012-09-30": "45.41810", "2012-06-30": "42.76310", "2012-03-31": "46.19280", "2011-12-31": "49.57710", "2011-09-30": "47.17360", "2011-06-30": "46.54570", "2011-03-31": "44.30970", "2010-12-31": "40.25730", "2010-09-30": "45.87520", "2010-06-30": "52.59110", "2010-03-31": "47.36250", "2009-12-31": "46.46750", "2009-09-30": "51.48050", "2009-06-30": "39.82020", "2009-03-31": "43.68560", "2008-12-31": "32.74210", "2008-09-30": "39.97440", "2008-06-30": "39.84620", "2008-03-31": "44.81600", "2007-12-31": "41.23050", "2007-09-30": "42.29200", "2007-06-30": "40.11460", "2007-03-31": "43.60690", "2006-12-31": "40.70350", "2006-09-30": "40.82680", "2006-06-30": "37.31590", "2006-03-31": "41.37540", "2005-12-31": "42.71630", "2005-09-30": "42.49690", "2005-06-30": "41.46090", "2005-03-31": "40.73140"}, "ROE - Return On Equity": {"2020-09-30": "-0.75050", "2020-06-30": "0.25620", "2020-03-31": "1.73980", "2019-12-31": "0.12180", "2019-09-30": "-0.33670", "2019-06-30": "-0.48280", "2019-03-31": "0.56670", "2018-12-31": "-1.99800", "2018-09-30": "-1.36980", "2018-06-30": "-0.70460", "2018-03-31": "1.34560", "2017-12-31": "2.36650", "2017-09-30": "1.05310", "2017-06-30": "-0.17940", "2017-03-31": "1.97080", "2016-12-31": "1.68100", "2016-09-30": "0.52390", "2016-06-30": "-6.51570", "2016-03-31": "2.65320", "2015-12-31": "3.20170", "2015-09-30": "1.63660", "2015-06-30": "3.94390", "2015-03-31": "2.05140", "2014-12-31": "2.75040", "2014-09-30": "1.17340", "2014-06-30": "1.59240", "2014-03-31": "2.45370", "2013-12-31": "2.96670", "2013-09-30": "2.16010", "2013-06-30": "2.15830", "2013-03-31": "3.74870", "2012-12-31": "2.91670", "2012-09-30": "1.96130", "2012-06-30": "3.69840", "2012-03-31": "2.63320", "2011-12-31": "2.35370", "2011-09-30": "1.44460", "2011-06-30": "1.94260", "2011-03-31": "1.99850", "2010-12-31": "2.01530", "2010-09-30": "1.15650", "2010-06-30": "2.12390", "2010-03-31": "0.36170", "2009-12-31": "1.52710", "2009-09-30": "1.12980", "2009-06-30": "-0.24900", "2009-03-31": "-6.31020", "2008-12-31": "1.20550", "2008-09-30": "0.90790", "2008-06-30": "1.10420", "2008-03-31": "1.12360", "2007-12-31": "2.12830", "2007-09-30": "1.51000", "2007-06-30": "1.74190", "2007-03-31": "1.83710", "2006-12-31": "2.18010", "2006-09-30": "1.38650", "2006-06-30": "1.30640", "2006-03-31": "1.52350", "2005-12-31": "2.13620", "2005-09-30": "1.26690", "2005-06-30": "-0.09410", "2005-03-31": "1.45240"}, "Return On Tangible Equity": {"2020-09-30": "-4.20350", "2020-06-30": "1.57310", "2020-03-31": "11.26390", "2019-12-31": "0.70530", "2019-09-30": "-2.12130", "2019-06-30": "-2.78770", "2019-03-31": "15.31550", "2018-12-31": "-29.26390", "2018-09-30": "-14.13130", "2018-06-30": "-6.04370", "2018-03-31": "9.06060", "2017-12-31": "27.83680", "2017-09-30": "16.12480", "2017-06-30": "-1.77870", "2017-03-31": "50.10160", "2016-12-31": "125.47370", "2016-09-30": "150.81620", "2016-06-30": "17808.44000", "2016-03-31": "-12905.11000", "2015-12-31": "-89.39950", "2015-09-30": "-365.80340", "2015-06-30": "-125.24660", "2015-03-31": "-29.98710", "2014-12-31": "-46.72090", "2014-09-30": "-12.23390", "2014-06-30": "-15.54070", "2014-03-31": "-24.27790", "2013-12-31": "-67.74570", "2013-09-30": "-22.33000", "2013-06-30": "-15.00870", "2013-03-31": "-23.79930", "2012-12-31": "-15.15090", "2012-09-30": "-168.42340", "2012-06-30": "-73.81230", "2012-03-31": "-42.59240", "2011-12-31": "-27.80700", "2011-09-30": "13.38830", "2011-06-30": "18.01910", "2011-03-31": "33.88760", "2010-12-31": "33.82480", "2010-09-30": "33.33580", "2010-06-30": "31.80160", "2010-03-31": "2.12790", "2009-12-31": "9.09890", "2009-09-30": "7.50900", "2009-06-30": "-1.82510", "2009-03-31": "-56.11580", "2008-12-31": "15.18910", "2008-09-30": "10.39580", "2008-06-30": "14.72210", "2008-03-31": "9.92720", "2007-12-31": "15.16700", "2007-09-30": "11.16210", "2007-06-30": "13.30000", "2007-03-31": "16.68870", "2006-12-31": "8.24700", "2006-09-30": "5.78060", "2006-06-30": "5.96100", "2006-03-31": "7.84490", "2005-12-31": "10.08640", "2005-09-30": "5.52300", "2005-06-30": "-0.42680", "2005-03-31": "5.95740"}, "ROA - Return On Assets": {"2020-09-30": "-0.49010", "2020-06-30": "0.16900", "2020-03-31": "1.11960", "2019-12-31": "0.08110", "2019-09-30": "-0.22150", "2019-06-30": "-0.28410", "2019-03-31": "0.31610", "2018-12-31": "-1.13380", "2018-09-30": "-0.79530", "2018-06-30": "-0.41540", "2018-03-31": "0.80890", "2017-12-31": "1.39700", "2017-09-30": "0.61390", "2017-06-30": "-0.10480", "2017-03-31": "1.11890", "2016-12-31": "0.93070", "2016-09-30": "0.29010", "2016-06-30": "-3.60550", "2016-03-31": "1.50990", "2015-12-31": "1.75110", "2015-09-30": "0.92500", "2015-06-30": "2.19840", "2015-03-31": "1.12020", "2014-12-31": "1.49000", "2014-09-30": "0.62750", "2014-06-30": "0.86990", "2014-03-31": "1.33960", "2013-12-31": "1.68960", "2013-09-30": "1.17940", "2013-06-30": "1.14820", "2013-03-31": "1.95670", "2012-12-31": "1.50020", "2012-09-30": "1.16440", "2012-06-30": "2.13160", "2012-03-31": "1.47450", "2011-12-31": "1.27880", "2011-09-30": "0.94500", "2011-06-30": "1.26260", "2011-03-31": "1.26530", "2010-12-31": "1.26880", "2010-09-30": "0.71010", "2010-06-30": "1.35740", "2010-03-31": "0.23850", "2009-12-31": "0.99720", "2009-09-30": "0.72310", "2009-06-30": "-0.15540", "2009-03-31": "-3.69720", "2008-12-31": "0.70580", "2008-09-30": "0.52950", "2008-06-30": "0.65130", "2008-03-31": "0.67340", "2007-12-31": "1.37890", "2007-09-30": "0.97930", "2007-06-30": "1.14700", "2007-03-31": "1.17860", "2006-12-31": "1.51540", "2006-09-30": "0.95510", "2006-06-30": "0.92000", "2006-03-31": "1.07560", "2005-12-31": "1.54280", "2005-09-30": "0.94550", "2005-06-30": "-0.07030", "2005-03-31": "1.10480"}, "ROI - Return On Investment": {"2020-09-30": "-0.62480", "2020-06-30": "0.21450", "2020-03-31": "1.38890", "2019-12-31": "0.10030", "2019-09-30": "-0.27600", "2019-06-30": "-0.34400", "2019-03-31": "0.38540", "2018-12-31": "-1.39230", "2018-09-30": "-0.97050", "2018-06-30": "-0.50480", "2018-03-31": "0.97110", "2017-12-31": "1.68170", "2017-09-30": "0.74040", "2017-06-30": "-0.12520", "2017-03-31": "1.34170", "2016-12-31": "1.12900", "2016-09-30": "0.34830", "2016-06-30": "-4.33700", "2016-03-31": "1.79470", "2015-12-31": "2.10860", "2015-09-30": "1.11080", "2015-06-30": "2.68230", "2015-03-31": "1.35040", "2014-12-31": "1.85230", "2014-09-30": "0.78740", "2014-06-30": "1.08030", "2014-03-31": "1.65310", "2013-12-31": "2.02580", "2013-09-30": "1.43920", "2013-06-30": "1.39800", "2013-03-31": "2.40930", "2012-12-31": "1.85240", "2012-09-30": "1.44520", "2012-06-30": "2.63310", "2012-03-31": "1.80780", "2011-12-31": "1.56610", "2011-09-30": "1.14330", "2011-06-30": "1.53590", "2011-03-31": "1.55870", "2010-12-31": "1.55330", "2010-09-30": "0.87110", "2010-06-30": "1.64150", "2010-03-31": "0.27690", "2009-12-31": "1.15600", "2009-09-30": "0.84440", "2009-06-30": "-0.18190", "2009-03-31": "-4.42990", "2008-12-31": "0.83810", "2008-09-30": "0.63450", "2008-06-30": "0.78040", "2008-03-31": "0.80040", "2007-12-31": "1.64620", "2007-09-30": "1.16140", "2007-06-30": "1.33060", "2007-03-31": "1.37930", "2006-12-31": "1.76920", "2006-09-30": "1.11830", "2006-06-30": "1.04960", "2006-03-31": "1.24510", "2005-12-31": "1.79920", "2005-09-30": "1.08570", "2005-06-30": "-0.08010", "2005-03-31": "1.25060"}, "Book Value Per Share": {"2020-09-30": "14.27470", "2020-06-30": "14.16850", "2020-03-31": "14.11220", "2019-12-31": "14.57510", "2019-09-30": "14.11080", "2019-06-30": "14.57810", "2019-03-31": "14.88450", "2018-12-31": "15.28180", "2018-09-30": "16.20570", "2018-06-30": "16.71010", "2018-03-31": "18.04920", "2017-12-31": "17.53830", "2017-09-30": "17.03680", "2017-06-30": "16.51690", "2017-03-31": "16.06250", "2016-12-31": "15.59730", "2016-09-30": "15.86940", "2016-06-30": "16.08830", "2016-03-31": "17.77580", "2015-12-31": "17.59460", "2015-09-30": "17.31400", "2015-06-30": "16.83690", "2015-03-31": "15.86600", "2014-12-31": "15.93310", "2014-09-30": "15.92230", "2014-06-30": "16.16040", "2014-03-31": "15.50040", "2013-12-31": "14.00760", "2013-09-30": "13.39540", "2013-06-30": "12.59760", "2013-03-31": "11.98150", "2012-12-31": "11.89770", "2012-09-30": "11.14820", "2012-06-30": "10.72900", "2012-03-31": "10.53880", "2011-12-31": "10.10480", "2011-09-30": "9.92870", "2011-06-30": "9.87130", "2011-03-31": "9.67230", "2010-12-31": "9.38250", "2010-09-30": "9.17560", "2010-06-30": "8.99280", "2010-03-31": "8.98120", "2009-12-31": "8.75700", "2009-09-30": "8.79350", "2009-06-30": "8.61620", "2009-03-31": "8.44350", "2008-12-31": "9.00620", "2008-09-30": "9.21320", "2008-06-30": "9.24810", "2008-03-31": "9.45740", "2007-12-31": "9.13100", "2007-09-30": "8.94920", "2007-06-30": "8.70740", "2007-03-31": "8.49940", "2006-12-31": "8.26440", "2006-09-30": "8.08660", "2006-06-30": "7.98110", "2006-03-31": "7.73030", "2005-12-31": "7.58030", "2005-09-30": "7.36520", "2005-06-30": "7.21410", "2005-03-31": "7.23080"}, "Operating Cash Flow Per Share": {"2020-09-30": "0.40050", "2020-06-30": 0.8954, "2020-03-31": 0.4504, "2019-12-31": 0.1983, "2019-09-30": "-0.03440", "2019-06-30": 0.2022, "2019-03-31": 0.1757, "2018-12-31": 0.1882, "2018-09-30": "-0.18820", "2018-06-30": 0.4502, "2018-03-31": 0.3729, "2017-12-31": 0.2821, "2017-09-30": "-0.01030", "2017-06-30": 0.6668, "2017-03-31": 0.4509, "2016-12-31": 0.9914, "2016-09-30": "0.12300", "2016-06-30": 0.5087, "2016-03-31": 0.3102, "2015-12-31": 0.9011, "2015-09-30": "0.05550", "2015-06-30": 1.1175, "2015-03-31": 0.1504, "2014-12-31": 0.5001, "2014-09-30": "0.02550", "2014-06-30": 0.6429, "2014-03-31": 0.4576, "2013-12-31": 0.1993, "2013-09-30": "0.54780", "2013-06-30": 0.5618, "2013-03-31": 0.0636, "2012-12-31": 0.3544, "2012-09-30": "0.29160", "2012-06-30": 0.4851, "2012-03-31": 0.4298, "2011-12-31": 0.1581, "2011-09-30": "0.25710", "2011-06-30": 0.2064, "2011-03-31": 0.332, "2010-12-31": 0.2565, "2010-09-30": "-0.13640", "2010-06-30": 0.3892, "2010-03-31": 0.3355, "2009-12-31": 0.229, "2009-09-30": "-0.09820", "2009-06-30": 0.3835, "2009-03-31": 0.09, "2008-12-31": 0.1449, "2008-09-30": "-0.35130", "2008-06-30": 0.0386, "2008-03-31": 0.1235, "2007-12-31": 0.0944, "2007-09-30": "0.03660", "2007-06-30": 0.1875, "2007-03-31": 0.2482, "2006-12-31": 0.124, "2006-09-30": "0.24830", "2006-06-30": 0.4256, "2006-03-31": 0.1726, "2005-12-31": 0.0908, "2005-09-30": "0.00700", "2005-06-30": 0.1406, "2005-03-31": 0.3301}, "Free Cash Flow Per Share": {"2020-09-30": "0.28080", "2020-06-30": 0.7596, "2020-03-31": 0.2807, "2019-12-31": 0.0442, "2019-09-30": "-0.16070", "2019-06-30": 0.0019, "2019-03-31": 0.0418, "2018-12-31": 0.0084, "2018-09-30": "-0.40240", "2018-06-30": 0.2483, "2018-03-31": 0.1463, "2017-12-31": 0.1534, "2017-09-30": "-0.11790", "2017-06-30": 0.5686, "2017-03-31": 0.3805, "2016-12-31": 0.9074, "2016-09-30": "-0.01660", "2016-06-30": 0.6062, "2016-03-31": 0.148, "2015-12-31": 0.693, "2015-09-30": "-0.13170", "2015-06-30": 0.9996, "2015-03-31": 0.0502, "2014-12-31": 0.3961, "2014-09-30": "-0.10370", "2014-06-30": 0.5295, "2014-03-31": 0.3666, "2013-12-31": 0.1138, "2013-09-30": "0.42160", "2013-06-30": 0.3194, "2013-03-31": -0.1861, "2012-12-31": 0.1807, "2012-09-30": "0.20240", "2012-06-30": 0.4033, "2012-03-31": 0.3641, "2011-12-31": 0.1109, "2011-09-30": "0.23000", "2011-06-30": 0.166, "2011-03-31": 0.2982, "2010-12-31": 0.2325, "2010-09-30": "-0.14900", "2010-06-30": 0.341, "2010-03-31": 0.3064, "2009-12-31": 0.2027, "2009-09-30": "-0.13120", "2009-06-30": 0.3508, "2009-03-31": 0.0422, "2008-12-31": 0.1104, "2008-09-30": "-0.38500", "2008-06-30": -0.0606, "2008-03-31": 0.0838, "2007-12-31": 0.0624, "2007-09-30": "-0.01920", "2007-06-30": 0.1695, "2007-03-31": 0.2145, "2006-12-31": 0.0882, "2006-09-30": "0.23720", "2006-06-30": 0.3433, "2006-03-31": 0.1513, "2005-12-31": 0.0497, "2005-09-30": "-0.03430", "2005-06-30": 0.1017, "2005-03-31": 0.2359}}, "revenue": {"Hain Celestial Annual Revenue (Millions of US $)": {"2020": "$2,054", "2019": "$2,105", "2018": "$2,266", "2017": "$2,344", "2016": "$2,393", "2015": "$2,610", "2014": "$2,108", "2013": "$1,735", "2012": "$1,378", "2011": "$1,109", "2010": "$890", "2009": "$1,123", "2008": "$1,047", "2007": "$900", "2006": "$739", "2005": "$620"}, "Hain Celestial Quarterly Revenue (Millions of US $)": {"2020-09-30": "$499", "2020-06-30": "$512", "2020-03-31": "$553", "2019-12-31": "$507", "2019-09-30": "$482", "2019-06-30": "$505", "2019-03-31": "$547", "2018-12-31": "$534", "2018-09-30": "$518", "2018-06-30": "$427", "2018-03-31": "$633", "2017-12-31": "$616", "2017-09-30": "$589", "2017-06-30": "$333", "2017-03-31": "$589", "2016-12-31": "$740", "2016-09-30": "$681", "2016-06-30": "$245", "2016-03-31": "$737", "2015-12-31": "$743", "2015-09-30": "$668", "2015-06-30": "$619", "2015-03-31": "$663", "2014-12-31": "$696", "2014-09-30": "$631", "2014-06-30": "$538", "2014-03-31": "$557", "2013-12-31": "$535", "2013-09-30": "$477", "2013-06-30": "$463", "2013-03-31": "$456", "2012-12-31": "$455", "2012-09-30": "$360", "2012-06-30": "$351", "2012-03-31": "$376", "2011-12-31": "$365", "2011-09-30": "$287", "2011-06-30": "$270", "2011-03-31": "$288", "2010-12-31": "$292", "2010-09-30": "$258", "2010-06-30": "$195", "2010-03-31": "$222", "2009-12-31": "$242", "2009-09-30": "$230", "2009-06-30": "$259", "2009-03-31": "$265", "2008-12-31": "$312", "2008-09-30": "$287", "2008-06-30": "$268", "2008-03-31": "$265", "2007-12-31": "$276", "2007-09-30": "$237", "2007-06-30": "$222", "2007-03-31": "$238", "2006-12-31": "$230", "2006-09-30": "$210", "2006-06-30": "$195", "2006-03-31": "$196", "2005-12-31": "$186", "2005-09-30": "$161", "2005-06-30": "$151", "2005-03-31": "$161"}}, "gross-profit": {"Hain Celestial Annual Gross Profit (Millions of US $)": {"2020": "$466", "2019": "$398", "2018": "$467", "2017": "$519", "2016": "$565", "2015": "$563", "2014": "$528", "2013": "$475", "2012": "$382", "2011": "$320", "2010": "$249", "2009": "$246", "2008": "$275", "2007": "$261", "2006": "$213", "2005": "$171"}, "Hain Celestial Quarterly Gross Profit (Millions of US $)": {"2020-09-30": "$119", "2020-06-30": "$130", "2020-03-31": "$132", "2019-12-31": "$106", "2019-09-30": "$98", "2019-06-30": "$95", "2019-03-31": "$113", "2018-12-31": "$101", "2018-09-30": "$89", "2018-06-30": "$77", "2018-03-31": "$133", "2017-12-31": "$134", "2017-09-30": "$123", "2017-06-30": "$132", "2017-03-31": "$139", "2016-12-31": "$138", "2016-09-30": "$110", "2016-06-30": "$101", "2016-03-31": "$160", "2015-12-31": "$166", "2015-09-30": "$138", "2015-06-30": "$112", "2015-03-31": "$158", "2014-12-31": "$167", "2014-09-30": "$126", "2014-06-30": "$113", "2014-03-31": "$153", "2013-12-31": "$143", "2013-09-30": "$119", "2013-06-30": "$123", "2013-03-31": "$126", "2012-12-31": "$131", "2012-09-30": "$95", "2012-06-30": "$93", "2012-03-31": "$105", "2011-12-31": "$105", "2011-09-30": "$80", "2011-06-30": "$82", "2011-03-31": "$83", "2010-12-31": "$85", "2010-09-30": "$70", "2010-06-30": "$56", "2010-03-31": "$62", "2009-12-31": "$70", "2009-09-30": "$62", "2009-06-30": "$47", "2009-03-31": "$60", "2008-12-31": "$70", "2008-09-30": "$69", "2008-06-30": "$58", "2008-03-31": "$69", "2007-12-31": "$79", "2007-09-30": "$69", "2007-06-30": "$62", "2007-03-31": "$71", "2006-12-31": "$70", "2006-09-30": "$59", "2006-06-30": "$52", "2006-03-31": "$58", "2005-12-31": "$58", "2005-09-30": "$46", "2005-06-30": "$33", "2005-03-31": "$45"}}, "operating-income": {"Hain Celestial Annual Operating Income (Millions of US $)": {"2020": "$56", "2019": "$-32", "2018": "$87", "2017": "$109", "2016": "$119", "2015": "$234", "2014": "$217", "2013": "$174", "2012": "$152", "2011": "$111", "2010": "$80", "2009": "$-9", "2008": "$77", "2007": "$84", "2006": "$65", "2005": "$41"}, "Hain Celestial Quarterly Operating Income (Millions of US $)": {"2020-09-30": "$3", "2020-06-30": "$25", "2020-03-31": "$19", "2019-12-31": "$9", "2019-09-30": "$2", "2019-06-30": "$-3", "2019-03-31": "$19", "2018-12-31": "$-21", "2018-09-30": "$-28", "2018-06-30": "$-3", "2018-03-31": "$29", "2017-12-31": "$31", "2017-09-30": "$29", "2017-06-30": "$5", "2017-03-31": "$50", "2016-12-31": "$41", "2016-09-30": "$14", "2016-06-30": "$-97", "2016-03-31": "$71", "2015-12-31": "$90", "2015-09-30": "$54", "2015-06-30": "$71", "2015-03-31": "$60", "2014-12-31": "$74", "2014-09-30": "$29", "2014-06-30": "$49", "2014-03-31": "$64", "2013-12-31": "$64", "2013-09-30": "$40", "2013-06-30": "$40", "2013-03-31": "$51", "2012-12-31": "$51", "2012-09-30": "$32", "2012-06-30": "$50", "2012-03-31": "$42", "2011-12-31": "$36", "2011-09-30": "$24", "2011-06-30": "$32", "2011-03-31": "$31", "2010-12-31": "$30", "2010-09-30": "$19", "2010-06-30": "$22", "2010-03-31": "$19", "2009-12-31": "$22", "2009-09-30": "$17", "2009-06-30": "$-3", "2009-03-31": "$-40", "2008-12-31": "$20", "2008-09-30": "$15", "2008-06-30": "$12", "2008-03-31": "$17", "2007-12-31": "$29", "2007-09-30": "$18", "2007-06-30": "$19", "2007-03-31": "$24", "2006-12-31": "$25", "2006-09-30": "$17", "2006-06-30": "$16", "2006-03-31": "$16", "2005-12-31": "$21", "2005-09-30": "$12", "2005-06-30": "$-0", "2005-03-31": "$12"}}, "ebitda": {"Hain Celestial Annual EBITDA (Millions of US $)": {"2020": "$109", "2019": "$18", "2018": "$149", "2017": "$169", "2016": "$177", "2015": "$291", "2014": "$265", "2013": "$214", "2012": "$182", "2011": "$135", "2010": "$99", "2009": "$13", "2008": "$97", "2007": "$100", "2006": "$78", "2005": "$54"}, "Hain Celestial Quarterly EBITDA (Millions of US $)": {"2020-09-30": "$17", "2020-06-30": "$38", "2020-03-31": "$32", "2019-12-31": "$22", "2019-09-30": "$16", "2019-06-30": "$11", "2019-03-31": "$31", "2018-12-31": "$-9", "2018-09-30": "$-15", "2018-06-30": "$14", "2018-03-31": "$44", "2017-12-31": "$46", "2017-09-30": "$44", "2017-06-30": "$19", "2017-03-31": "$60", "2016-12-31": "$58", "2016-09-30": "$31", "2016-06-30": "$-86", "2016-03-31": "$87", "2015-12-31": "$106", "2015-09-30": "$70", "2015-06-30": "$85", "2015-03-31": "$74", "2014-12-31": "$88", "2014-09-30": "$43", "2014-06-30": "$63", "2014-03-31": "$76", "2013-12-31": "$76", "2013-09-30": "$50", "2013-06-30": "$53", "2013-03-31": "$61", "2012-12-31": "$60", "2012-09-30": "$40", "2012-06-30": "$58", "2012-03-31": "$49", "2011-12-31": "$44", "2011-09-30": "$30", "2011-06-30": "$39", "2011-03-31": "$37", "2010-12-31": "$35", "2010-09-30": "$24", "2010-06-30": "$26", "2010-03-31": "$24", "2009-12-31": "$26", "2009-09-30": "$22", "2009-06-30": "$2", "2009-03-31": "$-35", "2008-12-31": "$25", "2008-09-30": "$20", "2008-06-30": "$17", "2008-03-31": "$23", "2007-12-31": "$34", "2007-09-30": "$23", "2007-06-30": "$23", "2007-03-31": "$27", "2006-12-31": "$29", "2006-09-30": "$20", "2006-06-30": "$19", "2006-03-31": "$19", "2005-12-31": "$24", "2005-09-30": "$15", "2005-06-30": "$4", "2005-03-31": "$15"}}, "net-income": {"Hain Celestial Annual Net Income (Millions of US $)": {"2020": "$-80", "2019": "$-183", "2018": "$10", "2017": "$67", "2016": "$47", "2015": "$165", "2014": "$130", "2013": "$115", "2012": "$79", "2011": "$55", "2010": "$29", "2009": "$-25", "2008": "$41", "2007": "$47", "2006": "$36", "2005": "$24"}, "Hain Celestial Quarterly Net Income (Millions of US $)": {"2020-09-30": "$0", "2020-06-30": "$3", "2020-03-31": "$24", "2019-12-31": "$-1", "2019-09-30": "$-107", "2019-06-30": "$-14", "2019-03-31": "$-66", "2018-12-31": "$-67", "2018-09-30": "$-37", "2018-06-30": "$-70", "2018-03-31": "$13", "2017-12-31": "$47", "2017-09-30": "$20", "2017-06-30": "$0", "2017-03-31": "$31", "2016-12-31": "$27", "2016-09-30": "$9", "2016-06-30": "$-89", "2016-03-31": "$49", "2015-12-31": "$58", "2015-09-30": "$29", "2015-06-30": "$68", "2015-03-31": "$33", "2014-12-31": "$45", "2014-09-30": "$19", "2014-06-30": "$26", "2014-03-31": "$35", "2013-12-31": "$41", "2013-09-30": "$28", "2013-06-30": "$26", "2013-03-31": "$41", "2012-12-31": "$32", "2012-09-30": "$16", "2012-06-30": "$23", "2012-03-31": "$24", "2011-12-31": "$20", "2011-09-30": "$12", "2011-06-30": "$13", "2011-03-31": "$17", "2010-12-31": "$16", "2010-09-30": "$9", "2010-06-30": "$7", "2010-03-31": "$3", "2009-12-31": "$11", "2009-09-30": "$8", "2009-06-30": "$1", "2009-03-31": "$-41", "2008-12-31": "$8", "2008-09-30": "$7", "2008-06-30": "$7", "2008-03-31": "$8", "2007-12-31": "$16", "2007-09-30": "$11", "2007-06-30": "$12", "2007-03-31": "$12", "2006-12-31": "$14", "2006-09-30": "$9", "2006-06-30": "$8", "2006-03-31": "$9", "2005-12-31": "$12", "2005-09-30": "$7", "2005-06-30": "$-0", "2005-03-31": "$8"}}, "eps-earnings-per-share-diluted": {"Hain Celestial Annual EPS": {"2020": "$-0.77", "2019": "$-1.76", "2018": "$0.09", "2017": "$0.65", "2016": "$0.46", "2015": "$1.60", "2014": "$1.30", "2013": "$1.21", "2012": "$0.87", "2011": "$0.62", "2010": "$0.35", "2009": "$-0.31", "2008": "$0.50", "2007": "$0.58", "2006": "$0.47", "2005": "$0.33"}, "Hain Celestial Quarterly EPS": {"2020-09-30": "$0.01", "2020-06-30": "$0.04", "2020-03-31": "$0.23", "2019-12-31": "$-0.01", "2019-09-30": "$-1.03", "2019-06-30": "$-0.13", "2019-03-31": "$-0.63", "2018-12-31": "$-0.64", "2018-09-30": "$-0.36", "2018-06-30": "$-0.67", "2018-03-31": "$0.12", "2017-12-31": "$0.45", "2017-09-30": "$0.19", "2017-06-30": "$0.01", "2017-03-31": "$0.30", "2016-12-31": "$0.26", "2016-09-30": "$0.08", "2016-06-30": "$-0.85", "2016-03-31": "$0.47", "2015-12-31": "$0.56", "2015-09-30": "$0.28", "2015-06-30": "$0.67", "2015-03-31": "$0.32", "2014-12-31": "$0.43", "2014-09-30": "$0.18", "2014-06-30": "$0.26", "2014-03-31": "$0.34", "2013-12-31": "$0.42", "2013-09-30": "$0.29", "2013-06-30": "$0.28", "2013-03-31": "$0.43", "2012-12-31": "$0.34", "2012-09-30": "$0.18", "2012-06-30": "$0.26", "2012-03-31": "$0.26", "2011-12-31": "$0.22", "2011-09-30": "$0.13", "2011-06-30": "$0.14", "2011-03-31": "$0.19", "2010-12-31": "$0.19", "2010-09-30": "$0.11", "2010-06-30": "$0.08", "2010-03-31": "$0.03", "2009-12-31": "$0.14", "2009-09-30": "$0.10", "2009-06-30": "$0.02", "2009-03-31": "$-0.51", "2008-12-31": "$0.10", "2008-09-30": "$0.09", "2008-06-30": "$0.08", "2008-03-31": "$0.10", "2007-12-31": "$0.19", "2007-09-30": "$0.13", "2007-06-30": "$0.15", "2007-03-31": "$0.15", "2006-12-31": "$0.17", "2006-09-30": "$0.11", "2006-06-30": "$0.10", "2006-03-31": "$0.12", "2005-12-31": "$0.16", "2005-09-30": "$0.09", "2005-06-30": "$-0.01", "2005-03-31": "$0.11"}}, "shares-outstanding": {"Hain Celestial Annual Shares Outstanding (Millions of Shares)": {"2020": "104", "2019": "104", "2018": "104", "2017": "104", "2016": "104", "2015": "103", "2014": "100", "2013": "95", "2012": "92", "2011": "89", "2010": "83", "2009": "81", "2008": "84", "2007": "82", "2006": "78", "2005": "74"}, "Hain Celestial Quarterly Shares Outstanding (Millions of Shares)": {"2020-09-30": "102", "2020-06-30": "104", "2020-03-31": "104", "2019-12-31": "105", "2019-09-30": "104", "2019-06-30": "104", "2019-03-31": "104", "2018-12-31": "104", "2018-09-30": "104", "2018-06-30": "104", "2018-03-31": "105", "2017-12-31": "104", "2017-09-30": "104", "2017-06-30": "104", "2017-03-31": "104", "2016-12-31": "104", "2016-09-30": "104", "2016-06-30": "104", "2016-03-31": "104", "2015-12-31": "104", "2015-09-30": "104", "2015-06-30": "103", "2015-03-31": "104", "2014-12-31": "103", "2014-09-30": "103", "2014-06-30": "100", "2014-03-31": "102", "2013-12-31": "98", "2013-09-30": "98", "2013-06-30": "95", "2013-03-31": "96", "2012-12-31": "95", "2012-09-30": "93", "2012-06-30": "92", "2012-03-31": "92", "2011-12-31": "91", "2011-09-30": "91", "2011-06-30": "89", "2011-03-31": "89", "2010-12-31": "89", "2010-09-30": "88", "2010-06-30": "83", "2010-03-31": "83", "2009-12-31": "83", "2009-09-30": "82", "2009-06-30": "81", "2009-03-31": "81", "2008-12-31": "82", "2008-09-30": "83", "2008-06-30": "84", "2008-03-31": "83", "2007-12-31": "84", "2007-09-30": "84", "2007-06-30": "82", "2007-03-31": "83", "2006-12-31": "82", "2006-09-30": "80", "2006-06-30": "78", "2006-03-31": "79", "2005-12-31": "77", "2005-09-30": "75", "2005-06-30": "74", "2005-03-31": "75"}}, "total-assets": {"Hain Celestial Annual Total Assets (Millions of US $)": {"2020": "$2,188", "2019": "$2,583", "2018": "$2,947", "2017": "$2,931", "2016": "$3,008", "2015": "$3,099", "2014": "$2,965", "2013": "$2,258", "2012": "$1,674", "2011": "$1,334", "2010": "$1,198", "2009": "$1,123", "2008": "$1,259", "2007": "$1,058", "2006": "$878", "2005": "$707"}, "Hain Celestial Quarterly Total Assets (Millions of US $)": {"2020-09-30": "$2,200", "2020-06-30": "$2,188", "2020-03-31": "$2,236", "2019-12-31": "$2,285", "2019-09-30": "$2,236", "2019-06-30": "$2,583", "2019-03-31": "$2,778", "2018-12-31": "$2,803", "2018-09-30": "$2,903", "2018-06-30": "$2,947", "2018-03-31": "$3,121", "2017-12-31": "$3,087", "2017-09-30": "$3,032", "2017-06-30": "$2,931", "2017-03-31": "$2,934", "2016-12-31": "$2,921", "2016-09-30": "$2,966", "2016-06-30": "$3,008", "2016-03-31": "$3,231", "2015-12-31": "$3,317", "2015-09-30": "$3,152", "2015-06-30": "$3,099", "2015-03-31": "$2,981", "2014-12-31": "$2,992", "2014-09-30": "$3,005", "2014-06-30": "$2,965", "2014-03-31": "$2,838", "2013-12-31": "$2,372", "2013-09-30": "$2,345", "2013-06-30": "$2,258", "2013-03-31": "$2,138", "2012-12-31": "$2,149", "2012-09-30": "$1,699", "2012-06-30": "$1,674", "2012-03-31": "$1,683", "2011-12-31": "$1,648", "2011-09-30": "$1,338", "2011-06-30": "$1,334", "2011-03-31": "$1,326", "2010-12-31": "$1,282", "2010-09-30": "$1,281", "2010-06-30": "$1,198", "2010-03-31": "$1,114", "2009-12-31": "$1,121", "2009-09-30": "$1,119", "2009-06-30": "$1,123", "2009-03-31": "$1,170", "2008-12-31": "$1,245", "2008-09-30": "$1,278", "2008-06-30": "$1,259", "2008-03-31": "$1,235", "2007-12-31": "$1,130", "2007-09-30": "$1,105", "2007-06-30": "$1,058", "2007-03-31": "$1,051", "2006-12-31": "$938", "2006-09-30": "$915", "2006-06-30": "$878", "2006-03-31": "$843", "2005-12-31": "$800", "2005-09-30": "$729", "2005-06-30": "$707", "2005-03-31": "$697"}}, "cash-on-hand": {"Hain Celestial Annual Cash on Hand (Millions of US $)": {"2020": "$38", "2019": "$31", "2018": "$107", "2017": "$137", "2016": "$128", "2015": "$167", "2014": "$124", "2013": "$41", "2012": "$30", "2011": "$28", "2010": "$17", "2009": "$41", "2008": "$59", "2007": "$61", "2006": "$49", "2005": "$24"}, "Hain Celestial Quarterly Cash on Hand (Millions of US $)": {"2020-09-30": "$28", "2020-06-30": "$38", "2020-03-31": "$42", "2019-12-31": "$37", "2019-09-30": "$21", "2019-06-30": "$31", "2019-03-31": "$62", "2018-12-31": "$72", "2018-09-30": "$56", "2018-06-30": "$107", "2018-03-31": "$117", "2017-12-31": "$139", "2017-09-30": "$127", "2017-06-30": "$137", "2017-03-31": "$163", "2016-12-31": "$157", "2016-09-30": "$113", "2016-06-30": "$128", "2016-03-31": "$125", "2015-12-31": "$177", "2015-09-30": "$148", "2015-06-30": "$167", "2015-03-31": "$100", "2014-12-31": "$135", "2014-09-30": "$93", "2014-06-30": "$124", "2014-03-31": "$101", "2013-12-31": "$68", "2013-09-30": "$65", "2013-06-30": "$41", "2013-03-31": "$27", "2012-12-31": "$43", "2012-09-30": "$36", "2012-06-30": "$30", "2012-03-31": "$41", "2011-12-31": "$24", "2011-09-30": "$29", "2011-06-30": "$28", "2011-03-31": "$26", "2010-12-31": "$26", "2010-09-30": "$21", "2010-06-30": "$17", "2010-03-31": "$41", "2009-12-31": "$27", "2009-09-30": "$17", "2009-06-30": "$41", "2009-03-31": "$28", "2008-12-31": "$50", "2008-09-30": "$44", "2008-06-30": "$59", "2008-03-31": "$87", "2007-12-31": "$45", "2007-09-30": "$51", "2007-06-30": "$61", "2007-03-31": "$55", "2006-12-31": "$83", "2006-09-30": "$78", "2006-06-30": "$49", "2006-03-31": "$33", "2005-12-31": "$17", "2005-09-30": "$20", "2005-06-30": "$24", "2005-03-31": "$17"}}, "long-term-debt": {"Hain Celestial Annual Long Term Debt (Millions of US $)": {"2020": "$281", "2019": "$614", "2018": "$688", "2017": "$740", "2016": "$836", "2015": "$813", "2014": "$768", "2013": "$653", "2012": "$390", "2011": "$230", "2010": "$225", "2009": "$258", "2008": "$308", "2007": "$215", "2006": "$151", "2005": "$92"}, "Hain Celestial Quarterly Long Term Debt (Millions of US $)": {"2020-09-30": "$289", "2020-06-30": "$281", "2020-03-31": "$364", "2019-12-31": "$325", "2019-09-30": "$323", "2019-06-30": "$614", "2019-03-31": "$729", "2018-12-31": "$692", "2018-09-30": "$693", "2018-06-30": "$688", "2018-03-31": "$723", "2017-12-31": "$742", "2017-09-30": "$746", "2017-06-30": "$740", "2017-03-31": "$781", "2016-12-31": "$791", "2016-09-30": "$828", "2016-06-30": "$836", "2016-03-31": "$880", "2015-12-31": "$940", "2015-09-30": "$843", "2015-06-30": "$813", "2015-03-31": "$845", "2014-12-31": "$786", "2014-09-30": "$788", "2014-06-30": "$768", "2014-03-31": "$750", "2013-12-31": "$628", "2013-09-30": "$641", "2013-06-30": "$653", "2013-03-31": "$620", "2012-12-31": "$635", "2012-09-30": "$360", "2012-06-30": "$390", "2012-03-31": "$430", "2011-12-31": "$450", "2011-09-30": "$231", "2011-06-30": "$230", "2011-03-31": "$237", "2010-12-31": "$240", "2010-09-30": "$258", "2010-06-30": "$225", "2010-03-31": "$225", "2009-12-31": "$235", "2009-09-30": "$242", "2009-06-30": "$258", "2009-03-31": "$291", "2008-12-31": "$320", "2008-09-30": "$321", "2008-06-30": "$308", "2008-03-31": "$299", "2007-12-31": "$214", "2007-09-30": "$215", "2007-06-30": "$215", "2007-03-31": "$224", "2006-12-31": "$151", "2006-09-30": "$151", "2006-06-30": "$151", "2006-03-31": "$133", "2005-12-31": "$108", "2005-09-30": "$91", "2005-06-30": "$92", "2005-03-31": "$86"}}, "total-liabilities": {"Hain Celestial Annual Total Liabilities (Millions of US $)": {"2020": "$745", "2019": "$1,063", "2018": "$1,210", "2017": "$1,218", "2016": "$1,344", "2015": "$1,372", "2014": "$1,345", "2013": "$1,057", "2012": "$709", "2011": "$467", "2010": "$432", "2009": "$422", "2008": "$517", "2007": "$362", "2006": "$260", "2005": "$179"}, "Hain Celestial Quarterly Total Liabilities (Millions of US $)": {"2020-09-30": "$763", "2020-06-30": "$745", "2020-03-31": "$797", "2019-12-31": "$764", "2019-09-30": "$765", "2019-06-30": "$1,063", "2019-03-31": "$1,228", "2018-12-31": "$1,213", "2018-09-30": "$1,218", "2018-06-30": "$1,210", "2018-03-31": "$1,245", "2017-12-31": "$1,265", "2017-09-30": "$1,264", "2017-06-30": "$1,218", "2017-03-31": "$1,268", "2016-12-31": "$1,304", "2016-09-30": "$1,324", "2016-06-30": "$1,344", "2016-03-31": "$1,392", "2015-12-31": "$1,503", "2015-09-30": "$1,371", "2015-06-30": "$1,372", "2015-03-31": "$1,353", "2014-12-31": "$1,371", "2014-09-30": "$1,398", "2014-06-30": "$1,345", "2014-03-31": "$1,289", "2013-12-31": "$1,021", "2013-09-30": "$1,065", "2013-06-30": "$1,057", "2013-03-31": "$1,022", "2012-12-31": "$1,044", "2012-09-30": "$690", "2012-06-30": "$709", "2012-03-31": "$741", "2011-12-31": "$753", "2011-09-30": "$463", "2011-06-30": "$467", "2011-03-31": "$486", "2010-12-31": "$475", "2010-09-30": "$494", "2010-06-30": "$432", "2010-03-31": "$380", "2009-12-31": "$389", "2009-09-30": "$403", "2009-06-30": "$422", "2009-03-31": "$485", "2008-12-31": "$516", "2008-09-30": "$533", "2008-06-30": "$517", "2008-03-31": "$495", "2007-12-31": "$398", "2007-09-30": "$388", "2007-06-30": "$362", "2007-03-31": "$377", "2006-12-31": "$286", "2006-09-30": "$285", "2006-06-30": "$260", "2006-03-31": "$248", "2005-12-31": "$222", "2005-09-30": "$185", "2005-06-30": "$179", "2005-03-31": "$167"}}, "total-share-holder-equity": {"Hain Celestial Annual Share Holder Equity (Millions of US $)": {"2020": "$1,444", "2019": "$1,519", "2018": "$1,737", "2017": "$1,713", "2016": "$1,665", "2015": "$1,728", "2014": "$1,620", "2013": "$1,202", "2012": "$965", "2011": "$867", "2010": "$766", "2009": "$701", "2008": "$743", "2007": "$697", "2006": "$618", "2005": "$528"}, "Hain Celestial Quarterly Share Holder Equity (Millions of US $)": {"2020-09-30": "$1,437", "2020-06-30": "$1,444", "2020-03-31": "$1,439", "2019-12-31": "$1,521", "2019-09-30": "$1,471", "2019-06-30": "$1,519", "2019-03-31": "$1,550", "2018-12-31": "$1,591", "2018-09-30": "$1,685", "2018-06-30": "$1,737", "2018-03-31": "$1,876", "2017-12-31": "$1,823", "2017-09-30": "$1,768", "2017-06-30": "$1,713", "2017-03-31": "$1,666", "2016-12-31": "$1,617", "2016-09-30": "$1,642", "2016-06-30": "$1,665", "2016-03-31": "$1,839", "2015-12-31": "$1,814", "2015-09-30": "$1,782", "2015-06-30": "$1,728", "2015-03-31": "$1,628", "2014-12-31": "$1,621", "2014-09-30": "$1,607", "2014-06-30": "$1,620", "2014-03-31": "$1,549", "2013-12-31": "$1,351", "2013-09-30": "$1,280", "2013-06-30": "$1,202", "2013-03-31": "$1,116", "2012-12-31": "$1,105", "2012-09-30": "$1,009", "2012-06-30": "$965", "2012-03-31": "$943", "2011-12-31": "$896", "2011-09-30": "$875", "2011-06-30": "$867", "2011-03-31": "$839", "2010-12-31": "$807", "2010-09-30": "$786", "2010-06-30": "$766", "2010-03-31": "$734", "2009-12-31": "$732", "2009-09-30": "$716", "2009-06-30": "$701", "2009-03-31": "$686", "2008-12-31": "$729", "2008-09-30": "$745", "2008-06-30": "$743", "2008-03-31": "$740", "2007-12-31": "$732", "2007-09-30": "$717", "2007-06-30": "$697", "2007-03-31": "$674", "2006-12-31": "$652", "2006-09-30": "$630", "2006-06-30": "$618", "2006-03-31": "$595", "2005-12-31": "$578", "2005-09-30": "$544", "2005-06-30": "$528", "2005-03-31": "$530"}}, "profit-margins": {"current": "1.31%"}, "gross margin": {"2020-09-30": "23.52%", "2020-06-30": "22.69%", "2020-03-31": "21.06%", "2019-12-31": "20.19%", "2019-09-30": "19.68%", "2019-06-30": "18.92%", "2019-03-31": "18.76%", "2018-12-31": "18.94%", "2018-09-30": "19.74%", "2018-06-30": "20.62%", "2018-03-31": "24.04%", "2017-12-31": "24.82%", "2017-09-30": "23.63%", "2017-06-30": "22.15%", "2017-03-31": "21.64%", "2016-12-31": "21.18%", "2016-09-30": "22.32%", "2016-06-30": "23.61%", "2016-03-31": "20.82%", "2015-12-31": "21.31%", "2015-09-30": "21.73%", "2015-06-30": "21.58%", "2015-03-31": "22.31%", "2014-12-31": "23.08%", "2014-09-30": "23.66%", "2014-06-30": "25.06%", "2014-03-31": "26.48%", "2013-12-31": "26.46%", "2013-09-30": "26.96%", "2013-06-30": "27.39%", "2013-03-31": "27.44%", "2012-12-31": "27.50%", "2012-09-30": "27.41%", "2012-06-30": "27.77%", "2012-03-31": "28.66%", "2011-12-31": "28.93%", "2011-09-30": "29.02%", "2011-06-30": "28.88%", "2011-03-31": "28.46%", "2010-12-31": "28.23%", "2010-09-30": "28.14%", "2010-06-30": "28.12%", "2010-03-31": "25.29%", "2009-12-31": "24.00%", "2009-09-30": "22.42%", "2009-06-30": "21.91%", "2009-03-31": "22.70%", "2008-12-31": "23.50%", "2008-09-30": "25.09%", "2008-06-30": "26.29%", "2008-03-31": "27.90%", "2007-12-31": "28.88%", "2007-09-30": "29.34%", "2007-06-30": "29.11%", "2007-03-31": "28.87%", "2006-12-31": "28.76%", "2006-09-30": "28.84%", "2006-06-30": "29.00%", "2006-03-31": "28.10%", "2005-12-31": "27.62%"}, "operating margin": {"2020-09-30": "2.70%", "2020-06-30": "2.68%", "2020-03-31": "1.32%", "2019-12-31": "1.32%", "2019-09-30": "-0.15%", "2019-06-30": "-1.57%", "2019-03-31": "-1.63%", "2018-12-31": "-1.09%", "2018-09-30": "1.32%", "2018-06-30": "3.80%", "2018-03-31": "4.33%", "2017-12-31": "5.41%", "2017-09-30": "5.55%", "2017-06-30": "4.69%", "2017-03-31": "0.35%", "2016-12-31": "1.21%", "2016-09-30": "3.24%", "2016-06-30": "4.93%", "2016-03-31": "10.34%", "2015-12-31": "10.21%", "2015-09-30": "9.79%", "2015-06-30": "8.97%", "2015-03-31": "8.39%", "2014-12-31": "8.92%", "2014-09-30": "9.11%", "2014-06-30": "10.30%", "2014-03-31": "10.24%", "2013-12-31": "10.10%", "2013-09-30": "9.83%", "2013-06-30": "10.03%", "2013-03-31": "11.34%", "2012-12-31": "11.35%", "2012-09-30": "11.02%", "2012-06-30": "11.02%", "2012-03-31": "10.32%", "2011-12-31": "10.17%", "2011-09-30": "10.29%", "2011-06-30": "10.11%", "2011-03-31": "9.87%", "2010-12-31": "9.31%", "2010-09-30": "8.94%", "2010-06-30": "9.00%", "2010-03-31": "5.77%", "2009-12-31": "-0.40%", "2009-09-30": "-0.56%", "2009-06-30": "-0.71%", "2009-03-31": "0.62%", "2008-12-31": "5.65%", "2008-09-30": "6.66%", "2008-06-30": "7.27%", "2008-03-31": "8.30%", "2007-12-31": "9.25%", "2007-09-30": "9.28%", "2007-06-30": "9.44%", "2007-03-31": "9.39%", "2006-12-31": "8.90%", "2006-09-30": "8.89%", "2006-06-30": "8.81%", "2006-03-31": "7.06%", "2005-12-31": "6.83%"}, "ebitda margin": {"2020-09-30": "5.26%", "2020-06-30": "5.26%", "2020-03-31": "3.96%", "2019-12-31": "3.92%", "2019-09-30": "2.37%", "2019-06-30": "0.86%", "2019-03-31": "1.04%", "2018-12-31": "1.61%", "2018-09-30": "4.06%", "2018-06-30": "6.53%", "2018-03-31": "7.05%", "2017-12-31": "7.95%", "2017-09-30": "8.04%", "2017-06-30": "7.17%", "2017-03-31": "2.79%", "2016-12-31": "3.75%", "2016-09-30": "5.74%", "2016-06-30": "7.40%", "2016-03-31": "12.58%", "2015-12-31": "12.44%", "2015-09-30": "11.98%", "2015-06-30": "11.12%", "2015-03-31": "10.60%", "2014-12-31": "11.15%", "2014-09-30": "11.41%", "2014-06-30": "12.58%", "2014-03-31": "12.55%", "2013-12-31": "12.43%", "2013-09-30": "12.10%", "2013-06-30": "12.34%", "2013-03-31": "13.50%", "2012-12-31": "13.42%", "2012-09-30": "13.15%", "2012-06-30": "13.13%", "2012-03-31": "12.48%", "2011-12-31": "12.40%", "2011-09-30": "12.40%", "2011-06-30": "12.18%", "2011-03-31": "11.81%", "2010-12-31": "11.27%", "2010-09-30": "10.91%", "2010-06-30": "11.02%", "2010-03-31": "7.76%", "2009-12-31": "1.51%", "2009-09-30": "1.31%", "2009-06-30": "1.07%", "2009-03-31": "2.39%", "2008-12-31": "7.51%", "2008-09-30": "8.58%", "2008-06-30": "9.27%", "2008-03-31": "10.30%", "2007-12-31": "11.00%", "2007-09-30": "11.00%", "2007-06-30": "11.00%", "2007-03-31": "10.88%", "2006-12-31": "10.47%", "2006-09-30": "10.42%", "2006-06-30": "10.43%", "2006-03-31": "8.93%", "2005-12-31": "8.80%"}, "pre tax profit margin": {"2020-09-30": "1.93%", "2020-06-30": "1.61%", "2020-03-31": "0.24%", "2019-12-31": "0.10%", "2019-09-30": "-1.35%", "2019-06-30": "-2.66%", "2019-03-31": "-2.52%", "2018-12-31": "-1.85%", "2018-09-30": "0.59%", "2018-06-30": "3.18%", "2018-03-31": "3.41%", "2017-12-31": "4.33%", "2017-09-30": "4.66%", "2017-06-30": "3.76%", "2017-03-31": "-0.89%", "2016-12-31": "0.46%", "2016-09-30": "2.24%", "2016-06-30": "3.64%", "2016-03-31": "9.65%", "2015-12-31": "9.13%", "2015-09-30": "8.69%", "2015-06-30": "8.16%", "2015-03-31": "7.40%", "2014-12-31": "7.97%", "2014-09-30": "8.23%", "2014-06-30": "9.35%", "2014-03-31": "9.15%", "2013-12-31": "8.86%", "2013-09-30": "8.70%", "2013-06-30": "8.82%", "2013-03-31": "10.11%", "2012-12-31": "10.25%", "2012-09-30": "9.78%", "2012-06-30": "9.72%", "2012-03-31": "9.09%", "2011-12-31": "9.01%", "2011-09-30": "9.06%", "2011-06-30": "8.94%", "2011-03-31": "8.62%", "2010-12-31": "8.07%", "2010-09-30": "7.63%", "2010-06-30": "7.65%", "2010-03-31": "4.62%", "2009-12-31": "-1.71%", "2009-09-30": "-1.97%", "2009-06-30": "-2.14%", "2009-03-31": "-0.62%", "2008-12-31": "4.51%", "2008-09-30": "5.66%", "2008-06-30": "6.50%", "2008-03-31": "7.50%", "2007-12-31": "8.32%", "2007-09-30": "8.52%", "2007-06-30": "8.56%", "2007-03-31": "8.25%", "2006-12-31": "8.06%", "2006-09-30": "8.13%", "2006-06-30": "8.13%", "2006-03-31": "6.48%", "2005-12-31": "6.22%"}, "net profit margin": {"2020-09-30": "1.26%", "2020-06-30": "-3.94%", "2020-03-31": "-4.79%", "2019-12-31": "-9.21%", "2019-09-30": "-12.28%", "2019-06-30": "-8.75%", "2019-03-31": "-11.85%", "2018-12-31": "-7.62%", "2018-09-30": "-2.14%", "2018-06-30": "0.44%", "2018-03-31": "3.68%", "2017-12-31": "4.61%", "2017-09-30": "3.47%", "2017-06-30": "2.86%", "2017-03-31": "-0.98%", "2016-12-31": "-0.17%", "2016-09-30": "1.12%", "2016-06-30": "1.96%", "2016-03-31": "7.37%", "2015-12-31": "6.98%", "2015-09-30": "6.61%", "2015-06-30": "6.32%", "2015-03-31": "4.87%", "2014-12-31": "5.16%", "2014-09-30": "5.35%", "2014-06-30": "6.17%", "2014-03-31": "6.40%", "2013-12-31": "7.04%", "2013-09-30": "6.86%", "2013-06-30": "6.63%", "2013-03-31": "6.91%", "2012-12-31": "6.16%", "2012-09-30": "5.72%", "2012-06-30": "5.73%", "2012-03-31": "5.32%", "2011-12-31": "5.12%", "2011-09-30": "5.10%", "2011-06-30": "4.96%", "2011-03-31": "4.74%", "2010-12-31": "3.62%", "2010-09-30": "3.27%", "2010-06-30": "3.26%", "2010-03-31": "2.41%", "2009-12-31": "-2.11%", "2009-09-30": "-2.25%", "2009-06-30": "-2.23%", "2009-03-31": "-1.68%", "2008-12-31": "2.65%", "2008-09-30": "3.47%", "2008-06-30": "4.02%", "2008-03-31": "4.70%", "2007-12-31": "5.24%", "2007-09-30": "5.29%", "2007-06-30": "5.22%", "2007-03-31": "4.93%", "2006-12-31": "4.81%", "2006-09-30": "4.83%", "2006-06-30": "4.88%", "2006-03-31": "4.03%", "2005-12-31": "4.10%"}, "pe ratio": {"current": "39.23", "2021-02-05": "156.92", "2020-09-30": "131.92", "2020-06-30": "0.00", "2020-03-31": "0.00", "2019-12-31": "0.00", "2019-09-30": "0.00", "2019-06-30": "0.00", "2019-03-31": "0.00", "2018-12-31": "0.00", "2018-09-30": "0.00", "2018-06-30": "331.11", "2018-03-31": "42.20", "2017-12-31": "45.10", "2017-09-30": "54.87", "2017-06-30": "60.66", "2017-03-31": "0.00", "2016-12-31": "0.00", "2016-09-30": "148.25", "2016-06-30": "108.15", "2016-03-31": "20.46", "2015-12-31": "21.83", "2015-09-30": "29.83", "2015-06-30": "40.78", "2015-03-31": "49.84", "2014-12-31": "44.50", "2014-09-30": "39.37", "2014-06-30": "31.69", "2014-03-31": "34.76", "2013-12-31": "32.54", "2013-09-30": "29.44", "2013-06-30": "27.09", "2013-03-31": "25.77", "2012-12-31": "26.58", "2012-09-30": "34.81", "2012-06-30": "32.00", "2012-03-31": "29.21", "2011-12-31": "26.96", "2011-09-30": "23.68", "2011-06-30": "26.90", "2011-03-31": "28.82", "2010-12-31": "33.83", "2010-09-30": "34.26", "2010-06-30": "29.23", "2010-03-31": "31.04", "2009-12-31": "0.00", "2009-09-30": "0.00", "2009-06-30": "0.00", "2009-03-31": "0.00", "2008-12-31": "26.15", "2008-09-30": "30.59", "2008-06-30": "23.72", "2008-03-31": "26.11", "2007-12-31": "26.02", "2007-09-30": "26.34", "2007-06-30": "22.81", "2007-03-31": "27.09", "2006-12-31": "29.44"}, "price sales": {"2021-02-05": "2.04", "2020-09-30": "1.72", "2020-06-30": "1.60", "2020-03-31": "1.32", "2019-12-31": "1.33", "2019-09-30": "1.08", "2019-06-30": "1.08", "2019-03-31": "1.19", "2018-12-31": "0.78", "2018-09-30": "1.29", "2018-06-30": "1.37", "2018-03-31": "1.54", "2017-12-31": "2.08", "2017-09-30": "1.91", "2017-06-30": "1.73", "2017-03-31": "1.72", "2016-12-31": "1.69", "2016-09-30": "1.54", "2016-06-30": "2.17", "2016-03-31": "1.54", "2015-12-31": "1.56", "2015-09-30": "2.02", "2015-06-30": "2.61", "2015-03-31": "2.60", "2014-12-31": "2.45", "2014-09-30": "2.28", "2014-06-30": "2.09", "2014-03-31": "2.21", "2013-12-31": "2.27", "2013-09-30": "2.00", "2013-06-30": "1.78", "2013-03-31": "1.77", "2012-12-31": "1.63", "2012-09-30": "2.00", "2012-06-30": "1.83", "2012-03-31": "1.53", "2011-12-31": "1.37", "2011-09-30": "1.20", "2011-06-30": "1.34", "2011-03-31": "1.37", "2010-12-31": "1.20", "2010-09-30": "1.10", "2010-06-30": "0.94", "2010-03-31": "0.75", "2009-12-31": "0.70", "2009-09-30": "0.73", "2009-06-30": "0.57", "2009-03-31": "0.52", "2008-12-31": "0.70", "2008-09-30": "1.05", "2008-06-30": "0.94", "2008-03-31": "1.23", "2007-12-31": "1.37", "2007-09-30": "1.43", "2007-06-30": "1.24", "2007-03-31": "1.39", "2006-12-31": "1.50"}, "price book": {"current": "2.86", "2021-02-05": "2.86", "2020-09-30": "2.40", "2020-06-30": "2.22", "2020-03-31": "1.84", "2019-12-31": "1.78", "2019-09-30": "1.52", "2019-06-30": "1.50", "2019-03-31": "1.55", "2018-12-31": "1.04", "2018-09-30": "1.67", "2018-06-30": "1.78", "2018-03-31": "1.78", "2017-12-31": "2.42", "2017-09-30": "2.42", "2017-06-30": "2.35", "2017-03-31": "2.32", "2016-12-31": "2.50", "2016-09-30": "2.24", "2016-06-30": "3.09", "2016-03-31": "2.30", "2015-12-31": "2.30", "2015-09-30": "2.98", "2015-06-30": "3.91", "2015-03-31": "4.04", "2014-12-31": "3.66", "2014-09-30": "3.21", "2014-06-30": "2.75", "2014-03-31": "2.95", "2013-12-31": "3.24", "2013-09-30": "2.88", "2013-06-30": "2.58", "2013-03-31": "2.55", "2012-12-31": "2.28", "2012-09-30": "2.83", "2012-06-30": "2.57", "2012-03-31": "2.08", "2011-12-31": "1.81", "2011-09-30": "1.54", "2011-06-30": "1.69", "2011-03-31": "1.67", "2010-12-31": "1.44", "2010-09-30": "1.31", "2010-06-30": "1.12", "2010-03-31": "0.97", "2009-12-31": "0.97", "2009-09-30": "1.09", "2009-06-30": "0.91", "2009-03-31": "0.84", "2008-12-31": "1.06", "2008-09-30": "1.49", "2008-06-30": "1.27", "2008-03-31": "1.56", "2007-12-31": "1.75", "2007-09-30": "1.80", "2007-06-30": "1.56", "2007-03-31": "1.77", "2006-12-31": "1.89", "2006-09-30": "1.58", "2006-06-30": "1.61", "2006-03-31": "1.69"}, "price fcf": {"2021-02-05": "", "2020-09-30": "$1.37", "2020-06-30": "$0.92", "2020-03-31": "$0.17", "2019-12-31": "$-0.07", "2019-09-30": "$-0.11", "2019-06-30": "$-0.35", "2019-03-31": "$-0.10", "2018-12-31": "$0.00", "2018-09-30": "$0.15", "2018-06-30": "$0.43", "2018-03-31": "$0.75", "2017-12-31": "$0.98", "2017-09-30": "$1.74", "2017-06-30": "$1.84", "2017-03-31": "$1.88", "2016-12-31": "$1.65", "2016-09-30": "$1.43", "2016-06-30": "$1.32", "2016-03-31": "$1.71", "2015-12-31": "$1.61", "2015-09-30": "$1.31", "2015-06-30": "$1.34", "2015-03-31": "$0.87", "2014-12-31": "$1.19", "2014-09-30": "$0.91", "2014-06-30": "$1.43", "2014-03-31": "$1.22", "2013-12-31": "$0.67", "2013-09-30": "$0.74", "2013-06-30": "$0.52", "2013-03-31": "$0.60", "2012-12-31": "$1.15", "2012-09-30": "$1.08", "2012-06-30": "$1.11", "2012-03-31": "$0.87", "2011-12-31": "$0.81", "2011-09-30": "$0.93", "2011-06-30": "$0.55", "2011-03-31": "$0.72", "2010-12-31": "$0.73", "2010-09-30": "$0.70", "2010-06-30": "$0.72", "2010-03-31": "$0.73", "2009-12-31": "$0.46", "2009-09-30": "$0.37", "2009-06-30": "$0.12", "2009-03-31": "$-0.29", "2008-12-31": "$-0.25", "2008-09-30": "$-0.30", "2008-06-30": "$0.07", "2008-03-31": "$0.30", "2007-12-31": "$0.43", "2007-09-30": "$0.45", "2007-06-30": "$0.71", "2007-03-31": "$0.88", "2006-12-31": "$0.84"}, "net worth": {"value": "$4.11B"}, "current ratio": {"2020-09-30": "1.86", "2020-06-30": "1.87", "2020-03-31": "2.00", "2019-12-31": "1.85", "2019-09-30": "1.77", "2019-06-30": "1.83", "2019-03-31": "2.16", "2018-12-31": "2.17", "2018-09-30": "2.32", "2018-06-30": "2.49", "2018-03-31": "2.79", "2017-12-31": "2.44", "2017-09-30": "2.50", "2017-06-30": "2.57", "2017-03-31": "2.61", "2016-12-31": "2.43", "2016-09-30": "2.55", "2016-06-30": "2.52", "2016-03-31": "2.60", "2015-12-31": "2.43", "2015-09-30": "2.56", "2015-06-30": "2.37", "2015-03-31": "2.57", "2014-12-31": "2.11", "2014-09-30": "1.91", "2014-06-30": "1.90", "2014-03-31": "1.96", "2013-12-31": "2.41", "2013-09-30": "2.11", "2013-06-30": "2.10", "2013-03-31": "2.16", "2012-12-31": "2.08", "2012-09-30": "2.17", "2012-06-30": "2.21", "2012-03-31": "2.21", "2011-12-31": "2.11", "2011-09-30": "2.22", "2011-06-30": "2.17", "2011-03-31": "1.89", "2010-12-31": "1.94", "2010-09-30": "2.06", "2010-06-30": "2.26", "2010-03-31": "2.74", "2009-12-31": "2.73", "2009-09-30": "2.58", "2009-06-30": "2.56", "2009-03-31": "2.76", "2008-12-31": "3.04", "2008-09-30": "2.81", "2008-06-30": "2.69", "2008-03-31": "2.82", "2007-12-31": "2.52", "2007-09-30": "2.64", "2007-06-30": "2.69", "2007-03-31": "2.51", "2006-12-31": "2.95", "2006-09-30": "2.80", "2006-06-30": "2.98", "2006-03-31": "2.70", "2005-12-31": "2.54", "2005-09-30": "2.81", "2005-06-30": "2.78", "2005-03-31": "2.90"}, "quick ratio": {"2020-09-30": "0.97", "2020-06-30": "1.04", "2020-03-31": "1.21", "2019-12-31": "0.94", "2019-09-30": "0.82", "2019-06-30": "1.05", "2019-03-31": "1.22", "2018-12-31": "1.25", "2018-09-30": "1.37", "2018-06-30": "1.56", "2018-03-31": "1.83", "2017-12-31": "1.19", "2017-09-30": "1.22", "2017-06-30": "1.57", "2017-03-31": "1.35", "2016-12-31": "1.27", "2016-09-30": "1.29", "2016-06-30": "1.38", "2016-03-31": "1.51", "2015-12-31": "1.45", "2015-09-30": "1.43", "2015-06-30": "1.36", "2015-03-31": "1.49", "2014-12-31": "1.24", "2014-09-30": "1.06", "2014-06-30": "1.14", "2014-03-31": "1.19", "2013-12-31": "1.41", "2013-09-30": "1.20", "2013-06-30": "1.19", "2013-03-31": "1.22", "2012-12-31": "1.18", "2012-09-30": "1.22", "2012-06-30": "1.29", "2012-03-31": "1.38", "2011-12-31": "1.22", "2011-09-30": "1.18", "2011-06-30": "1.17", "2011-03-31": "1.02", "2010-12-31": "1.01", "2010-09-30": "1.06", "2010-06-30": "1.13", "2010-03-31": "1.51", "2009-12-31": "1.43", "2009-09-30": "1.34", "2009-06-30": "1.40", "2009-03-31": "1.35", "2008-12-31": "1.47", "2008-09-30": "1.38", "2008-06-30": "1.49", "2008-03-31": "1.72", "2007-12-31": "1.44", "2007-09-30": "1.52", "2007-06-30": "1.59", "2007-03-31": "1.53", "2006-12-31": "1.90", "2006-09-30": "1.78", "2006-06-30": "1.77", "2006-03-31": "1.60", "2005-12-31": "1.41", "2005-09-30": "1.66", "2005-06-30": "1.69", "2005-03-31": "1.66"}, "debt equity ratio": {"current": "0.20", "2020-09-30": "0.53", "2020-06-30": "0.52", "2020-03-31": "0.55", "2019-12-31": "0.50", "2019-09-30": "0.52", "2019-06-30": "0.70", "2019-03-31": "0.79", "2018-12-31": "0.76", "2018-09-30": "0.72", "2018-06-30": "0.70", "2018-03-31": "0.66", "2017-12-31": "0.69", "2017-09-30": "0.72", "2017-06-30": "0.71", "2017-03-31": "0.76", "2016-12-31": "0.81", "2016-09-30": "0.81", "2016-06-30": "0.81", "2016-03-31": "0.76", "2015-12-31": "0.83", "2015-09-30": "0.77", "2015-06-30": "0.79", "2015-03-31": "0.83", "2014-12-31": "0.85", "2014-09-30": "0.87", "2014-06-30": "0.83", "2014-03-31": "0.83", "2013-12-31": "0.76", "2013-09-30": "0.83", "2013-06-30": "0.88", "2013-03-31": "0.92", "2012-12-31": "0.94", "2012-09-30": "0.68", "2012-06-30": "0.74", "2012-03-31": "0.79", "2011-12-31": "0.84", "2011-09-30": "0.53", "2011-06-30": "0.54", "2011-03-31": "0.58", "2010-12-31": "0.59", "2010-09-30": "0.63", "2010-06-30": "0.57", "2010-03-31": "0.52", "2009-12-31": "0.53", "2009-09-30": "0.56", "2009-06-30": "0.60", "2009-03-31": "0.71", "2008-12-31": "0.71", "2008-09-30": "0.72", "2008-06-30": "0.70", "2008-03-31": "0.67", "2007-12-31": "0.54", "2007-09-30": "0.54", "2007-06-30": "0.52", "2007-03-31": "0.56", "2006-12-31": "0.44", "2006-09-30": "0.45", "2006-06-30": "0.42", "2006-03-31": "0.42", "2005-12-31": "0.39", "2005-09-30": "0.34", "2005-06-30": "0.34", "2005-03-31": "0.32"}, "return on equity": {"2020-09-30": "1.78%", "2020-06-30": "-5.51%", "2020-03-31": "-6.59%", "2019-12-31": "-12.41%", "2019-09-30": "-16.57%", "2019-06-30": "-11.60%", "2019-03-31": "-14.63%", "2018-12-31": "-9.35%", "2018-09-30": "-2.64%", "2018-06-30": "0.56%", "2018-03-31": "4.46%", "2017-12-31": "5.62%", "2017-09-30": "4.61%", "2017-06-30": "4.04%", "2017-03-31": "-1.34%", "2016-12-31": "-0.24%", "2016-09-30": "1.55%", "2016-06-30": "2.65%", "2016-03-31": "11.39%", "2015-12-31": "10.82%", "2015-09-30": "10.36%", "2015-06-30": "10.02%", "2015-03-31": "7.60%", "2014-12-31": "7.82%", "2014-09-30": "7.90%", "2014-06-30": "8.97%", "2014-03-31": "9.66%", "2013-12-31": "10.99%", "2013-09-30": "10.80%", "2013-06-30": "10.38%", "2013-03-31": "10.68%", "2012-12-31": "9.45%", "2012-09-30": "8.71%", "2012-06-30": "8.59%", "2012-03-31": "7.71%", "2011-12-31": "7.13%", "2011-09-30": "6.85%", "2011-06-30": "6.67%", "2011-03-31": "6.13%", "2010-12-31": "4.53%", "2010-09-30": "3.98%", "2010-06-30": "3.93%", "2010-03-31": "3.19%", "2009-12-31": "-2.96%", "2009-09-30": "-3.39%", "2009-06-30": "-3.50%", "2009-03-31": "-2.62%", "2008-12-31": "4.06%", "2008-09-30": "5.14%", "2008-06-30": "5.73%", "2008-03-31": "6.51%", "2007-12-31": "7.23%", "2007-09-30": "7.15%", "2007-06-30": "7.09%", "2007-03-31": "6.68%", "2006-12-31": "6.41%", "2006-09-30": "6.28%", "2006-06-30": "6.17%", "2006-03-31": "4.99%", "2005-12-31": "4.95%"}, "return on assets": {"2020-09-30": "1.17%", "2020-06-30": "-3.62%", "2020-03-31": "-4.20%", "2019-12-31": "-7.61%", "2019-09-30": "-9.77%", "2019-06-30": "-6.65%", "2019-03-31": "-8.40%", "2018-12-31": "-5.47%", "2018-09-30": "-1.56%", "2018-06-30": "0.33%", "2018-03-31": "2.63%", "2017-12-31": "3.27%", "2017-09-30": "2.64%", "2017-06-30": "2.28%", "2017-03-31": "-0.74%", "2016-12-31": "-0.13%", "2016-09-30": "0.86%", "2016-06-30": "1.48%", "2016-03-31": "6.38%", "2015-12-31": "5.99%", "2015-09-30": "5.73%", "2015-06-30": "5.46%", "2015-03-31": "4.12%", "2014-12-31": "4.24%", "2014-09-30": "4.33%", "2014-06-30": "4.94%", "2014-03-31": "5.30%", "2013-12-31": "5.97%", "2013-09-30": "5.71%", "2013-06-30": "5.58%", "2013-03-31": "5.85%", "2012-12-31": "5.27%", "2012-09-30": "4.95%", "2012-06-30": "4.98%", "2012-03-31": "4.60%", "2011-12-31": "4.39%", "2011-09-30": "4.39%", "2011-06-30": "4.21%", "2011-03-31": "3.85%", "2010-12-31": "2.87%", "2010-09-30": "2.55%", "2010-06-30": "2.55%", "2010-03-31": "2.05%", "2009-12-31": "-1.85%", "2009-09-30": "-2.06%", "2009-06-30": "-2.08%", "2009-03-31": "-1.53%", "2008-12-31": "2.39%", "2008-09-30": "3.10%", "2008-06-30": "3.55%", "2008-03-31": "4.15%", "2007-12-31": "4.70%", "2007-09-30": "4.72%", "2007-06-30": "4.75%", "2007-03-31": "4.55%", "2006-12-31": "4.48%", "2006-09-30": "4.42%", "2006-06-30": "4.43%", "2006-03-31": "3.64%", "2005-12-31": "3.68%"}, "return on investments": {"2020-09-30": "3.15%", "2020-06-30": "3.07%", "2020-03-31": "1.43%", "2019-12-31": "1.34%", "2019-09-30": "-0.14%", "2019-06-30": "-1.45%", "2019-03-31": "-1.41%", "2018-12-31": "-0.95%", "2018-09-30": "1.16%", "2018-06-30": "3.40%", "2018-03-31": "3.71%", "2017-12-31": "4.61%", "2017-09-30": "5.09%", "2017-06-30": "4.50%", "2017-03-31": "0.33%", "2016-12-31": "1.15%", "2016-09-30": "2.99%", "2016-06-30": "4.45%", "2016-03-31": "10.75%", "2015-12-31": "10.59%", "2015-09-30": "10.31%", "2015-06-30": "9.54%", "2015-03-31": "8.78%", "2014-12-31": "9.11%", "2014-09-30": "9.09%", "2014-06-30": "10.11%", "2014-03-31": "10.33%", "2013-12-31": "10.41%", "2013-09-30": "10.04%", "2013-06-30": "10.39%", "2013-03-31": "11.87%", "2012-12-31": "11.99%", "2012-09-30": "11.76%", "2012-06-30": "11.74%", "2012-03-31": "10.89%", "2011-12-31": "10.64%", "2011-09-30": "10.82%", "2011-06-30": "10.51%", "2011-03-31": "9.81%", "2010-12-31": "8.91%", "2010-09-30": "8.28%", "2010-06-30": "8.26%", "2010-03-31": "5.72%", "2009-12-31": "-0.41%", "2009-09-30": "-0.61%", "2009-06-30": "-0.79%", "2009-03-31": "0.68%", "2008-12-31": "6.09%", "2008-09-30": "7.12%", "2008-06-30": "7.66%", "2008-03-31": "8.67%", "2007-12-31": "9.76%", "2007-09-30": "9.70%", "2007-06-30": "10.02%", "2007-03-31": "10.09%", "2006-12-31": "9.61%", "2006-09-30": "9.45%", "2006-06-30": "9.23%", "2006-03-31": "7.34%", "2005-12-31": "7.04%"}, "return on tangible equity": {"2020-09-30": "10.66%", "2020-06-30": "-34.00%", "2020-03-31": "-39.96%", "2019-12-31": "-92.16%", "2019-09-30": "-153.47%", "2019-06-30": "-124.32%", "2019-03-31": "-180.45%", "2018-12-31": "-85.41%", "2018-09-30": "-23.50%", "2018-06-30": "5.32%", "2018-03-31": "44.32%", "2017-12-31": "77.01%", "2017-09-30": "82.98%", "2017-06-30": "100.37%", "2017-03-31": "-94.62%", "2016-12-31": "-59.26%", "2016-09-30": "-180.00%", "2016-06-30": "-254.05%", "2016-03-31": "-642.52%", "2015-12-31": "-315.97%", "2015-09-30": "-261.19%", "2015-06-30": "-159.42%", "2015-03-31": "-93.54%", "2014-12-31": "-87.41%", "2014-09-30": "-90.30%", "2014-06-30": "-102.77%", "2014-03-31": "-101.36%", "2013-12-31": "-102.26%", "2013-09-30": "-74.05%", "2013-06-30": "-80.14%", "2013-03-31": "-99.78%", "2012-12-31": "-114.80%", "2012-09-30": "-171.13%", "2012-06-30": "-359.09%", "2012-03-31": "520.75%", "2011-12-31": "155.00%", "2011-09-30": "81.69%", "2011-06-30": "101.38%", "2011-03-31": "112.00%", "2010-12-31": "55.78%", "2010-09-30": "36.81%", "2010-06-30": "28.50%", "2010-03-31": "20.35%", "2009-12-31": "-20.79%", "2009-09-30": "-28.32%", "2009-06-30": "-33.78%", "2009-03-31": "-29.69%", "2008-12-31": "45.63%", "2008-09-30": "49.35%", "2008-06-30": "49.41%", "2008-03-31": "50.13%", "2007-12-31": "55.89%", "2007-09-30": "45.16%", "2007-06-30": "38.52%", "2007-03-31": "32.33%", "2006-12-31": "27.87%", "2006-09-30": "29.01%", "2006-06-30": "28.92%", "2006-03-31": "23.38%", "2005-12-31": "21.95%"}, "dividend yield history": {"last payout": "$0.00", "last yield": "0.00%"}}