{"ticker": "HAL", "price": {"title": "Halliburton Historical Annual Stock Price Data", "value": 18.98, "historical": {"2021": {"Average Stock Price": "19.5567", "Year Open": "18.8300", "Year High": "22.1300", "Year Low": "17.2800", "Year Close": "18.9800", "Annual % Change": "0.42%"}, "2020": {"Average Stock Price": "14.5398", "Year Open": "24.6800", "Year High": "25.3900", "Year Low": "4.6100", "Year Close": "18.9000", "Annual % Change": "-22.76%"}, "2019": {"Average Stock Price": "24.4093", "Year Open": "27.3000", "Year High": "32.3000", "Year Low": "17.3100", "Year Close": "24.4700", "Annual % Change": "-7.94%"}, "2018": {"Average Stock Price": "43.5441", "Year Open": "49.6100", "Year High": "56.8300", "Year Low": "25.1400", "Year Close": "26.5800", "Annual % Change": "-45.61%"}, "2017": {"Average Stock Price": "46.3878", "Year Open": "55.6800", "Year High": "58.2100", "Year Low": "38.6600", "Year Close": "48.8700", "Annual % Change": "-9.65%"}, "2016": {"Average Stock Price": "41.8970", "Year Open": "34.4800", "Year High": "55.0700", "Year Low": "28.4800", "Year Close": "54.0900", "Annual % Change": "58.90%"}, "2015": {"Average Stock Price": "41.1779", "Year Open": "39.4900", "Year High": "49.2100", "Year Low": "33.4000", "Year Close": "34.0400", "Annual % Change": "-13.45%"}, "2014": {"Average Stock Price": "58.7275", "Year Open": "50.0100", "Year High": "74.0200", "Year Low": "37.8200", "Year Close": "39.3300", "Annual % Change": "-22.50%"}, "2013": {"Average Stock Price": "45.1132", "Year Open": "35.7100", "Year High": "56.2600", "Year Low": "35.7100", "Year Close": "50.7500", "Annual % Change": "46.30%"}, "2012": {"Average Stock Price": "33.2161", "Year Open": "34.1500", "Year High": "38.5100", "Year Low": "26.7000", "Year Close": "34.6900", "Annual % Change": "0.52%"}, "2011": {"Average Stock Price": "43.0962", "Year Open": "40.7500", "Year High": "57.2700", "Year Low": "28.6800", "Year Close": "34.5100", "Annual % Change": "-15.48%"}, "2010": {"Average Stock Price": "31.4233", "Year Open": "31.2500", "Year High": "41.1500", "Year Low": "21.1500", "Year Close": "40.8300", "Annual % Change": "35.69%"}, "2009": {"Average Stock Price": "22.9544", "Year Open": "19.4500", "Year High": "31.7500", "Year Low": "14.7800", "Year Close": "30.0900", "Annual % Change": "65.51%"}, "2008": {"Average Stock Price": "36.1681", "Year Open": "38.6900", "Year High": "53.9100", "Year Low": "13.4600", "Year Close": "18.1800", "Annual % Change": "-52.04%"}, "2007": {"Average Stock Price": "34.6078", "Year Open": "29.8700", "Year High": "41.4800", "Year Low": "28.2700", "Year Close": "37.9100", "Annual % Change": "22.09%"}, "2006": {"Average Stock Price": "34.3181", "Year Open": "32.6700", "Year High": "41.6650", "Year Low": "26.5700", "Year Close": "31.0500", "Annual % Change": "0.23%"}, "2005": {"Average Stock Price": "25.7396", "Year Open": "19.0100", "Year High": "34.7000", "Year Low": "18.7900", "Year Close": "30.9800", "Annual % Change": "57.90%"}, "2004": {"Average Stock Price": "15.9055", "Year Open": "13.0150", "Year High": "20.6750", "Year Low": "13.0150", "Year Close": "19.6200", "Annual % Change": "50.92%"}, "2003": {"Average Stock Price": "11.2621", "Year Open": "9.5900", "Year High": "13.5600", "Year Low": "8.8900", "Year Close": "13.0000", "Annual % Change": "38.96%"}, "2002": {"Average Stock Price": "7.8105", "Year Open": "6.1350", "Year High": "10.6850", "Year Low": "4.5500", "Year Close": "9.3550", "Annual % Change": "42.82%"}, "2001": {"Average Stock Price": "16.5760", "Year Open": "18.4050", "Year High": "24.6000", "Year Low": "6.0000", "Year Close": "6.5500", "Annual % Change": "-63.86%"}, "2000": {"Average Stock Price": "21.5809", "Year Open": "19.1550", "Year High": "27.3450", "Year Low": "16.6900", "Year Close": "18.1250", "Annual % Change": "-9.94%"}, "1999": {"Average Stock Price": "19.8336", "Year Open": "15.0950", "Year High": "25.7200", "Year Low": "14.1250", "Year Close": "20.1250", "Annual % Change": "35.84%"}, "1998": {"Average Stock Price": "20.1905", "Year Open": "25.5650", "Year High": "28.5000", "Year Low": "13.0950", "Year Close": "14.8150", "Annual % Change": "-42.89%"}, "1997": {"Average Stock Price": "21.6191", "Year Open": "15.0000", "Year High": "31.3750", "Year Low": "15.0000", "Year Close": "25.9400", "Annual % Change": "72.22%"}, "1996": {"Average Stock Price": "13.7241", "Year Open": "12.3450", "Year High": "15.7200", "Year Low": "11.4375", "Year Close": "15.0625", "Annual % Change": "19.00%"}, "1995": {"Average Stock Price": "9.9066", "Year Open": "8.3450", "Year High": "12.6575", "Year Low": "8.3450", "Year Close": "12.6575", "Annual % Change": "52.82%"}, "1994": {"Average Stock Price": "8.0271", "Year Open": "7.8750", "Year High": "9.2500", "Year Low": "7.0625", "Year Close": "8.2825", "Annual % Change": "3.92%"}, "1993": {"Average Stock Price": "8.9533", "Year Open": "7.1875", "Year High": "10.9075", "Year Low": "6.5950", "Year Close": "7.9700", "Annual % Change": "10.89%"}, "1992": {"Average Stock Price": "7.2551", "Year Open": "7.6250", "Year High": "9.1250", "Year Low": "5.5625", "Year Close": "7.1875", "Annual % Change": "0.88%"}, "1991": {"Average Stock Price": "9.9101", "Year Open": "11.3125", "Year High": "13.5325", "Year Low": "6.4375", "Year Close": "7.1250", "Annual % Change": "-37.54%"}, "1990": {"Average Stock Price": "11.8774", "Year Open": "10.7200", "Year High": "14.3450", "Year Low": "9.8750", "Year Close": "11.4075", "Annual % Change": "6.74%"}, "1989": {"Average Stock Price": "8.5125", "Year Open": "6.8750", "Year High": "10.8750", "Year Low": "6.8750", "Year Close": "10.6875", "Annual % Change": "52.68%"}, "1988": {"Average Stock Price": "7.3139", "Year Open": "6.5950", "Year High": "9.0950", "Year Low": "6.1575", "Year Close": "7.0000", "Annual % Change": "13.13%"}, "1987": {"Average Stock Price": "8.4325", "Year Open": "6.2500", "Year High": "10.6875", "Year Low": "5.4675", "Year Close": "6.1875", "Annual % Change": "1.56%"}, "1986": {"Average Stock Price": "5.6327", "Year Open": "6.8750", "Year High": "7.0000", "Year Low": "4.4375", "Year Close": "6.0925", "Annual % Change": "-11.38%"}, "1985": {"Average Stock Price": "7.1513", "Year Open": "7.1250", "Year High": "8.0000", "Year Low": "6.2200", "Year Close": "6.8750", "Annual % Change": "-3.51%"}, "1984": {"Average Stock Price": "8.7139", "Year Open": "9.7825", "Year High": "10.9375", "Year Low": "6.8750", "Year Close": "7.1250", "Annual % Change": "-29.42%"}, "1983": {"Average Stock Price": "9.5036", "Year Open": "8.7500", "Year High": "11.5950", "Year Low": "7.3750", "Year Close": "10.0950", "Annual % Change": "14.13%"}, "1982": {"Average Stock Price": "8.1537", "Year Open": "13.1250", "Year High": "13.1250", "Year Low": "5.3750", "Year Close": "8.8450", "Annual % Change": "-32.13%"}, "1981": {"Average Stock Price": "15.8178", "Year Open": "20.5950", "Year High": "21.0625", "Year Low": "11.5000", "Year Close": "13.0325", "Annual % Change": "-37.57%"}, "1980": {"Average Stock Price": "14.7145", "Year Open": "10.3913", "Year High": "21.3750", "Year Low": "10.2813", "Year Close": "20.8750", "Annual % Change": "96.47%"}, "1979": {"Average Stock Price": "8.9262", "Year Open": "8.1725", "Year High": "10.6250", "Year Low": "7.5625", "Year Close": "10.6250", "Annual % Change": "28.79%"}, "1978": {"Average Stock Price": "7.9310", "Year Open": "7.9375", "Year High": "9.6413", "Year Low": "6.8600", "Year Close": "8.2500", "Annual % Change": "1.34%"}, "1977": {"Average Stock Price": "7.5604", "Year Open": "8.0163", "Year High": "8.3750", "Year Low": "6.8438", "Year Close": "8.1413", "Annual % Change": "0.00%"}, "1976": {"Average Stock Price": "7.3108", "Year Open": "6.1875", "Year High": "8.6563", "Year Low": "5.6667", "Year Close": "8.1413", "Annual % Change": "33.60%"}, "1975": {"Average Stock Price": "6.3368", "Year Open": "5.7917", "Year High": "7.8388", "Year Low": "4.8333", "Year Close": "6.0938", "Annual % Change": "6.75%"}, "1974": {"Average Stock Price": "5.9218", "Year Open": "8.0263", "Year High": "8.0263", "Year Low": "4.4688", "Year Close": "5.7083", "Annual % Change": "-29.06%"}, "1973": {"Average Stock Price": "6.5036", "Year Open": "5.9271", "Year High": "8.0467", "Year Low": "5.2708", "Year Close": "8.0467", "Annual % Change": "37.70%"}}}, "market cap": {"value": "$16.78B"}, "income statement": {"Revenue": {"2020-12-31": "14445.00000", "2019-12-31": "22408.00000", "2018-12-31": "23995.00000", "2017-12-31": "20620.00000", "2016-12-31": "15887.00000", "2015-12-31": "23633.00000", "2014-12-31": "32870.00000", "2013-12-31": "29402.00000", "2012-12-31": "28503.00000", "2011-12-31": "24829.00000", "2010-12-31": "17973.00000", "2009-12-31": "14675.00000", "2008-12-31": "18279.00000", "2007-12-31": "15264.00000", "2006-12-31": "12955.00000", "2005-12-31": "10100.00000"}, "Cost Of Goods Sold": {"2020-12-31": "1564.00000", "2019-12-31": "20123.00000", "2018-12-31": "21009.00000", "2017-12-31": "18343.00000", "2016-12-31": "15017.00000", "2015-12-31": "21113.00000", "2014-12-31": "27334.00000", "2013-12-31": "24931.00000", "2012-12-31": "23769.00000", "2011-12-31": "19811.00000", "2010-12-31": "14735.00000", "2009-12-31": "12474.00000", "2008-12-31": "14049.00000", "2007-12-31": "11525.00000", "2006-12-31": "9426.00000", "2005-12-31": "7743.00000"}, "Gross Profit": {"2020-12-31": "12881.00000", "2019-12-31": "2285.00000", "2018-12-31": "2986.00000", "2017-12-31": "2277.00000", "2016-12-31": "870.00000", "2015-12-31": "2520.00000", "2014-12-31": "5536.00000", "2013-12-31": "4471.00000", "2012-12-31": "4734.00000", "2011-12-31": "5018.00000", "2010-12-31": "3238.00000", "2009-12-31": "2201.00000", "2008-12-31": "4230.00000", "2007-12-31": "3739.00000", "2006-12-31": "3529.00000", "2005-12-31": "2357.00000"}, "Research And Development Expenses": {"2020-12-31": "", "2019-12-31": "", "2018-12-31": "", "2017-12-31": "", "2016-12-31": "", "2015-12-31": "", "2014-12-31": "", "2013-12-31": "", "2012-12-31": "", "2011-12-31": "", "2010-12-31": "", "2009-12-31": "", "2008-12-31": "", "2007-12-31": "", "2006-12-31": "", "2005-12-31": ""}, "SG&A Expenses": {"2020-12-31": "", "2019-12-31": "227.00000", "2018-12-31": "254.00000", "2017-12-31": "256.00000", "2016-12-31": "226.00000", "2015-12-31": "200.00000", "2014-12-31": "293.00000", "2013-12-31": "333.00000", "2012-12-31": "275.00000", "2011-12-31": "281.00000", "2010-12-31": "229.00000", "2009-12-31": "207.00000", "2008-12-31": "282.00000", "2007-12-31": "293.00000", "2006-12-31": "342.00000", "2005-12-31": "294.00000"}, "Other Operating Income Or Expenses": {"2020-12-31": "-4000.00000", "2019-12-31": "-2506.00000", "2018-12-31": "-265.00000", "2017-12-31": "-647.00000", "2016-12-31": "-3357.00000", "2015-12-31": "-2177.00000", "2014-12-31": "-129.00000", "2013-12-31": "-1000.00000", "2012-12-31": "-300.00000", "2011-12-31": "", "2010-12-31": "", "2009-12-31": "", "2008-12-31": "62.00000", "2007-12-31": "52.00000", "2006-12-31": "58.00000", "2005-12-31": "101.00000"}, "Operating Expenses": {"2020-12-31": "5564.00000", "2019-12-31": "22856.00000", "2018-12-31": "21528.00000", "2017-12-31": "19246.00000", "2016-12-31": "22657.00000", "2015-12-31": "23798.00000", "2014-12-31": "27773.00000", "2013-12-31": "26264.00000", "2012-12-31": "24344.00000", "2011-12-31": "20092.00000", "2010-12-31": "14964.00000", "2009-12-31": "12681.00000", "2008-12-31": "14269.00000", "2007-12-31": "11766.00000", "2006-12-31": "9710.00000", "2005-12-31": "7936.00000"}, "Operating Income": {"2020-12-31": "8881.00000", "2019-12-31": "-448.00000", "2018-12-31": "2467.00000", "2017-12-31": "1374.00000", "2016-12-31": "-6770.00000", "2015-12-31": "-165.00000", "2014-12-31": "5097.00000", "2013-12-31": "3138.00000", "2012-12-31": "4159.00000", "2011-12-31": "4737.00000", "2010-12-31": "3009.00000", "2009-12-31": "1994.00000", "2008-12-31": "4010.00000", "2007-12-31": "3498.00000", "2006-12-31": "3245.00000", "2005-12-31": "2164.00000"}, "Total Non-Operating Income/Expense": {"2020-12-31": "-784.00000", "2019-12-31": "-674.00000", "2018-12-31": "-653.00000", "2017-12-31": "-692.00000", "2016-12-31": "-855.00000", "2015-12-31": "-771.00000", "2014-12-31": "-385.00000", "2013-12-31": "-374.00000", "2012-12-31": "-337.00000", "2011-12-31": "-288.00000", "2010-12-31": "-354.00000", "2009-12-31": "-312.00000", "2008-12-31": "-161.00000", "2007-12-31": "-51.00000", "2006-12-31": "-46.00000", "2005-12-31": "-167.00000"}, "Pre-Tax Income": {"2020-12-31": "-3220.00000", "2019-12-31": "-1122.00000", "2018-12-31": "1814.00000", "2017-12-31": "682.00000", "2016-12-31": "-7625.00000", "2015-12-31": "-936.00000", "2014-12-31": "4712.00000", "2013-12-31": "2764.00000", "2012-12-31": "3822.00000", "2011-12-31": "4449.00000", "2010-12-31": "2655.00000", "2009-12-31": "1682.00000", "2008-12-31": "3849.00000", "2007-12-31": "3447.00000", "2006-12-31": "3199.00000", "2005-12-31": "1997.00000"}, "Income Taxes": {"2020-12-31": "-278.00000", "2019-12-31": "7.00000", "2018-12-31": "157.00000", "2017-12-31": "1131.00000", "2016-12-31": "-1858.00000", "2015-12-31": "-274.00000", "2014-12-31": "1275.00000", "2013-12-31": "648.00000", "2012-12-31": "1235.00000", "2011-12-31": "1439.00000", "2010-12-31": "853.00000", "2009-12-31": "518.00000", "2008-12-31": "1211.00000", "2007-12-31": "907.00000", "2006-12-31": "1003.00000", "2005-12-31": "-125.00000"}, "Income After Taxes": {"2020-12-31": "-2942.00000", "2019-12-31": "-1129.00000", "2018-12-31": "1657.00000", "2017-12-31": "-449.00000", "2016-12-31": "-5767.00000", "2015-12-31": "-662.00000", "2014-12-31": "3437.00000", "2013-12-31": "2116.00000", "2012-12-31": "2587.00000", "2011-12-31": "3010.00000", "2010-12-31": "1802.00000", "2009-12-31": "1164.00000", "2008-12-31": "2638.00000", "2007-12-31": "2540.00000", "2006-12-31": "2196.00000", "2005-12-31": "2122.00000"}, "Other Income": {"2020-12-31": "", "2019-12-31": "", "2018-12-31": "", "2017-12-31": "", "2016-12-31": "", "2015-12-31": "", "2014-12-31": "", "2013-12-31": "", "2012-12-31": "", "2011-12-31": "", "2010-12-31": "", "2009-12-31": "", "2008-12-31": "", "2007-12-31": "", "2006-12-31": "", "2005-12-31": ""}, "Income From Continuous Operations": {"2020-12-31": "-2942.00000", "2019-12-31": "-1129.00000", "2018-12-31": "1657.00000", "2017-12-31": "-449.00000", "2016-12-31": "-5767.00000", "2015-12-31": "-662.00000", "2014-12-31": "3437.00000", "2013-12-31": "2116.00000", "2012-12-31": "2587.00000", "2011-12-31": "3010.00000", "2010-12-31": "1802.00000", "2009-12-31": "1164.00000", "2008-12-31": "2638.00000", "2007-12-31": "2540.00000", "2006-12-31": "2177.00000", "2005-12-31": "2107.00000"}, "Income From Discontinued Operations": {"2020-12-31": "", "2019-12-31": "0.00000", "2018-12-31": "0.00000", "2017-12-31": "-19.00000", "2016-12-31": "-2.00000", "2015-12-31": "-5.00000", "2014-12-31": "64.00000", "2013-12-31": "19.00000", "2012-12-31": "58.00000", "2011-12-31": "-166.00000", "2010-12-31": "40.00000", "2009-12-31": "-9.00000", "2008-12-31": "-423.00000", "2007-12-31": "996.00000", "2006-12-31": "171.00000", "2005-12-31": "251.00000"}, "Net Income": {"2020-12-31": "-2945.00000", "2019-12-31": "-1131.00000", "2018-12-31": "1656.00000", "2017-12-31": "-463.00000", "2016-12-31": "-5763.00000", "2015-12-31": "-671.00000", "2014-12-31": "3500.00000", "2013-12-31": "2125.00000", "2012-12-31": "2635.00000", "2011-12-31": "2839.00000", "2010-12-31": "1835.00000", "2009-12-31": "1145.00000", "2008-12-31": "2224.00000", "2007-12-31": "3486.00000", "2006-12-31": "2348.00000", "2005-12-31": "2358.00000"}, "EBITDA": {"2020-12-31": "9939.00000", "2019-12-31": "1177.00000", "2018-12-31": "4073.00000", "2017-12-31": "2930.00000", "2016-12-31": "-5267.00000", "2015-12-31": "1670.00000", "2014-12-31": "7223.00000", "2013-12-31": "5038.00000", "2012-12-31": "5787.00000", "2011-12-31": "6096.00000", "2010-12-31": "4128.00000", "2009-12-31": "2925.00000", "2008-12-31": "4748.00000", "2007-12-31": "4081.00000", "2006-12-31": "3725.00000", "2005-12-31": "2612.00000"}, "EBIT": {"2020-12-31": "8881.00000", "2019-12-31": "-448.00000", "2018-12-31": "2467.00000", "2017-12-31": "1374.00000", "2016-12-31": "-6770.00000", "2015-12-31": "-165.00000", "2014-12-31": "5097.00000", "2013-12-31": "3138.00000", "2012-12-31": "4159.00000", "2011-12-31": "4737.00000", "2010-12-31": "3009.00000", "2009-12-31": "1994.00000", "2008-12-31": "4010.00000", "2007-12-31": "3498.00000", "2006-12-31": "3245.00000", "2005-12-31": "2164.00000"}, "Basic Shares Outstanding": {"2020-12-31": "881.00000", "2019-12-31": "875.00000", "2018-12-31": "875.00000", "2017-12-31": "870.00000", "2016-12-31": "861.00000", "2015-12-31": "853.00000", "2014-12-31": "848.00000", "2013-12-31": "898.00000", "2012-12-31": "926.00000", "2011-12-31": "918.00000", "2010-12-31": "908.00000", "2009-12-31": "900.00000", "2008-12-31": "883.00000", "2007-12-31": "919.00000", "2006-12-31": "1014.00000", "2005-12-31": "1010.00000"}, "Shares Outstanding": {"2020-12-31": "881.00000", "2019-12-31": "875.00000", "2018-12-31": "877.00000", "2017-12-31": "870.00000", "2016-12-31": "861.00000", "2015-12-31": "853.00000", "2014-12-31": "852.00000", "2013-12-31": "902.00000", "2012-12-31": "928.00000", "2011-12-31": "922.00000", "2010-12-31": "911.00000", "2009-12-31": "902.00000", "2008-12-31": "909.00000", "2007-12-31": "955.00000", "2006-12-31": "1054.00000", "2005-12-31": "1038.00000"}, "Basic EPS": {"2020-12-31": "-3.34000", "2019-12-31": "-1.29000", "2018-12-31": "1.89000", "2017-12-31": "-0.53000", "2016-12-31": "-6.69000", "2015-12-31": "-0.79000", "2014-12-31": "4.13000", "2013-12-31": "2.37000", "2012-12-31": "2.85000", "2011-12-31": "3.09000", "2010-12-31": "2.02000", "2009-12-31": "1.27000", "2008-12-31": "2.52000", "2007-12-31": "3.79000", "2006-12-31": "2.31000", "2005-12-31": "2.34000"}, "EPS - Earnings Per Share": {"2020-12-31": "-3.34000", "2019-12-31": "-1.29000", "2018-12-31": "1.89000", "2017-12-31": "-0.53000", "2016-12-31": "-6.69000", "2015-12-31": "-0.79000", "2014-12-31": "4.11000", "2013-12-31": "2.36000", "2012-12-31": "2.84000", "2011-12-31": "3.08000", "2010-12-31": "2.01000", "2009-12-31": "1.27000", "2008-12-31": "2.45000", "2007-12-31": "3.65000", "2006-12-31": "2.23000", "2005-12-31": "2.27000"}}, "income statement, quarterly": {"Revenue": {"2020-12-31": "3237.00000", "2020-09-30": "2975.00000", "2020-06-30": "3196.00000", "2020-03-31": "5037.00000", "2019-12-31": "5191.00000", "2019-09-30": "5550.00000", "2019-06-30": "5930.00000", "2019-03-31": "5737.00000", "2018-12-31": "5936.00000", "2018-09-30": "6172.00000", "2018-06-30": "6147.00000", "2018-03-31": "5740.00000", "2017-12-31": "5940.00000", "2017-09-30": "5444.00000", "2017-06-30": "4957.00000", "2017-03-31": "4279.00000", "2016-12-31": "4021.00000", "2016-09-30": "3833.00000", "2016-06-30": "3835.00000", "2016-03-31": "4198.00000", "2015-12-31": "5082.00000", "2015-09-30": "5582.00000", "2015-06-30": "5919.00000", "2015-03-31": "7050.00000", "2014-12-31": "8770.00000", "2014-09-30": "8701.00000", "2014-06-30": "8051.00000", "2014-03-31": "7348.00000", "2013-12-31": "7639.00000", "2013-09-30": "7472.00000", "2013-06-30": "7317.00000", "2013-03-31": "6974.00000", "2012-12-31": "7290.00000", "2012-09-30": "7111.00000", "2012-06-30": "7234.00000", "2012-03-31": "6868.00000", "2011-12-31": "7064.00000", "2011-09-30": "6548.00000", "2011-06-30": "5935.00000", "2011-03-31": "5282.00000", "2010-12-31": "5160.00000", "2010-09-30": "4665.00000", "2010-06-30": "4387.00000", "2010-03-31": "3761.00000", "2009-12-31": "3686.00000", "2009-09-30": "3588.00000", "2009-06-30": "3494.00000", "2009-03-31": "3907.00000", "2008-12-31": "4910.00000", "2008-09-30": "4853.00000", "2008-06-30": "4487.00000", "2008-03-31": "4029.00000", "2007-12-31": "4179.00000", "2007-09-30": "3928.00000", "2007-06-30": "3735.00000", "2007-03-31": "3422.00000", "2006-12-31": "3509.00000", "2006-09-30": "3392.00000", "2006-06-30": "3116.00000", "2006-03-31": "2938.00000", "2005-12-31": "-4568.00000", "2005-09-30": "4912.00000", "2005-06-30": "4973.00000", "2005-03-31": "4783.00000"}, "Cost Of Goods Sold": {"2020-12-31": "399.00000", "2020-09-30": "2659.00000", "2020-06-30": "2917.00000", "2020-03-31": "4481.00000", "2019-12-31": "4586.00000", "2019-09-30": "4961.00000", "2019-06-30": "5324.00000", "2019-03-31": "5252.00000", "2018-12-31": "5269.00000", "2018-09-30": "5384.00000", "2018-06-30": "5293.00000", "2018-03-31": "5063.00000", "2017-12-31": "5101.00000", "2017-09-30": "4747.00000", "2017-06-30": "4474.00000", "2017-03-31": "4021.00000", "2016-12-31": "3698.00000", "2016-09-30": "3662.00000", "2016-06-30": "3732.00000", "2016-03-31": "3925.00000", "2015-12-31": "4556.00000", "2015-09-30": "5039.00000", "2015-06-30": "5233.00000", "2015-03-31": "6285.00000", "2014-12-31": "7270.00000", "2014-09-30": "6993.00000", "2014-06-30": "6768.00000", "2014-03-31": "6303.00000", "2013-12-31": "6401.00000", "2013-09-30": "6284.00000", "2013-06-30": "6246.00000", "2013-03-31": "6000.00000", "2012-12-31": "6236.00000", "2012-09-30": "6090.00000", "2012-06-30": "5966.00000", "2012-03-31": "5477.00000", "2011-12-31": "5567.00000", "2011-09-30": "5137.00000", "2011-06-30": "4709.00000", "2011-03-31": "4398.00000", "2010-12-31": "4113.00000", "2010-09-30": "3785.00000", "2010-06-30": "3578.00000", "2010-03-31": "3259.00000", "2009-12-31": "3200.00000", "2009-09-30": "3065.00000", "2009-06-30": "2970.00000", "2009-03-31": "3239.00000", "2008-12-31": "3686.00000", "2008-09-30": "3725.00000", "2008-06-30": "3492.00000", "2008-03-31": "3146.00000", "2007-12-31": "3194.00000", "2007-09-30": "2956.00000", "2007-06-30": "2809.00000", "2007-03-31": "2566.00000", "2006-12-31": "2533.00000", "2006-09-30": "2439.00000", "2006-06-30": "2284.00000", "2006-03-31": "2170.00000", "2005-12-31": "-4985.00000", "2005-09-30": "4228.00000", "2005-06-30": "4284.00000", "2005-03-31": "4216.00000"}, "Gross Profit": {"2020-12-31": "2838.00000", "2020-09-30": "316.00000", "2020-06-30": "279.00000", "2020-03-31": "556.00000", "2019-12-31": "605.00000", "2019-09-30": "589.00000", "2019-06-30": "606.00000", "2019-03-31": "485.00000", "2018-12-31": "667.00000", "2018-09-30": "788.00000", "2018-06-30": "854.00000", "2018-03-31": "677.00000", "2017-12-31": "839.00000", "2017-09-30": "697.00000", "2017-06-30": "483.00000", "2017-03-31": "258.00000", "2016-12-31": "323.00000", "2016-09-30": "171.00000", "2016-06-30": "103.00000", "2016-03-31": "273.00000", "2015-12-31": "526.00000", "2015-09-30": "543.00000", "2015-06-30": "686.00000", "2015-03-31": "765.00000", "2014-12-31": "1500.00000", "2014-09-30": "1708.00000", "2014-06-30": "1283.00000", "2014-03-31": "1045.00000", "2013-12-31": "1238.00000", "2013-09-30": "1188.00000", "2013-06-30": "1071.00000", "2013-03-31": "974.00000", "2012-12-31": "1054.00000", "2012-09-30": "1021.00000", "2012-06-30": "1268.00000", "2012-03-31": "1391.00000", "2011-12-31": "1497.00000", "2011-09-30": "1411.00000", "2011-06-30": "1226.00000", "2011-03-31": "884.00000", "2010-12-31": "1047.00000", "2010-09-30": "880.00000", "2010-06-30": "809.00000", "2010-03-31": "502.00000", "2009-12-31": "486.00000", "2009-09-30": "523.00000", "2009-06-30": "524.00000", "2009-03-31": "668.00000", "2008-12-31": "1224.00000", "2008-09-30": "1128.00000", "2008-06-30": "995.00000", "2008-03-31": "883.00000", "2007-12-31": "985.00000", "2007-09-30": "972.00000", "2007-06-30": "926.00000", "2007-03-31": "856.00000", "2006-12-31": "976.00000", "2006-09-30": "953.00000", "2006-06-30": "832.00000", "2006-03-31": "768.00000", "2005-12-31": "417.00000", "2005-09-30": "684.00000", "2005-06-30": "689.00000", "2005-03-31": "567.00000"}, "Research And Development Expenses": {"2020-12-31": "", "2020-09-30": "", "2020-06-30": "", "2020-03-31": "", "2019-12-31": "", "2019-09-30": "", "2019-06-30": "", "2019-03-31": "", "2018-12-31": "", "2018-09-30": "", "2018-06-30": "", "2018-03-31": "", "2017-12-31": "", "2017-09-30": "", "2017-06-30": "", "2017-03-31": "", "2016-12-31": "", "2016-09-30": "", "2016-06-30": "", "2016-03-31": "", "2015-12-31": "", "2015-09-30": "", "2015-06-30": "", "2015-03-31": "", "2014-12-31": "", "2014-09-30": "", "2014-06-30": "", "2014-03-31": "", "2013-12-31": "", "2013-09-30": "", "2013-06-30": "", "2013-03-31": "", "2012-12-31": "", "2012-09-30": "", "2012-06-30": "", "2012-03-31": "", "2011-12-31": "", "2011-09-30": "", "2011-06-30": "", "2011-03-31": "", "2010-12-31": "", "2010-09-30": "", "2010-06-30": "", "2010-03-31": "", "2009-12-31": "", "2009-09-30": "", "2009-06-30": "", "2009-03-31": "", "2008-12-31": "", "2008-09-30": "", "2008-06-30": "", "2008-03-31": "", "2007-12-31": "", "2007-09-30": "", "2007-06-30": "", "2007-03-31": "", "2006-12-31": "", "2006-09-30": "", "2006-06-30": "", "2006-03-31": "", "2005-12-31": "", "2005-09-30": "", "2005-06-30": "", "2005-03-31": ""}, "SG&A Expenses": {"2020-12-31": "", "2020-09-30": "41.00000", "2020-06-30": "43.00000", "2020-03-31": "54.00000", "2019-12-31": "59.00000", "2019-09-30": "53.00000", "2019-06-30": "56.00000", "2019-03-31": "59.00000", "2018-12-31": "59.00000", "2018-09-30": "72.00000", "2018-06-30": "65.00000", "2018-03-31": "58.00000", "2017-12-31": "71.00000", "2017-09-30": "55.00000", "2017-06-30": "75.00000", "2017-03-31": "55.00000", "2016-12-31": "94.00000", "2016-09-30": "43.00000", "2016-06-30": "41.00000", "2016-03-31": "48.00000", "2015-12-31": "54.00000", "2015-09-30": "37.00000", "2015-06-30": "43.00000", "2015-03-31": "66.00000", "2014-12-31": "55.00000", "2014-09-30": "74.00000", "2014-06-30": "89.00000", "2014-03-31": "75.00000", "2013-12-31": "94.00000", "2013-09-30": "80.00000", "2013-06-30": "87.00000", "2013-03-31": "72.00000", "2012-12-31": "73.00000", "2012-09-30": "67.00000", "2012-06-30": "67.00000", "2012-03-31": "68.00000", "2011-12-31": "67.00000", "2011-09-30": "79.00000", "2011-06-30": "65.00000", "2011-03-31": "70.00000", "2010-12-31": "62.00000", "2010-09-30": "62.00000", "2010-06-30": "47.00000", "2010-03-31": "58.00000", "2009-12-31": "58.00000", "2009-09-30": "49.00000", "2009-06-30": "48.00000", "2009-03-31": "52.00000", "2008-12-31": "61.00000", "2008-09-30": "78.00000", "2008-06-30": "71.00000", "2008-03-31": "72.00000", "2007-12-31": "79.00000", "2007-09-30": "63.00000", "2007-06-30": "82.00000", "2007-03-31": "69.00000", "2006-12-31": "99.00000", "2006-09-30": "84.00000", "2006-06-30": "73.00000", "2006-03-31": "86.00000", "2005-12-31": "8.00000", "2005-09-30": "89.00000", "2005-06-30": "96.00000", "2005-03-31": "101.00000"}, "Other Operating Income Or Expenses": {"2020-12-31": "-495.00000", "2020-09-30": "-133.00000", "2020-06-30": "-2147.00000", "2020-03-31": "-1073.00000", "2019-12-31": "-2198.00000", "2019-09-30": "0.00000", "2019-06-30": "-247.00000", "2019-03-31": "-61.00000", "2018-12-31": "", "2018-09-30": "", "2018-06-30": "", "2018-03-31": "-265.00000", "2017-12-31": "-385.00000", "2017-09-30": "", "2017-06-30": "-262.00000", "2017-03-31": "", "2016-12-31": "-168.00000", "2016-09-30": "", "2016-06-30": "-423.00000", "2016-03-31": "-2766.00000", "2015-12-31": "-282.00000", "2015-09-30": "-381.00000", "2015-06-30": "-306.00000", "2015-03-31": "-1208.00000", "2014-12-31": "", "2014-09-30": "", "2014-06-30": "", "2014-03-31": "", "2013-12-31": "", "2013-09-30": "0.00000", "2013-06-30": "", "2013-03-31": "-1000.00000", "2012-12-31": "", "2012-09-30": "", "2012-06-30": "", "2012-03-31": "-300.00000", "2011-12-31": "", "2011-09-30": "", "2011-06-30": "", "2011-03-31": "", "2010-12-31": "", "2010-09-30": "", "2010-06-30": "", "2010-03-31": "5.00000", "2009-12-31": "", "2009-09-30": "", "2009-06-30": "", "2009-03-31": "", "2008-12-31": "", "2008-09-30": "1.00000", "2008-06-30": "25.00000", "2008-03-31": "36.00000", "2007-12-31": "1.00000", "2007-09-30": "1.00000", "2007-06-30": "49.00000", "2007-03-31": "1.00000", "2006-12-31": "47.00000", "2006-09-30": "1.00000", "2006-06-30": "", "2006-03-31": "10.00000", "2005-12-31": "-96.00000", "2005-09-30": "85.00000", "2005-06-30": "3.00000", "2005-03-31": "109.00000"}, "Operating Expenses": {"2020-12-31": "894.00000", "2020-09-30": "2833.00000", "2020-06-30": "5107.00000", "2020-03-31": "5608.00000", "2019-12-31": "6843.00000", "2019-09-30": "5014.00000", "2019-06-30": "5627.00000", "2019-03-31": "5372.00000", "2018-12-31": "5328.00000", "2018-09-30": "5456.00000", "2018-06-30": "5358.00000", "2018-03-31": "5386.00000", "2017-12-31": "5557.00000", "2017-09-30": "4802.00000", "2017-06-30": "4811.00000", "2017-03-31": "4076.00000", "2016-12-31": "3960.00000", "2016-09-30": "3705.00000", "2016-06-30": "7715.00000", "2016-03-31": "7277.00000", "2015-12-31": "4996.00000", "2015-09-30": "5539.00000", "2015-06-30": "5665.00000", "2015-03-31": "7598.00000", "2014-12-31": "7471.00000", "2014-09-30": "7067.00000", "2014-06-30": "6857.00000", "2014-03-31": "6378.00000", "2013-12-31": "6495.00000", "2013-09-30": "6364.00000", "2013-06-30": "6333.00000", "2013-03-31": "7072.00000", "2012-12-31": "6309.00000", "2012-09-30": "6157.00000", "2012-06-30": "6033.00000", "2012-03-31": "5845.00000", "2011-12-31": "5634.00000", "2011-09-30": "5216.00000", "2011-06-30": "4774.00000", "2011-03-31": "4468.00000", "2010-12-31": "4180.00000", "2010-09-30": "3847.00000", "2010-06-30": "3625.00000", "2010-03-31": "3312.00000", "2009-12-31": "3258.00000", "2009-09-30": "3114.00000", "2009-06-30": "3018.00000", "2009-03-31": "3291.00000", "2008-12-31": "3747.00000", "2008-09-30": "3802.00000", "2008-06-30": "3538.00000", "2008-03-31": "3182.00000", "2007-12-31": "3272.00000", "2007-09-30": "3018.00000", "2007-06-30": "2842.00000", "2007-03-31": "2634.00000", "2006-12-31": "2585.00000", "2006-09-30": "2522.00000", "2006-06-30": "2357.00000", "2006-03-31": "2246.00000", "2005-12-31": "-4881.00000", "2005-09-30": "4232.00000", "2005-06-30": "4377.00000", "2005-03-31": "4208.00000"}, "Operating Income": {"2020-12-31": "2343.00000", "2020-09-30": "142.00000", "2020-06-30": "-1911.00000", "2020-03-31": "-571.00000", "2019-12-31": "-1652.00000", "2019-09-30": "536.00000", "2019-06-30": "303.00000", "2019-03-31": "365.00000", "2018-12-31": "608.00000", "2018-09-30": "716.00000", "2018-06-30": "789.00000", "2018-03-31": "354.00000", "2017-12-31": "383.00000", "2017-09-30": "642.00000", "2017-06-30": "146.00000", "2017-03-31": "203.00000", "2016-12-31": "61.00000", "2016-09-30": "128.00000", "2016-06-30": "-3880.00000", "2016-03-31": "-3079.00000", "2015-12-31": "86.00000", "2015-09-30": "43.00000", "2015-06-30": "254.00000", "2015-03-31": "-548.00000", "2014-12-31": "1299.00000", "2014-09-30": "1634.00000", "2014-06-30": "1194.00000", "2014-03-31": "970.00000", "2013-12-31": "1144.00000", "2013-09-30": "1108.00000", "2013-06-30": "984.00000", "2013-03-31": "-98.00000", "2012-12-31": "981.00000", "2012-09-30": "954.00000", "2012-06-30": "1201.00000", "2012-03-31": "1023.00000", "2011-12-31": "1430.00000", "2011-09-30": "1332.00000", "2011-06-30": "1161.00000", "2011-03-31": "814.00000", "2010-12-31": "980.00000", "2010-09-30": "818.00000", "2010-06-30": "762.00000", "2010-03-31": "449.00000", "2009-12-31": "428.00000", "2009-09-30": "474.00000", "2009-06-30": "476.00000", "2009-03-31": "616.00000", "2008-12-31": "1163.00000", "2008-09-30": "1051.00000", "2008-06-30": "949.00000", "2008-03-31": "847.00000", "2007-12-31": "907.00000", "2007-09-30": "910.00000", "2007-06-30": "893.00000", "2007-03-31": "788.00000", "2006-12-31": "924.00000", "2006-09-30": "870.00000", "2006-06-30": "759.00000", "2006-03-31": "692.00000", "2005-12-31": "313.00000", "2005-09-30": "680.00000", "2005-06-30": "596.00000", "2005-03-31": "575.00000"}, "Total Non-Operating Income/Expense": {"2020-12-31": "-144.00000", "2020-09-30": "-143.00000", "2020-06-30": "-172.00000", "2020-03-31": "-325.00000", "2019-12-31": "-185.00000", "2019-09-30": "-164.00000", "2019-06-30": "-152.00000", "2019-03-31": "-173.00000", "2018-12-31": "-150.00000", "2018-09-30": "-182.00000", "2018-06-30": "-156.00000", "2018-03-31": "-165.00000", "2017-12-31": "-139.00000", "2017-09-30": "-146.00000", "2017-06-30": "-147.00000", "2017-03-31": "-260.00000", "2016-12-31": "-236.00000", "2016-09-30": "-180.00000", "2016-06-30": "-227.00000", "2016-03-31": "-212.00000", "2015-12-31": "-179.00000", "2015-09-30": "-133.00000", "2015-06-30": "-129.00000", "2015-03-31": "-330.00000", "2014-12-31": "-59.00000", "2014-09-30": "-84.00000", "2014-06-30": "-118.00000", "2014-03-31": "-124.00000", "2013-12-31": "-104.00000", "2013-09-30": "-103.00000", "2013-06-30": "-82.00000", "2013-03-31": "-85.00000", "2012-12-31": "-82.00000", "2012-09-30": "-77.00000", "2012-06-30": "-97.00000", "2012-03-31": "-81.00000", "2011-12-31": "-76.00000", "2011-09-30": "-71.00000", "2011-06-30": "-68.00000", "2011-03-31": "-73.00000", "2010-12-31": "-70.00000", "2010-09-30": "-83.00000", "2010-06-30": "-85.00000", "2010-03-31": "-116.00000", "2009-12-31": "-82.00000", "2009-09-30": "-81.00000", "2009-06-30": "-93.00000", "2009-03-31": "-56.00000", "2008-12-31": "-70.00000", "2008-09-30": "-33.00000", "2008-06-30": "-35.00000", "2008-03-31": "-23.00000", "2007-12-31": "-27.00000", "2007-09-30": "-14.00000", "2007-06-30": "-7.00000", "2007-03-31": "-3.00000", "2006-12-31": "-15.00000", "2006-09-30": "-7.00000", "2006-06-30": "-7.00000", "2006-03-31": "-17.00000", "2005-12-31": "-35.00000", "2005-09-30": "-38.00000", "2005-06-30": "-52.00000", "2005-03-31": "-42.00000"}, "Pre-Tax Income": {"2020-12-31": "-240.00000", "2020-09-30": "-1.00000", "2020-06-30": "-2083.00000", "2020-03-31": "-896.00000", "2019-12-31": "-1837.00000", "2019-09-30": "372.00000", "2019-06-30": "151.00000", "2019-03-31": "192.00000", "2018-12-31": "458.00000", "2018-09-30": "534.00000", "2018-06-30": "633.00000", "2018-03-31": "189.00000", "2017-12-31": "244.00000", "2017-09-30": "496.00000", "2017-06-30": "-1.00000", "2017-03-31": "-57.00000", "2016-12-31": "-175.00000", "2016-09-30": "-52.00000", "2016-06-30": "-4107.00000", "2016-03-31": "-3291.00000", "2015-12-31": "-93.00000", "2015-09-30": "-90.00000", "2015-06-30": "125.00000", "2015-03-31": "-878.00000", "2014-12-31": "1240.00000", "2014-09-30": "1550.00000", "2014-06-30": "1076.00000", "2014-03-31": "846.00000", "2013-12-31": "1040.00000", "2013-09-30": "1005.00000", "2013-06-30": "902.00000", "2013-03-31": "-183.00000", "2012-12-31": "899.00000", "2012-09-30": "877.00000", "2012-06-30": "1104.00000", "2012-03-31": "942.00000", "2011-12-31": "1354.00000", "2011-09-30": "1261.00000", "2011-06-30": "1093.00000", "2011-03-31": "741.00000", "2010-12-31": "910.00000", "2010-09-30": "735.00000", "2010-06-30": "677.00000", "2010-03-31": "333.00000", "2009-12-31": "346.00000", "2009-09-30": "393.00000", "2009-06-30": "383.00000", "2009-03-31": "560.00000", "2008-12-31": "1093.00000", "2008-09-30": "1018.00000", "2008-06-30": "914.00000", "2008-03-31": "824.00000", "2007-12-31": "880.00000", "2007-09-30": "896.00000", "2007-06-30": "886.00000", "2007-03-31": "785.00000", "2006-12-31": "909.00000", "2006-09-30": "863.00000", "2006-06-30": "752.00000", "2006-03-31": "675.00000", "2005-12-31": "278.00000", "2005-09-30": "642.00000", "2005-06-30": "544.00000", "2005-03-31": "533.00000"}, "Income Taxes": {"2020-12-31": "-13.00000", "2020-09-30": "18.00000", "2020-06-30": "-402.00000", "2020-03-31": "119.00000", "2019-12-31": "-183.00000", "2019-09-30": "76.00000", "2019-06-30": "74.00000", "2019-03-31": "40.00000", "2018-12-31": "-210.00000", "2018-09-30": "100.00000", "2018-06-30": "125.00000", "2018-03-31": "142.00000", "2017-12-31": "1050.00000", "2017-09-30": "135.00000", "2017-06-30": "-29.00000", "2017-03-31": "-25.00000", "2016-12-31": "-22.00000", "2016-09-30": "-59.00000", "2016-06-30": "-902.00000", "2016-03-31": "-875.00000", "2015-12-31": "-67.00000", "2015-09-30": "-37.00000", "2015-06-30": "71.00000", "2015-03-31": "-241.00000", "2014-12-31": "336.00000", "2014-09-30": "411.00000", "2014-06-30": "299.00000", "2014-03-31": "229.00000", "2013-12-31": "268.00000", "2013-09-30": "296.00000", "2013-06-30": "256.00000", "2013-03-31": "-172.00000", "2012-12-31": "307.00000", "2012-09-30": "267.00000", "2012-06-30": "357.00000", "2012-03-31": "304.00000", "2011-12-31": "447.00000", "2011-09-30": "411.00000", "2011-06-30": "352.00000", "2011-03-31": "229.00000", "2010-12-31": "283.00000", "2010-09-30": "249.00000", "2010-06-30": "200.00000", "2010-03-31": "121.00000", "2009-12-31": "98.00000", "2009-09-30": "124.00000", "2009-06-30": "117.00000", "2009-03-31": "179.00000", "2008-12-31": "342.00000", "2008-09-30": "343.00000", "2008-06-30": "288.00000", "2008-03-31": "238.00000", "2007-12-31": "212.00000", "2007-09-30": "152.00000", "2007-06-30": "284.00000", "2007-03-31": "259.00000", "2006-12-31": "278.00000", "2006-09-30": "257.00000", "2006-06-30": "245.00000", "2006-03-31": "223.00000", "2005-12-31": "-570.00000", "2005-09-30": "129.00000", "2005-06-30": "150.00000", "2005-03-31": "166.00000"}, "Income After Taxes": {"2020-12-31": "-227.00000", "2020-09-30": "-19.00000", "2020-06-30": "-1681.00000", "2020-03-31": "-1015.00000", "2019-12-31": "-1654.00000", "2019-09-30": "296.00000", "2019-06-30": "77.00000", "2019-03-31": "152.00000", "2018-12-31": "668.00000", "2018-09-30": "434.00000", "2018-06-30": "508.00000", "2018-03-31": "47.00000", "2017-12-31": "-806.00000", "2017-09-30": "361.00000", "2017-06-30": "28.00000", "2017-03-31": "-32.00000", "2016-12-31": "-153.00000", "2016-09-30": "7.00000", "2016-06-30": "-3205.00000", "2016-03-31": "-2416.00000", "2015-12-31": "-26.00000", "2015-09-30": "-53.00000", "2015-06-30": "54.00000", "2015-03-31": "-637.00000", "2014-12-31": "904.00000", "2014-09-30": "1139.00000", "2014-06-30": "777.00000", "2014-03-31": "617.00000", "2013-12-31": "772.00000", "2013-09-30": "709.00000", "2013-06-30": "646.00000", "2013-03-31": "-11.00000", "2012-12-31": "592.00000", "2012-09-30": "610.00000", "2012-06-30": "747.00000", "2012-03-31": "638.00000", "2011-12-31": "907.00000", "2011-09-30": "850.00000", "2011-06-30": "741.00000", "2011-03-31": "512.00000", "2010-12-31": "627.00000", "2010-09-30": "486.00000", "2010-06-30": "477.00000", "2010-03-31": "212.00000", "2009-12-31": "248.00000", "2009-09-30": "269.00000", "2009-06-30": "266.00000", "2009-03-31": "381.00000", "2008-12-31": "751.00000", "2008-09-30": "675.00000", "2008-06-30": "626.00000", "2008-03-31": "586.00000", "2007-12-31": "668.00000", "2007-09-30": "744.00000", "2007-06-30": "602.00000", "2007-03-31": "526.00000", "2006-12-31": "631.00000", "2006-09-30": "606.00000", "2006-06-30": "507.00000", "2006-03-31": "452.00000", "2005-12-31": "848.00000", "2005-09-30": "513.00000", "2005-06-30": "394.00000", "2005-03-31": "367.00000"}, "Other Income": {"2020-12-31": "", "2020-09-30": "", "2020-06-30": "", "2020-03-31": "", "2019-12-31": "", "2019-09-30": "", "2019-06-30": "", "2019-03-31": "", "2018-12-31": "", "2018-09-30": "", "2018-06-30": "", "2018-03-31": "", "2017-12-31": "", "2017-09-30": "", "2017-06-30": "", "2017-03-31": "", "2016-12-31": "", "2016-09-30": "", "2016-06-30": "", "2016-03-31": "", "2015-12-31": "", "2015-09-30": "", "2015-06-30": "", "2015-03-31": "", "2014-12-31": "", "2014-09-30": "", "2014-06-30": "", "2014-03-31": "", "2013-12-31": "", "2013-09-30": "", "2013-06-30": "", "2013-03-31": "", "2012-12-31": "", "2012-09-30": "", "2012-06-30": "", "2012-03-31": "", "2011-12-31": "", "2011-09-30": "", "2011-06-30": "", "2011-03-31": "", "2010-12-31": "", "2010-09-30": "", "2010-06-30": "", "2010-03-31": "", "2009-12-31": "", "2009-09-30": "", "2009-06-30": "", "2009-03-31": "", "2008-12-31": "", "2008-09-30": "", "2008-06-30": "", "2008-03-31": "", "2007-12-31": "", "2007-09-30": "", "2007-06-30": "", "2007-03-31": "", "2006-12-31": "", "2006-09-30": "", "2006-06-30": "", "2006-03-31": "", "2005-12-31": "", "2005-09-30": "", "2005-06-30": "", "2005-03-31": ""}, "Income From Continuous Operations": {"2020-12-31": "-227.00000", "2020-09-30": "-19.00000", "2020-06-30": "-1681.00000", "2020-03-31": "-1015.00000", "2019-12-31": "-1654.00000", "2019-09-30": "296.00000", "2019-06-30": "77.00000", "2019-03-31": "152.00000", "2018-12-31": "668.00000", "2018-09-30": "434.00000", "2018-06-30": "508.00000", "2018-03-31": "47.00000", "2017-12-31": "-806.00000", "2017-09-30": "361.00000", "2017-06-30": "28.00000", "2017-03-31": "-32.00000", "2016-12-31": "-153.00000", "2016-09-30": "7.00000", "2016-06-30": "-3205.00000", "2016-03-31": "-2416.00000", "2015-12-31": "-26.00000", "2015-09-30": "-53.00000", "2015-06-30": "54.00000", "2015-03-31": "-637.00000", "2014-12-31": "904.00000", "2014-09-30": "1139.00000", "2014-06-30": "777.00000", "2014-03-31": "617.00000", "2013-12-31": "772.00000", "2013-09-30": "709.00000", "2013-06-30": "646.00000", "2013-03-31": "-11.00000", "2012-12-31": "592.00000", "2012-09-30": "610.00000", "2012-06-30": "747.00000", "2012-03-31": "638.00000", "2011-12-31": "907.00000", "2011-09-30": "850.00000", "2011-06-30": "741.00000", "2011-03-31": "512.00000", "2010-12-31": "627.00000", "2010-09-30": "486.00000", "2010-06-30": "477.00000", "2010-03-31": "212.00000", "2009-12-31": "248.00000", "2009-09-30": "269.00000", "2009-06-30": "266.00000", "2009-03-31": "381.00000", "2008-12-31": "751.00000", "2008-09-30": "675.00000", "2008-06-30": "626.00000", "2008-03-31": "586.00000", "2007-12-31": "690.00000", "2007-09-30": "726.00000", "2007-06-30": "595.00000", "2007-03-31": "529.00000", "2006-12-31": "627.00000", "2006-09-30": "603.00000", "2006-06-30": "498.00000", "2006-03-31": "449.00000", "2005-12-31": "872.00000", "2005-09-30": "492.00000", "2005-06-30": "384.00000", "2005-03-31": "359.00000"}, "Income From Discontinued Operations": {"2020-12-31": "", "2020-09-30": "", "2020-06-30": "", "2020-03-31": "", "2019-12-31": "", "2019-09-30": "", "2019-06-30": "", "2019-03-31": "", "2018-12-31": "", "2018-09-30": "", "2018-06-30": "", "2018-03-31": "", "2017-12-31": "", "2017-09-30": "", "2017-06-30": "", "2017-03-31": "", "2016-12-31": "", "2016-09-30": "", "2016-06-30": "", "2016-03-31": "-2.00000", "2015-12-31": "", "2015-09-30": "", "2015-06-30": "-1.00000", "2015-03-31": "-4.00000", "2014-12-31": "1.00000", "2014-09-30": "66.00000", "2014-06-30": "-2.00000", "2014-03-31": "-1.00000", "2013-12-31": "23.00000", "2013-09-30": "-1.00000", "2013-06-30": "2.00000", "2013-03-31": "-5.00000", "2012-12-31": "80.00000", "2012-09-30": "-6.00000", "2012-06-30": "-8.00000", "2012-03-31": "-8.00000", "2011-12-31": "", "2011-09-30": "-165.00000", "2011-06-30": "0.00000", "2011-03-31": "-1.00000", "2010-12-31": "-20.00000", "2010-09-30": "59.00000", "2010-06-30": "6.00000", "2010-03-31": "-5.00000", "2009-12-31": "-4.00000", "2009-09-30": "-3.00000", "2009-06-30": "-1.00000", "2009-03-31": "-1.00000", "2008-12-31": "-308.00000", "2008-09-30": "", "2008-06-30": "-116.00000", "2008-03-31": "1.00000", "2007-12-31": "37.00000", "2007-09-30": "1.00000", "2007-06-30": "935.00000", "2007-03-31": "23.00000", "2006-12-31": "31.00000", "2006-09-30": "8.00000", "2006-06-30": "93.00000", "2006-03-31": "39.00000", "2005-12-31": "230.00000", "2005-09-30": "7.00000", "2005-06-30": "8.00000", "2005-03-31": "6.00000"}, "Net Income": {"2020-12-31": "-235.00000", "2020-09-30": "-17.00000", "2020-06-30": "-1676.00000", "2020-03-31": "-1017.00000", "2019-12-31": "-1653.00000", "2019-09-30": "295.00000", "2019-06-30": "75.00000", "2019-03-31": "152.00000", "2018-12-31": "664.00000", "2018-09-30": "435.00000", "2018-06-30": "511.00000", "2018-03-31": "46.00000", "2017-12-31": "-824.00000", "2017-09-30": "365.00000", "2017-06-30": "28.00000", "2017-03-31": "-32.00000", "2016-12-31": "-149.00000", "2016-09-30": "6.00000", "2016-06-30": "-3208.00000", "2016-03-31": "-2412.00000", "2015-12-31": "-28.00000", "2015-09-30": "-54.00000", "2015-06-30": "54.00000", "2015-03-31": "-643.00000", "2014-12-31": "901.00000", "2014-09-30": "1203.00000", "2014-06-30": "774.00000", "2014-03-31": "622.00000", "2013-12-31": "793.00000", "2013-09-30": "706.00000", "2013-06-30": "644.00000", "2013-03-31": "-18.00000", "2012-12-31": "669.00000", "2012-09-30": "602.00000", "2012-06-30": "737.00000", "2012-03-31": "627.00000", "2011-12-31": "906.00000", "2011-09-30": "683.00000", "2011-06-30": "739.00000", "2011-03-31": "511.00000", "2010-12-31": "605.00000", "2010-09-30": "544.00000", "2010-06-30": "480.00000", "2010-03-31": "206.00000", "2009-12-31": "243.00000", "2009-09-30": "262.00000", "2009-06-30": "262.00000", "2009-03-31": "378.00000", "2008-12-31": "468.00000", "2008-09-30": "672.00000", "2008-06-30": "504.00000", "2008-03-31": "580.00000", "2007-12-31": "677.00000", "2007-09-30": "727.00000", "2007-06-30": "1530.00000", "2007-03-31": "552.00000", "2006-12-31": "658.00000", "2006-09-30": "611.00000", "2006-06-30": "591.00000", "2006-03-31": "488.00000", "2005-12-31": "1102.00000", "2005-09-30": "499.00000", "2005-06-30": "392.00000", "2005-03-31": "365.00000"}, "EBITDA": {"2020-12-31": "", "2020-09-30": "372.00000", "2020-06-30": "-1660.00000", "2020-03-31": "-223.00000", "2019-12-31": "-1280.00000", "2019-09-30": "953.00000", "2019-06-30": "723.00000", "2019-03-31": "781.00000", "2018-12-31": "1030.00000", "2018-09-30": "1116.00000", "2018-06-30": "1179.00000", "2018-03-31": "748.00000", "2017-12-31": "776.00000", "2017-09-30": "1036.00000", "2017-06-30": "532.00000", "2017-03-31": "586.00000", "2016-12-31": "447.00000", "2016-09-30": "503.00000", "2016-06-30": "-3484.00000", "2016-03-31": "-2733.00000", "2015-12-31": "488.00000", "2015-09-30": "460.00000", "2015-06-30": "710.00000", "2015-03-31": "12.00000", "2014-12-31": "1856.00000", "2014-09-30": "2169.00000", "2014-06-30": "1718.00000", "2014-03-31": "1480.00000", "2013-12-31": "1641.00000", "2013-09-30": "1589.00000", "2013-06-30": "1458.00000", "2013-03-31": "350.00000", "2012-12-31": "1412.00000", "2012-09-30": "1360.00000", "2012-06-30": "1607.00000", "2012-03-31": "1408.00000", "2011-12-31": "1798.00000", "2011-09-30": "1672.00000", "2011-06-30": "1492.00000", "2011-03-31": "1134.00000", "2010-12-31": "1282.00000", "2010-09-30": "1102.00000", "2010-06-30": "1034.00000", "2010-03-31": "710.00000", "2009-12-31": "682.00000", "2009-09-30": "712.00000", "2009-06-30": "700.00000", "2009-03-31": "831.00000", "2008-12-31": "1366.00000", "2008-09-30": "1244.00000", "2008-06-30": "1127.00000", "2008-03-31": "1011.00000", "2007-12-31": "1073.00000", "2007-09-30": "1056.00000", "2007-06-30": "1033.00000", "2007-03-31": "919.00000", "2006-12-31": "1048.00000", "2006-09-30": "992.00000", "2006-06-30": "876.00000", "2006-03-31": "809.00000", "2005-12-31": "384.00000", "2005-09-30": "805.00000", "2005-06-30": "723.00000", "2005-03-31": "700.00000"}, "EBIT": {"2020-12-31": "2343.00000", "2020-09-30": "142.00000", "2020-06-30": "-1911.00000", "2020-03-31": "-571.00000", "2019-12-31": "-1652.00000", "2019-09-30": "536.00000", "2019-06-30": "303.00000", "2019-03-31": "365.00000", "2018-12-31": "608.00000", "2018-09-30": "716.00000", "2018-06-30": "789.00000", "2018-03-31": "354.00000", "2017-12-31": "383.00000", "2017-09-30": "642.00000", "2017-06-30": "146.00000", "2017-03-31": "203.00000", "2016-12-31": "61.00000", "2016-09-30": "128.00000", "2016-06-30": "-3880.00000", "2016-03-31": "-3079.00000", "2015-12-31": "86.00000", "2015-09-30": "43.00000", "2015-06-30": "254.00000", "2015-03-31": "-548.00000", "2014-12-31": "1299.00000", "2014-09-30": "1634.00000", "2014-06-30": "1194.00000", "2014-03-31": "970.00000", "2013-12-31": "1144.00000", "2013-09-30": "1108.00000", "2013-06-30": "984.00000", "2013-03-31": "-98.00000", "2012-12-31": "981.00000", "2012-09-30": "954.00000", "2012-06-30": "1201.00000", "2012-03-31": "1023.00000", "2011-12-31": "1430.00000", "2011-09-30": "1332.00000", "2011-06-30": "1161.00000", "2011-03-31": "814.00000", "2010-12-31": "980.00000", "2010-09-30": "818.00000", "2010-06-30": "762.00000", "2010-03-31": "449.00000", "2009-12-31": "428.00000", "2009-09-30": "474.00000", "2009-06-30": "476.00000", "2009-03-31": "616.00000", "2008-12-31": "1163.00000", "2008-09-30": "1051.00000", "2008-06-30": "949.00000", "2008-03-31": "847.00000", "2007-12-31": "907.00000", "2007-09-30": "910.00000", "2007-06-30": "893.00000", "2007-03-31": "788.00000", "2006-12-31": "924.00000", "2006-09-30": "870.00000", "2006-06-30": "759.00000", "2006-03-31": "692.00000", "2005-12-31": "313.00000", "2005-09-30": "680.00000", "2005-06-30": "596.00000", "2005-03-31": "575.00000"}, "Basic Shares Outstanding": {"2020-12-31": "885.00000", "2020-09-30": "882.00000", "2020-06-30": "877.00000", "2020-03-31": "878.00000", "2019-12-31": "875.00000", "2019-09-30": "876.00000", "2019-06-30": "874.00000", "2019-03-31": "873.00000", "2018-12-31": "875.00000", "2018-09-30": "877.00000", "2018-06-30": "877.00000", "2018-03-31": "875.00000", "2017-12-31": "870.00000", "2017-09-30": "872.00000", "2017-06-30": "869.00000", "2017-03-31": "867.00000", "2016-12-31": "861.00000", "2016-09-30": "862.00000", "2016-06-30": "860.00000", "2016-03-31": "858.00000", "2015-12-31": "853.00000", "2015-09-30": "855.00000", "2015-06-30": "852.00000", "2015-03-31": "850.00000", "2014-12-31": "848.00000", "2014-09-30": "848.00000", "2014-06-30": "846.00000", "2014-03-31": "849.00000", "2013-12-31": "898.00000", "2013-09-30": "890.00000", "2013-06-30": "925.00000", "2013-03-31": "931.00000", "2012-12-31": "926.00000", "2012-09-30": "928.00000", "2012-06-30": "924.00000", "2012-03-31": "923.00000", "2011-12-31": "918.00000", "2011-09-30": "920.00000", "2011-06-30": "916.00000", "2011-03-31": "914.00000", "2010-12-31": "908.00000", "2010-09-30": "910.00000", "2010-06-30": "906.00000", "2010-03-31": "905.00000", "2009-12-31": "900.00000", "2009-09-30": "902.00000", "2009-06-30": "898.00000", "2009-03-31": "897.00000", "2008-12-31": "883.00000", "2008-09-30": "882.00000", "2008-06-30": "875.00000", "2008-03-31": "879.00000", "2007-12-31": "919.00000", "2007-09-30": "880.00000", "2007-06-30": "905.00000", "2007-03-31": "992.00000", "2006-12-31": "1014.00000", "2006-09-30": "1011.00000", "2006-06-30": "1026.00000", "2006-03-31": "1024.00000", "2005-12-31": "1010.00000", "2005-09-30": "1012.00000", "2005-06-30": "1006.00000", "2005-03-31": "1002.00000"}, "Shares Outstanding": {"2020-12-31": "885.00000", "2020-09-30": "882.00000", "2020-06-30": "877.00000", "2020-03-31": "878.00000", "2019-12-31": "875.00000", "2019-09-30": "876.00000", "2019-06-30": "875.00000", "2019-03-31": "873.00000", "2018-12-31": "877.00000", "2018-09-30": "878.00000", "2018-06-30": "880.00000", "2018-03-31": "878.00000", "2017-12-31": "870.00000", "2017-09-30": "873.00000", "2017-06-30": "871.00000", "2017-03-31": "867.00000", "2016-12-31": "861.00000", "2016-09-30": "864.00000", "2016-06-30": "860.00000", "2016-03-31": "858.00000", "2015-12-31": "853.00000", "2015-09-30": "855.00000", "2015-06-30": "854.00000", "2015-03-31": "850.00000", "2014-12-31": "852.00000", "2014-09-30": "854.00000", "2014-06-30": "852.00000", "2014-03-31": "853.00000", "2013-12-31": "902.00000", "2013-09-30": "894.00000", "2013-06-30": "928.00000", "2013-03-31": "931.00000", "2012-12-31": "928.00000", "2012-09-30": "930.00000", "2012-06-30": "926.00000", "2012-03-31": "926.00000", "2011-12-31": "922.00000", "2011-09-30": "925.00000", "2011-06-30": "921.00000", "2011-03-31": "919.00000", "2010-12-31": "911.00000", "2010-09-30": "912.00000", "2010-06-30": "909.00000", "2010-03-31": "908.00000", "2009-12-31": "902.00000", "2009-09-30": "904.00000", "2009-06-30": "900.00000", "2009-03-31": "899.00000", "2008-12-31": "909.00000", "2008-09-30": "908.00000", "2008-06-30": "918.00000", "2008-03-31": "914.00000", "2007-12-31": "955.00000", "2007-09-30": "917.00000", "2007-06-30": "942.00000", "2007-03-31": "1025.00000", "2006-12-31": "1054.00000", "2006-09-30": "1048.00000", "2006-06-30": "1070.00000", "2006-03-31": "1068.00000", "2005-12-31": "1038.00000", "2005-09-30": "1050.00000", "2005-06-30": "1026.00000", "2005-03-31": "1020.00000"}, "Basic EPS": {"2020-12-31": "-0.27000", "2020-09-30": "-0.02000", "2020-06-30": "-1.91000", "2020-03-31": "-1.16000", "2019-12-31": "-1.89000", "2019-09-30": "0.34000", "2019-06-30": "0.09000", "2019-03-31": "0.17000", "2018-12-31": "0.76000", "2018-09-30": "0.50000", "2018-06-30": "0.58000", "2018-03-31": "0.05000", "2017-12-31": "-0.94000", "2017-09-30": "0.42000", "2017-06-30": "0.03000", "2017-03-31": "-0.04000", "2016-12-31": "-0.16000", "2016-09-30": "0.01000", "2016-06-30": "-3.73000", "2016-03-31": "-2.81000", "2015-12-31": "-0.03000", "2015-09-30": "-0.06000", "2015-06-30": "0.06000", "2015-03-31": "-0.76000", "2014-12-31": "1.06000", "2014-09-30": "1.42000", "2014-06-30": "0.92000", "2014-03-31": "0.73000", "2013-12-31": "0.90000", "2013-09-30": "0.79000", "2013-06-30": "0.70000", "2013-03-31": "-0.02000", "2012-12-31": "0.72000", "2012-09-30": "0.65000", "2012-06-30": "0.80000", "2012-03-31": "0.68000", "2011-12-31": "0.98000", "2011-09-30": "0.74000", "2011-06-30": "0.81000", "2011-03-31": "0.56000", "2010-12-31": "0.66000", "2010-09-30": "0.60000", "2010-06-30": "0.53000", "2010-03-31": "0.23000", "2009-12-31": "0.27000", "2009-09-30": "0.29000", "2009-06-30": "0.29000", "2009-03-31": "0.42000", "2008-12-31": "0.52000", "2008-09-30": "0.76000", "2008-06-30": "0.58000", "2008-03-31": "0.66000", "2007-12-31": "0.72000", "2007-09-30": "0.83000", "2007-06-30": "1.69000", "2007-03-31": "0.55000", "2006-12-31": "0.64000", "2006-09-30": "0.61000", "2006-06-30": "0.58000", "2006-03-31": "0.48000", "2005-12-31": "1.08500", "2005-09-30": "0.50000", "2005-06-30": "0.39000", "2005-03-31": "0.36500"}, "EPS - Earnings Per Share": {"2020-12-31": "-0.27000", "2020-09-30": "-0.02000", "2020-06-30": "-1.91000", "2020-03-31": "-1.16000", "2019-12-31": "-1.89000", "2019-09-30": "0.34000", "2019-06-30": "0.09000", "2019-03-31": "0.17000", "2018-12-31": "0.76000", "2018-09-30": "0.50000", "2018-06-30": "0.58000", "2018-03-31": "0.05000", "2017-12-31": "-0.94000", "2017-09-30": "0.42000", "2017-06-30": "0.03000", "2017-03-31": "-0.04000", "2016-12-31": "-0.16000", "2016-09-30": "0.01000", "2016-06-30": "-3.73000", "2016-03-31": "-2.81000", "2015-12-31": "-0.03000", "2015-09-30": "-0.06000", "2015-06-30": "0.06000", "2015-03-31": "-0.76000", "2014-12-31": "1.06000", "2014-09-30": "1.41000", "2014-06-30": "0.91000", "2014-03-31": "0.73000", "2013-12-31": "0.90000", "2013-09-30": "0.79000", "2013-06-30": "0.69000", "2013-03-31": "-0.02000", "2012-12-31": "0.72000", "2012-09-30": "0.65000", "2012-06-30": "0.79000", "2012-03-31": "0.68000", "2011-12-31": "0.98000", "2011-09-30": "0.74000", "2011-06-30": "0.80000", "2011-03-31": "0.56000", "2010-12-31": "0.65000", "2010-09-30": "0.60000", "2010-06-30": "0.53000", "2010-03-31": "0.23000", "2009-12-31": "0.27000", "2009-09-30": "0.29000", "2009-06-30": "0.29000", "2009-03-31": "0.42000", "2008-12-31": "0.53000", "2008-09-30": "0.74000", "2008-06-30": "0.55000", "2008-03-31": "0.63000", "2007-12-31": "0.70000", "2007-09-30": "0.79000", "2007-06-30": "1.62000", "2007-03-31": "0.54000", "2006-12-31": "0.64000", "2006-09-30": "0.58000", "2006-06-30": "0.55000", "2006-03-31": "0.46000", "2005-12-31": "1.05000", "2005-09-30": "0.48000", "2005-06-30": "0.38000", "2005-03-31": "0.36000"}}, "balance sheet": {"Cash On Hand": {"2020-12-31": "2563.00000", "2019-12-31": "2268.00000", "2018-12-31": "2008.00000", "2017-12-31": "2337.00000", "2016-12-31": "4009.00000", "2015-12-31": "10077.00000", "2014-12-31": "2291.00000", "2013-12-31": "2356.00000", "2012-12-31": "2484.00000", "2011-12-31": "2698.00000", "2010-12-31": "2051.00000", "2009-12-31": "3394.00000", "2008-12-31": "1124.00000", "2007-12-31": "2235.00000", "2006-12-31": "2938.00000", "2005-12-31": "2391.00000"}, "Receivables": {"2020-12-31": "3071.00000", "2019-12-31": "4577.00000", "2018-12-31": "5234.00000", "2017-12-31": "5036.00000", "2016-12-31": "3922.00000", "2015-12-31": "5317.00000", "2014-12-31": "7564.00000", "2013-12-31": "6181.00000", "2012-12-31": "5787.00000", "2011-12-31": "5084.00000", "2010-12-31": "3924.00000", "2009-12-31": "2964.00000", "2008-12-31": "3795.00000", "2007-12-31": "3093.00000", "2006-12-31": "2629.00000", "2005-12-31": "4801.00000"}, "Inventory": {"2020-12-31": "2349.00000", "2019-12-31": "3139.00000", "2018-12-31": "3028.00000", "2017-12-31": "2396.00000", "2016-12-31": "2275.00000", "2015-12-31": "2993.00000", "2014-12-31": "3571.00000", "2013-12-31": "3305.00000", "2012-12-31": "3186.00000", "2011-12-31": "2570.00000", "2010-12-31": "1940.00000", "2009-12-31": "1598.00000", "2008-12-31": "1828.00000", "2007-12-31": "1459.00000", "2006-12-31": "1235.00000", "2005-12-31": "953.00000"}, "Pre-Paid Expenses": {"2020-12-31": "", "2019-12-31": "", "2018-12-31": "", "2017-12-31": "", "2016-12-31": "585.00000", "2015-12-31": "527.00000", "2014-12-31": "658.00000", "2013-12-31": "737.00000", "2012-12-31": "608.00000", "2011-12-31": "", "2010-12-31": "", "2009-12-31": "", "2008-12-31": "", "2007-12-31": "", "2006-12-31": "", "2005-12-31": ""}, "Other Current Assets": {"2020-12-31": "1492.00000", "2019-12-31": "1228.00000", "2018-12-31": "881.00000", "2017-12-31": "1008.00000", "2016-12-31": "886.00000", "2015-12-31": "1156.00000", "2014-12-31": "563.00000", "2013-12-31": "737.00000", "2012-12-31": "670.00000", "2011-12-31": "904.00000", "2010-12-31": "714.00000", "2009-12-31": "472.00000", "2008-12-31": "418.00000", "2007-12-31": "410.00000", "2006-12-31": "285.00000", "2005-12-31": "522.00000"}, "Total Current Assets": {"2020-12-31": "9475.00000", "2019-12-31": "11212.00000", "2018-12-31": "11151.00000", "2017-12-31": "10777.00000", "2016-12-31": "11677.00000", "2015-12-31": "20070.00000", "2014-12-31": "14647.00000", "2013-12-31": "13704.00000", "2012-12-31": "13086.00000", "2011-12-31": "11577.00000", "2010-12-31": "8886.00000", "2009-12-31": "8638.00000", "2008-12-31": "7411.00000", "2007-12-31": "7573.00000", "2006-12-31": "11190.00000", "2005-12-31": "9386.00000"}, "Property, Plant, And Equipment": {"2020-12-31": "4325.00000", "2019-12-31": "7310.00000", "2018-12-31": "8873.00000", "2017-12-31": "8521.00000", "2016-12-31": "8532.00000", "2015-12-31": "12117.00000", "2014-12-31": "12475.00000", "2013-12-31": "11322.00000", "2012-12-31": "10257.00000", "2011-12-31": "8492.00000", "2010-12-31": "6842.00000", "2009-12-31": "5759.00000", "2008-12-31": "4782.00000", "2007-12-31": "3630.00000", "2006-12-31": "2557.00000", "2005-12-31": "2648.00000"}, "Long-Term Investments": {"2020-12-31": "", "2019-12-31": "", "2018-12-31": "", "2017-12-31": "", "2016-12-31": "", "2015-12-31": "", "2014-12-31": "", "2013-12-31": "", "2012-12-31": "", "2011-12-31": "", "2010-12-31": "", "2009-12-31": "", "2008-12-31": "", "2007-12-31": "", "2006-12-31": "", "2005-12-31": ""}, "Goodwill And Intangible Assets": {"2020-12-31": "2804.00000", "2019-12-31": "2812.00000", "2018-12-31": "2825.00000", "2017-12-31": "2693.00000", "2016-12-31": "2414.00000", "2015-12-31": "2385.00000", "2014-12-31": "2330.00000", "2013-12-31": "2168.00000", "2012-12-31": "2135.00000", "2011-12-31": "1776.00000", "2010-12-31": "1315.00000", "2009-12-31": "1100.00000", "2008-12-31": "1072.00000", "2007-12-31": "790.00000", "2006-12-31": "486.00000", "2005-12-31": "765.00000"}, "Other Long-Term Assets": {"2020-12-31": "1124.00000", "2019-12-31": "1429.00000", "2018-12-31": "1749.00000", "2017-12-31": "1864.00000", "2016-12-31": "2417.00000", "2015-12-31": "1818.00000", "2014-12-31": "2713.00000", "2013-12-31": "2029.00000", "2012-12-31": "1932.00000", "2011-12-31": "1832.00000", "2010-12-31": "1254.00000", "2009-12-31": "1041.00000", "2008-12-31": "1120.00000", "2007-12-31": "794.00000", "2006-12-31": "682.00000", "2005-12-31": "1501.00000"}, "Total Long-Term Assets": {"2020-12-31": "10419.00000", "2019-12-31": "13234.00000", "2018-12-31": "14831.00000", "2017-12-31": "14308.00000", "2016-12-31": "15323.00000", "2015-12-31": "16872.00000", "2014-12-31": "17518.00000", "2013-12-31": "15519.00000", "2012-12-31": "14324.00000", "2011-12-31": "12100.00000", "2010-12-31": "9411.00000", "2009-12-31": "7900.00000", "2008-12-31": "6974.00000", "2007-12-31": "5562.00000", "2006-12-31": "5670.00000", "2005-12-31": "5662.00000"}, "Total Assets": {"2020-12-31": "20680.00000", "2019-12-31": "25377.00000", "2018-12-31": "25982.00000", "2017-12-31": "25085.00000", "2016-12-31": "27000.00000", "2015-12-31": "36942.00000", "2014-12-31": "32165.00000", "2013-12-31": "29223.00000", "2012-12-31": "27410.00000", "2011-12-31": "23677.00000", "2010-12-31": "18297.00000", "2009-12-31": "16538.00000", "2008-12-31": "14385.00000", "2007-12-31": "13135.00000", "2006-12-31": "16860.00000", "2005-12-31": "15048.00000"}, "Total Current Liabilities": {"2020-12-31": "4421.00000", "2019-12-31": "4878.00000", "2018-12-31": "4802.00000", "2017-12-31": "4862.00000", "2016-12-31": "4023.00000", "2015-12-31": "5337.00000", "2014-12-31": "5866.00000", "2013-12-31": "5026.00000", "2012-12-31": "4752.00000", "2011-12-31": "4121.00000", "2010-12-31": "2757.00000", "2009-12-31": "2889.00000", "2008-12-31": "2781.00000", "2007-12-31": "2411.00000", "2006-12-31": "4734.00000", "2005-12-31": "4427.00000"}, "Long Term Debt": {"2020-12-31": "9132.00000", "2019-12-31": "10316.00000", "2018-12-31": "10312.00000", "2017-12-31": "10430.00000", "2016-12-31": "12214.00000", "2015-12-31": "14687.00000", "2014-12-31": "7765.00000", "2013-12-31": "7816.00000", "2012-12-31": "4820.00000", "2011-12-31": "4820.00000", "2010-12-31": "3824.00000", "2009-12-31": "3824.00000", "2008-12-31": "2586.00000", "2007-12-31": "2627.00000", "2006-12-31": "2783.00000", "2005-12-31": "2813.00000"}, "Other Non-Current Liabilities": {"2020-12-31": "824.00000", "2019-12-31": "808.00000", "2018-12-31": "841.00000", "2017-12-31": "835.00000", "2016-12-31": "741.00000", "2015-12-31": "944.00000", "2014-12-31": "1545.00000", "2013-12-31": "2182.00000", "2012-12-31": "1441.00000", "2011-12-31": "986.00000", "2010-12-31": "842.00000", "2009-12-31": "606.00000", "2008-12-31": "735.00000", "2007-12-31": "734.00000", "2006-12-31": "443.00000", "2005-12-31": "573.00000"}, "Total Long Term Liabilities": {"2020-12-31": "11276.00000", "2019-12-31": "12474.00000", "2018-12-31": "11636.00000", "2017-12-31": "11874.00000", "2016-12-31": "13529.00000", "2015-12-31": "16110.00000", "2014-12-31": "10001.00000", "2013-12-31": "10582.00000", "2012-12-31": "6868.00000", "2011-12-31": "6340.00000", "2010-12-31": "5153.00000", "2009-12-31": "4892.00000", "2008-12-31": "3860.00000", "2007-12-31": "3858.00000", "2006-12-31": "4750.00000", "2005-12-31": "4249.00000"}, "Total Liabilities": {"2020-12-31": "15697.00000", "2019-12-31": "17352.00000", "2018-12-31": "16438.00000", "2017-12-31": "16736.00000", "2016-12-31": "17552.00000", "2015-12-31": "21447.00000", "2014-12-31": "15867.00000", "2013-12-31": "15608.00000", "2012-12-31": "11620.00000", "2011-12-31": "10461.00000", "2010-12-31": "7910.00000", "2009-12-31": "7781.00000", "2008-12-31": "6641.00000", "2007-12-31": "6269.00000", "2006-12-31": "9484.00000", "2005-12-31": "8676.00000"}, "Common Stock Net": {"2020-12-31": "4974.00000", "2019-12-31": "2669.00000", "2018-12-31": "2671.00000", "2017-12-31": "2673.00000", "2016-12-31": "2674.00000", "2015-12-31": "2677.00000", "2014-12-31": "2679.00000", "2013-12-31": "2680.00000", "2012-12-31": "2682.00000", "2011-12-31": "2683.00000", "2010-12-31": "2674.00000", "2009-12-31": "2669.00000", "2008-12-31": "2666.00000", "2007-12-31": "2657.00000", "2006-12-31": "2650.00000", "2005-12-31": "2634.00000"}, "Retained Earnings (Accumulated Deficit)": {"2020-12-31": "", "2019-12-31": "11989.00000", "2018-12-31": "13739.00000", "2017-12-31": "12668.00000", "2016-12-31": "14141.00000", "2015-12-31": "20524.00000", "2014-12-31": "21809.00000", "2013-12-31": "18842.00000", "2012-12-31": "17182.00000", "2011-12-31": "14880.00000", "2010-12-31": "12371.00000", "2009-12-31": "10863.00000", "2008-12-31": "10041.00000", "2007-12-31": "8202.00000", "2006-12-31": "5051.00000", "2005-12-31": "2975.00000"}, "Comprehensive Income": {"2020-12-31": "", "2019-12-31": "-362.00000", "2018-12-31": "-355.00000", "2017-12-31": "-469.00000", "2016-12-31": "-454.00000", "2015-12-31": "-363.00000", "2014-12-31": "-399.00000", "2013-12-31": "-307.00000", "2012-12-31": "-309.00000", "2011-12-31": "-273.00000", "2010-12-31": "-240.00000", "2009-12-31": "-213.00000", "2008-12-31": "-215.00000", "2007-12-31": "-104.00000", "2006-12-31": "-437.00000", "2005-12-31": "-266.00000"}, "Other Share Holders Equity": {"2020-12-31": "", "2019-12-31": "", "2018-12-31": "", "2017-12-31": "", "2016-12-31": "", "2015-12-31": "", "2014-12-31": "", "2013-12-31": "", "2012-12-31": "", "2011-12-31": "", "2010-12-31": "", "2009-12-31": "", "2008-12-31": "", "2007-12-31": "", "2006-12-31": "", "2005-12-31": ""}, "Share Holder Equity": {"2020-12-31": "4983.00000", "2019-12-31": "8025.00000", "2018-12-31": "9544.00000", "2017-12-31": "8349.00000", "2016-12-31": "9448.00000", "2015-12-31": "15495.00000", "2014-12-31": "16298.00000", "2013-12-31": "13615.00000", "2012-12-31": "15790.00000", "2011-12-31": "13216.00000", "2010-12-31": "10387.00000", "2009-12-31": "8757.00000", "2008-12-31": "7744.00000", "2007-12-31": "6866.00000", "2006-12-31": "7376.00000", "2005-12-31": "6372.00000"}, "Total Liabilities And Share Holders Equity": {"2020-12-31": "20680.00000", "2019-12-31": "25377.00000", "2018-12-31": "25982.00000", "2017-12-31": "25085.00000", "2016-12-31": "27000.00000", "2015-12-31": "36942.00000", "2014-12-31": "32165.00000", "2013-12-31": "29223.00000", "2012-12-31": "27410.00000", "2011-12-31": "23677.00000", "2010-12-31": "18297.00000", "2009-12-31": "16538.00000", "2008-12-31": "14385.00000", "2007-12-31": "13135.00000", "2006-12-31": "16860.00000", "2005-12-31": "15048.00000"}}, "balance sheet, quarterly": {"Cash On Hand": {"2020-12-31": "2563.00000", "2020-09-30": "2115.00000", "2020-06-30": "1811.00000", "2020-03-31": "1385.00000", "2019-12-31": "2268.00000", "2019-09-30": "1571.00000", "2019-06-30": "1176.00000", "2019-03-31": "1380.00000", "2018-12-31": "2008.00000", "2018-09-30": "2057.00000", "2018-06-30": "2472.00000", "2018-03-31": "2332.00000", "2017-12-31": "2337.00000", "2017-09-30": "1898.00000", "2017-06-30": "2139.00000", "2017-03-31": "2107.00000", "2016-12-31": "4009.00000", "2016-09-30": "3289.00000", "2016-06-30": "3108.00000", "2016-03-31": "9593.00000", "2015-12-31": "10077.00000", "2015-09-30": "2249.00000", "2015-06-30": "2760.00000", "2015-03-31": "2294.00000", "2014-12-31": "2291.00000", "2014-09-30": "2029.00000", "2014-06-30": "2360.00000", "2014-03-31": "2123.00000", "2013-12-31": "2356.00000", "2013-09-30": "1491.00000", "2013-06-30": "1412.00000", "2013-03-31": "2029.00000", "2012-12-31": "2484.00000", "2012-09-30": "2032.00000", "2012-06-30": "2172.00000", "2012-03-31": "2655.00000", "2011-12-31": "2698.00000", "2011-09-30": "2175.00000", "2011-06-30": "1889.00000", "2011-03-31": "1882.00000", "2010-12-31": "2051.00000", "2010-09-30": "2755.00000", "2010-06-30": "3095.00000", "2010-03-31": "3191.00000", "2009-12-31": "3394.00000", "2009-09-30": "3190.00000", "2009-06-30": "2321.00000", "2009-03-31": "2967.00000", "2008-12-31": "1124.00000", "2008-09-30": "973.00000", "2008-06-30": "1880.00000", "2008-03-31": "1994.00000", "2007-12-31": "2235.00000", "2007-09-30": "1891.00000", "2007-06-30": "2223.00000", "2007-03-31": "3043.00000", "2006-12-31": "2938.00000", "2006-09-30": "3549.00000", "2006-06-30": "3673.00000", "2006-03-31": "2278.00000", "2005-12-31": "2391.00000", "2005-09-30": "2124.00000", "2005-06-30": "1575.00000", "2005-03-31": "1812.00000"}, "Receivables": {"2020-12-31": "3071.00000", "2020-09-30": "3145.00000", "2020-06-30": "3345.00000", "2020-03-31": "4850.00000", "2019-12-31": "4577.00000", "2019-09-30": "5290.00000", "2019-06-30": "5700.00000", "2019-03-31": "5622.00000", "2018-12-31": "5234.00000", "2018-09-30": "5526.00000", "2018-06-30": "5403.00000", "2018-03-31": "5255.00000", "2017-12-31": "5036.00000", "2017-09-30": "4852.00000", "2017-06-30": "4385.00000", "2017-03-31": "4008.00000", "2016-12-31": "3922.00000", "2016-09-30": "4360.00000", "2016-06-30": "4725.00000", "2016-03-31": "4983.00000", "2015-12-31": "5317.00000", "2015-09-30": "5791.00000", "2015-06-30": "5633.00000", "2015-03-31": "6419.00000", "2014-12-31": "7564.00000", "2014-09-30": "7555.00000", "2014-06-30": "6781.00000", "2014-03-31": "6314.00000", "2013-12-31": "6181.00000", "2013-09-30": "6626.00000", "2013-06-30": "6359.00000", "2013-03-31": "6210.00000", "2012-12-31": "5787.00000", "2012-09-30": "5870.00000", "2012-06-30": "5674.00000", "2012-03-31": "5336.00000", "2011-12-31": "5084.00000", "2011-09-30": "4769.00000", "2011-06-30": "4448.00000", "2011-03-31": "4132.00000", "2010-12-31": "3924.00000", "2010-09-30": "3723.00000", "2010-06-30": "3453.00000", "2010-03-31": "3176.00000", "2009-12-31": "2964.00000", "2009-09-30": "3098.00000", "2009-06-30": "3152.00000", "2009-03-31": "3395.00000", "2008-12-31": "3795.00000", "2008-09-30": "3858.00000", "2008-06-30": "3581.00000", "2008-03-31": "3301.00000", "2007-12-31": "3093.00000", "2007-09-30": "3109.00000", "2007-06-30": "2948.00000", "2007-03-31": "2700.00000", "2006-12-31": "2629.00000", "2006-09-30": "4617.00000", "2006-06-30": "4806.00000", "2006-03-31": "4952.00000", "2005-12-31": "4801.00000", "2005-09-30": "4366.00000", "2005-06-30": "4371.00000", "2005-03-31": "4874.00000"}, "Inventory": {"2020-12-31": "2349.00000", "2020-09-30": "2580.00000", "2020-06-30": "2745.00000", "2020-03-31": "3220.00000", "2019-12-31": "3139.00000", "2019-09-30": "3380.00000", "2019-06-30": "3347.00000", "2019-03-31": "3264.00000", "2018-12-31": "3028.00000", "2018-09-30": "2887.00000", "2018-06-30": "2637.00000", "2018-03-31": "2458.00000", "2017-12-31": "2396.00000", "2017-09-30": "2444.00000", "2017-06-30": "2283.00000", "2017-03-31": "2295.00000", "2016-12-31": "2275.00000", "2016-09-30": "2475.00000", "2016-06-30": "2650.00000", "2016-03-31": "2893.00000", "2015-12-31": "2993.00000", "2015-09-30": "2692.00000", "2015-06-30": "2831.00000", "2015-03-31": "3467.00000", "2014-12-31": "3571.00000", "2014-09-30": "3650.00000", "2014-06-30": "3529.00000", "2014-03-31": "3415.00000", "2013-12-31": "3305.00000", "2013-09-30": "3399.00000", "2013-06-30": "3341.00000", "2013-03-31": "3257.00000", "2012-12-31": "3186.00000", "2012-09-30": "3539.00000", "2012-06-30": "3297.00000", "2012-03-31": "2916.00000", "2011-12-31": "2570.00000", "2011-09-30": "2412.00000", "2011-06-30": "2235.00000", "2011-03-31": "2099.00000", "2010-12-31": "1940.00000", "2010-09-30": "1889.00000", "2010-06-30": "1767.00000", "2010-03-31": "1658.00000", "2009-12-31": "1598.00000", "2009-09-30": "1716.00000", "2009-06-30": "1832.00000", "2009-03-31": "1895.00000", "2008-12-31": "1828.00000", "2008-09-30": "1824.00000", "2008-06-30": "1736.00000", "2008-03-31": "1655.00000", "2007-12-31": "1459.00000", "2007-09-30": "1560.00000", "2007-06-30": "1500.00000", "2007-03-31": "1430.00000", "2006-12-31": "1235.00000", "2006-09-30": "1213.00000", "2006-06-30": "1128.00000", "2006-03-31": "1086.00000", "2005-12-31": "953.00000", "2005-09-30": "962.00000", "2005-06-30": "931.00000", "2005-03-31": "880.00000"}, "Pre-Paid Expenses": {"2020-12-31": "", "2020-09-30": "", "2020-06-30": "", "2020-03-31": "", "2019-12-31": "", "2019-09-30": "", "2019-06-30": "", "2019-03-31": "", "2018-12-31": "", "2018-09-30": "", "2018-06-30": "", "2018-03-31": "", "2017-12-31": "", "2017-09-30": "53.00000", "2017-06-30": "557.00000", "2017-03-31": "555.00000", "2016-12-31": "585.00000", "2016-09-30": "703.00000", "2016-06-30": "1099.00000", "2016-03-31": "1198.00000", "2015-12-31": "527.00000", "2015-09-30": "", "2015-06-30": "", "2015-03-31": "", "2014-12-31": "658.00000", "2014-09-30": "", "2014-06-30": "", "2014-03-31": "", "2013-12-31": "737.00000", "2013-09-30": "", "2013-06-30": "", "2013-03-31": "", "2012-12-31": "608.00000", "2012-09-30": "", "2012-06-30": "", "2012-03-31": "", "2011-12-31": "", "2011-09-30": "", "2011-06-30": "", "2011-03-31": "", "2010-12-31": "", "2010-09-30": "", "2010-06-30": "", "2010-03-31": "", "2009-12-31": "", "2009-09-30": "", "2009-06-30": "", "2009-03-31": "", "2008-12-31": "", "2008-09-30": "", "2008-06-30": "", "2008-03-31": "", "2007-12-31": "", "2007-09-30": "", "2007-06-30": "", "2007-03-31": "", "2006-12-31": "", "2006-09-30": "", "2006-06-30": "", "2006-03-31": "", "2005-12-31": "", "2005-09-30": "", "2005-06-30": "", "2005-03-31": ""}, "Other Current Assets": {"2020-12-31": "1492.00000", "2020-09-30": "1183.00000", "2020-06-30": "1198.00000", "2020-03-31": "1200.00000", "2019-12-31": "1228.00000", "2019-09-30": "979.00000", "2019-06-30": "997.00000", "2019-03-31": "922.00000", "2018-12-31": "881.00000", "2018-09-30": "966.00000", "2018-06-30": "924.00000", "2018-03-31": "990.00000", "2017-12-31": "1008.00000", "2017-09-30": "897.00000", "2017-06-30": "896.00000", "2017-03-31": "863.00000", "2016-12-31": "886.00000", "2016-09-30": "933.00000", "2016-06-30": "998.00000", "2016-03-31": "438.00000", "2015-12-31": "1156.00000", "2015-09-30": "4187.00000", "2015-06-30": "4000.00000", "2015-03-31": "1645.00000", "2014-12-31": "563.00000", "2014-09-30": "1613.00000", "2014-06-30": "1495.00000", "2014-03-31": "1634.00000", "2013-12-31": "737.00000", "2013-09-30": "1374.00000", "2013-06-30": "1509.00000", "2013-03-31": "1656.00000", "2012-12-31": "670.00000", "2012-09-30": "1325.00000", "2012-06-30": "1391.00000", "2012-03-31": "794.00000", "2011-12-31": "904.00000", "2011-09-30": "712.00000", "2011-06-30": "710.00000", "2011-03-31": "675.00000", "2010-12-31": "714.00000", "2010-09-30": "605.00000", "2010-06-30": "614.00000", "2010-03-31": "541.00000", "2009-12-31": "472.00000", "2009-09-30": "497.00000", "2009-06-30": "524.00000", "2009-03-31": "440.00000", "2008-12-31": "418.00000", "2008-09-30": "467.00000", "2008-06-30": "450.00000", "2008-03-31": "470.00000", "2007-12-31": "410.00000", "2007-09-30": "386.00000", "2007-06-30": "384.00000", "2007-03-31": "311.00000", "2006-12-31": "285.00000", "2006-09-30": "490.00000", "2006-06-30": "462.00000", "2006-03-31": "623.00000", "2005-12-31": "522.00000", "2005-09-30": "610.00000", "2005-06-30": "576.00000", "2005-03-31": "642.00000"}, "Total Current Assets": {"2020-12-31": "9475.00000", "2020-09-30": "9023.00000", "2020-06-30": "9099.00000", "2020-03-31": "10655.00000", "2019-12-31": "11212.00000", "2019-09-30": "11220.00000", "2019-06-30": "11220.00000", "2019-03-31": "11188.00000", "2018-12-31": "11151.00000", "2018-09-30": "11436.00000", "2018-06-30": "11436.00000", "2018-03-31": "11035.00000", "2017-12-31": "10777.00000", "2017-09-30": "10144.00000", "2017-06-30": "10260.00000", "2017-03-31": "9828.00000", "2016-12-31": "11677.00000", "2016-09-30": "11760.00000", "2016-06-30": "12580.00000", "2016-03-31": "19105.00000", "2015-12-31": "20070.00000", "2015-09-30": "14919.00000", "2015-06-30": "15224.00000", "2015-03-31": "13825.00000", "2014-12-31": "14647.00000", "2014-09-30": "14847.00000", "2014-06-30": "14165.00000", "2014-03-31": "13486.00000", "2013-12-31": "13704.00000", "2013-09-30": "12890.00000", "2013-06-30": "12621.00000", "2013-03-31": "13152.00000", "2012-12-31": "13086.00000", "2012-09-30": "12766.00000", "2012-06-30": "12534.00000", "2012-03-31": "12018.00000", "2011-12-31": "11577.00000", "2011-09-30": "10306.00000", "2011-06-30": "9540.00000", "2011-03-31": "9028.00000", "2010-12-31": "8886.00000", "2010-09-30": "9216.00000", "2010-06-30": "9203.00000", "2010-03-31": "8814.00000", "2009-12-31": "8638.00000", "2009-09-30": "8699.00000", "2009-06-30": "8008.00000", "2009-03-31": "8909.00000", "2008-12-31": "7411.00000", "2008-09-30": "7367.00000", "2008-06-30": "7945.00000", "2008-03-31": "7696.00000", "2007-12-31": "7573.00000", "2007-09-30": "7221.00000", "2007-06-30": "7272.00000", "2007-03-31": "11715.00000", "2006-12-31": "11190.00000", "2006-09-30": "10215.00000", "2006-06-30": "10651.00000", "2006-03-31": "9739.00000", "2005-12-31": "9386.00000", "2005-09-30": "8491.00000", "2005-06-30": "7967.00000", "2005-03-31": "8208.00000"}, "Property, Plant, And Equipment": {"2020-12-31": "4325.00000", "2020-09-30": "5033.00000", "2020-06-30": "5156.00000", "2020-03-31": "6223.00000", "2019-12-31": "7310.00000", "2019-09-30": "8721.00000", "2019-06-30": "8778.00000", "2019-03-31": "8853.00000", "2018-12-31": "8873.00000", "2018-09-30": "8821.00000", "2018-06-30": "8825.00000", "2018-03-31": "8596.00000", "2017-12-31": "8521.00000", "2017-09-30": "8432.00000", "2017-06-30": "8374.00000", "2017-03-31": "8415.00000", "2016-12-31": "8532.00000", "2016-09-30": "8741.00000", "2016-06-30": "8961.00000", "2016-03-31": "9252.00000", "2015-12-31": "12117.00000", "2015-09-30": "11018.00000", "2015-06-30": "11153.00000", "2015-03-31": "12299.00000", "2014-12-31": "12475.00000", "2014-09-30": "12050.00000", "2014-06-30": "11677.00000", "2014-03-31": "11463.00000", "2013-12-31": "11322.00000", "2013-09-30": "10949.00000", "2013-06-30": "10753.00000", "2013-03-31": "10509.00000", "2012-12-31": "10257.00000", "2012-09-30": "9678.00000", "2012-06-30": "9363.00000", "2012-03-31": "8897.00000", "2011-12-31": "8492.00000", "2011-09-30": "7993.00000", "2011-06-30": "7626.00000", "2011-03-31": "7248.00000", "2010-12-31": "6842.00000", "2010-09-30": "6486.00000", "2010-06-30": "6175.00000", "2010-03-31": "5980.00000", "2009-12-31": "5759.00000", "2009-09-30": "5564.00000", "2009-06-30": "5357.00000", "2009-03-31": "5157.00000", "2008-12-31": "4782.00000", "2008-09-30": "4438.00000", "2008-06-30": "4146.00000", "2008-03-31": "3851.00000", "2007-12-31": "3630.00000", "2007-09-30": "3337.00000", "2007-06-30": "2988.00000", "2007-03-31": "2758.00000", "2006-12-31": "2557.00000", "2006-09-30": "2884.00000", "2006-06-30": "2774.00000", "2006-03-31": "2675.00000", "2005-12-31": "2648.00000", "2005-09-30": "2602.00000", "2005-06-30": "2550.00000", "2005-03-31": "2556.00000"}, "Long-Term Investments": {"2020-12-31": "", "2020-09-30": "", "2020-06-30": "", "2020-03-31": "", "2019-12-31": "", "2019-09-30": "", "2019-06-30": "", "2019-03-31": "", "2018-12-31": "", "2018-09-30": "", "2018-06-30": "", "2018-03-31": "", "2017-12-31": "", "2017-09-30": "", "2017-06-30": "", "2017-03-31": "", "2016-12-31": "", "2016-09-30": "", "2016-06-30": "", "2016-03-31": "", "2015-12-31": "", "2015-09-30": "", "2015-06-30": "", "2015-03-31": "", "2014-12-31": "", "2014-09-30": "", "2014-06-30": "", "2014-03-31": "", "2013-12-31": "", "2013-09-30": "", "2013-06-30": "", "2013-03-31": "", "2012-12-31": "", "2012-09-30": "", "2012-06-30": "", "2012-03-31": "", "2011-12-31": "", "2011-09-30": "", "2011-06-30": "", "2011-03-31": "", "2010-12-31": "", "2010-09-30": "", "2010-06-30": "", "2010-03-31": "", "2009-12-31": "", "2009-09-30": "", "2009-06-30": "763.00000", "2009-03-31": "", "2008-12-31": "", "2008-09-30": "", "2008-06-30": "", "2008-03-31": "", "2007-12-31": "", "2007-09-30": "", "2007-06-30": "", "2007-03-31": "", "2006-12-31": "", "2006-09-30": "", "2006-06-30": "", "2006-03-31": "", "2005-12-31": "", "2005-09-30": "", "2005-06-30": "", "2005-03-31": ""}, "Goodwill And Intangible Assets": {"2020-12-31": "2804.00000", "2020-09-30": "2804.00000", "2020-06-30": "2801.00000", "2020-03-31": "2812.00000", "2019-12-31": "2812.00000", "2019-09-30": "2832.00000", "2019-06-30": "2825.00000", "2019-03-31": "2824.00000", "2018-12-31": "2825.00000", "2018-09-30": "2800.00000", "2018-06-30": "2824.00000", "2018-03-31": "2707.00000", "2017-12-31": "2693.00000", "2017-09-30": "2685.00000", "2017-06-30": "2407.00000", "2017-03-31": "2419.00000", "2016-12-31": "2414.00000", "2016-09-30": "2383.00000", "2016-06-30": "2383.00000", "2016-03-31": "2383.00000", "2015-12-31": "2385.00000", "2015-09-30": "2124.00000", "2015-06-30": "1983.00000", "2015-03-31": "2332.00000", "2014-12-31": "2330.00000", "2014-09-30": "2312.00000", "2014-06-30": "2267.00000", "2014-03-31": "2193.00000", "2013-12-31": "2168.00000", "2013-09-30": "2125.00000", "2013-06-30": "2116.00000", "2013-03-31": "2119.00000", "2012-12-31": "2135.00000", "2012-09-30": "2075.00000", "2012-06-30": "1986.00000", "2012-03-31": "1966.00000", "2011-12-31": "1776.00000", "2011-09-30": "1373.00000", "2011-06-30": "1369.00000", "2011-03-31": "1323.00000", "2010-12-31": "1315.00000", "2010-09-30": "1254.00000", "2010-06-30": "1132.00000", "2010-03-31": "1138.00000", "2009-12-31": "1100.00000", "2009-09-30": "1093.00000", "2009-06-30": "1068.00000", "2009-03-31": "1076.00000", "2008-12-31": "1072.00000", "2008-09-30": "1004.00000", "2008-06-30": "838.00000", "2008-03-31": "803.00000", "2007-12-31": "790.00000", "2007-09-30": "731.00000", "2007-06-30": "594.00000", "2007-03-31": "593.00000", "2006-12-31": "486.00000", "2006-09-30": "775.00000", "2006-06-30": "774.00000", "2006-03-31": "771.00000", "2005-12-31": "765.00000", "2005-09-30": "739.00000", "2005-06-30": "744.00000", "2005-03-31": "794.00000"}, "Other Long-Term Assets": {"2020-12-31": "1124.00000", "2020-09-30": "1197.00000", "2020-06-30": "1264.00000", "2020-03-31": "1440.00000", "2019-12-31": "1429.00000", "2019-09-30": "1687.00000", "2019-06-30": "1671.00000", "2019-03-31": "1757.00000", "2018-12-31": "1749.00000", "2018-09-30": "1566.00000", "2018-06-30": "1563.00000", "2018-03-31": "1626.00000", "2017-12-31": "1864.00000", "2017-09-30": "2338.00000", "2017-06-30": "2052.00000", "2017-03-31": "2082.00000", "2016-12-31": "2417.00000", "2016-09-30": "1927.00000", "2016-06-30": "1957.00000", "2016-03-31": "3192.00000", "2015-12-31": "1818.00000", "2015-09-30": "2187.00000", "2015-06-30": "2246.00000", "2015-03-31": "2131.00000", "2014-12-31": "2713.00000", "2014-09-30": "2374.00000", "2014-06-30": "2375.00000", "2014-03-31": "2114.00000", "2013-12-31": "2029.00000", "2013-09-30": "1984.00000", "2013-06-30": "1928.00000", "2013-03-31": "1904.00000", "2012-12-31": "1932.00000", "2012-09-30": "1793.00000", "2012-06-30": "1688.00000", "2012-03-31": "1787.00000", "2011-12-31": "1832.00000", "2011-09-30": "1532.00000", "2011-06-30": "1421.00000", "2011-03-31": "1391.00000", "2010-12-31": "1254.00000", "2010-09-30": "1242.00000", "2010-06-30": "1030.00000", "2010-03-31": "1048.00000", "2009-12-31": "1041.00000", "2009-09-30": "981.00000", "2009-06-30": "1019.00000", "2009-03-31": "952.00000", "2008-12-31": "1120.00000", "2008-09-30": "947.00000", "2008-06-30": "951.00000", "2008-03-31": "786.00000", "2007-12-31": "794.00000", "2007-09-30": "741.00000", "2007-06-30": "705.00000", "2007-03-31": "732.00000", "2006-12-31": "682.00000", "2006-09-30": "1572.00000", "2006-06-30": "1499.00000", "2006-03-31": "1534.00000", "2005-12-31": "1501.00000", "2005-09-30": "1151.00000", "2005-06-30": "1184.00000", "2005-03-31": "1224.00000"}, "Total Long-Term Assets": {"2020-12-31": "10419.00000", "2020-09-30": "11090.00000", "2020-06-30": "11255.00000", "2020-03-31": "12070.00000", "2019-12-31": "13234.00000", "2019-09-30": "14584.00000", "2019-06-30": "14682.00000", "2019-03-31": "14782.00000", "2018-12-31": "14831.00000", "2018-09-30": "14315.00000", "2018-06-30": "14329.00000", "2018-03-31": "14156.00000", "2017-12-31": "14308.00000", "2017-09-30": "15646.00000", "2017-06-30": "15065.00000", "2017-03-31": "15057.00000", "2016-12-31": "15323.00000", "2016-09-30": "14995.00000", "2016-06-30": "15157.00000", "2016-03-31": "14827.00000", "2015-12-31": "16872.00000", "2015-09-30": "15329.00000", "2015-06-30": "15382.00000", "2015-03-31": "16762.00000", "2014-12-31": "17518.00000", "2014-09-30": "16736.00000", "2014-06-30": "16319.00000", "2014-03-31": "15770.00000", "2013-12-31": "15519.00000", "2013-09-30": "15058.00000", "2013-06-30": "14797.00000", "2013-03-31": "14532.00000", "2012-12-31": "14324.00000", "2012-09-30": "13546.00000", "2012-06-30": "13037.00000", "2012-03-31": "12650.00000", "2011-12-31": "12100.00000", "2011-09-30": "10898.00000", "2011-06-30": "10416.00000", "2011-03-31": "9962.00000", "2010-12-31": "9411.00000", "2010-09-30": "8982.00000", "2010-06-30": "8337.00000", "2010-03-31": "8166.00000", "2009-12-31": "7900.00000", "2009-09-30": "7638.00000", "2009-06-30": "8207.00000", "2009-03-31": "7315.00000", "2008-12-31": "6974.00000", "2008-09-30": "6479.00000", "2008-06-30": "6103.00000", "2008-03-31": "5632.00000", "2007-12-31": "5562.00000", "2007-09-30": "5248.00000", "2007-06-30": "4717.00000", "2007-03-31": "5923.00000", "2006-12-31": "5670.00000", "2006-09-30": "5769.00000", "2006-06-30": "5523.00000", "2006-03-31": "5431.00000", "2005-12-31": "5662.00000", "2005-09-30": "5204.00000", "2005-06-30": "5249.00000", "2005-03-31": "5598.00000"}, "Total Assets": {"2020-12-31": "20680.00000", "2020-09-30": "20874.00000", "2020-06-30": "21104.00000", "2020-03-31": "23622.00000", "2019-12-31": "25377.00000", "2019-09-30": "26789.00000", "2019-06-30": "26880.00000", "2019-03-31": "26989.00000", "2018-12-31": "25982.00000", "2018-09-30": "25751.00000", "2018-06-30": "25765.00000", "2018-03-31": "25191.00000", "2017-12-31": "25085.00000", "2017-09-30": "25790.00000", "2017-06-30": "25325.00000", "2017-03-31": "24885.00000", "2016-12-31": "27000.00000", "2016-09-30": "26755.00000", "2016-06-30": "27737.00000", "2016-03-31": "33932.00000", "2015-12-31": "36942.00000", "2015-09-30": "30248.00000", "2015-06-30": "30606.00000", "2015-03-31": "30587.00000", "2014-12-31": "32165.00000", "2014-09-30": "31583.00000", "2014-06-30": "30484.00000", "2014-03-31": "29256.00000", "2013-12-31": "29223.00000", "2013-09-30": "27948.00000", "2013-06-30": "27418.00000", "2013-03-31": "27684.00000", "2012-12-31": "27410.00000", "2012-09-30": "26312.00000", "2012-06-30": "25571.00000", "2012-03-31": "24668.00000", "2011-12-31": "23677.00000", "2011-09-30": "21204.00000", "2011-06-30": "19956.00000", "2011-03-31": "18990.00000", "2010-12-31": "18297.00000", "2010-09-30": "18198.00000", "2010-06-30": "17540.00000", "2010-03-31": "16980.00000", "2009-12-31": "16538.00000", "2009-09-30": "16337.00000", "2009-06-30": "16215.00000", "2009-03-31": "16224.00000", "2008-12-31": "14385.00000", "2008-09-30": "13846.00000", "2008-06-30": "14048.00000", "2008-03-31": "13328.00000", "2007-12-31": "13135.00000", "2007-09-30": "12469.00000", "2007-06-30": "11989.00000", "2007-03-31": "17638.00000", "2006-12-31": "16860.00000", "2006-09-30": "15984.00000", "2006-06-30": "16174.00000", "2006-03-31": "15170.00000", "2005-12-31": "15048.00000", "2005-09-30": "13695.00000", "2005-06-30": "13216.00000", "2005-03-31": "13806.00000"}, "Total Current Liabilities": {"2020-12-31": "4421.00000", "2020-09-30": "3923.00000", "2020-06-30": "4094.00000", "2020-03-31": "5053.00000", "2019-12-31": "4878.00000", "2019-09-30": "4692.00000", "2019-06-30": "4955.00000", "2019-03-31": "5047.00000", "2018-12-31": "4802.00000", "2018-09-30": "4953.00000", "2018-06-30": "5107.00000", "2018-03-31": "4969.00000", "2017-12-31": "4862.00000", "2017-09-30": "4601.00000", "2017-06-30": "4068.00000", "2017-03-31": "3842.00000", "2016-12-31": "4023.00000", "2016-09-30": "3631.00000", "2016-06-30": "4478.00000", "2016-03-31": "7412.00000", "2015-12-31": "5337.00000", "2015-09-30": "5703.00000", "2015-06-30": "5005.00000", "2015-03-31": "5018.00000", "2014-12-31": "5866.00000", "2014-09-30": "5889.00000", "2014-06-30": "5369.00000", "2014-03-31": "4932.00000", "2013-12-31": "5026.00000", "2013-09-30": "4762.00000", "2013-06-30": "4777.00000", "2013-03-31": "4666.00000", "2012-12-31": "4752.00000", "2012-09-30": "4598.00000", "2012-06-30": "4440.00000", "2012-03-31": "4310.00000", "2011-12-31": "4121.00000", "2011-09-30": "3656.00000", "2011-06-30": "3166.00000", "2011-03-31": "2919.00000", "2010-12-31": "2757.00000", "2010-09-30": "3333.00000", "2010-06-30": "3315.00000", "2010-03-31": "3145.00000", "2009-12-31": "2889.00000", "2009-09-30": "2184.00000", "2009-06-30": "2220.00000", "2009-03-31": "2331.00000", "2008-12-31": "2781.00000", "2008-09-30": "2531.00000", "2008-06-30": "2606.00000", "2008-03-31": "2482.00000", "2007-12-31": "2411.00000", "2007-09-30": "2191.00000", "2007-06-30": "2166.00000", "2007-03-31": "5079.00000", "2006-12-31": "4734.00000", "2006-09-30": "4702.00000", "2006-06-30": "4763.00000", "2006-03-31": "4162.00000", "2005-12-31": "4427.00000", "2005-09-30": "4232.00000", "2005-06-30": "4172.00000", "2005-03-31": "5179.00000"}, "Long Term Debt": {"2020-12-31": "9132.00000", "2020-09-30": "9632.00000", "2020-06-30": "9638.00000", "2020-03-31": "9633.00000", "2019-12-31": "10316.00000", "2019-09-30": "10313.00000", "2019-06-30": "10307.00000", "2019-03-31": "10307.00000", "2018-12-31": "10312.00000", "2018-09-30": "10424.00000", "2018-06-30": "10427.00000", "2018-03-31": "10428.00000", "2017-12-31": "10430.00000", "2017-09-30": "10423.00000", "2017-06-30": "10816.00000", "2017-03-31": "10812.00000", "2016-12-31": "12214.00000", "2016-09-30": "12163.00000", "2016-06-30": "12158.00000", "2016-03-31": "12207.00000", "2015-12-31": "14687.00000", "2015-09-30": "7243.00000", "2015-06-30": "7838.00000", "2015-03-31": "7841.00000", "2014-12-31": "7765.00000", "2014-09-30": "7816.00000", "2014-06-30": "7816.00000", "2014-03-31": "7816.00000", "2013-12-31": "7816.00000", "2013-09-30": "7816.00000", "2013-06-30": "4820.00000", "2013-03-31": "4820.00000", "2012-12-31": "4820.00000", "2012-09-30": "4820.00000", "2012-06-30": "4820.00000", "2012-03-31": "4820.00000", "2011-12-31": "4820.00000", "2011-09-30": "3824.00000", "2011-06-30": "3824.00000", "2011-03-31": "3824.00000", "2010-12-31": "3824.00000", "2010-09-30": "3824.00000", "2010-06-30": "3824.00000", "2010-03-31": "3824.00000", "2009-12-31": "3824.00000", "2009-09-30": "4573.00000", "2009-06-30": "4573.00000", "2009-03-31": "4578.00000", "2008-12-31": "2586.00000", "2008-09-30": "2588.00000", "2008-06-30": "2565.00000", "2008-03-31": "2624.00000", "2007-12-31": "2627.00000", "2007-09-30": "2796.00000", "2007-06-30": "2784.00000", "2007-03-31": "2785.00000", "2006-12-31": "2783.00000", "2006-09-30": "2745.00000", "2006-06-30": "2772.00000", "2006-03-31": "2793.00000", "2005-12-31": "2813.00000", "2005-09-30": "2821.00000", "2005-06-30": "3103.00000", "2005-03-31": "3109.00000"}, "Other Non-Current Liabilities": {"2020-12-31": "824.00000", "2020-09-30": "832.00000", "2020-06-30": "886.00000", "2020-03-31": "813.00000", "2019-12-31": "808.00000", "2019-09-30": "784.00000", "2019-06-30": "864.00000", "2019-03-31": "798.00000", "2018-12-31": "841.00000", "2018-09-30": "763.00000", "2018-06-30": "803.00000", "2018-03-31": "815.00000", "2017-12-31": "835.00000", "2017-09-30": "949.00000", "2017-06-30": "938.00000", "2017-03-31": "703.00000", "2016-12-31": "741.00000", "2016-09-30": "786.00000", "2016-06-30": "875.00000", "2016-03-31": "806.00000", "2015-12-31": "944.00000", "2015-09-30": "1246.00000", "2015-06-30": "1453.00000", "2015-03-31": "1462.00000", "2014-12-31": "1545.00000", "2014-09-30": "1780.00000", "2014-06-30": "2129.00000", "2014-03-31": "2186.00000", "2013-12-31": "2182.00000", "2013-09-30": "1977.00000", "2013-06-30": "1891.00000", "2013-03-31": "1895.00000", "2012-12-31": "1441.00000", "2012-09-30": "1179.00000", "2012-06-30": "1238.00000", "2012-03-31": "1165.00000", "2011-12-31": "986.00000", "2011-09-30": "871.00000", "2011-06-30": "825.00000", "2011-03-31": "828.00000", "2010-12-31": "842.00000", "2010-09-30": "743.00000", "2010-06-30": "587.00000", "2010-03-31": "626.00000", "2009-12-31": "606.00000", "2009-09-30": "538.00000", "2009-06-30": "577.00000", "2009-03-31": "686.00000", "2008-12-31": "735.00000", "2008-09-30": "834.00000", "2008-06-30": "785.00000", "2008-03-31": "666.00000", "2007-12-31": "734.00000", "2007-09-30": "692.00000", "2007-06-30": "619.00000", "2007-03-31": "344.00000", "2006-12-31": "443.00000", "2006-09-30": "579.00000", "2006-06-30": "524.00000", "2006-03-31": "504.00000", "2005-12-31": "573.00000", "2005-09-30": "524.00000", "2005-06-30": "503.00000", "2005-03-31": "435.00000"}, "Total Long Term Liabilities": {"2020-12-31": "11276.00000", "2020-09-30": "11748.00000", "2020-06-30": "11814.00000", "2020-03-31": "11726.00000", "2019-12-31": "12474.00000", "2019-09-30": "12335.00000", "2019-06-30": "12401.00000", "2019-03-31": "12317.00000", "2018-12-31": "11636.00000", "2018-09-30": "11781.00000", "2018-06-30": "11815.00000", "2018-03-31": "11831.00000", "2017-12-31": "11874.00000", "2017-09-30": "11943.00000", "2017-06-30": "12304.00000", "2017-03-31": "12054.00000", "2016-12-31": "13529.00000", "2016-09-30": "13398.00000", "2016-06-30": "13482.00000", "2016-03-31": "13460.00000", "2015-12-31": "16110.00000", "2015-09-30": "9065.00000", "2015-06-30": "9886.00000", "2015-03-31": "9946.00000", "2014-12-31": "10001.00000", "2014-09-30": "10176.00000", "2014-06-30": "10528.00000", "2014-03-31": "10572.00000", "2013-12-31": "10582.00000", "2013-09-30": "10368.00000", "2013-06-30": "7276.00000", "2013-03-31": "7281.00000", "2012-12-31": "6868.00000", "2012-09-30": "6523.00000", "2012-06-30": "6570.00000", "2012-03-31": "6494.00000", "2011-12-31": "6340.00000", "2011-09-30": "5172.00000", "2011-06-30": "5132.00000", "2011-03-31": "5131.00000", "2010-12-31": "5153.00000", "2010-09-30": "5012.00000", "2010-06-30": "4841.00000", "2010-03-31": "4875.00000", "2009-12-31": "4892.00000", "2009-09-30": "5577.00000", "2009-06-30": "5671.00000", "2009-03-31": "5798.00000", "2008-12-31": "3860.00000", "2008-09-30": "3888.00000", "2008-06-30": "3857.00000", "2008-03-31": "3784.00000", "2007-12-31": "3858.00000", "2007-09-30": "4081.00000", "2007-06-30": "3965.00000", "2007-03-31": "4667.00000", "2006-12-31": "4750.00000", "2006-09-30": "4193.00000", "2006-06-30": "4083.00000", "2006-03-31": "4136.00000", "2005-12-31": "4249.00000", "2005-09-30": "4116.00000", "2005-06-30": "4349.00000", "2005-03-31": "4289.00000"}, "Total Liabilities": {"2020-12-31": "15697.00000", "2020-09-30": "15671.00000", "2020-06-30": "15908.00000", "2020-03-31": "16779.00000", "2019-12-31": "17352.00000", "2019-09-30": "17027.00000", "2019-06-30": "17356.00000", "2019-03-31": "17364.00000", "2018-12-31": "16438.00000", "2018-09-30": "16734.00000", "2018-06-30": "16922.00000", "2018-03-31": "16800.00000", "2017-12-31": "16736.00000", "2017-09-30": "16544.00000", "2017-06-30": "16372.00000", "2017-03-31": "15896.00000", "2016-12-31": "17552.00000", "2016-09-30": "17029.00000", "2016-06-30": "17960.00000", "2016-03-31": "20872.00000", "2015-12-31": "21447.00000", "2015-09-30": "14768.00000", "2015-06-30": "14891.00000", "2015-03-31": "14964.00000", "2014-12-31": "15867.00000", "2014-09-30": "16065.00000", "2014-06-30": "15897.00000", "2014-03-31": "15504.00000", "2013-12-31": "15608.00000", "2013-09-30": "15130.00000", "2013-06-30": "12053.00000", "2013-03-31": "11947.00000", "2012-12-31": "11620.00000", "2012-09-30": "11121.00000", "2012-06-30": "11010.00000", "2012-03-31": "10804.00000", "2011-12-31": "10461.00000", "2011-09-30": "8828.00000", "2011-06-30": "8298.00000", "2011-03-31": "8050.00000", "2010-12-31": "7910.00000", "2010-09-30": "8345.00000", "2010-06-30": "8156.00000", "2010-03-31": "8020.00000", "2009-12-31": "7781.00000", "2009-09-30": "7761.00000", "2009-06-30": "7891.00000", "2009-03-31": "8129.00000", "2008-12-31": "6641.00000", "2008-09-30": "6419.00000", "2008-06-30": "6463.00000", "2008-03-31": "6266.00000", "2007-12-31": "6269.00000", "2007-09-30": "6272.00000", "2007-06-30": "6131.00000", "2007-03-31": "9746.00000", "2006-12-31": "9484.00000", "2006-09-30": "8895.00000", "2006-06-30": "8846.00000", "2006-03-31": "8298.00000", "2005-12-31": "8676.00000", "2005-09-30": "8348.00000", "2005-06-30": "8521.00000", "2005-03-31": "9468.00000"}, "Common Stock Net": {"2020-12-31": "4974.00000", "2020-09-30": "2666.00000", "2020-06-30": "2666.00000", "2020-03-31": "2669.00000", "2019-12-31": "2669.00000", "2019-09-30": "2670.00000", "2019-06-30": "2670.00000", "2019-03-31": "2671.00000", "2018-12-31": "2671.00000", "2018-09-30": "2672.00000", "2018-06-30": "2672.00000", "2018-03-31": "2672.00000", "2017-12-31": "2673.00000", "2017-09-30": "2673.00000", "2017-06-30": "2673.00000", "2017-03-31": "2674.00000", "2016-12-31": "2674.00000", "2016-09-30": "2675.00000", "2016-06-30": "2675.00000", "2016-03-31": "2676.00000", "2015-12-31": "2677.00000", "2015-09-30": "2677.00000", "2015-06-30": "2677.00000", "2015-03-31": "2678.00000", "2014-12-31": "2679.00000", "2014-09-30": "2679.00000", "2014-06-30": "2679.00000", "2014-03-31": "2680.00000", "2013-12-31": "2680.00000", "2013-09-30": "2681.00000", "2013-06-30": "2681.00000", "2013-03-31": "2681.00000", "2012-12-31": "2682.00000", "2012-09-30": "2682.00000", "2012-06-30": "2683.00000", "2012-03-31": "2683.00000", "2011-12-31": "2683.00000", "2011-09-30": "2682.00000", "2011-06-30": "2680.00000", "2011-03-31": "2678.00000", "2010-12-31": "2674.00000", "2010-09-30": "2670.00000", "2010-06-30": "2670.00000", "2010-03-31": "2669.00000", "2009-12-31": "2669.00000", "2009-09-30": "2667.00000", "2009-06-30": "2667.00000", "2009-03-31": "2667.00000", "2008-12-31": "2666.00000", "2008-09-30": "2666.00000", "2008-06-30": "2666.00000", "2008-03-31": "2659.00000", "2007-12-31": "2657.00000", "2007-09-30": "2655.00000", "2007-06-30": "2653.00000", "2007-03-31": "2652.00000", "2006-12-31": "2650.00000", "2006-09-30": "2648.00000", "2006-06-30": "2647.00000", "2006-03-31": "1322.00000", "2005-12-31": "2634.00000", "2005-09-30": "1315.00000", "2005-06-30": "1303.00000", "2005-03-31": "1300.00000"}, "Retained Earnings (Accumulated Deficit)": {"2020-12-31": "", "2020-09-30": "8987.00000", "2020-06-30": "9098.00000", "2020-03-31": "10814.00000", "2019-12-31": "11989.00000", "2019-09-30": "13800.00000", "2019-06-30": "13652.00000", "2019-03-31": "13734.00000", "2018-12-31": "13739.00000", "2018-09-30": "13216.00000", "2018-06-30": "12939.00000", "2018-03-31": "12586.00000", "2017-12-31": "12668.00000", "2017-09-30": "13649.00000", "2017-06-30": "13441.00000", "2017-03-31": "13569.00000", "2016-12-31": "14141.00000", "2016-09-30": "14445.00000", "2016-06-30": "14595.00000", "2016-03-31": "17958.00000", "2015-12-31": "20524.00000", "2015-09-30": "20706.00000", "2015-06-30": "20914.00000", "2015-03-31": "21013.00000", "2014-12-31": "21809.00000", "2014-09-30": "21060.00000", "2014-06-30": "19984.00000", "2014-03-31": "19337.00000", "2013-12-31": "18842.00000", "2013-09-30": "18177.00000", "2013-06-30": "17577.00000", "2013-03-31": "17048.00000", "2012-12-31": "17182.00000", "2012-09-30": "16596.00000", "2012-06-30": "16077.00000", "2012-03-31": "15424.00000", "2011-12-31": "14880.00000", "2011-09-30": "14057.00000", "2011-06-30": "13456.00000", "2011-03-31": "12800.00000", "2010-12-31": "12371.00000", "2010-09-30": "11848.00000", "2010-06-30": "11386.00000", "2010-03-31": "10988.00000", "2009-12-31": "10863.00000", "2009-09-30": "10702.00000", "2009-06-30": "10521.00000", "2009-03-31": "10340.00000", "2008-12-31": "10041.00000", "2008-09-30": "9025.00000", "2008-06-30": "9127.00000", "2008-03-31": "8699.00000", "2007-12-31": "8202.00000", "2007-09-30": "7591.00000", "2007-06-30": "6942.00000", "2007-03-31": "5494.00000", "2006-12-31": "5051.00000", "2006-09-30": "4468.00000", "2006-06-30": "3899.00000", "2006-03-31": "3386.00000", "2005-12-31": "2975.00000", "2005-09-30": "1937.00000", "2005-06-30": "1502.00000", "2005-03-31": "1173.00000"}, "Comprehensive Income": {"2020-12-31": "", "2020-09-30": "-340.00000", "2020-06-30": "-342.00000", "2020-03-31": "-351.00000", "2019-12-31": "-362.00000", "2019-09-30": "-353.00000", "2019-06-30": "-352.00000", "2019-03-31": "-354.00000", "2018-12-31": "-355.00000", "2018-09-30": "-463.00000", "2018-06-30": "-470.00000", "2018-03-31": "-471.00000", "2017-12-31": "-469.00000", "2017-09-30": "-448.00000", "2017-06-30": "-450.00000", "2017-03-31": "-452.00000", "2016-12-31": "-454.00000", "2016-09-30": "-360.00000", "2016-06-30": "-361.00000", "2016-03-31": "-364.00000", "2015-12-31": "-363.00000", "2015-09-30": "-451.00000", "2015-06-30": "-298.00000", "2015-03-31": "-402.00000", "2014-12-31": "-399.00000", "2014-09-30": "-307.00000", "2014-06-30": "-303.00000", "2014-03-31": "-303.00000", "2013-12-31": "-307.00000", "2013-09-30": "-300.00000", "2013-06-30": "-302.00000", "2013-03-31": "-303.00000", "2012-12-31": "-309.00000", "2012-09-30": "-262.00000", "2012-06-30": "-261.00000", "2012-03-31": "-266.00000", "2011-12-31": "-273.00000", "2011-09-30": "-240.00000", "2011-06-30": "-237.00000", "2011-03-31": "-238.00000", "2010-12-31": "-240.00000", "2010-09-30": "-209.00000", "2010-06-30": "-209.00000", "2010-03-31": "-206.00000", "2009-12-31": "-213.00000", "2009-09-30": "-202.00000", "2009-06-30": "-198.00000", "2009-03-31": "-224.00000", "2008-12-31": "-215.00000", "2008-09-30": "-100.00000", "2008-06-30": "-101.00000", "2008-03-31": "-102.00000", "2007-12-31": "-104.00000", "2007-09-30": "-178.00000", "2007-06-30": "-178.00000", "2007-03-31": "-426.00000", "2006-12-31": "-437.00000", "2006-09-30": "-219.00000", "2006-06-30": "-224.00000", "2006-03-31": "-261.00000", "2005-12-31": "-266.00000", "2005-09-30": "-194.00000", "2005-06-30": "-186.00000", "2005-03-31": "-166.00000"}, "Other Share Holders Equity": {"2020-12-31": "", "2020-09-30": "", "2020-06-30": "", "2020-03-31": "", "2019-12-31": "", "2019-09-30": "", "2019-06-30": "", "2019-03-31": "", "2018-12-31": "", "2018-09-30": "", "2018-06-30": "", "2018-03-31": "", "2017-12-31": "", "2017-09-30": "", "2017-06-30": "", "2017-03-31": "", "2016-12-31": "", "2016-09-30": "", "2016-06-30": "", "2016-03-31": "", "2015-12-31": "", "2015-09-30": "", "2015-06-30": "", "2015-03-31": "", "2014-12-31": "", "2014-09-30": "", "2014-06-30": "", "2014-03-31": "", "2013-12-31": "", "2013-09-30": "", "2013-06-30": "", "2013-03-31": "", "2012-12-31": "", "2012-09-30": "", "2012-06-30": "", "2012-03-31": "", "2011-12-31": "", "2011-09-30": "", "2011-06-30": "", "2011-03-31": "", "2010-12-31": "", "2010-09-30": "", "2010-06-30": "", "2010-03-31": "", "2009-12-31": "", "2009-09-30": "", "2009-06-30": "", "2009-03-31": "", "2008-12-31": "", "2008-09-30": "", "2008-06-30": "", "2008-03-31": "", "2007-12-31": "", "2007-09-30": "", "2007-06-30": "", "2007-03-31": "", "2006-12-31": "", "2006-09-30": "", "2006-06-30": "", "2006-03-31": "", "2005-12-31": "", "2005-09-30": "", "2005-06-30": "", "2005-03-31": ""}, "Share Holder Equity": {"2020-12-31": "4983.00000", "2020-09-30": "5203.00000", "2020-06-30": "5196.00000", "2020-03-31": "6843.00000", "2019-12-31": "8025.00000", "2019-09-30": "9762.00000", "2019-06-30": "9524.00000", "2019-03-31": "9625.00000", "2018-12-31": "9544.00000", "2018-09-30": "9017.00000", "2018-06-30": "8843.00000", "2018-03-31": "8391.00000", "2017-12-31": "8349.00000", "2017-09-30": "9246.00000", "2017-06-30": "8953.00000", "2017-03-31": "8989.00000", "2016-12-31": "9448.00000", "2016-09-30": "9726.00000", "2016-06-30": "9777.00000", "2016-03-31": "13060.00000", "2015-12-31": "15495.00000", "2015-09-30": "15480.00000", "2015-06-30": "15715.00000", "2015-03-31": "15623.00000", "2014-12-31": "16298.00000", "2014-09-30": "15518.00000", "2014-06-30": "14587.00000", "2014-03-31": "13752.00000", "2013-12-31": "13615.00000", "2013-09-30": "12818.00000", "2013-06-30": "15365.00000", "2013-03-31": "15737.00000", "2012-12-31": "15790.00000", "2012-09-30": "15191.00000", "2012-06-30": "14561.00000", "2012-03-31": "13864.00000", "2011-12-31": "13216.00000", "2011-09-30": "12376.00000", "2011-06-30": "11658.00000", "2011-03-31": "10940.00000", "2010-12-31": "10387.00000", "2010-09-30": "9853.00000", "2010-06-30": "9384.00000", "2010-03-31": "8960.00000", "2009-12-31": "8757.00000", "2009-09-30": "8576.00000", "2009-06-30": "8324.00000", "2009-03-31": "8095.00000", "2008-12-31": "7744.00000", "2008-09-30": "7427.00000", "2008-06-30": "7585.00000", "2008-03-31": "7062.00000", "2007-12-31": "6866.00000", "2007-09-30": "6197.00000", "2007-06-30": "5858.00000", "2007-03-31": "7892.00000", "2006-12-31": "7376.00000", "2006-09-30": "7089.00000", "2006-06-30": "7328.00000", "2006-03-31": "6872.00000", "2005-12-31": "6372.00000", "2005-09-30": "5347.00000", "2005-06-30": "4695.00000", "2005-03-31": "4338.00000"}, "Total Liabilities And Share Holders Equity": {"2020-12-31": "20680.00000", "2020-09-30": "20874.00000", "2020-06-30": "21104.00000", "2020-03-31": "23622.00000", "2019-12-31": "25377.00000", "2019-09-30": "26789.00000", "2019-06-30": "26880.00000", "2019-03-31": "26989.00000", "2018-12-31": "25982.00000", "2018-09-30": "25751.00000", "2018-06-30": "25765.00000", "2018-03-31": "25191.00000", "2017-12-31": "25085.00000", "2017-09-30": "25790.00000", "2017-06-30": "25325.00000", "2017-03-31": "24885.00000", "2016-12-31": "27000.00000", "2016-09-30": "26755.00000", "2016-06-30": "27737.00000", "2016-03-31": "33932.00000", "2015-12-31": "36942.00000", "2015-09-30": "30248.00000", "2015-06-30": "30606.00000", "2015-03-31": "30587.00000", "2014-12-31": "32165.00000", "2014-09-30": "31583.00000", "2014-06-30": "30484.00000", "2014-03-31": "29256.00000", "2013-12-31": "29223.00000", "2013-09-30": "27948.00000", "2013-06-30": "27418.00000", "2013-03-31": "27684.00000", "2012-12-31": "27410.00000", "2012-09-30": "26312.00000", "2012-06-30": "25571.00000", "2012-03-31": "24668.00000", "2011-12-31": "23677.00000", "2011-09-30": "21204.00000", "2011-06-30": "19956.00000", "2011-03-31": "18990.00000", "2010-12-31": "18297.00000", "2010-09-30": "18198.00000", "2010-06-30": "17540.00000", "2010-03-31": "16980.00000", "2009-12-31": "16538.00000", "2009-09-30": "16337.00000", "2009-06-30": "16215.00000", "2009-03-31": "16224.00000", "2008-12-31": "14385.00000", "2008-09-30": "13846.00000", "2008-06-30": "14048.00000", "2008-03-31": "13328.00000", "2007-12-31": "13135.00000", "2007-09-30": "12469.00000", "2007-06-30": "11989.00000", "2007-03-31": "17638.00000", "2006-12-31": "16860.00000", "2006-09-30": "15984.00000", "2006-06-30": "16174.00000", "2006-03-31": "15170.00000", "2005-12-31": "15048.00000", "2005-09-30": "13695.00000", "2005-06-30": "13216.00000", "2005-03-31": "13806.00000"}}, "cash flow statement": {"Net Income/Loss": {"2020-12-31": "-2942.00000", "2019-12-31": "-1129.00000", "2018-12-31": "1657.00000", "2017-12-31": "-468.00000", "2016-12-31": "-5769.00000", "2015-12-31": "-667.00000", "2014-12-31": "3501.00000", "2013-12-31": "2135.00000", "2012-12-31": "2645.00000", "2011-12-31": "2844.00000", "2010-12-31": "1842.00000", "2009-12-31": "1155.00000", "2008-12-31": "2215.00000", "2007-12-31": "3536.00000", "2006-12-31": "2348.00000", "2005-12-31": "2358.00000"}, "Total Depreciation And Amortization - Cash Flow": {"2020-12-31": "1058.00000", "2019-12-31": "1625.00000", "2018-12-31": "1606.00000", "2017-12-31": "1556.00000", "2016-12-31": "1503.00000", "2015-12-31": "1835.00000", "2014-12-31": "2126.00000", "2013-12-31": "1900.00000", "2012-12-31": "1628.00000", "2011-12-31": "1359.00000", "2010-12-31": "1119.00000", "2009-12-31": "931.00000", "2008-12-31": "738.00000", "2007-12-31": "583.00000", "2006-12-31": "480.00000", "2005-12-31": "448.00000"}, "Other Non-Cash Items": {"2020-12-31": "3355.00000", "2019-12-31": "1966.00000", "2018-12-31": "-2.00000", "2017-12-31": "1381.00000", "2016-12-31": "1856.00000", "2015-12-31": "1316.00000", "2014-12-31": "-922.00000", "2013-12-31": "868.00000", "2012-12-31": "682.00000", "2011-12-31": "136.00000", "2010-12-31": "84.00000", "2009-12-31": "-134.00000", "2008-12-31": "677.00000", "2007-12-31": "-1136.00000", "2006-12-31": "788.00000", "2005-12-31": "-1699.00000"}, "Total Non-Cash Items": {"2020-12-31": "4413.00000", "2019-12-31": "3591.00000", "2018-12-31": "1604.00000", "2017-12-31": "2937.00000", "2016-12-31": "3359.00000", "2015-12-31": "3151.00000", "2014-12-31": "1204.00000", "2013-12-31": "2768.00000", "2012-12-31": "2310.00000", "2011-12-31": "1495.00000", "2010-12-31": "1203.00000", "2009-12-31": "797.00000", "2008-12-31": "1415.00000", "2007-12-31": "-553.00000", "2006-12-31": "1268.00000", "2005-12-31": "-1251.00000"}, "Change In Accounts Receivable": {"2020-12-31": "", "2019-12-31": "636.00000", "2018-12-31": "-186.00000", "2017-12-31": "-1350.00000", "2016-12-31": "899.00000", "2015-12-31": "1468.00000", "2014-12-31": "-1381.00000", "2013-12-31": "-449.00000", "2012-12-31": "-682.00000", "2011-12-31": "-1218.00000", "2010-12-31": "-902.00000", "2009-12-31": "869.00000", "2008-12-31": "-670.00000", "2007-12-31": "-326.00000", "2006-12-31": "-327.00000", "2005-12-31": "-570.00000"}, "Change In Inventories": {"2020-12-31": "", "2019-12-31": "-202.00000", "2018-12-31": "-681.00000", "2017-12-31": "-29.00000", "2016-12-31": "552.00000", "2015-12-31": "153.00000", "2014-12-31": "-271.00000", "2013-12-31": "-107.00000", "2012-12-31": "-611.00000", "2011-12-31": "-564.00000", "2010-12-31": "-331.00000", "2009-12-31": "232.00000", "2008-12-31": "-368.00000", "2007-12-31": "-218.00000", "2006-12-31": "-309.00000", "2005-12-31": "-151.00000"}, "Change In Accounts Payable": {"2020-12-31": "", "2019-12-31": "-595.00000", "2018-12-31": "483.00000", "2017-12-31": "753.00000", "2016-12-31": "-219.00000", "2015-12-31": "-603.00000", "2014-12-31": "489.00000", "2013-12-31": "327.00000", "2012-12-31": "200.00000", "2011-12-31": "649.00000", "2010-12-31": "330.00000", "2009-12-31": "-118.00000", "2008-12-31": "161.00000", "2007-12-31": "77.00000", "2006-12-31": "96.00000", "2005-12-31": "102.00000"}, "Change In Assets/Liabilities": {"2020-12-31": "800.00000", "2019-12-31": "", "2018-12-31": "", "2017-12-31": "", "2016-12-31": "-525.00000", "2015-12-31": "-596.00000", "2014-12-31": "520.00000", "2013-12-31": "-227.00000", "2012-12-31": "-208.00000", "2011-12-31": "478.00000", "2010-12-31": "70.00000", "2009-12-31": "-529.00000", "2008-12-31": "-79.00000", "2007-12-31": "210.00000", "2006-12-31": "581.00000", "2005-12-31": "213.00000"}, "Total Change In Assets/Liabilities": {"2020-12-31": "800.00000", "2019-12-31": "-161.00000", "2018-12-31": "-384.00000", "2017-12-31": "-626.00000", "2016-12-31": "707.00000", "2015-12-31": "422.00000", "2014-12-31": "-643.00000", "2013-12-31": "-456.00000", "2012-12-31": "-1301.00000", "2011-12-31": "-655.00000", "2010-12-31": "-833.00000", "2009-12-31": "454.00000", "2008-12-31": "-956.00000", "2007-12-31": "-257.00000", "2006-12-31": "41.00000", "2005-12-31": "-406.00000"}, "Cash Flow From Operating Activities": {"2020-12-31": "1881.00000", "2019-12-31": "2445.00000", "2018-12-31": "3157.00000", "2017-12-31": "2468.00000", "2016-12-31": "-1703.00000", "2015-12-31": "2906.00000", "2014-12-31": "4062.00000", "2013-12-31": "4447.00000", "2012-12-31": "3654.00000", "2011-12-31": "3684.00000", "2010-12-31": "2212.00000", "2009-12-31": "2406.00000", "2008-12-31": "2674.00000", "2007-12-31": "2726.00000", "2006-12-31": "3657.00000", "2005-12-31": "701.00000"}, "Net Change In Property, Plant, And Equipment": {"2020-12-31": "-442.00000", "2019-12-31": "-1340.00000", "2018-12-31": "-1808.00000", "2017-12-31": "-1215.00000", "2016-12-31": "-576.00000", "2015-12-31": "-2016.00000", "2014-12-31": "-2945.00000", "2013-12-31": "-2693.00000", "2012-12-31": "-3171.00000", "2011-12-31": "-2793.00000", "2010-12-31": "-1842.00000", "2009-12-31": "-1864.00000", "2008-12-31": "-1824.00000", "2007-12-31": "-1380.00000", "2006-12-31": "-584.00000", "2005-12-31": "-257.00000"}, "Net Change In Intangible Assets": {"2020-12-31": "", "2019-12-31": "", "2018-12-31": "", "2017-12-31": "", "2016-12-31": "", "2015-12-31": "", "2014-12-31": "", "2013-12-31": "", "2012-12-31": "", "2011-12-31": "", "2010-12-31": "", "2009-12-31": "", "2008-12-31": "", "2007-12-31": "", "2006-12-31": "", "2005-12-31": ""}, "Net Acquisitions/Divestitures": {"2020-12-31": "", "2019-12-31": "-33.00000", "2018-12-31": "-187.00000", "2017-12-31": "-628.00000", "2016-12-31": "-31.00000", "2015-12-31": "-39.00000", "2014-12-31": "-231.00000", "2013-12-31": "-94.00000", "2012-12-31": "-214.00000", "2011-12-31": "-880.00000", "2010-12-31": "-523.00000", "2009-12-31": "-55.00000", "2008-12-31": "-652.00000", "2007-12-31": "-563.00000", "2006-12-31": "-27.00000", "2005-12-31": "-108.00000"}, "Net Change In Short-term Investments": {"2020-12-31": "", "2019-12-31": "", "2018-12-31": "", "2017-12-31": "", "2016-12-31": "", "2015-12-31": "", "2014-12-31": "", "2013-12-31": "356.00000", "2012-12-31": "", "2011-12-31": "", "2010-12-31": "1925.00000", "2009-12-31": "300.00000", "2008-12-31": "", "2007-12-31": "1028.00000", "2006-12-31": "-20.00000", "2005-12-31": "891.00000"}, "Net Change In Long-Term Investments": {"2020-12-31": "", "2019-12-31": "", "2018-12-31": "", "2017-12-31": "", "2016-12-31": "4.00000", "2015-12-31": "", "2014-12-31": "", "2013-12-31": "-329.00000", "2012-12-31": "-248.00000", "2011-12-31": "500.00000", "2010-12-31": "-1282.00000", "2009-12-31": "-1620.00000", "2008-12-31": "388.00000", "2007-12-31": "-2821.00000", "2006-12-31": "", "2005-12-31": "1.00000"}, "Net Change In Investments - Total": {"2020-12-31": "", "2019-12-31": "", "2018-12-31": "", "2017-12-31": "", "2016-12-31": "4.00000", "2015-12-31": "", "2014-12-31": "", "2013-12-31": "27.00000", "2012-12-31": "-248.00000", "2011-12-31": "500.00000", "2010-12-31": "643.00000", "2009-12-31": "-1320.00000", "2008-12-31": "388.00000", "2007-12-31": "-1793.00000", "2006-12-31": "-20.00000", "2005-12-31": "892.00000"}, "Investing Activities - Other": {"2020-12-31": "-44.00000", "2019-12-31": "-72.00000", "2018-12-31": "2.00000", "2017-12-31": "-84.00000", "2016-12-31": "-107.00000", "2015-12-31": "-137.00000", "2014-12-31": "38.00000", "2013-12-31": "-110.00000", "2012-12-31": "-55.00000", "2011-12-31": "-17.00000", "2010-12-31": "-33.00000", "2009-12-31": "154.00000", "2008-12-31": "232.00000", "2007-12-31": "75.00000", "2006-12-31": "205.00000", "2005-12-31": "-17.00000"}, "Cash Flow From Investing Activities": {"2020-12-31": "-486.00000", "2019-12-31": "-1445.00000", "2018-12-31": "-1993.00000", "2017-12-31": "-1927.00000", "2016-12-31": "-710.00000", "2015-12-31": "-2192.00000", "2014-12-31": "-3138.00000", "2013-12-31": "-2870.00000", "2012-12-31": "-3688.00000", "2011-12-31": "-3190.00000", "2010-12-31": "-1755.00000", "2009-12-31": "-3085.00000", "2008-12-31": "-1856.00000", "2007-12-31": "-3661.00000", "2006-12-31": "-426.00000", "2005-12-31": "510.00000"}, "Net Long-Term Debt": {"2020-12-31": "-660.00000", "2019-12-31": "-13.00000", "2018-12-31": "-445.00000", "2017-12-31": "-1641.00000", "2016-12-31": "-3171.00000", "2015-12-31": "7432.00000", "2014-12-31": "-4.00000", "2013-12-31": "2968.00000", "2012-12-31": "", "2011-12-31": "978.00000", "2010-12-31": "-790.00000", "2009-12-31": "1944.00000", "2008-12-31": "-861.00000", "2007-12-31": "-7.00000", "2006-12-31": "-324.00000", "2005-12-31": "-779.00000"}, "Net Current Debt": {"2020-12-31": "", "2019-12-31": "", "2018-12-31": "", "2017-12-31": "", "2016-12-31": "", "2015-12-31": "", "2014-12-31": "", "2013-12-31": "", "2012-12-31": "", "2011-12-31": "", "2010-12-31": "", "2009-12-31": "", "2008-12-31": "", "2007-12-31": "", "2006-12-31": "", "2005-12-31": "8.00000"}, "Debt Issuance/Retirement Net - Total": {"2020-12-31": "-660.00000", "2019-12-31": "-13.00000", "2018-12-31": "-445.00000", "2017-12-31": "-1641.00000", "2016-12-31": "-3171.00000", "2015-12-31": "7432.00000", "2014-12-31": "-4.00000", "2013-12-31": "2968.00000", "2012-12-31": "", "2011-12-31": "978.00000", "2010-12-31": "-790.00000", "2009-12-31": "1944.00000", "2008-12-31": "-861.00000", "2007-12-31": "-7.00000", "2006-12-31": "-324.00000", "2005-12-31": "-771.00000"}, "Net Common Equity Issued/Repurchased": {"2020-12-31": "", "2019-12-31": "18.00000", "2018-12-31": "-205.00000", "2017-12-31": "158.00000", "2016-12-31": "186.00000", "2015-12-31": "167.00000", "2014-12-31": "-468.00000", "2013-12-31": "-4079.00000", "2012-12-31": "107.00000", "2011-12-31": "160.00000", "2010-12-31": "-39.00000", "2009-12-31": "57.00000", "2008-12-31": "-507.00000", "2007-12-31": "-1374.00000", "2006-12-31": "-1180.00000", "2005-12-31": "330.00000"}, "Net Total Equity Issued/Repurchased": {"2020-12-31": "", "2019-12-31": "18.00000", "2018-12-31": "-205.00000", "2017-12-31": "158.00000", "2016-12-31": "186.00000", "2015-12-31": "167.00000", "2014-12-31": "-468.00000", "2013-12-31": "-4079.00000", "2012-12-31": "107.00000", "2011-12-31": "160.00000", "2010-12-31": "-39.00000", "2009-12-31": "57.00000", "2008-12-31": "-507.00000", "2007-12-31": "-1374.00000", "2006-12-31": "-1180.00000", "2005-12-31": "330.00000"}, "Total Common And Preferred Stock Dividends Paid": {"2020-12-31": "-278.00000", "2019-12-31": "-630.00000", "2018-12-31": "-630.00000", "2017-12-31": "-626.00000", "2016-12-31": "-620.00000", "2015-12-31": "-614.00000", "2014-12-31": "-533.00000", "2013-12-31": "-465.00000", "2012-12-31": "-333.00000", "2011-12-31": "-330.00000", "2010-12-31": "-327.00000", "2009-12-31": "-324.00000", "2008-12-31": "-319.00000", "2007-12-31": "-314.00000", "2006-12-31": "-306.00000", "2005-12-31": "-254.00000"}, "Financial Activities - Other": {"2020-12-31": "-69.00000", "2019-12-31": "-70.00000", "2018-12-31": "-139.00000", "2017-12-31": "-52.00000", "2016-12-31": "65.00000", "2015-12-31": "96.00000", "2014-12-31": "-25.00000", "2013-12-31": "-178.00000", "2012-12-31": "54.00000", "2011-12-31": "25.00000", "2010-12-31": "42.00000", "2009-12-31": "-7.00000", "2008-12-31": "164.00000", "2007-12-31": "125.00000", "2006-12-31": "530.00000", "2005-12-31": "-25.00000"}, "Cash Flow From Financial Activities": {"2020-12-31": "-1007.00000", "2019-12-31": "-695.00000", "2018-12-31": "-1419.00000", "2017-12-31": "-2161.00000", "2016-12-31": "-3540.00000", "2015-12-31": "7081.00000", "2014-12-31": "-1030.00000", "2013-12-31": "-1754.00000", "2012-12-31": "-172.00000", "2011-12-31": "833.00000", "2010-12-31": "-1114.00000", "2009-12-31": "1670.00000", "2008-12-31": "-1523.00000", "2007-12-31": "-1570.00000", "2006-12-31": "-1280.00000", "2005-12-31": "-720.00000"}, "Net Cash Flow": {"2020-12-31": "295.00000", "2019-12-31": "260.00000", "2018-12-31": "-329.00000", "2017-12-31": "-1672.00000", "2016-12-31": "-6068.00000", "2015-12-31": "7786.00000", "2014-12-31": "-65.00000", "2013-12-31": "-128.00000", "2012-12-31": "-214.00000", "2011-12-31": "1300.00000", "2010-12-31": "-684.00000", "2009-12-31": "958.00000", "2008-12-31": "-723.00000", "2007-12-31": "-2532.00000", "2006-12-31": "1988.00000", "2005-12-31": "474.00000"}, "Stock-Based Compensation": {"2020-12-31": "", "2019-12-31": "", "2018-12-31": "", "2017-12-31": "", "2016-12-31": "", "2015-12-31": "", "2014-12-31": "", "2013-12-31": "", "2012-12-31": "217.00000", "2011-12-31": "", "2010-12-31": "", "2009-12-31": "", "2008-12-31": "", "2007-12-31": "", "2006-12-31": "", "2005-12-31": ""}, "Common Stock Dividends Paid": {"2020-12-31": "-278.00000", "2019-12-31": "-630.00000", "2018-12-31": "-630.00000", "2017-12-31": "-626.00000", "2016-12-31": "-620.00000", "2015-12-31": "-614.00000", "2014-12-31": "-533.00000", "2013-12-31": "-465.00000", "2012-12-31": "-333.00000", "2011-12-31": "-330.00000", "2010-12-31": "-327.00000", "2009-12-31": "-324.00000", "2008-12-31": "-319.00000", "2007-12-31": "-314.00000", "2006-12-31": "-306.00000", "2005-12-31": "-254.00000"}}, "cash flow statement, quarterly": {"Net Income/Loss": {"2020-12-31": -227, "2020-09-30": -19, "2020-06-30": -1681, "2020-03-31": "-1015.00000", "2019-12-31": -1654, "2019-09-30": 296, "2019-06-30": 77, "2019-03-31": "152.00000", "2018-12-31": 668, "2018-09-30": 434, "2018-06-30": 508, "2018-03-31": "47.00000", "2017-12-31": -825, "2017-09-30": 361, "2017-06-30": 28, "2017-03-31": "-32.00000", "2016-12-31": -153, "2016-09-30": 7, "2016-06-30": -3205, "2016-03-31": "-2418.00000", "2015-12-31": -26, "2015-09-30": -53, "2015-06-30": 53, "2015-03-31": "-641.00000", "2014-12-31": 905, "2014-09-30": 1205, "2014-06-30": 775, "2014-03-31": "616.00000", "2013-12-31": 795, "2013-09-30": 708, "2013-06-30": 648, "2013-03-31": "-16.00000", "2012-12-31": 672, "2012-09-30": 604, "2012-06-30": 739, "2012-03-31": "630.00000", "2011-12-31": 907, "2011-09-30": 685, "2011-06-30": 741, "2011-03-31": "511.00000", "2010-12-31": 607, "2010-09-30": 545, "2010-06-30": 483, "2010-03-31": "207.00000", "2009-12-31": 244, "2009-09-30": 266, "2009-06-30": 265, "2009-03-31": "380.00000", "2008-12-31": 443, "2008-09-30": 675, "2008-06-30": 517, "2008-03-31": "580.00000", "2007-12-31": 727, "2007-09-30": 727, "2007-06-30": 1530, "2007-03-31": "552.00000", "2006-12-31": 658, "2006-09-30": 611, "2006-06-30": 591, "2006-03-31": "488.00000", "2005-12-31": 1102, "2005-09-30": 499, "2005-06-30": 392, "2005-03-31": "365.00000"}, "Total Depreciation And Amortization - Cash Flow": {"2020-12-31": 229, "2020-09-30": 230, "2020-06-30": 251, "2020-03-31": "348.00000", "2019-12-31": 372, "2019-09-30": 417, "2019-06-30": 420, "2019-03-31": "416.00000", "2018-12-31": 422, "2018-09-30": 400, "2018-06-30": 390, "2018-03-31": "394.00000", "2017-12-31": 393, "2017-09-30": 394, "2017-06-30": 386, "2017-03-31": "383.00000", "2016-12-31": 386, "2016-09-30": 375, "2016-06-30": 396, "2016-03-31": "346.00000", "2015-12-31": 402, "2015-09-30": 417, "2015-06-30": 456, "2015-03-31": "560.00000", "2014-12-31": 557, "2014-09-30": 535, "2014-06-30": 524, "2014-03-31": "510.00000", "2013-12-31": 497, "2013-09-30": 481, "2013-06-30": 474, "2013-03-31": "448.00000", "2012-12-31": 431, "2012-09-30": 406, "2012-06-30": 406, "2012-03-31": "385.00000", "2011-12-31": 368, "2011-09-30": 340, "2011-06-30": 331, "2011-03-31": "320.00000", "2010-12-31": 302, "2010-09-30": 284, "2010-06-30": 272, "2010-03-31": "261.00000", "2009-12-31": 254, "2009-09-30": 238, "2009-06-30": 224, "2009-03-31": "215.00000", "2008-12-31": 203, "2008-09-30": 193, "2008-06-30": 178, "2008-03-31": "164.00000", "2007-12-31": 166, "2007-09-30": 146, "2007-06-30": 140, "2007-03-31": "131.00000", "2006-12-31": 124, "2006-09-30": 122, "2006-06-30": 117, "2006-03-31": "117.00000", "2005-12-31": 71, "2005-09-30": 125, "2005-06-30": 127, "2005-03-31": "125.00000"}, "Other Non-Cash Items": {"2020-12-31": 382, "2020-09-30": 106, "2020-06-30": 1794, "2020-03-31": "1073.00000", "2019-12-31": 1735, "2019-09-30": -30, "2019-06-30": 200, "2019-03-31": "61.00000", "2018-12-31": -267, "2018-09-30": 0, "2018-06-30": 0, "2018-03-31": "265.00000", "2017-12-31": 1119, "2017-09-30": 0, "2017-06-30": 262, "2017-03-31": "", "2016-12-31": -219, "2016-09-30": 435, "2016-06-30": -269, "2016-03-31": "1909.00000", "2015-12-31": 165, "2015-09-30": 160, "2015-06-30": 192, "2015-03-31": "799.00000", "2014-12-31": -387, "2014-09-30": -535, "2014-06-30": 0, "2014-03-31": "", "2013-12-31": 360, "2013-09-30": -273, "2013-06-30": 0, "2013-03-31": "781.00000", "2012-12-31": 382, "2012-09-30": 0, "2012-06-30": 0, "2012-03-31": "300.00000", "2011-12-31": -30, "2011-09-30": 166, "2011-06-30": 0, "2011-03-31": "", "2010-12-31": 286, "2010-09-30": -108, "2010-06-30": -47, "2010-03-31": "-47.00000", "2009-12-31": 71, "2009-09-30": -36, "2009-06-30": 105, "2009-03-31": "-274.00000", "2008-12-31": 409, "2008-09-30": 113, "2008-06-30": -6, "2008-03-31": "161.00000", "2007-12-31": -75, "2007-09-30": -79, "2007-06-30": -828, "2007-03-31": "-154.00000", "2006-12-31": 54, "2006-09-30": 520, "2006-06-30": 465, "2006-03-31": "-251.00000", "2005-12-31": -457, "2005-09-30": 41, "2005-06-30": 62, "2005-03-31": "-1345.00000"}, "Total Non-Cash Items": {"2020-12-31": 611, "2020-09-30": 336, "2020-06-30": 2045, "2020-03-31": "1421.00000", "2019-12-31": 2107, "2019-09-30": 387, "2019-06-30": 620, "2019-03-31": "477.00000", "2018-12-31": 155, "2018-09-30": 400, "2018-06-30": 390, "2018-03-31": "659.00000", "2017-12-31": 1512, "2017-09-30": 394, "2017-06-30": 648, "2017-03-31": "383.00000", "2016-12-31": 167, "2016-09-30": 810, "2016-06-30": 127, "2016-03-31": "2255.00000", "2015-12-31": 567, "2015-09-30": 577, "2015-06-30": 648, "2015-03-31": "1359.00000", "2014-12-31": 170, "2014-09-30": 0, "2014-06-30": 524, "2014-03-31": "510.00000", "2013-12-31": 857, "2013-09-30": 208, "2013-06-30": 474, "2013-03-31": "1229.00000", "2012-12-31": 813, "2012-09-30": 406, "2012-06-30": 406, "2012-03-31": "685.00000", "2011-12-31": 338, "2011-09-30": 506, "2011-06-30": 331, "2011-03-31": "320.00000", "2010-12-31": 588, "2010-09-30": 176, "2010-06-30": 225, "2010-03-31": "214.00000", "2009-12-31": 325, "2009-09-30": 202, "2009-06-30": 329, "2009-03-31": "-59.00000", "2008-12-31": 612, "2008-09-30": 306, "2008-06-30": 172, "2008-03-31": "325.00000", "2007-12-31": 91, "2007-09-30": 67, "2007-06-30": -688, "2007-03-31": "-23.00000", "2006-12-31": 178, "2006-09-30": 642, "2006-06-30": 582, "2006-03-31": "-134.00000", "2005-12-31": -386, "2005-09-30": 166, "2005-06-30": 189, "2005-03-31": "-1220.00000"}, "Change In Accounts Receivable": {"2020-12-31": -1294, "2020-09-30": 215, "2020-06-30": 1450, "2020-03-31": "-371.00000", "2019-12-31": 629, "2019-09-30": 401, "2019-06-30": -55, "2019-03-31": "-339.00000", "2018-12-31": 245, "2018-09-30": -79, "2018-06-30": -107, "2018-03-31": "-245.00000", "2017-12-31": -286, "2017-09-30": -449, "2017-06-30": -437, "2017-03-31": "-178.00000", "2016-12-31": 217, "2016-09-30": 313, "2016-06-30": 141, "2016-03-31": "228.00000", "2015-12-31": 72, "2015-09-30": -144, "2015-06-30": 777, "2015-03-31": "763.00000", "2014-12-31": -42, "2014-09-30": -745, "2014-06-30": -419, "2014-03-31": "-175.00000", "2013-12-31": 407, "2013-09-30": -243, "2013-06-30": -207, "2013-03-31": "-406.00000", "2012-12-31": 94, "2012-09-30": -174, "2012-06-30": -369, "2012-03-31": "-233.00000", "2011-12-31": -230, "2011-09-30": -405, "2011-06-30": -305, "2011-03-31": "-278.00000", "2010-12-31": -186, "2010-09-30": -169, "2010-06-30": -283, "2010-03-31": "-264.00000", "2009-12-31": 132, "2009-09-30": 98, "2009-06-30": 267, "2009-03-31": "372.00000", "2008-12-31": -42, "2008-09-30": -218, "2008-06-30": -296, "2008-03-31": "-114.00000", "2007-12-31": -8, "2007-09-30": -93, "2007-06-30": -161, "2007-03-31": "-64.00000", "2006-12-31": -62, "2006-09-30": -78, "2006-06-30": -75, "2006-03-31": "-112.00000", "2005-12-31": -921, "2005-09-30": 107, "2005-06-30": 350, "2005-03-31": "-106.00000"}, "Change In Inventories": {"2020-12-31": -115, "2020-09-30": 154, "2020-06-30": 40, "2020-03-31": "-79.00000", "2019-12-31": 178, "2019-09-30": -33, "2019-06-30": -111, "2019-03-31": "-236.00000", "2018-12-31": -139, "2018-09-30": -236, "2018-06-30": -187, "2018-03-31": "-119.00000", "2017-12-31": 20, "2017-09-30": -44, "2017-06-30": 13, "2017-03-31": "-18.00000", "2016-12-31": 164, "2016-09-30": 175, "2016-06-30": 179, "2016-03-31": "34.00000", "2015-12-31": 176, "2015-09-30": 94, "2015-06-30": 15, "2015-03-31": "-132.00000", "2014-12-31": 48, "2014-09-30": -101, "2014-06-30": -113, "2014-03-31": "-105.00000", "2013-12-31": 103, "2013-09-30": -56, "2013-06-30": -84, "2013-03-31": "-70.00000", "2012-12-31": 357, "2012-09-30": -244, "2012-06-30": -378, "2012-03-31": "-346.00000", "2011-12-31": -96, "2011-09-30": -178, "2011-06-30": -131, "2011-03-31": "-159.00000", "2010-12-31": -51, "2010-09-30": -118, "2010-06-30": -108, "2010-03-31": "-54.00000", "2009-12-31": 118, "2009-09-30": 116, "2009-06-30": 63, "2009-03-31": "-65.00000", "2008-12-31": -3, "2008-09-30": -88, "2008-06-30": -80, "2008-03-31": "-197.00000", "2007-12-31": 102, "2007-09-30": -57, "2007-06-30": -69, "2007-03-31": "-194.00000", "2006-12-31": -57, "2006-09-30": -88, "2006-06-30": -43, "2006-03-31": "-121.00000", "2005-12-31": 21, "2005-09-30": -31, "2005-06-30": -52, "2005-03-31": "-89.00000"}, "Change In Accounts Payable": {"2020-12-31": 933, "2020-09-30": -189, "2020-06-30": -994, "2020-03-31": "250.00000", "2019-12-31": -312, "2019-09-30": -269, "2019-06-30": -74, "2019-03-31": "60.00000", "2018-12-31": -118, "2018-09-30": 106, "2018-06-30": 219, "2018-03-31": "276.00000", "2017-12-31": 142, "2017-09-30": 213, "2017-06-30": 170, "2017-03-31": "228.00000", "2016-12-31": 242, "2016-09-30": 49, "2016-06-30": -340, "2016-03-31": "-170.00000", "2015-12-31": -134, "2015-09-30": 88, "2015-06-30": -239, "2015-03-31": "-318.00000", "2014-12-31": -164, "2014-09-30": 298, "2014-06-30": 195, "2014-03-31": "160.00000", "2013-12-31": 84, "2013-09-30": 16, "2013-06-30": 69, "2013-03-31": "158.00000", "2012-12-31": -97, "2012-09-30": 8, "2012-06-30": 185, "2012-03-31": "104.00000", "2011-12-31": 51, "2011-09-30": 201, "2011-06-30": 177, "2011-03-31": "220.00000", "2010-12-31": 44, "2010-09-30": -10, "2010-06-30": 109, "2010-03-31": "187.00000", "2009-12-31": -7, "2009-09-30": 39, "2009-06-30": -132, "2009-03-31": "-18.00000", "2008-12-31": -43, "2008-09-30": 24, "2008-06-30": 43, "2008-03-31": "137.00000", "2007-12-31": -32, "2007-09-30": -49, "2007-06-30": 83, "2007-03-31": "75.00000", "2006-12-31": -48, "2006-09-30": 108, "2006-06-30": -30, "2006-03-31": "66.00000", "2005-12-31": 672, "2005-09-30": -159, "2005-06-30": -444, "2005-03-31": "33.00000"}, "Change In Assets/Liabilities": {"2020-12-31": 800, "2020-09-30": 0, "2020-06-30": 0, "2020-03-31": "", "2019-12-31": 0, "2019-09-30": 0, "2019-06-30": 0, "2019-03-31": "", "2018-12-31": 0, "2018-09-30": 0, "2018-06-30": 46, "2018-03-31": "-46.00000", "2017-12-31": -177, "2017-09-30": 177, "2017-06-30": 378, "2017-03-31": "-378.00000", "2016-12-31": -525, "2016-09-30": 0, "2016-06-30": 0, "2016-03-31": "", "2015-12-31": -596, "2015-09-30": 290, "2015-06-30": -71, "2015-03-31": "-219.00000", "2014-12-31": 232, "2014-09-30": 181, "2014-06-30": 159, "2014-03-31": "-52.00000", "2013-12-31": -348, "2013-09-30": 445, "2013-06-30": 222, "2013-03-31": "-546.00000", "2012-12-31": -98, "2012-09-30": 178, "2012-06-30": -182, "2012-03-31": "-106.00000", "2011-12-31": 348, "2011-09-30": 169, "2011-06-30": 10, "2011-03-31": "-49.00000", "2010-12-31": -152, "2010-09-30": 130, "2010-06-30": 65, "2010-03-31": "27.00000", "2009-12-31": -36, "2009-09-30": -109, "2009-06-30": -155, "2009-03-31": "-229.00000", "2008-12-31": 60, "2008-09-30": -37, "2008-06-30": 104, "2008-03-31": "-206.00000", "2007-12-31": 82, "2007-09-30": 144, "2007-06-30": -111, "2007-03-31": "95.00000", "2006-12-31": 718, "2006-09-30": 9, "2006-06-30": -39, "2006-03-31": "-107.00000", "2005-12-31": 324, "2005-09-30": -30, "2005-06-30": -57, "2005-03-31": "-24.00000"}, "Total Change In Assets/Liabilities": {"2020-12-31": 818, "2020-09-30": -314, "2020-06-30": 496, "2020-03-31": "-200.00000", "2019-12-31": 568, "2019-09-30": 26, "2019-06-30": -240, "2019-03-31": "-515.00000", "2018-12-31": -12, "2018-09-30": -209, "2018-06-30": -29, "2018-03-31": "-134.00000", "2017-12-31": -301, "2017-09-30": -103, "2017-06-30": 124, "2017-03-31": "-346.00000", "2016-12-31": 98, "2016-09-30": 537, "2016-06-30": -20, "2016-03-31": "92.00000", "2015-12-31": -482, "2015-09-30": 328, "2015-06-30": 482, "2015-03-31": "94.00000", "2014-12-31": 74, "2014-09-30": -367, "2014-06-30": -178, "2014-03-31": "-172.00000", "2013-12-31": 246, "2013-09-30": 162, "2013-06-30": 0, "2013-03-31": "-864.00000", "2012-12-31": 256, "2012-09-30": -232, "2012-06-30": -744, "2012-03-31": "-581.00000", "2011-12-31": 73, "2011-09-30": -213, "2011-06-30": -249, "2011-03-31": "-266.00000", "2010-12-31": -345, "2010-09-30": -167, "2010-06-30": -217, "2010-03-31": "-104.00000", "2009-12-31": 207, "2009-09-30": 144, "2009-06-30": 43, "2009-03-31": "60.00000", "2008-12-31": -28, "2008-09-30": -319, "2008-06-30": -229, "2008-03-31": "-380.00000", "2007-12-31": 144, "2007-09-30": -55, "2007-06-30": -258, "2007-03-31": "-88.00000", "2006-12-31": 551, "2006-09-30": -49, "2006-06-30": -187, "2006-03-31": "-274.00000", "2005-12-31": 96, "2005-09-30": -113, "2005-06-30": -203, "2005-03-31": "-186.00000"}, "Cash Flow From Operating Activities": {"2020-12-31": 638, "2020-09-30": 420, "2020-06-30": 598, "2020-03-31": "225.00000", "2019-12-31": 1167, "2019-09-30": 871, "2019-06-30": 451, "2019-03-31": "-44.00000", "2018-12-31": 852, "2018-09-30": 777, "2018-06-30": 956, "2018-03-31": "572.00000", "2017-12-31": 1011, "2017-09-30": 1106, "2017-06-30": 346, "2017-03-31": "5.00000", "2016-12-31": 1059, "2016-09-30": 1041, "2016-06-30": -3632, "2016-03-31": "-171.00000", "2015-12-31": 885, "2015-09-30": 26, "2015-06-30": 1183, "2015-03-31": "812.00000", "2014-12-31": 1149, "2014-09-30": 838, "2014-06-30": 1121, "2014-03-31": "954.00000", "2013-12-31": 1898, "2013-09-30": 1078, "2013-06-30": 1122, "2013-03-31": "349.00000", "2012-12-31": 1741, "2012-09-30": 778, "2012-06-30": 401, "2012-03-31": "734.00000", "2011-12-31": 1318, "2011-09-30": 978, "2011-06-30": 823, "2011-03-31": "565.00000", "2010-12-31": 850, "2010-09-30": 554, "2010-06-30": 491, "2010-03-31": "317.00000", "2009-12-31": 776, "2009-09-30": 612, "2009-06-30": 637, "2009-03-31": "381.00000", "2008-12-31": 1027, "2008-09-30": 662, "2008-06-30": 460, "2008-03-31": "525.00000", "2007-12-31": 962, "2007-09-30": 739, "2007-06-30": 584, "2007-03-31": "441.00000", "2006-12-31": 1387, "2006-09-30": 1204, "2006-06-30": 986, "2006-03-31": "80.00000", "2005-12-31": 812, "2005-09-30": 552, "2005-06-30": 378, "2005-03-31": "-1041.00000"}, "Net Change In Property, Plant, And Equipment": {"2020-12-31": -131, "2020-09-30": -78, "2020-06-30": -89, "2020-03-31": "-144.00000", "2019-12-31": -293, "2019-09-30": -289, "2019-06-30": -364, "2019-03-31": "-394.00000", "2018-12-31": -491, "2018-09-30": -372, "2018-06-30": -491, "2018-03-31": "-454.00000", "2017-12-31": -392, "2017-09-30": -307, "2017-06-30": -292, "2017-03-31": "-224.00000", "2016-12-31": -127, "2016-09-30": -116, "2016-06-30": -149, "2016-03-31": "-184.00000", "2015-12-31": -401, "2015-09-30": -475, "2015-06-30": -490, "2015-03-31": "-650.00000", "2014-12-31": -661, "2014-09-30": -909, "2014-06-30": -732, "2014-03-31": "-643.00000", "2013-12-31": -618, "2013-09-30": -679, "2013-06-30": -711, "2013-03-31": "-685.00000", "2012-12-31": -652, "2012-09-30": -868, "2012-06-30": -869, "2012-03-31": "-782.00000", "2011-12-31": -629, "2011-09-30": -741, "2011-06-30": -719, "2011-03-31": "-704.00000", "2010-12-31": -430, "2010-09-30": -557, "2010-06-30": -451, "2010-03-31": "-404.00000", "2009-12-31": -474, "2009-09-30": -440, "2009-06-30": -432, "2009-03-31": "-518.00000", "2008-12-31": -519, "2008-09-30": -468, "2008-06-30": -488, "2008-03-31": "-349.00000", "2007-12-31": -440, "2007-09-30": -342, "2007-06-30": -154, "2007-03-31": "-444.00000", "2006-12-31": -130, "2006-09-30": -186, "2006-06-30": -174, "2006-03-31": "-94.00000", "2005-12-31": -149, "2005-09-30": -79, "2005-06-30": -110, "2005-03-31": "81.00000"}, "Net Change In Intangible Assets": {"2020-12-31": 0, "2020-09-30": 0, "2020-06-30": 0, "2020-03-31": "", "2019-12-31": 0, "2019-09-30": 0, "2019-06-30": 0, "2019-03-31": "", "2018-12-31": 0, "2018-09-30": 0, "2018-06-30": 0, "2018-03-31": "", "2017-12-31": 0, "2017-09-30": 0, "2017-06-30": 0, "2017-03-31": "", "2016-12-31": 0, "2016-09-30": 0, "2016-06-30": 0, "2016-03-31": "", "2015-12-31": 0, "2015-09-30": 0, "2015-06-30": 0, "2015-03-31": "", "2014-12-31": 0, "2014-09-30": 0, "2014-06-30": 0, "2014-03-31": "", "2013-12-31": 0, "2013-09-30": 0, "2013-06-30": 0, "2013-03-31": "", "2012-12-31": 0, "2012-09-30": 0, "2012-06-30": 0, "2012-03-31": "", "2011-12-31": 0, "2011-09-30": 0, "2011-06-30": 0, "2011-03-31": "", "2010-12-31": 0, "2010-09-30": 0, "2010-06-30": 0, "2010-03-31": "", "2009-12-31": 0, "2009-09-30": 0, "2009-06-30": 0, "2009-03-31": "", "2008-12-31": 0, "2008-09-30": 0, "2008-06-30": 0, "2008-03-31": "", "2007-12-31": 0, "2007-09-30": 0, "2007-06-30": 0, "2007-03-31": "", "2006-12-31": 0, "2006-09-30": 0, "2006-06-30": 0, "2006-03-31": "", "2005-12-31": 0, "2005-09-30": 0, "2005-06-30": 0, "2005-03-31": ""}, "Net Acquisitions/Divestitures": {"2020-12-31": 0, "2020-09-30": 0, "2020-06-30": 0, "2020-03-31": "", "2019-12-31": -33, "2019-09-30": 0, "2019-06-30": 0, "2019-03-31": "", "2018-12-31": -21, "2018-09-30": -18, "2018-06-30": -148, "2018-03-31": "", "2017-12-31": 0, "2017-09-30": -628, "2017-06-30": 0, "2017-03-31": "", "2016-12-31": -31, "2016-09-30": 0, "2016-06-30": 0, "2016-03-31": "", "2015-12-31": -39, "2015-09-30": 0, "2015-06-30": 0, "2015-03-31": "", "2014-12-31": -1, "2014-09-30": -230, "2014-06-30": 0, "2014-03-31": "", "2013-12-31": -82, "2013-09-30": -12, "2013-06-30": 0, "2013-03-31": "", "2012-12-31": -214, "2012-09-30": 0, "2012-06-30": 0, "2012-03-31": "", "2011-12-31": -880, "2011-09-30": 0, "2011-06-30": 0, "2011-03-31": "", "2010-12-31": -140, "2010-09-30": -193, "2010-06-30": -77, "2010-03-31": "-113.00000", "2009-12-31": -18, "2009-09-30": -23, "2009-06-30": -14, "2009-03-31": "", "2008-12-31": -244, "2008-09-30": -258, "2008-06-30": -150, "2008-03-31": "", "2007-12-31": -116, "2007-09-30": -322, "2007-06-30": -125, "2007-03-31": "", "2006-12-31": -27, "2006-09-30": 0, "2006-06-30": 0, "2006-03-31": "", "2005-12-31": -108, "2005-09-30": 0, "2005-06-30": 0, "2005-03-31": ""}, "Net Change In Short-term Investments": {"2020-12-31": 0, "2020-09-30": 0, "2020-06-30": 0, "2020-03-31": "", "2019-12-31": 0, "2019-09-30": 0, "2019-06-30": 0, "2019-03-31": "", "2018-12-31": 0, "2018-09-30": 0, "2018-06-30": 0, "2018-03-31": "", "2017-12-31": -67, "2017-09-30": 23, "2017-06-30": 44, "2017-03-31": "", "2016-12-31": 0, "2016-09-30": 0, "2016-06-30": 0, "2016-03-31": "", "2015-12-31": 0, "2015-09-30": 0, "2015-06-30": 0, "2015-03-31": "", "2014-12-31": -256, "2014-09-30": 256, "2014-06-30": -50, "2014-03-31": "50.00000", "2013-12-31": 62, "2013-09-30": 62, "2013-06-30": 232, "2013-03-31": "", "2012-12-31": -250, "2012-09-30": 50, "2012-06-30": 50, "2012-03-31": "150.00000", "2011-12-31": -751, "2011-09-30": 50, "2011-06-30": 401, "2011-03-31": "300.00000", "2010-12-31": 325, "2010-09-30": 1050, "2010-06-30": 550, "2010-03-31": "", "2009-12-31": 300, "2009-09-30": 0, "2009-06-30": 0, "2009-03-31": "", "2008-12-31": -388, "2008-09-30": 0, "2008-06-30": 0, "2008-03-31": "388.00000", "2007-12-31": 2141, "2007-09-30": -271, "2007-06-30": -8, "2007-03-31": "-834.00000", "2006-12-31": -20, "2006-09-30": 0, "2006-06-30": 0, "2006-03-31": "", "2005-12-31": 0, "2005-09-30": 0, "2005-06-30": 0, "2005-03-31": "891.00000"}, "Net Change In Long-Term Investments": {"2020-12-31": 0, "2020-09-30": 0, "2020-06-30": 0, "2020-03-31": "", "2019-12-31": 0, "2019-09-30": 0, "2019-06-30": 0, "2019-03-31": "", "2018-12-31": 0, "2018-09-30": 0, "2018-06-30": 0, "2018-03-31": "", "2017-12-31": 77, "2017-09-30": -23, "2017-06-30": -54, "2017-03-31": "", "2016-12-31": 4, "2016-09-30": 0, "2016-06-30": 0, "2016-03-31": "", "2015-12-31": 0, "2015-09-30": 0, "2015-06-30": 0, "2015-03-31": "", "2014-12-31": 166, "2014-09-30": -255, "2014-06-30": 144, "2014-03-31": "-55.00000", "2013-12-31": -161, "2013-09-30": -58, "2013-06-30": -91, "2013-03-31": "-19.00000", "2012-12-31": -77, "2012-09-30": -71, "2012-06-30": 0, "2012-03-31": "-100.00000", "2011-12-31": 1001, "2011-09-30": 0, "2011-06-30": 0, "2011-03-31": "-501.00000", "2010-12-31": -100, "2010-09-30": 0, "2010-06-30": -682, "2010-03-31": "-500.00000", "2009-12-31": -102, "2009-09-30": 0, "2009-06-30": -1518, "2009-03-31": "", "2008-12-31": 388, "2008-09-30": 0, "2008-06-30": 0, "2008-03-31": "", "2007-12-31": -2821, "2007-09-30": 0, "2007-06-30": 0, "2007-03-31": "", "2006-12-31": 0, "2006-09-30": 0, "2006-06-30": 0, "2006-03-31": "", "2005-12-31": -14, "2005-09-30": 15, "2005-06-30": 0, "2005-03-31": ""}, "Net Change In Investments - Total": {"2020-12-31": 0, "2020-09-30": 0, "2020-06-30": 0, "2020-03-31": "", "2019-12-31": 0, "2019-09-30": 0, "2019-06-30": 0, "2019-03-31": "", "2018-12-31": 0, "2018-09-30": 0, "2018-06-30": 0, "2018-03-31": "", "2017-12-31": 10, "2017-09-30": 0, "2017-06-30": -10, "2017-03-31": "", "2016-12-31": 4, "2016-09-30": 0, "2016-06-30": 0, "2016-03-31": "", "2015-12-31": 0, "2015-09-30": 0, "2015-06-30": 0, "2015-03-31": "", "2014-12-31": -90, "2014-09-30": 1, "2014-06-30": 94, "2014-03-31": "-5.00000", "2013-12-31": -99, "2013-09-30": 4, "2013-06-30": 141, "2013-03-31": "-19.00000", "2012-12-31": -327, "2012-09-30": -21, "2012-06-30": 50, "2012-03-31": "50.00000", "2011-12-31": 250, "2011-09-30": 50, "2011-06-30": 401, "2011-03-31": "-201.00000", "2010-12-31": 225, "2010-09-30": 1050, "2010-06-30": -132, "2010-03-31": "-500.00000", "2009-12-31": 198, "2009-09-30": 0, "2009-06-30": -1518, "2009-03-31": "", "2008-12-31": 0, "2008-09-30": 0, "2008-06-30": 0, "2008-03-31": "388.00000", "2007-12-31": -680, "2007-09-30": -271, "2007-06-30": -8, "2007-03-31": "-834.00000", "2006-12-31": -20, "2006-09-30": 0, "2006-06-30": 0, "2006-03-31": "", "2005-12-31": -14, "2005-09-30": 15, "2005-06-30": 0, "2005-03-31": "891.00000"}, "Investing Activities - Other": {"2020-12-31": -11, "2020-09-30": 15, "2020-06-30": -27, "2020-03-31": "-21.00000", "2019-12-31": 11, "2019-09-30": -30, "2019-06-30": -36, "2019-03-31": "-17.00000", "2018-12-31": -42, "2018-09-30": 388, "2018-06-30": -424, "2018-03-31": "80.00000", "2017-12-31": -38, "2017-09-30": -27, "2017-06-30": -6, "2017-03-31": "-13.00000", "2016-12-31": -34, "2016-09-30": -13, "2016-06-30": -36, "2016-03-31": "-24.00000", "2015-12-31": -28, "2015-09-30": -14, "2015-06-30": -63, "2015-03-31": "-32.00000", "2014-12-31": -54, "2014-09-30": 326, "2014-06-30": -208, "2014-03-31": "-26.00000", "2013-12-31": -204, "2013-09-30": 11, "2013-06-30": 30, "2013-03-31": "53.00000", "2012-12-31": -37, "2012-09-30": -52, "2012-06-30": 29, "2012-03-31": "5.00000", "2011-12-31": -53, "2011-09-30": 56, "2011-06-30": -8, "2011-03-31": "-12.00000", "2010-12-31": -155, "2010-09-30": 40, "2010-06-30": 35, "2010-03-31": "47.00000", "2009-12-31": 61, "2009-09-30": 31, "2009-06-30": 9, "2009-03-31": "53.00000", "2008-12-31": 136, "2008-09-30": 38, "2008-06-30": 74, "2008-03-31": "-16.00000", "2007-12-31": 1515, "2007-09-30": -2, "2007-06-30": -1422, "2007-03-31": "-16.00000", "2006-12-31": -18, "2006-09-30": -9, "2006-06-30": 254, "2006-03-31": "-22.00000", "2005-12-31": 9, "2005-09-30": -7, "2005-06-30": -11, "2005-03-31": "-8.00000"}, "Cash Flow From Investing Activities": {"2020-12-31": -142, "2020-09-30": -63, "2020-06-30": -116, "2020-03-31": "-165.00000", "2019-12-31": -315, "2019-09-30": -319, "2019-06-30": -400, "2019-03-31": "-411.00000", "2018-12-31": -554, "2018-09-30": -2, "2018-06-30": -1063, "2018-03-31": "-374.00000", "2017-12-31": -420, "2017-09-30": -962, "2017-06-30": -308, "2017-03-31": "-237.00000", "2016-12-31": -188, "2016-09-30": -129, "2016-06-30": -185, "2016-03-31": "-208.00000", "2015-12-31": -468, "2015-09-30": -489, "2015-06-30": -553, "2015-03-31": "-682.00000", "2014-12-31": -806, "2014-09-30": -812, "2014-06-30": -846, "2014-03-31": "-674.00000", "2013-12-31": -1003, "2013-09-30": -676, "2013-06-30": -540, "2013-03-31": "-651.00000", "2012-12-31": -1230, "2012-09-30": -941, "2012-06-30": -790, "2012-03-31": "-727.00000", "2011-12-31": -1312, "2011-09-30": -635, "2011-06-30": -326, "2011-03-31": "-917.00000", "2010-12-31": -500, "2010-09-30": 340, "2010-06-30": -625, "2010-03-31": "-970.00000", "2009-12-31": -233, "2009-09-30": -432, "2009-06-30": -1955, "2009-03-31": "-465.00000", "2008-12-31": -627, "2008-09-30": -688, "2008-06-30": -564, "2008-03-31": "23.00000", "2007-12-31": 279, "2007-09-30": -937, "2007-06-30": -1709, "2007-03-31": "-1294.00000", "2006-12-31": -195, "2006-09-30": -195, "2006-06-30": 80, "2006-03-31": "-116.00000", "2005-12-31": -262, "2005-09-30": -71, "2005-06-30": -121, "2005-03-31": "964.00000"}, "Net Long-Term Debt": {"2020-12-31": -1, "2020-09-30": 0, "2020-06-30": -2, "2020-03-31": "-657.00000", "2019-12-31": -2, "2019-09-30": 1, "2019-06-30": -4, "2019-03-31": "-8.00000", "2018-12-31": -9, "2018-09-30": -436, "2018-06-30": 0, "2018-03-31": "", "2017-12-31": -8, "2017-09-30": -10, "2017-06-30": -57, "2017-03-31": "-1566.00000", "2016-12-31": -22, "2016-09-30": -624, "2016-06-30": -2525, "2016-03-31": "", "2015-12-31": 7440, "2015-09-30": 0, "2015-06-30": -8, "2015-03-31": "", "2014-12-31": -4, "2014-09-30": 0, "2014-06-30": 0, "2014-03-31": "", "2013-12-31": 0, "2013-09-30": 2968, "2013-06-30": 0, "2013-03-31": "", "2012-12-31": 0, "2012-09-30": 0, "2012-06-30": 0, "2012-03-31": "", "2011-12-31": 978, "2011-09-30": 0, "2011-06-30": 0, "2011-03-31": "", "2010-12-31": -790, "2010-09-30": 0, "2010-06-30": 0, "2010-03-31": "", "2009-12-31": -31, "2009-09-30": 0, "2009-06-30": -1, "2009-03-31": "1976.00000", "2008-12-31": -154, "2008-09-30": -707, "2008-06-30": 0, "2008-03-31": "", "2007-12-31": -4, "2007-09-30": -3, "2007-06-30": 0, "2007-03-31": "", "2006-12-31": -1, "2006-09-30": -275, "2006-06-30": -41, "2006-03-31": "-7.00000", "2005-12-31": -245, "2005-09-30": -5, "2005-06-30": -493, "2005-03-31": "-36.00000"}, "Net Current Debt": {"2020-12-31": 0, "2020-09-30": 0, "2020-06-30": 0, "2020-03-31": "", "2019-12-31": 0, "2019-09-30": 0, "2019-06-30": 0, "2019-03-31": "", "2018-12-31": 0, "2018-09-30": 0, "2018-06-30": 0, "2018-03-31": "", "2017-12-31": 0, "2017-09-30": 0, "2017-06-30": 0, "2017-03-31": "", "2016-12-31": 0, "2016-09-30": -13, "2016-06-30": 13, "2016-03-31": "", "2015-12-31": 0, "2015-09-30": 0, "2015-06-30": 0, "2015-03-31": "", "2014-12-31": 0, "2014-09-30": 0, "2014-06-30": 0, "2014-03-31": "", "2013-12-31": 0, "2013-09-30": 0, "2013-06-30": 0, "2013-03-31": "", "2012-12-31": 0, "2012-09-30": 0, "2012-06-30": 0, "2012-03-31": "", "2011-12-31": 0, "2011-09-30": 0, "2011-06-30": 0, "2011-03-31": "", "2010-12-31": 0, "2010-09-30": 0, "2010-06-30": 0, "2010-03-31": "", "2009-12-31": 0, "2009-09-30": 0, "2009-06-30": 0, "2009-03-31": "", "2008-12-31": 0, "2008-09-30": 0, "2008-06-30": 0, "2008-03-31": "", "2007-12-31": 0, "2007-09-30": 0, "2007-06-30": 0, "2007-03-31": "", "2006-12-31": 14, "2006-09-30": -4, "2006-06-30": -3, "2006-03-31": "-7.00000", "2005-12-31": 17, "2005-09-30": -38, "2005-06-30": 33, "2005-03-31": "-4.00000"}, "Debt Issuance/Retirement Net - Total": {"2020-12-31": -1, "2020-09-30": 0, "2020-06-30": -2, "2020-03-31": "-657.00000", "2019-12-31": -2, "2019-09-30": 1, "2019-06-30": -4, "2019-03-31": "-8.00000", "2018-12-31": -9, "2018-09-30": -436, "2018-06-30": 0, "2018-03-31": "", "2017-12-31": -8, "2017-09-30": -10, "2017-06-30": -57, "2017-03-31": "-1566.00000", "2016-12-31": -22, "2016-09-30": -637, "2016-06-30": -2512, "2016-03-31": "", "2015-12-31": 7440, "2015-09-30": 0, "2015-06-30": -8, "2015-03-31": "", "2014-12-31": -4, "2014-09-30": 0, "2014-06-30": 0, "2014-03-31": "", "2013-12-31": 0, "2013-09-30": 2968, "2013-06-30": 0, "2013-03-31": "", "2012-12-31": 0, "2012-09-30": 0, "2012-06-30": 0, "2012-03-31": "", "2011-12-31": 978, "2011-09-30": 0, "2011-06-30": 0, "2011-03-31": "", "2010-12-31": -790, "2010-09-30": 0, "2010-06-30": 0, "2010-03-31": "", "2009-12-31": -31, "2009-09-30": 0, "2009-06-30": -1, "2009-03-31": "1976.00000", "2008-12-31": -154, "2008-09-30": -707, "2008-06-30": 0, "2008-03-31": "", "2007-12-31": -4, "2007-09-30": -3, "2007-06-30": 0, "2007-03-31": "", "2006-12-31": 13, "2006-09-30": -279, "2006-06-30": -44, "2006-03-31": "-14.00000", "2005-12-31": -228, "2005-09-30": -43, "2005-06-30": -460, "2005-03-31": "-40.00000"}, "Net Common Equity Issued/Repurchased": {"2020-12-31": 0, "2020-09-30": 0, "2020-06-30": 0, "2020-03-31": "", "2019-12-31": 18, "2019-09-30": 0, "2019-06-30": 0, "2019-03-31": "", "2018-12-31": -205, "2018-09-30": 0, "2018-06-30": 0, "2018-03-31": "", "2017-12-31": 158, "2017-09-30": 0, "2017-06-30": 0, "2017-03-31": "", "2016-12-31": 186, "2016-09-30": 0, "2016-06-30": 0, "2016-03-31": "", "2015-12-31": 167, "2015-09-30": 0, "2015-06-30": 0, "2015-03-31": "", "2014-12-31": 332, "2014-09-30": -300, "2014-06-30": 0, "2014-03-31": "-500.00000", "2013-12-31": 277, "2013-09-30": -3341, "2013-06-30": -965, "2013-03-31": "-50.00000", "2012-12-31": 107, "2012-09-30": 0, "2012-06-30": 0, "2012-03-31": "", "2011-12-31": 160, "2011-09-30": 0, "2011-06-30": -66, "2011-03-31": "66.00000", "2010-12-31": -117, "2010-09-30": 38, "2010-06-30": 6, "2010-03-31": "34.00000", "2009-12-31": 57, "2009-09-30": 0, "2009-06-30": 0, "2009-03-31": "", "2008-12-31": -3, "2008-09-30": -123, "2008-06-30": -48, "2008-03-31": "-333.00000", "2007-12-31": -163, "2007-09-30": -338, "2007-06-30": -903, "2007-03-31": "30.00000", "2006-12-31": -270, "2006-09-30": -837, "2006-06-30": -116, "2006-03-31": "43.00000", "2005-12-31": 37, "2005-09-30": 176, "2005-06-30": 34, "2005-03-31": "83.00000"}, "Net Total Equity Issued/Repurchased": {"2020-12-31": 0, "2020-09-30": 0, "2020-06-30": 0, "2020-03-31": "", "2019-12-31": 18, "2019-09-30": 0, "2019-06-30": 0, "2019-03-31": "", "2018-12-31": -205, "2018-09-30": 0, "2018-06-30": 0, "2018-03-31": "", "2017-12-31": 158, "2017-09-30": 0, "2017-06-30": 0, "2017-03-31": "", "2016-12-31": 186, "2016-09-30": 0, "2016-06-30": 0, "2016-03-31": "", "2015-12-31": 167, "2015-09-30": 0, "2015-06-30": 0, "2015-03-31": "", "2014-12-31": 332, "2014-09-30": -300, "2014-06-30": 0, "2014-03-31": "-500.00000", "2013-12-31": 277, "2013-09-30": -3341, "2013-06-30": -965, "2013-03-31": "-50.00000", "2012-12-31": 107, "2012-09-30": 0, "2012-06-30": 0, "2012-03-31": "", "2011-12-31": 160, "2011-09-30": 0, "2011-06-30": -66, "2011-03-31": "66.00000", "2010-12-31": -117, "2010-09-30": 38, "2010-06-30": 6, "2010-03-31": "34.00000", "2009-12-31": 57, "2009-09-30": 0, "2009-06-30": 0, "2009-03-31": "", "2008-12-31": -3, "2008-09-30": -123, "2008-06-30": -48, "2008-03-31": "-333.00000", "2007-12-31": -163, "2007-09-30": -338, "2007-06-30": -903, "2007-03-31": "30.00000", "2006-12-31": -270, "2006-09-30": -837, "2006-06-30": -116, "2006-03-31": "43.00000", "2005-12-31": 37, "2005-09-30": 176, "2005-06-30": 34, "2005-03-31": "83.00000"}, "Total Common And Preferred Stock Dividends Paid": {"2020-12-31": -40, "2020-09-30": -40, "2020-06-30": -40, "2020-03-31": "-158.00000", "2019-12-31": -158, "2019-09-30": -158, "2019-06-30": -157, "2019-03-31": "-157.00000", "2018-12-31": -157, "2018-09-30": -157, "2018-06-30": -158, "2018-03-31": "-158.00000", "2017-12-31": -157, "2017-09-30": -157, "2017-06-30": -156, "2017-03-31": "-156.00000", "2016-12-31": -155, "2016-09-30": -156, "2016-06-30": -155, "2016-03-31": "-154.00000", "2015-12-31": -154, "2015-09-30": -154, "2015-06-30": -153, "2015-03-31": "-153.00000", "2014-12-31": -152, "2014-09-30": -127, "2014-06-30": -127, "2014-03-31": "-127.00000", "2013-12-31": -128, "2013-09-30": -106, "2013-06-30": -115, "2013-03-31": "-116.00000", "2012-12-31": -83, "2012-09-30": -83, "2012-06-30": -84, "2012-03-31": "-83.00000", "2011-12-31": -83, "2011-09-30": -82, "2011-06-30": -83, "2011-03-31": "-82.00000", "2010-12-31": -82, "2010-09-30": -82, "2010-06-30": -82, "2010-03-31": "-81.00000", "2009-12-31": -81, "2009-09-30": -81, "2009-06-30": -81, "2009-03-31": "-81.00000", "2008-12-31": -80, "2008-09-30": -81, "2008-06-30": -78, "2008-03-31": "-80.00000", "2007-12-31": -79, "2007-09-30": -78, "2007-06-30": -82, "2007-03-31": "-75.00000", "2006-12-31": -75, "2006-09-30": -76, "2006-06-30": -78, "2006-03-31": "-77.00000", "2005-12-31": -64, "2005-09-30": -64, "2005-06-30": -63, "2005-03-31": "-63.00000"}, "Financial Activities - Other": {"2020-12-31": 6, "2020-09-30": 5, "2020-06-30": 8, "2020-03-31": "-88.00000", "2019-12-31": -3, "2019-09-30": 15, "2019-06-30": -92, "2019-03-31": "10.00000", "2018-12-31": 33, "2018-09-30": -158, "2018-06-30": 7, "2018-03-31": "-21.00000", "2017-12-31": -144, "2017-09-30": -202, "2017-06-30": 231, "2017-03-31": "63.00000", "2016-12-31": -98, "2016-09-30": 74, "2016-06-30": 12, "2016-03-31": "77.00000", "2015-12-31": -50, "2015-09-30": 75, "2015-06-30": 20, "2015-03-31": "51.00000", "2014-12-31": -336, "2014-09-30": 81, "2014-06-30": 117, "2014-03-31": "113.00000", "2013-12-31": -236, "2013-09-30": 141, "2013-06-30": -104, "2013-03-31": "21.00000", "2012-12-31": -78, "2012-09-30": 107, "2012-06-30": -9, "2012-03-31": "34.00000", "2011-12-31": -134, "2011-09-30": 79, "2011-06-30": 73, "2011-03-31": "7.00000", "2010-12-31": 171, "2010-09-30": -134, "2010-06-30": -5, "2010-03-31": "10.00000", "2009-12-31": -65, "2009-09-30": 11, "2009-06-30": 5, "2009-03-31": "42.00000", "2008-12-31": -1, "2008-09-30": 41, "2008-06-30": 116, "2008-03-31": "8.00000", "2007-12-31": 127, "2007-09-30": 5, "2007-06-30": -4, "2007-03-31": "-3.00000", "2006-12-31": 551, "2006-09-30": -28, "2006-06-30": 12, "2006-03-31": "-5.00000", "2005-12-31": -20, "2005-09-30": 0, "2005-06-30": -2, "2005-03-31": "-3.00000"}, "Cash Flow From Financial Activities": {"2020-12-31": -35, "2020-09-30": -35, "2020-06-30": -34, "2020-03-31": "-903.00000", "2019-12-31": -145, "2019-09-30": -142, "2019-06-30": -253, "2019-03-31": "-155.00000", "2018-12-31": -338, "2018-09-30": -751, "2018-06-30": -151, "2018-03-31": "-179.00000", "2017-12-31": -151, "2017-09-30": -369, "2017-06-30": 18, "2017-03-31": "-1659.00000", "2016-12-31": -89, "2016-09-30": -719, "2016-06-30": -2655, "2016-03-31": "-77.00000", "2015-12-31": 7403, "2015-09-30": -79, "2015-06-30": -141, "2015-03-31": "-102.00000", "2014-12-31": -160, "2014-09-30": -346, "2014-06-30": -10, "2014-03-31": "-514.00000", "2013-12-31": -87, "2013-09-30": -338, "2013-06-30": -1184, "2013-03-31": "-145.00000", "2012-12-31": -54, "2012-09-30": 24, "2012-06-30": -93, "2012-03-31": "-49.00000", "2011-12-31": 921, "2011-09-30": -3, "2011-06-30": -76, "2011-03-31": "-9.00000", "2010-12-31": -818, "2010-09-30": -178, "2010-06-30": -81, "2010-03-31": "-37.00000", "2009-12-31": -120, "2009-09-30": -70, "2009-06-30": -77, "2009-03-31": "1937.00000", "2008-12-31": -238, "2008-09-30": -870, "2008-06-30": -10, "2008-03-31": "-405.00000", "2007-12-31": -119, "2007-09-30": -414, "2007-06-30": -989, "2007-03-31": "-48.00000", "2006-12-31": 219, "2006-09-30": -1220, "2006-06-30": -226, "2006-03-31": "-53.00000", "2005-12-31": -275, "2005-09-30": 69, "2005-06-30": -491, "2005-03-31": "-23.00000"}, "Net Cash Flow": {"2020-12-31": 448, "2020-09-30": 304, "2020-06-30": 426, "2020-03-31": "-883.00000", "2019-12-31": 697, "2019-09-30": 395, "2019-06-30": -204, "2019-03-31": "-628.00000", "2018-12-31": -49, "2018-09-30": -1, "2018-06-30": -274, "2018-03-31": "-5.00000", "2017-12-31": 439, "2017-09-30": -241, "2017-06-30": 32, "2017-03-31": "-1902.00000", "2016-12-31": 720, "2016-09-30": 181, "2016-06-30": -6485, "2016-03-31": "-484.00000", "2015-12-31": 7828, "2015-09-30": -511, "2015-06-30": 466, "2015-03-31": "3.00000", "2014-12-31": 262, "2014-09-30": -331, "2014-06-30": 237, "2014-03-31": "-233.00000", "2013-12-31": 865, "2013-09-30": 79, "2013-06-30": -617, "2013-03-31": "-455.00000", "2012-12-31": 452, "2012-09-30": -140, "2012-06-30": -483, "2012-03-31": "-43.00000", "2011-12-31": 923, "2011-09-30": 337, "2011-06-30": 408, "2011-03-31": "-368.00000", "2010-12-31": -477, "2010-09-30": 715, "2010-06-30": -223, "2010-03-31": "-699.00000", "2009-12-31": 407, "2009-09-30": 107, "2009-06-30": -1399, "2009-03-31": "1843.00000", "2008-12-31": 151, "2008-09-30": -907, "2008-06-30": -114, "2008-03-31": "147.00000", "2007-12-31": 1112, "2007-09-30": -613, "2007-06-30": -2125, "2007-03-31": "-906.00000", "2006-12-31": 1461, "2006-09-30": -215, "2006-06-30": 835, "2006-03-31": "-93.00000", "2005-12-31": 267, "2005-09-30": 549, "2005-06-30": -237, "2005-03-31": "-105.00000"}, "Stock-Based Compensation": {"2020-12-31": 0, "2020-09-30": 0, "2020-06-30": 0, "2020-03-31": "", "2019-12-31": 0, "2019-09-30": 0, "2019-06-30": 0, "2019-03-31": "", "2018-12-31": 0, "2018-09-30": 0, "2018-06-30": 0, "2018-03-31": "", "2017-12-31": 0, "2017-09-30": 0, "2017-06-30": 0, "2017-03-31": "", "2016-12-31": 0, "2016-09-30": 0, "2016-06-30": 0, "2016-03-31": "", "2015-12-31": 0, "2015-09-30": 0, "2015-06-30": 0, "2015-03-31": "", "2014-12-31": 0, "2014-09-30": 0, "2014-06-30": 0, "2014-03-31": "", "2013-12-31": 0, "2013-09-30": 0, "2013-06-30": 0, "2013-03-31": "", "2012-12-31": 217, "2012-09-30": 0, "2012-06-30": 0, "2012-03-31": "", "2011-12-31": 0, "2011-09-30": 0, "2011-06-30": 0, "2011-03-31": "", "2010-12-31": 0, "2010-09-30": 0, "2010-06-30": 0, "2010-03-31": "", "2009-12-31": 0, "2009-09-30": 0, "2009-06-30": 0, "2009-03-31": "", "2008-12-31": 0, "2008-09-30": 0, "2008-06-30": 0, "2008-03-31": "", "2007-12-31": 0, "2007-09-30": 0, "2007-06-30": 0, "2007-03-31": "", "2006-12-31": 0, "2006-09-30": 0, "2006-06-30": 0, "2006-03-31": "", "2005-12-31": 0, "2005-09-30": 0, "2005-06-30": 0, "2005-03-31": ""}, "Common Stock Dividends Paid": {"2020-12-31": -40, "2020-09-30": -40, "2020-06-30": -40, "2020-03-31": "-158.00000", "2019-12-31": -158, "2019-09-30": -158, "2019-06-30": -157, "2019-03-31": "-157.00000", "2018-12-31": -157, "2018-09-30": -157, "2018-06-30": -158, "2018-03-31": "-158.00000", "2017-12-31": -157, "2017-09-30": -157, "2017-06-30": -156, "2017-03-31": "-156.00000", "2016-12-31": -155, "2016-09-30": -156, "2016-06-30": -155, "2016-03-31": "-154.00000", "2015-12-31": -154, "2015-09-30": -154, "2015-06-30": -153, "2015-03-31": "-153.00000", "2014-12-31": -152, "2014-09-30": -127, "2014-06-30": -127, "2014-03-31": "-127.00000", "2013-12-31": -128, "2013-09-30": -106, "2013-06-30": -115, "2013-03-31": "-116.00000", "2012-12-31": -83, "2012-09-30": -83, "2012-06-30": -84, "2012-03-31": "-83.00000", "2011-12-31": -83, "2011-09-30": -82, "2011-06-30": -83, "2011-03-31": "-82.00000", "2010-12-31": -82, "2010-09-30": -82, "2010-06-30": -82, "2010-03-31": "-81.00000", "2009-12-31": -81, "2009-09-30": -81, "2009-06-30": -81, "2009-03-31": "-81.00000", "2008-12-31": -80, "2008-09-30": -81, "2008-06-30": -78, "2008-03-31": "-80.00000", "2007-12-31": -79, "2007-09-30": -78, "2007-06-30": -82, "2007-03-31": "-75.00000", "2006-12-31": -75, "2006-09-30": -76, "2006-06-30": -78, "2006-03-31": "-77.00000", "2005-12-31": -64, "2005-09-30": -64, "2005-06-30": -63, "2005-03-31": "-63.00000"}}, "financial ratios": {"Current Ratio": {"2019-12-31": "2.29850", "2018-12-31": "2.32220", "2017-12-31": "2.21660", "2016-12-31": "2.90260", "2015-12-31": "3.76050", "2014-12-31": "2.49690", "2013-12-31": "2.72660", "2012-12-31": "2.75380", "2011-12-31": "2.80930", "2010-12-31": "3.22310", "2009-12-31": "2.99000", "2008-12-31": "2.66490", "2007-12-31": "3.14100", "2006-12-31": "2.36380", "2005-12-31": "2.12020"}, "Long-term Debt / Capital": {"2019-12-31": "0.56250", "2018-12-31": "0.51930", "2017-12-31": "0.55540", "2016-12-31": "0.56380", "2015-12-31": "0.48660", "2014-12-31": "0.32270", "2013-12-31": "0.36470", "2012-12-31": "0.23390", "2011-12-31": "0.26720", "2010-12-31": "0.26910", "2009-12-31": "0.30400", "2008-12-31": "0.25030", "2007-12-31": "0.27670", "2006-12-31": "0.27390", "2005-12-31": "0.30630"}, "Debt/Equity Ratio": {"2019-12-31": "1.28550", "2018-12-31": "1.08050", "2017-12-31": "1.31060", "2016-12-31": "1.31080", "2015-12-31": "0.99040", "2014-12-31": "0.47730", "2013-12-31": "0.57410", "2012-12-31": "0.30530", "2011-12-31": "0.36470", "2010-12-31": "0.36820", "2009-12-31": "0.52230", "2008-12-31": "0.33730", "2007-12-31": "0.40580", "2006-12-31": "0.38080", "2005-12-31": "0.49810"}, "Gross Margin": {"2019-12-31": "10.19730", "2018-12-31": "12.44430", "2017-12-31": "11.04270", "2016-12-31": "5.47620", "2015-12-31": "10.66310", "2014-12-31": "16.84210", "2013-12-31": "15.20650", "2012-12-31": "16.60880", "2011-12-31": "20.21020", "2010-12-31": "18.01590", "2009-12-31": "14.99830", "2008-12-31": "23.14130", "2007-12-31": "24.49550", "2006-12-31": "27.24050", "2005-12-31": "23.33660"}, "Operating Margin": {"2019-12-31": "-1.99930", "2018-12-31": "10.28130", "2017-12-31": "6.66340", "2016-12-31": "-42.61350", "2015-12-31": "-0.69820", "2014-12-31": "15.50650", "2013-12-31": "10.67270", "2012-12-31": "14.59150", "2011-12-31": "19.07850", "2010-12-31": "16.74180", "2009-12-31": "13.58770", "2008-12-31": "21.93770", "2007-12-31": "22.91670", "2006-12-31": "25.04820", "2005-12-31": "21.42570"}, "EBIT Margin": {"2019-12-31": "-1.99930", "2018-12-31": "10.28130", "2017-12-31": "6.66340", "2016-12-31": "-42.61350", "2015-12-31": "-0.69820", "2014-12-31": "15.50650", "2013-12-31": "10.67270", "2012-12-31": "14.59150", "2011-12-31": "19.07850", "2010-12-31": "16.74180", "2009-12-31": "13.58770", "2008-12-31": "21.93770", "2007-12-31": "22.91670", "2006-12-31": "25.04820", "2005-12-31": "21.42570"}, "EBITDA Margin": {"2019-12-31": "5.25260", "2018-12-31": "16.97440", "2017-12-31": "14.20950", "2016-12-31": "-33.15290", "2015-12-31": "7.06640", "2014-12-31": "21.97450", "2013-12-31": "17.13490", "2012-12-31": "20.30310", "2011-12-31": "24.55190", "2010-12-31": "22.96780", "2009-12-31": "19.93190", "2008-12-31": "25.97520", "2007-12-31": "26.73610", "2006-12-31": "28.75340", "2005-12-31": "25.86140"}, "Pre-Tax Profit Margin": {"2019-12-31": "-5.00710", "2018-12-31": "7.55990", "2017-12-31": "3.30750", "2016-12-31": "-47.99520", "2015-12-31": "-3.96060", "2014-12-31": "14.33530", "2013-12-31": "9.40070", "2012-12-31": "13.40910", "2011-12-31": "17.91860", "2010-12-31": "14.77220", "2009-12-31": "11.46170", "2008-12-31": "21.05700", "2007-12-31": "22.58260", "2006-12-31": "24.69320", "2005-12-31": "19.77230"}, "Net Profit Margin": {"2019-12-31": "-5.04730", "2018-12-31": "6.90140", "2017-12-31": "-2.24540", "2016-12-31": "-36.27490", "2015-12-31": "-2.83930", "2014-12-31": "10.64800", "2013-12-31": "7.22740", "2012-12-31": "9.24460", "2011-12-31": "11.43420", "2010-12-31": "10.20980", "2009-12-31": "7.80240", "2008-12-31": "12.16700", "2007-12-31": "22.83810", "2006-12-31": "18.12430", "2005-12-31": "23.34650"}, "Asset Turnover": {"2019-12-31": "0.88300", "2018-12-31": "0.92350", "2017-12-31": "0.82200", "2016-12-31": "0.58840", "2015-12-31": "0.63970", "2014-12-31": "1.02190", "2013-12-31": "1.00610", "2012-12-31": "1.03990", "2011-12-31": "1.04870", "2010-12-31": "0.98230", "2009-12-31": "0.88740", "2008-12-31": "1.27070", "2007-12-31": "1.16210", "2006-12-31": "0.76840", "2005-12-31": "0.67120"}, "Inventory Turnover Ratio": {"2019-12-31": "6.41060", "2018-12-31": "6.93820", "2017-12-31": "7.65570", "2016-12-31": "6.60090", "2015-12-31": "7.05410", "2014-12-31": "7.65440", "2013-12-31": "7.54340", "2012-12-31": "7.46050", "2011-12-31": "7.70860", "2010-12-31": "7.59540", "2009-12-31": "7.80600", "2008-12-31": "7.68540", "2007-12-31": "7.89920", "2006-12-31": "7.63240", "2005-12-31": "8.12490"}, "Receiveable Turnover": {"2019-12-31": "4.89580", "2018-12-31": "4.58440", "2017-12-31": "4.09450", "2016-12-31": "4.05070", "2015-12-31": "4.44480", "2014-12-31": "4.34560", "2013-12-31": "4.75680", "2012-12-31": "4.92540", "2011-12-31": "4.88380", "2010-12-31": "4.58030", "2009-12-31": "4.95110", "2008-12-31": "4.81660", "2007-12-31": "4.93500", "2006-12-31": "4.92770", "2005-12-31": "2.10370"}, "Days Sales In Receivables": {"2019-12-31": "74.55400", "2018-12-31": "79.61700", "2017-12-31": "89.14360", "2016-12-31": "90.10700", "2015-12-31": "82.11840", "2014-12-31": "83.99330", "2013-12-31": "76.73170", "2012-12-31": "74.10640", "2011-12-31": "74.73760", "2010-12-31": "79.68950", "2009-12-31": "73.72130", "2008-12-31": "75.77960", "2007-12-31": "73.96130", "2006-12-31": "74.07060", "2005-12-31": "173.50150"}, "ROE - Return On Equity": {"2019-12-31": "-14.06850", "2018-12-31": "17.36170", "2017-12-31": "-5.37790", "2016-12-31": "-61.03940", "2015-12-31": "-4.27230", "2014-12-31": "21.08850", "2013-12-31": "15.54170", "2012-12-31": "16.38380", "2011-12-31": "22.77540", "2010-12-31": "17.34860", "2009-12-31": "13.29220", "2008-12-31": "34.06510", "2007-12-31": "36.99390", "2006-12-31": "29.51460", "2005-12-31": "33.06650"}, "Return On Tangible Equity": {"2019-12-31": "-21.65740", "2018-12-31": "24.66140", "2017-12-31": "-7.93850", "2016-12-31": "-81.98750", "2015-12-31": "-5.04960", "2014-12-31": "24.60620", "2013-12-31": "18.48520", "2012-12-31": "18.94540", "2011-12-31": "26.31120", "2010-12-31": "19.86330", "2009-12-31": "15.20180", "2008-12-31": "39.53840", "2007-12-31": "41.80380", "2006-12-31": "31.59650", "2005-12-31": "37.57800"}, "ROA - Return On Assets": {"2019-12-31": "-4.44890", "2018-12-31": "6.37750", "2017-12-31": "-1.78990", "2016-12-31": "-21.35930", "2015-12-31": "-1.79200", "2014-12-31": "10.68550", "2013-12-31": "7.24090", "2012-12-31": "9.43820", "2011-12-31": "12.71280", "2010-12-31": "9.84860", "2009-12-31": "7.03830", "2008-12-31": "18.33860", "2007-12-31": "19.33770", "2006-12-31": "12.91220", "2005-12-31": "14.00190"}, "ROI - Return On Investment": {"2019-12-31": "-6.15560", "2018-12-31": "8.34510", "2017-12-31": "-2.39100", "2016-12-31": "-26.62270", "2015-12-31": "-2.19340", "2014-12-31": "14.28330", "2013-12-31": "9.87350", "2012-12-31": "12.55220", "2011-12-31": "16.68880", "2010-12-31": "12.68030", "2009-12-31": "9.25200", "2008-12-31": "25.53730", "2007-12-31": "26.75660", "2006-12-31": "21.42930", "2005-12-31": "22.93960"}, "Book Value Per Share": {"2019-12-31": "9.14010", "2018-12-31": "10.95750", "2017-12-31": "9.56360", "2016-12-31": "10.90990", "2015-12-31": "18.10160", "2014-12-31": "19.21930", "2013-12-31": "16.03650", "2012-12-31": "16.99680", "2011-12-31": "14.34960", "2010-12-31": "11.41430", "2009-12-31": "9.70840", "2008-12-31": "8.65250", "2007-12-31": "7.80230", "2006-12-31": "7.39080", "2005-12-31": "6.19840"}, "Operating Cash Flow Per Share": {"2019-12-31": -0.8055, "2018-12-31": 0.763, "2017-12-31": 4.8147, "2016-12-31": -5.3847, "2015-12-31": -1.3608, "2014-12-31": -0.1626, "2013-12-31": 0.9927, "2012-12-31": -0.0582, "2011-12-31": 1.5676, "2010-12-31": -0.2393, "2009-12-31": -0.2743, "2008-12-31": 0.0872, "2007-12-31": -0.6151, "2006-12-31": 2.7943, "2005-12-31": 0.6753}, "Free Cash Flow Per Share": {"2019-12-31": -0.2753, "2018-12-31": 0.098, "2017-12-31": 4.0871, "2016-12-31": -3.6903, "2015-12-31": -0.2676, "2014-12-31": -0.6336, "2013-12-31": 1.4241, "2012-12-31": -0.4459, "2011-12-31": 0.5603, "2010-12-31": -0.1948, "2009-12-31": -0.3342, "2008-12-31": -0.4743, "2007-12-31": -1.5062, "2006-12-31": 2.4879, "2005-12-31": 0.4277}}, "financial ratios, quarterly": {"Current Ratio": {"2020-09-30": "2.30000", "2020-06-30": "2.22250", "2020-03-31": "2.10860", "2019-12-31": "2.29850", "2019-09-30": "2.39130", "2019-06-30": "2.26440", "2019-03-31": "2.21680", "2018-12-31": "2.32220", "2018-09-30": "2.30890", "2018-06-30": "2.23930", "2018-03-31": "2.22080", "2017-12-31": "2.21660", "2017-09-30": "2.20470", "2017-06-30": "2.52210", "2017-03-31": "2.55800", "2016-12-31": "2.90260", "2016-09-30": "3.23880", "2016-06-30": "2.80930", "2016-03-31": "2.57760", "2015-12-31": "3.76050", "2015-09-30": "2.61600", "2015-06-30": "3.04180", "2015-03-31": "2.75510", "2014-12-31": "2.49690", "2014-09-30": "2.52110", "2014-06-30": "2.63830", "2014-03-31": "2.73440", "2013-12-31": "2.72660", "2013-09-30": "2.70680", "2013-06-30": "2.64200", "2013-03-31": "2.81870", "2012-12-31": "2.75380", "2012-09-30": "2.77640", "2012-06-30": "2.82300", "2012-03-31": "2.78840", "2011-12-31": "2.80930", "2011-09-30": "2.81890", "2011-06-30": "3.01330", "2011-03-31": "3.09280", "2010-12-31": "3.22310", "2010-09-30": "2.76510", "2010-06-30": "2.77620", "2010-03-31": "2.80250", "2009-12-31": "2.99000", "2009-09-30": "3.98310", "2009-06-30": "3.60720", "2009-03-31": "3.82200", "2008-12-31": "2.66490", "2008-09-30": "2.91070", "2008-06-30": "3.04870", "2008-03-31": "3.10070", "2007-12-31": "3.14100", "2007-09-30": "3.29580", "2007-06-30": "3.35730", "2007-03-31": "2.30660", "2006-12-31": "2.36380", "2006-09-30": "2.17250", "2006-06-30": "2.23620", "2006-03-31": "2.34000", "2005-12-31": "2.12020", "2005-09-30": "2.00640", "2005-06-30": "1.90960", "2005-03-31": "1.58490"}, "Long-term Debt / Capital": {"2020-09-30": "0.64930", "2020-06-30": "0.64970", "2020-03-31": "0.58470", "2019-12-31": "0.56250", "2019-09-30": "0.51370", "2019-06-30": "0.51970", "2019-03-31": "0.51710", "2018-12-31": "0.51930", "2018-09-30": "0.53620", "2018-06-30": "0.54110", "2018-03-31": "0.55410", "2017-12-31": "0.55540", "2017-09-30": "0.52990", "2017-06-30": "0.54710", "2017-03-31": "0.54600", "2016-12-31": "0.56380", "2016-09-30": "0.55570", "2016-06-30": "0.55430", "2016-03-31": "0.48310", "2015-12-31": "0.48660", "2015-09-30": "0.31880", "2015-06-30": "0.33280", "2015-03-31": "0.33420", "2014-12-31": "0.32270", "2014-09-30": "0.33500", "2014-06-30": "0.34890", "2014-03-31": "0.36240", "2013-12-31": "0.36470", "2013-09-30": "0.37880", "2013-06-30": "0.23880", "2013-03-31": "0.23450", "2012-12-31": "0.23390", "2012-09-30": "0.24090", "2012-06-30": "0.24870", "2012-03-31": "0.25800", "2011-12-31": "0.26720", "2011-09-30": "0.23600", "2011-06-30": "0.24700", "2011-03-31": "0.25900", "2010-12-31": "0.26910", "2010-09-30": "0.27960", "2010-06-30": "0.28950", "2010-03-31": "0.29910", "2009-12-31": "0.30400", "2009-09-30": "0.34780", "2009-06-30": "0.35460", "2009-03-31": "0.36120", "2008-12-31": "0.25030", "2008-09-30": "0.25840", "2008-06-30": "0.25270", "2008-03-31": "0.27090", "2007-12-31": "0.27670", "2007-09-30": "0.31090", "2007-06-30": "0.32210", "2007-03-31": "0.26080", "2006-12-31": "0.27390", "2006-09-30": "0.27910", "2006-06-30": "0.27450", "2006-03-31": "0.28900", "2005-12-31": "0.30630", "2005-09-30": "0.34540", "2005-06-30": "0.39790", "2005-03-31": "0.41750"}, "Debt/Equity Ratio": {"2020-09-30": "1.88870", "2020-06-30": "1.89110", "2020-03-31": "1.43590", "2019-12-31": "1.28690", "2019-09-30": "1.05640", "2019-06-30": "1.08220", "2019-03-31": "1.07090", "2018-12-31": "1.08050", "2018-09-30": "1.15990", "2018-06-30": "1.22930", "2018-03-31": "1.29830", "2017-12-31": "1.31060", "2017-09-30": "1.18300", "2017-06-30": "1.24560", "2017-03-31": "1.21360", "2016-12-31": "1.31080", "2016-09-30": "1.26620", "2016-06-30": "1.32160", "2016-03-31": "1.17860", "2015-12-31": "0.99040", "2015-09-30": "0.50980", "2015-06-30": "0.49880", "2015-03-31": "0.50190", "2014-12-31": "0.47730", "2014-09-30": "0.50370", "2014-06-30": "0.53580", "2014-03-31": "0.56840", "2013-12-31": "0.57410", "2013-09-30": "0.60980", "2013-06-30": "0.31370", "2013-03-31": "0.30630", "2012-12-31": "0.30530", "2012-09-30": "0.31730", "2012-06-30": "0.33100", "2012-03-31": "0.34770", "2011-12-31": "0.36470", "2011-09-30": "0.30900", "2011-06-30": "0.32800", "2011-03-31": "0.34950", "2010-12-31": "0.36820", "2010-09-30": "0.46420", "2010-06-30": "0.48740", "2010-03-31": "0.51050", "2009-12-31": "0.52230", "2009-09-30": "0.53320", "2009-06-30": "0.55260", "2009-03-31": "0.56910", "2008-12-31": "0.33730", "2008-09-30": "0.37310", "2008-06-30": "0.36850", "2008-03-31": "0.39590", "2007-12-31": "0.40580", "2007-09-30": "0.45280", "2007-06-30": "0.47710", "2007-03-31": "0.35430", "2006-12-31": "0.38080", "2006-09-30": "0.39960", "2006-06-30": "0.42820", "2006-03-31": "0.46010", "2005-12-31": "0.49810", "2005-09-30": "0.65590", "2005-06-30": "0.75610", "2005-03-31": "0.91540"}, "Gross Margin": {"2020-09-30": "10.62190", "2020-06-30": "8.72970", "2020-03-31": "11.03830", "2019-12-31": "11.65480", "2019-09-30": "10.61260", "2019-06-30": "10.21920", "2019-03-31": "8.45390", "2018-12-31": "11.23650", "2018-09-30": "12.76730", "2018-06-30": "13.89300", "2018-03-31": "11.79440", "2017-12-31": "14.12460", "2017-09-30": "12.80310", "2017-06-30": "9.74380", "2017-03-31": "6.02940", "2016-12-31": "8.03280", "2016-09-30": "4.46130", "2016-06-30": "2.68580", "2016-03-31": "6.50310", "2015-12-31": "10.35030", "2015-09-30": "9.72770", "2015-06-30": "11.58980", "2015-03-31": "10.85110", "2014-12-31": "17.10380", "2014-09-30": "19.62990", "2014-06-30": "15.93590", "2014-03-31": "14.22160", "2013-12-31": "16.20630", "2013-09-30": "15.89940", "2013-06-30": "14.63720", "2013-03-31": "13.96620", "2012-12-31": "14.45820", "2012-09-30": "14.35800", "2012-06-30": "17.52830", "2012-03-31": "20.25340", "2011-12-31": "21.19200", "2011-09-30": "21.54860", "2011-06-30": "20.65710", "2011-03-31": "16.73610", "2010-12-31": "20.29070", "2010-09-30": "18.86390", "2010-06-30": "18.44090", "2010-03-31": "13.34750", "2009-12-31": "13.18500", "2009-09-30": "14.57640", "2009-06-30": "14.99710", "2009-03-31": "17.09750", "2008-12-31": "24.92870", "2008-09-30": "23.24340", "2008-06-30": "22.17520", "2008-03-31": "21.91610", "2007-12-31": "23.57020", "2007-09-30": "24.74540", "2007-06-30": "24.79250", "2007-03-31": "25.01460", "2006-12-31": "27.81420", "2006-09-30": "28.09550", "2006-06-30": "26.70090", "2006-03-31": "26.14020", "2005-12-31": "-9.12870", "2005-09-30": "13.92510", "2005-06-30": "13.85480", "2005-03-31": "11.85450"}, "Operating Margin": {"2020-09-30": "4.77310", "2020-06-30": "-59.79350", "2020-03-31": "-11.33610", "2019-12-31": "-31.82430", "2019-09-30": "9.65770", "2019-06-30": "5.10960", "2019-03-31": "6.36220", "2018-12-31": "10.24260", "2018-09-30": "11.60080", "2018-06-30": "12.83550", "2018-03-31": "6.16720", "2017-12-31": "6.44780", "2017-09-30": "11.79280", "2017-06-30": "2.94530", "2017-03-31": "4.74410", "2016-12-31": "1.51700", "2016-09-30": "3.33940", "2016-06-30": "-101.17340", "2016-03-31": "-73.34450", "2015-12-31": "1.69220", "2015-09-30": "0.77030", "2015-06-30": "4.29130", "2015-03-31": "-7.77310", "2014-12-31": "14.81190", "2014-09-30": "18.77950", "2014-06-30": "14.83050", "2014-03-31": "13.20090", "2013-12-31": "14.97580", "2013-09-30": "14.82870", "2013-06-30": "13.44810", "2013-03-31": "-1.40520", "2012-12-31": "13.45680", "2012-09-30": "13.41580", "2012-06-30": "16.60220", "2012-03-31": "14.89520", "2011-12-31": "20.24350", "2011-09-30": "20.34210", "2011-06-30": "19.56190", "2011-03-31": "15.41080", "2010-12-31": "18.99230", "2010-09-30": "17.53480", "2010-06-30": "17.36950", "2010-03-31": "11.93830", "2009-12-31": "11.61150", "2009-09-30": "13.21070", "2009-06-30": "13.62340", "2009-03-31": "15.76660", "2008-12-31": "23.68640", "2008-09-30": "21.65670", "2008-06-30": "21.15000", "2008-03-31": "21.02260", "2007-12-31": "21.70380", "2007-09-30": "23.16700", "2007-06-30": "23.90900", "2007-03-31": "23.02750", "2006-12-31": "26.33230", "2006-09-30": "25.64860", "2006-06-30": "24.35820", "2006-03-31": "23.55340", "2005-12-31": "-6.85200", "2005-09-30": "13.84370", "2005-06-30": "11.98470", "2005-03-31": "12.02170"}, "EBIT Margin": {"2020-09-30": "4.77310", "2020-06-30": "-59.79350", "2020-03-31": "-11.33610", "2019-12-31": "-31.82430", "2019-09-30": "9.65770", "2019-06-30": "5.10960", "2019-03-31": "6.36220", "2018-12-31": "10.24260", "2018-09-30": "11.60080", "2018-06-30": "12.83550", "2018-03-31": "6.16720", "2017-12-31": "6.44780", "2017-09-30": "11.79280", "2017-06-30": "2.94530", "2017-03-31": "4.74410", "2016-12-31": "1.51700", "2016-09-30": "3.33940", "2016-06-30": "-101.17340", "2016-03-31": "-73.34450", "2015-12-31": "1.69220", "2015-09-30": "0.77030", "2015-06-30": "4.29130", "2015-03-31": "-7.77310", "2014-12-31": "14.81190", "2014-09-30": "18.77950", "2014-06-30": "14.83050", "2014-03-31": "13.20090", "2013-12-31": "14.97580", "2013-09-30": "14.82870", "2013-06-30": "13.44810", "2013-03-31": "-1.40520", "2012-12-31": "13.45680", "2012-09-30": "13.41580", "2012-06-30": "16.60220", "2012-03-31": "14.89520", "2011-12-31": "20.24350", "2011-09-30": "20.34210", "2011-06-30": "19.56190", "2011-03-31": "15.41080", "2010-12-31": "18.99230", "2010-09-30": "17.53480", "2010-06-30": "17.36950", "2010-03-31": "11.93830", "2009-12-31": "11.61150", "2009-09-30": "13.21070", "2009-06-30": "13.62340", "2009-03-31": "15.76660", "2008-12-31": "23.68640", "2008-09-30": "21.65670", "2008-06-30": "21.15000", "2008-03-31": "21.02260", "2007-12-31": "21.70380", "2007-09-30": "23.16700", "2007-06-30": "23.90900", "2007-03-31": "23.02750", "2006-12-31": "26.33230", "2006-09-30": "25.64860", "2006-06-30": "24.35820", "2006-03-31": "23.55340", "2005-12-31": "-6.85200", "2005-09-30": "13.84370", "2005-06-30": "11.98470", "2005-03-31": "12.02170"}, "EBITDA Margin": {"2020-09-30": "", "2020-06-30": "", "2020-03-31": "", "2019-12-31": "", "2019-09-30": "", "2019-06-30": "", "2019-03-31": "", "2018-12-31": "", "2018-09-30": "", "2018-06-30": "", "2018-03-31": "", "2017-12-31": "", "2017-09-30": "", "2017-06-30": "", "2017-03-31": "", "2016-12-31": "", "2016-09-30": "", "2016-06-30": "", "2016-03-31": "", "2015-12-31": "", "2015-09-30": "", "2015-06-30": "", "2015-03-31": "", "2014-12-31": "", "2014-09-30": "", "2014-06-30": "", "2014-03-31": "", "2013-12-31": "", "2013-09-30": "", "2013-06-30": "", "2013-03-31": "", "2012-12-31": "", "2012-09-30": "", "2012-06-30": "", "2012-03-31": "", "2011-12-31": "", "2011-09-30": "", "2011-06-30": "", "2011-03-31": "", "2010-12-31": "", "2010-09-30": "", "2010-06-30": "", "2010-03-31": "", "2009-12-31": "", "2009-09-30": "", "2009-06-30": "", "2009-03-31": "", "2008-12-31": "", "2008-09-30": "", "2008-06-30": "", "2008-03-31": "", "2007-12-31": "", "2007-09-30": "", "2007-06-30": "", "2007-03-31": "", "2006-12-31": "", "2006-09-30": "", "2006-06-30": "", "2006-03-31": "", "2005-12-31": "", "2005-09-30": "", "2005-06-30": "", "2005-03-31": ""}, "Pre-Tax Profit Margin": {"2020-09-30": "-0.03360", "2020-06-30": "-65.17520", "2020-03-31": "-17.78840", "2019-12-31": "-35.38820", "2019-09-30": "6.70270", "2019-06-30": "2.54640", "2019-03-31": "3.34670", "2018-12-31": "7.71560", "2018-09-30": "8.65200", "2018-06-30": "10.29770", "2018-03-31": "3.29270", "2017-12-31": "4.10770", "2017-09-30": "9.11090", "2017-06-30": "-0.02020", "2017-03-31": "-1.33210", "2016-12-31": "-4.35220", "2016-09-30": "-1.35660", "2016-06-30": "-107.09260", "2016-03-31": "-78.39450", "2015-12-31": "-1.83000", "2015-09-30": "-1.61230", "2015-06-30": "2.11180", "2015-03-31": "-12.45390", "2014-12-31": "14.13910", "2014-09-30": "17.81400", "2014-06-30": "13.36480", "2014-03-31": "11.51330", "2013-12-31": "13.61440", "2013-09-30": "13.45020", "2013-06-30": "12.32750", "2013-03-31": "-2.62400", "2012-12-31": "12.33200", "2012-09-30": "12.33300", "2012-06-30": "15.26130", "2012-03-31": "13.71580", "2011-12-31": "19.16760", "2011-09-30": "19.25780", "2011-06-30": "18.41620", "2011-03-31": "14.02880", "2010-12-31": "17.63570", "2010-09-30": "15.75560", "2010-06-30": "15.43200", "2010-03-31": "8.85400", "2009-12-31": "9.38690", "2009-09-30": "10.95320", "2009-06-30": "10.96170", "2009-03-31": "14.33330", "2008-12-31": "22.26070", "2008-09-30": "20.97670", "2008-06-30": "20.37000", "2008-03-31": "20.45170", "2007-12-31": "21.05770", "2007-09-30": "22.81060", "2007-06-30": "23.72160", "2007-03-31": "22.93980", "2006-12-31": "25.90480", "2006-09-30": "25.44220", "2006-06-30": "24.13350", "2006-03-31": "22.97480", "2005-12-31": "-6.08580", "2005-09-30": "13.07000", "2005-06-30": "10.93910", "2005-03-31": "11.14360"}, "Net Profit Margin": {"2020-09-30": "-0.57140", "2020-06-30": "-52.44060", "2020-03-31": "-20.19060", "2019-12-31": "-31.84360", "2019-09-30": "5.31530", "2019-06-30": "1.26480", "2019-03-31": "2.64950", "2018-12-31": "11.18600", "2018-09-30": "7.04800", "2018-06-30": "8.31300", "2018-03-31": "0.80140", "2017-12-31": "-13.87210", "2017-09-30": "6.70460", "2017-06-30": "0.56490", "2017-03-31": "-0.74780", "2016-12-31": "-3.70550", "2016-09-30": "0.15650", "2016-06-30": "-83.65060", "2016-03-31": "-57.45590", "2015-12-31": "-0.55100", "2015-09-30": "-0.96740", "2015-06-30": "0.91230", "2015-03-31": "-9.12060", "2014-12-31": "10.27370", "2014-09-30": "13.82600", "2014-06-30": "9.61370", "2014-03-31": "8.46490", "2013-12-31": "10.38090", "2013-09-30": "9.44860", "2013-06-30": "8.80140", "2013-03-31": "-0.25810", "2012-12-31": "9.17700", "2012-09-30": "8.46580", "2012-06-30": "10.18800", "2012-03-31": "9.12930", "2011-12-31": "12.82560", "2011-09-30": "10.43070", "2011-06-30": "12.45160", "2011-03-31": "9.67440", "2010-12-31": "11.72480", "2010-09-30": "11.66130", "2010-06-30": "10.94140", "2010-03-31": "5.47730", "2009-12-31": "6.59250", "2009-09-30": "7.30210", "2009-06-30": "7.49860", "2009-03-31": "9.67490", "2008-12-31": "9.53160", "2008-09-30": "13.84710", "2008-06-30": "11.23250", "2008-03-31": "14.39560", "2007-12-31": "16.20010", "2007-09-30": "18.50820", "2007-06-30": "40.96390", "2007-03-31": "16.13090", "2006-12-31": "18.75180", "2006-09-30": "18.01300", "2006-06-30": "18.96660", "2006-03-31": "16.60990", "2005-12-31": "-24.12430", "2005-09-30": "10.15880", "2005-06-30": "7.88260", "2005-03-31": "7.63120"}, "Asset Turnover": {"2020-09-30": "0.14250", "2020-06-30": "0.15140", "2020-03-31": "0.21320", "2019-12-31": "0.20460", "2019-09-30": "0.20720", "2019-06-30": "0.22060", "2019-03-31": "0.21260", "2018-12-31": "0.22850", "2018-09-30": "0.23970", "2018-06-30": "0.23860", "2018-03-31": "0.22790", "2017-12-31": "0.23680", "2017-09-30": "0.21110", "2017-06-30": "0.19570", "2017-03-31": "0.17200", "2016-12-31": "0.14890", "2016-09-30": "0.14330", "2016-06-30": "0.13830", "2016-03-31": "0.12370", "2015-12-31": "0.13760", "2015-09-30": "0.18450", "2015-06-30": "0.19340", "2015-03-31": "0.23050", "2014-12-31": "0.27270", "2014-09-30": "0.27550", "2014-06-30": "0.26410", "2014-03-31": "0.25120", "2013-12-31": "0.26140", "2013-09-30": "0.26740", "2013-06-30": "0.26690", "2013-03-31": "0.25190", "2012-12-31": "0.26600", "2012-09-30": "0.27030", "2012-06-30": "0.28290", "2012-03-31": "0.27840", "2011-12-31": "0.29830", "2011-09-30": "0.30880", "2011-06-30": "0.29740", "2011-03-31": "0.27810", "2010-12-31": "0.28200", "2010-09-30": "0.25630", "2010-06-30": "0.25010", "2010-03-31": "0.22150", "2009-12-31": "0.22290", "2009-09-30": "0.21960", "2009-06-30": "0.21550", "2009-03-31": "0.24080", "2008-12-31": "0.34130", "2008-09-30": "0.35050", "2008-06-30": "0.31940", "2008-03-31": "0.30230", "2007-12-31": "0.31820", "2007-09-30": "0.31500", "2007-06-30": "0.31150", "2007-03-31": "0.19400", "2006-12-31": "0.20810", "2006-09-30": "0.21220", "2006-06-30": "0.19270", "2006-03-31": "0.19370", "2005-12-31": "-0.30360", "2005-09-30": "0.35870", "2005-06-30": "0.37630", "2005-03-31": "0.34640"}, "Inventory Turnover Ratio": {"2020-09-30": "1.03060", "2020-06-30": "1.06270", "2020-03-31": "1.39160", "2019-12-31": "1.46100", "2019-09-30": "1.46780", "2019-06-30": "1.59070", "2019-03-31": "1.60910", "2018-12-31": "1.74010", "2018-09-30": "1.86490", "2018-06-30": "2.00720", "2018-03-31": "2.05980", "2017-12-31": "2.12900", "2017-09-30": "1.94230", "2017-06-30": "1.95970", "2017-03-31": "1.75210", "2016-12-31": "1.62550", "2016-09-30": "1.47960", "2016-06-30": "1.40830", "2016-03-31": "1.35670", "2015-12-31": "1.52220", "2015-09-30": "1.87180", "2015-06-30": "1.84850", "2015-03-31": "1.81280", "2014-12-31": "2.03580", "2014-09-30": "1.91590", "2014-06-30": "1.91780", "2014-03-31": "1.84570", "2013-12-31": "1.93680", "2013-09-30": "1.84880", "2013-06-30": "1.86950", "2013-03-31": "1.84220", "2012-12-31": "1.95730", "2012-09-30": "1.72080", "2012-06-30": "1.80950", "2012-03-31": "1.87830", "2011-12-31": "2.16610", "2011-09-30": "2.12980", "2011-06-30": "2.10690", "2011-03-31": "2.09530", "2010-12-31": "2.12010", "2010-09-30": "2.00370", "2010-06-30": "2.02490", "2010-03-31": "1.96560", "2009-12-31": "2.00250", "2009-09-30": "1.78610", "2009-06-30": "1.62120", "2009-03-31": "1.70920", "2008-12-31": "2.01640", "2008-09-30": "2.04220", "2008-06-30": "2.01150", "2008-03-31": "1.90090", "2007-12-31": "2.18920", "2007-09-30": "1.89490", "2007-06-30": "1.87270", "2007-03-31": "1.79440", "2006-12-31": "2.05100", "2006-09-30": "2.01070", "2006-06-30": "2.02480", "2006-03-31": "1.99820", "2005-12-31": "-5.23090", "2005-09-30": "4.39500", "2005-06-30": "4.60150", "2005-03-31": "4.79090"}, "Receiveable Turnover": {"2020-09-30": "0.94590", "2020-06-30": "0.95550", "2020-03-31": "1.03860", "2019-12-31": "1.13410", "2019-09-30": "1.04910", "2019-06-30": "1.04040", "2019-03-31": "1.02050", "2018-12-31": "1.13410", "2018-09-30": "1.11690", "2018-06-30": "1.13770", "2018-03-31": "1.09230", "2017-12-31": "1.17950", "2017-09-30": "1.12200", "2017-06-30": "1.13040", "2017-03-31": "1.06760", "2016-12-31": "1.02520", "2016-09-30": "0.87910", "2016-06-30": "0.81160", "2016-03-31": "0.84250", "2015-12-31": "0.95580", "2015-09-30": "0.96390", "2015-06-30": "1.05080", "2015-03-31": "1.09830", "2014-12-31": "1.15940", "2014-09-30": "1.15170", "2014-06-30": "1.18730", "2014-03-31": "1.16380", "2013-12-31": "1.23590", "2013-09-30": "1.12770", "2013-06-30": "1.15070", "2013-03-31": "1.12300", "2012-12-31": "1.25970", "2012-09-30": "1.21140", "2012-06-30": "1.27490", "2012-03-31": "1.28710", "2011-12-31": "1.38950", "2011-09-30": "1.37300", "2011-06-30": "1.33430", "2011-03-31": "1.27830", "2010-12-31": "1.31500", "2010-09-30": "1.25300", "2010-06-30": "1.27050", "2010-03-31": "1.18420", "2009-12-31": "1.24360", "2009-09-30": "1.15820", "2009-06-30": "1.10850", "2009-03-31": "1.15080", "2008-12-31": "1.29380", "2008-09-30": "1.25790", "2008-06-30": "1.25300", "2008-03-31": "1.22050", "2007-12-31": "1.35110", "2007-09-30": "1.26340", "2007-06-30": "1.26700", "2007-03-31": "1.26740", "2006-12-31": "1.33470", "2006-09-30": "0.73470", "2006-06-30": "0.64840", "2006-03-31": "0.59330", "2005-12-31": "-0.95150", "2005-09-30": "1.12510", "2005-06-30": "1.13770", "2005-03-31": "0.98130"}, "Days Sales In Receivables": {"2020-09-30": "95.14290", "2020-06-30": "94.19590", "2020-03-31": "86.65870", "2019-12-31": "79.35470", "2019-09-30": "85.78380", "2019-06-30": "86.50930", "2019-03-31": "88.19590", "2018-12-31": "79.35650", "2018-09-30": "80.58000", "2018-06-30": "79.10690", "2018-03-31": "82.39550", "2017-12-31": "76.30300", "2017-09-30": "80.21310", "2017-06-30": "79.61470", "2017-03-31": "84.30010", "2016-12-31": "87.78410", "2016-09-30": "102.37410", "2016-06-30": "110.88660", "2016-03-31": "106.82940", "2015-12-31": "94.16180", "2015-09-30": "93.36980", "2015-06-30": "85.65130", "2015-03-31": "81.94470", "2014-12-31": "77.62370", "2014-09-30": "78.14620", "2014-06-30": "75.80300", "2014-03-31": "77.33530", "2013-12-31": "72.82240", "2013-09-30": "79.81000", "2013-06-30": "78.21650", "2013-03-31": "80.14050", "2012-12-31": "71.44440", "2012-09-30": "74.29340", "2012-06-30": "70.59170", "2012-03-31": "69.92430", "2011-12-31": "64.77350", "2011-09-30": "65.54830", "2011-06-30": "67.45070", "2011-03-31": "70.40520", "2010-12-31": "68.44190", "2010-09-30": "71.82640", "2010-06-30": "70.83880", "2010-03-31": "76.00110", "2009-12-31": "72.37110", "2009-09-30": "77.70900", "2009-06-30": "81.19060", "2009-03-31": "78.20580", "2008-12-31": "69.56210", "2008-09-30": "71.54750", "2008-06-30": "71.82750", "2008-03-31": "73.73790", "2007-12-31": "66.61160", "2007-09-30": "71.23470", "2007-06-30": "71.03620", "2007-03-31": "71.01110", "2006-12-31": "67.42950", "2006-09-30": "122.50300", "2006-06-30": "138.81260", "2006-03-31": "151.69500", "2005-12-31": "-94.59060", "2005-09-30": "79.99590", "2005-06-30": "79.10520", "2005-03-31": "91.71230"}, "ROE - Return On Equity": {"2020-09-30": "-0.36520", "2020-06-30": "-32.35180", "2020-03-31": "-14.83270", "2019-12-31": "-20.61060", "2019-09-30": "3.03220", "2019-06-30": "0.80850", "2019-03-31": "1.57920", "2018-12-31": "6.99920", "2018-09-30": "4.81310", "2018-06-30": "5.74470", "2018-03-31": "0.56010", "2017-12-31": "-9.65390", "2017-09-30": "3.90440", "2017-06-30": "0.31270", "2017-03-31": "-0.35600", "2016-12-31": "-1.61940", "2016-09-30": "0.07200", "2016-06-30": "-32.78100", "2016-03-31": "-18.49920", "2015-12-31": "-0.16780", "2015-09-30": "-0.34240", "2015-06-30": "0.34360", "2015-03-31": "-4.07730", "2014-12-31": "5.54670", "2014-09-30": "7.33990", "2014-06-30": "5.32670", "2014-03-31": "4.48660", "2013-12-31": "5.67020", "2013-09-30": "5.53130", "2013-06-30": "4.20440", "2013-03-31": "-0.06990", "2012-12-31": "3.74920", "2012-09-30": "4.01550", "2012-06-30": "5.13010", "2012-03-31": "4.60180", "2011-12-31": "6.86290", "2011-09-30": "6.86810", "2011-06-30": "6.35620", "2011-03-31": "4.68010", "2010-12-31": "6.03640", "2010-09-30": "4.93250", "2010-06-30": "5.08310", "2010-03-31": "2.36610", "2009-12-31": "2.83200", "2009-09-30": "3.13670", "2009-06-30": "3.19560", "2009-03-31": "4.70660", "2008-12-31": "9.69780", "2008-09-30": "9.08850", "2008-06-30": "8.25310", "2008-03-31": "8.29790", "2007-12-31": "10.04950", "2007-09-30": "11.71540", "2007-06-30": "10.15710", "2007-03-31": "6.70300", "2006-12-31": "8.50050", "2006-09-30": "8.50610", "2006-06-30": "6.79590", "2006-03-31": "6.53380", "2005-12-31": "13.68490", "2005-09-30": "9.20140", "2005-06-30": "8.17890", "2005-03-31": "8.27570"}, "Return On Tangible Equity": {"2020-09-30": "-0.79200", "2020-06-30": "-70.18790", "2020-03-31": "-25.17990", "2019-12-31": "-31.72840", "2019-09-30": "4.27130", "2019-06-30": "1.14940", "2019-03-31": "2.23500", "2018-12-31": "9.94200", "2018-09-30": "6.98090", "2018-06-30": "8.43990", "2018-03-31": "0.82690", "2017-12-31": "-14.25040", "2017-09-30": "5.50220", "2017-06-30": "0.42770", "2017-03-31": "-0.48710", "2016-12-31": "-2.17510", "2016-09-30": "0.09530", "2016-06-30": "-43.34600", "2016-03-31": "-22.62810", "2015-12-31": "-0.19830", "2015-09-30": "-0.39680", "2015-06-30": "0.39320", "2015-03-31": "-4.79270", "2014-12-31": "6.47190", "2014-09-30": "8.62490", "2014-06-30": "6.30680", "2014-03-31": "5.33780", "2013-12-31": "6.74410", "2013-09-30": "6.63050", "2013-06-30": "4.87580", "2013-03-31": "-0.08080", "2012-12-31": "4.33540", "2012-09-30": "4.65080", "2012-06-30": "5.94040", "2012-03-31": "5.36220", "2011-12-31": "7.92830", "2011-09-30": "7.72520", "2011-06-30": "7.20190", "2011-03-31": "5.32390", "2010-12-31": "6.91140", "2010-09-30": "5.65180", "2010-06-30": "5.78040", "2010-03-31": "2.71030", "2009-12-31": "3.23890", "2009-09-30": "3.59480", "2009-06-30": "3.66590", "2009-03-31": "5.42810", "2008-12-31": "11.25600", "2008-09-30": "10.50910", "2008-06-30": "9.27820", "2008-03-31": "9.36250", "2007-12-31": "11.35620", "2007-09-30": "13.28210", "2007-06-30": "11.30320", "2007-03-31": "7.24760", "2006-12-31": "9.10010", "2006-09-30": "9.55020", "2006-06-30": "7.59840", "2006-03-31": "7.35940", "2005-12-31": "15.55200", "2005-09-30": "10.67710", "2005-06-30": "9.71910", "2005-03-31": "10.12980"}, "ROA - Return On Assets": {"2020-09-30": "-0.09100", "2020-06-30": "-7.96530", "2020-03-31": "-4.29680", "2019-12-31": "-6.51770", "2019-09-30": "1.10490", "2019-06-30": "0.28650", "2019-03-31": "0.56320", "2018-12-31": "2.57100", "2018-09-30": "1.68540", "2018-06-30": "1.97170", "2018-03-31": "0.18660", "2017-12-31": "-3.21310", "2017-09-30": "1.39980", "2017-06-30": "0.11060", "2017-03-31": "-0.12860", "2016-12-31": "-0.56670", "2016-09-30": "0.02620", "2016-06-30": "-11.55500", "2016-03-31": "-7.12010", "2015-12-31": "-0.07040", "2015-09-30": "-0.17520", "2015-06-30": "0.17640", "2015-03-31": "-2.08260", "2014-12-31": "2.81050", "2014-09-30": "3.60640", "2014-06-30": "2.54890", "2014-03-31": "2.10900", "2013-12-31": "2.64180", "2013-09-30": "2.53690", "2013-06-30": "2.35610", "2013-03-31": "-0.03970", "2012-12-31": "2.15980", "2012-09-30": "2.31830", "2012-06-30": "2.92130", "2012-03-31": "2.58630", "2011-12-31": "3.83070", "2011-09-30": "4.00870", "2011-06-30": "3.71320", "2011-03-31": "2.69620", "2010-12-31": "3.42680", "2010-09-30": "2.67060", "2010-06-30": "2.71950", "2010-03-31": "1.24850", "2009-12-31": "1.49960", "2009-09-30": "1.64660", "2009-06-30": "1.64050", "2009-03-31": "2.34840", "2008-12-31": "5.22070", "2008-09-30": "4.87510", "2008-06-30": "4.45620", "2008-03-31": "4.39680", "2007-12-31": "5.25310", "2007-09-30": "5.82240", "2007-06-30": "4.96290", "2007-03-31": "2.99920", "2006-12-31": "3.71890", "2006-09-30": "3.77250", "2006-06-30": "3.07900", "2006-03-31": "2.95980", "2005-12-31": "5.79480", "2005-09-30": "3.59260", "2005-06-30": "2.90560", "2005-03-31": "2.60030"}, "ROI - Return On Investment": {"2020-09-30": "-0.12810", "2020-06-30": "-11.33210", "2020-03-31": "-6.16050", "2019-12-31": "-9.01800", "2019-09-30": "1.47450", "2019-06-30": "0.38830", "2019-03-31": "0.76260", "2018-12-31": "3.36420", "2018-09-30": "2.23240", "2018-06-30": "2.63620", "2018-03-31": "0.24970", "2017-12-31": "-4.29200", "2017-09-30": "1.83540", "2017-06-30": "0.14160", "2017-03-31": "-0.16160", "2016-12-31": "-0.70630", "2016-09-30": "0.03200", "2016-06-30": "-14.61140", "2016-03-31": "-9.56190", "2015-12-31": "-0.08610", "2015-09-30": "-0.23320", "2015-06-30": "0.22930", "2015-03-31": "-2.71480", "2014-12-31": "3.75680", "2014-09-30": "4.88130", "2014-06-30": "3.46830", "2014-03-31": "2.86070", "2013-12-31": "3.60230", "2013-09-30": "3.43610", "2013-06-30": "3.20040", "2013-03-31": "-0.05350", "2012-12-31": "2.87240", "2012-09-30": "3.04830", "2012-06-30": "3.85430", "2012-03-31": "3.41470", "2011-12-31": "5.02880", "2011-09-30": "5.24690", "2011-06-30": "4.78620", "2011-03-31": "3.46790", "2010-12-31": "4.41210", "2010-09-30": "3.55340", "2010-06-30": "3.61140", "2010-03-31": "1.65830", "2009-12-31": "1.97120", "2009-09-30": "2.04580", "2009-06-30": "2.06250", "2009-03-31": "3.00640", "2008-12-31": "7.27010", "2008-09-30": "6.73990", "2008-06-30": "6.16750", "2008-03-31": "6.05000", "2007-12-31": "7.26850", "2007-09-30": "8.07290", "2007-06-30": "6.88500", "2007-03-31": "4.95460", "2006-12-31": "6.17190", "2006-09-30": "6.13180", "2006-06-30": "4.93070", "2006-03-31": "4.64560", "2005-12-31": "9.49370", "2005-09-30": "6.02350", "2005-06-30": "4.92430", "2005-03-31": "4.82070"}, "Book Value Per Share": {"2020-09-30": "5.89240", "2020-06-30": "5.92470", "2020-03-31": "7.82950", "2019-12-31": "9.14010", "2019-09-30": "11.14380", "2019-06-30": "10.89700", "2019-03-31": "11.03780", "2018-12-31": "10.95750", "2018-09-30": "10.29340", "2018-06-30": "10.06030", "2018-03-31": "9.58970", "2017-12-31": "9.56360", "2017-09-30": "10.60320", "2017-06-30": "10.29080", "2017-03-31": "10.36790", "2016-12-31": "10.90990", "2016-09-30": "11.25690", "2016-06-30": "11.36860", "2016-03-31": "15.22150", "2015-12-31": "18.10160", "2015-09-30": "18.10530", "2015-06-30": "18.40160", "2015-03-31": "18.40170", "2014-12-31": "19.21930", "2014-09-30": "18.32110", "2014-06-30": "17.16120", "2014-03-31": "16.31320", "2013-12-31": "16.03650", "2013-09-30": "15.13340", "2013-06-30": "16.84760", "2013-03-31": "16.90330", "2012-12-31": "16.99680", "2012-09-30": "16.36960", "2012-06-30": "15.72460", "2012-03-31": "15.02060", "2011-12-31": "14.34960", "2011-09-30": "13.45220", "2011-06-30": "12.69940", "2011-03-31": "11.95630", "2010-12-31": "11.41430", "2010-09-30": "10.83940", "2010-06-30": "10.34620", "2010-03-31": "9.88960", "2009-12-31": "9.70840", "2009-09-30": "9.50780", "2009-06-30": "9.24890", "2009-03-31": "9.02450", "2008-12-31": "8.65250", "2008-09-30": "8.30760", "2008-06-30": "8.65870", "2008-03-31": "8.10790", "2007-12-31": "7.80230", "2007-09-30": "7.03410", "2007-06-30": "6.58200", "2007-03-31": "7.89200", "2006-12-31": "7.39080", "2006-09-30": "7.05370", "2006-06-30": "7.12150", "2006-03-31": "6.65890", "2005-12-31": "6.19840", "2005-09-30": "5.21150", "2005-06-30": "4.63020", "2005-03-31": "4.29510"}, "Operating Cash Flow Per Share": {"2020-09-30": 0.4709, "2020-06-30": 0.6821, "2020-03-31": "0.25630", "2019-12-31": 1.3354, "2019-09-30": 0.9938, "2019-06-30": 0.5155, "2019-03-31": "-0.05040", "2018-12-31": 0.9745, "2018-09-30": 0.8889, "2018-06-30": 1.0849, "2018-03-31": "0.65150", "2017-12-31": 1.1678, "2017-09-30": 1.266, "2017-06-30": 0.3972, "2017-03-31": "0.00580", "2016-12-31": 1.2189, "2016-09-30": 1.2253, "2016-06-30": -4.2228, "2016-03-31": "-0.19930", "2015-12-31": 1.0431, "2015-09-30": 0.0276, "2015-06-30": 1.3808, "2015-03-31": "0.95530", "2014-12-31": 1.3566, "2014-09-30": 0.9756, "2014-06-30": 1.317, "2014-03-31": "1.11840", "2013-12-31": 2.079, "2013-09-30": 1.2661, "2013-06-30": 1.2102, "2013-03-31": "0.37490", "2012-12-31": 1.8805, "2012-09-30": 0.8313, "2012-06-30": 0.433, "2012-03-31": "0.79270", "2011-12-31": 1.4379, "2011-09-30": 1.0507, "2011-06-30": 0.8923, "2011-03-31": "0.61480", "2010-12-31": 0.9347, "2010-09-30": 0.6045, "2010-06-30": 0.5398, "2010-03-31": "0.34910", "2009-12-31": 0.8643, "2009-09-30": 0.672, "2009-06-30": 0.7073, "2009-03-31": "0.42380", "2008-12-31": 1.1278, "2008-09-30": 0.7409, "2008-06-30": 0.4986, "2008-03-31": "0.57440", "2007-12-31": 0.9308, "2007-09-30": 0.8356, "2007-06-30": 0.6579, "2007-03-31": "0.43020", "2006-12-31": 1.3036, "2006-09-30": 1.1697, "2006-06-30": 0.9214, "2006-03-31": "0.07490", "2005-12-31": 0.781, "2005-09-30": 0.5405, "2005-06-30": 0.3744, "2005-03-31": "-1.02060"}, "Free Cash Flow Per Share": {"2020-09-30": 0.384, "2020-06-30": 0.5804, "2020-03-31": "0.09230", "2019-12-31": 0.9992, "2019-09-30": 0.6648, "2019-06-30": 0.1006, "2019-03-31": "-0.50170", "2018-12-31": 0.4129, "2018-09-30": 0.4628, "2018-06-30": 0.5281, "2018-03-31": "0.13440", "2017-12-31": 0.714, "2017-09-30": 0.9156, "2017-06-30": 0.0632, "2017-03-31": "-0.25260", "2016-12-31": 1.0695, "2016-09-30": 1.0929, "2016-06-30": -4.3955, "2016-03-31": "-0.41380", "2015-12-31": 0.5685, "2015-09-30": -0.5263, "2015-06-30": 0.8106, "2015-03-31": "0.19060", "2014-12-31": 0.5745, "2014-09-30": -0.0851, "2014-06-30": 0.457, "2014-03-31": "0.36460", "2013-12-31": 1.4144, "2013-09-30": 0.4494, "2013-06-30": 0.4417, "2013-03-31": "-0.36090", "2012-12-31": 1.1721, "2012-09-30": -0.0944, "2012-06-30": -0.5054, "2012-03-31": "-0.05180", "2011-12-31": 0.748, "2011-09-30": 0.2564, "2011-06-30": 0.1133, "2011-03-31": "-0.15130", "2010-12-31": 0.4609, "2010-09-30": -0.0031, "2010-06-30": 0.0441, "2010-03-31": "-0.09580", "2009-12-31": 0.3354, "2009-09-30": 0.1899, "2009-06-30": 0.228, "2009-03-31": "-0.15240", "2008-12-31": 0.5584, "2008-09-30": 0.2155, "2008-06-30": -0.0314, "2008-03-31": "0.19260", "2007-12-31": 0.5108, "2007-09-30": 0.4453, "2007-06-30": 0.4562, "2007-03-31": "-0.00290", "2006-12-31": 1.1828, "2006-09-30": 0.987, "2006-06-30": 0.7589, "2006-03-31": "-0.01310", "2005-12-31": 0.6363, "2005-09-30": 0.4659, "2005-06-30": 0.2667, "2005-03-31": "-0.94120"}}, "revenue": {"Halliburton Annual Revenue (Millions of US $)": {"2020": "$14,445", "2019": "$22,408", "2018": "$23,995", "2017": "$20,620", "2016": "$15,887", "2015": "$23,633", "2014": "$32,870", "2013": "$29,402", "2012": "$28,503", "2011": "$24,829", "2010": "$17,973", "2009": "$14,675", "2008": "$18,279", "2007": "$15,264", "2006": "$12,955", "2005": "$10,100"}, "Halliburton Quarterly Revenue (Millions of US $)": {"2020-12-31": "$3,237", "2020-09-30": "$2,975", "2020-06-30": "$3,196", "2020-03-31": "$5,037", "2019-12-31": "$5,191", "2019-09-30": "$5,550", "2019-06-30": "$5,930", "2019-03-31": "$5,737", "2018-12-31": "$5,936", "2018-09-30": "$6,172", "2018-06-30": "$6,147", "2018-03-31": "$5,740", "2017-12-31": "$5,940", "2017-09-30": "$5,444", "2017-06-30": "$4,957", "2017-03-31": "$4,279", "2016-12-31": "$4,021", "2016-09-30": "$3,833", "2016-06-30": "$3,835", "2016-03-31": "$4,198", "2015-12-31": "$5,082", "2015-09-30": "$5,582", "2015-06-30": "$5,919", "2015-03-31": "$7,050", "2014-12-31": "$8,770", "2014-09-30": "$8,701", "2014-06-30": "$8,051", "2014-03-31": "$7,348", "2013-12-31": "$7,639", "2013-09-30": "$7,472", "2013-06-30": "$7,317", "2013-03-31": "$6,974", "2012-12-31": "$7,290", "2012-09-30": "$7,111", "2012-06-30": "$7,234", "2012-03-31": "$6,868", "2011-12-31": "$7,064", "2011-09-30": "$6,548", "2011-06-30": "$5,935", "2011-03-31": "$5,282", "2010-12-31": "$5,160", "2010-09-30": "$4,665", "2010-06-30": "$4,387", "2010-03-31": "$3,761", "2009-12-31": "$3,686", "2009-09-30": "$3,588", "2009-06-30": "$3,494", "2009-03-31": "$3,907", "2008-12-31": "$4,910", "2008-09-30": "$4,853", "2008-06-30": "$4,487", "2008-03-31": "$4,029", "2007-12-31": "$4,179", "2007-09-30": "$3,928", "2007-06-30": "$3,735", "2007-03-31": "$3,422", "2006-12-31": "$3,509", "2006-09-30": "$3,392", "2006-06-30": "$3,116", "2006-03-31": "$2,938", "2005-12-31": "$-4,568", "2005-09-30": "$4,912", "2005-06-30": "$4,973", "2005-03-31": "$4,783"}}, "gross-profit": {"Halliburton Annual Gross Profit (Millions of US $)": {"2020": "$12,881", "2019": "$2,285", "2018": "$2,986", "2017": "$2,277", "2016": "$870", "2015": "$2,520", "2014": "$5,536", "2013": "$4,471", "2012": "$4,734", "2011": "$5,018", "2010": "$3,238", "2009": "$2,201", "2008": "$4,230", "2007": "$3,739", "2006": "$3,529", "2005": "$2,357"}, "Halliburton Quarterly Gross Profit (Millions of US $)": {"2020-12-31": "$2,838", "2020-09-30": "$316", "2020-06-30": "$279", "2020-03-31": "$556", "2019-12-31": "$605", "2019-09-30": "$589", "2019-06-30": "$606", "2019-03-31": "$485", "2018-12-31": "$667", "2018-09-30": "$788", "2018-06-30": "$854", "2018-03-31": "$677", "2017-12-31": "$839", "2017-09-30": "$697", "2017-06-30": "$483", "2017-03-31": "$258", "2016-12-31": "$323", "2016-09-30": "$171", "2016-06-30": "$103", "2016-03-31": "$273", "2015-12-31": "$526", "2015-09-30": "$543", "2015-06-30": "$686", "2015-03-31": "$765", "2014-12-31": "$1,500", "2014-09-30": "$1,708", "2014-06-30": "$1,283", "2014-03-31": "$1,045", "2013-12-31": "$1,238", "2013-09-30": "$1,188", "2013-06-30": "$1,071", "2013-03-31": "$974", "2012-12-31": "$1,054", "2012-09-30": "$1,021", "2012-06-30": "$1,268", "2012-03-31": "$1,391", "2011-12-31": "$1,497", "2011-09-30": "$1,411", "2011-06-30": "$1,226", "2011-03-31": "$884", "2010-12-31": "$1,047", "2010-09-30": "$880", "2010-06-30": "$809", "2010-03-31": "$502", "2009-12-31": "$486", "2009-09-30": "$523", "2009-06-30": "$524", "2009-03-31": "$668", "2008-12-31": "$1,224", "2008-09-30": "$1,128", "2008-06-30": "$995", "2008-03-31": "$883", "2007-12-31": "$985", "2007-09-30": "$972", "2007-06-30": "$926", "2007-03-31": "$856", "2006-12-31": "$976", "2006-09-30": "$953", "2006-06-30": "$832", "2006-03-31": "$768", "2005-12-31": "$417", "2005-09-30": "$684", "2005-06-30": "$689", "2005-03-31": "$567"}}, "operating-income": {"Halliburton Annual Operating Income (Millions of US $)": {"2020": "$8,881", "2019": "$-448", "2018": "$2,467", "2017": "$1,374", "2016": "$-6,770", "2015": "$-165", "2014": "$5,097", "2013": "$3,138", "2012": "$4,159", "2011": "$4,737", "2010": "$3,009", "2009": "$1,994", "2008": "$4,010", "2007": "$3,498", "2006": "$3,245", "2005": "$2,164"}, "Halliburton Quarterly Operating Income (Millions of US $)": {"2020-12-31": "$2,343", "2020-09-30": "$142", "2020-06-30": "$-1,911", "2020-03-31": "$-571", "2019-12-31": "$-1,652", "2019-09-30": "$536", "2019-06-30": "$303", "2019-03-31": "$365", "2018-12-31": "$608", "2018-09-30": "$716", "2018-06-30": "$789", "2018-03-31": "$354", "2017-12-31": "$383", "2017-09-30": "$642", "2017-06-30": "$146", "2017-03-31": "$203", "2016-12-31": "$61", "2016-09-30": "$128", "2016-06-30": "$-3,880", "2016-03-31": "$-3,079", "2015-12-31": "$86", "2015-09-30": "$43", "2015-06-30": "$254", "2015-03-31": "$-548", "2014-12-31": "$1,299", "2014-09-30": "$1,634", "2014-06-30": "$1,194", "2014-03-31": "$970", "2013-12-31": "$1,144", "2013-09-30": "$1,108", "2013-06-30": "$984", "2013-03-31": "$-98", "2012-12-31": "$981", "2012-09-30": "$954", "2012-06-30": "$1,201", "2012-03-31": "$1,023", "2011-12-31": "$1,430", "2011-09-30": "$1,332", "2011-06-30": "$1,161", "2011-03-31": "$814", "2010-12-31": "$980", "2010-09-30": "$818", "2010-06-30": "$762", "2010-03-31": "$449", "2009-12-31": "$428", "2009-09-30": "$474", "2009-06-30": "$476", "2009-03-31": "$616", "2008-12-31": "$1,163", "2008-09-30": "$1,051", "2008-06-30": "$949", "2008-03-31": "$847", "2007-12-31": "$907", "2007-09-30": "$910", "2007-06-30": "$893", "2007-03-31": "$788", "2006-12-31": "$924", "2006-09-30": "$870", "2006-06-30": "$759", "2006-03-31": "$692", "2005-12-31": "$313", "2005-09-30": "$680", "2005-06-30": "$596", "2005-03-31": "$575"}}, "ebitda": {"Halliburton Annual EBITDA (Millions of US $)": {"2019": "$1,177", "2018": "$4,073", "2017": "$2,930", "2016": "$-5,267", "2015": "$1,670", "2014": "$7,223", "2013": "$5,038", "2012": "$5,787", "2011": "$6,096", "2010": "$4,128", "2009": "$2,925", "2008": "$4,748", "2007": "$4,081", "2006": "$3,725", "2005": "$2,612"}, "Halliburton Quarterly EBITDA (Millions of US $)": {"2020-09-30": "$372", "2020-06-30": "$-1,660", "2020-03-31": "$-223", "2019-12-31": "$-1,280", "2019-09-30": "$953", "2019-06-30": "$723", "2019-03-31": "$781", "2018-12-31": "$1,030", "2018-09-30": "$1,116", "2018-06-30": "$1,179", "2018-03-31": "$748", "2017-12-31": "$776", "2017-09-30": "$1,036", "2017-06-30": "$532", "2017-03-31": "$586", "2016-12-31": "$447", "2016-09-30": "$503", "2016-06-30": "$-3,484", "2016-03-31": "$-2,733", "2015-12-31": "$488", "2015-09-30": "$460", "2015-06-30": "$710", "2015-03-31": "$12", "2014-12-31": "$1,856", "2014-09-30": "$2,169", "2014-06-30": "$1,718", "2014-03-31": "$1,480", "2013-12-31": "$1,641", "2013-09-30": "$1,589", "2013-06-30": "$1,458", "2013-03-31": "$350", "2012-12-31": "$1,412", "2012-09-30": "$1,360", "2012-06-30": "$1,607", "2012-03-31": "$1,408", "2011-12-31": "$1,798", "2011-09-30": "$1,672", "2011-06-30": "$1,492", "2011-03-31": "$1,134", "2010-12-31": "$1,282", "2010-09-30": "$1,102", "2010-06-30": "$1,034", "2010-03-31": "$710", "2009-12-31": "$682", "2009-09-30": "$712", "2009-06-30": "$700", "2009-03-31": "$831", "2008-12-31": "$1,366", "2008-09-30": "$1,244", "2008-06-30": "$1,127", "2008-03-31": "$1,011", "2007-12-31": "$1,073", "2007-09-30": "$1,056", "2007-06-30": "$1,033", "2007-03-31": "$919", "2006-12-31": "$1,048", "2006-09-30": "$992", "2006-06-30": "$876", "2006-03-31": "$809", "2005-12-31": "$384", "2005-09-30": "$805", "2005-06-30": "$723", "2005-03-31": "$700"}}, "net-income": {"Halliburton Annual Net Income (Millions of US $)": {"2020": "$-2,945", "2019": "$-1,131", "2018": "$1,656", "2017": "$-463", "2016": "$-5,763", "2015": "$-671", "2014": "$3,500", "2013": "$2,125", "2012": "$2,635", "2011": "$2,839", "2010": "$1,835", "2009": "$1,145", "2008": "$2,224", "2007": "$3,486", "2006": "$2,348", "2005": "$2,358"}, "Halliburton Quarterly Net Income (Millions of US $)": {"2020-12-31": "$-235", "2020-09-30": "$-17", "2020-06-30": "$-1,676", "2020-03-31": "$-1,017", "2019-12-31": "$-1,653", "2019-09-30": "$295", "2019-06-30": "$75", "2019-03-31": "$152", "2018-12-31": "$664", "2018-09-30": "$435", "2018-06-30": "$511", "2018-03-31": "$46", "2017-12-31": "$-824", "2017-09-30": "$365", "2017-06-30": "$28", "2017-03-31": "$-32", "2016-12-31": "$-149", "2016-09-30": "$6", "2016-06-30": "$-3,208", "2016-03-31": "$-2,412", "2015-12-31": "$-28", "2015-09-30": "$-54", "2015-06-30": "$54", "2015-03-31": "$-643", "2014-12-31": "$901", "2014-09-30": "$1,203", "2014-06-30": "$774", "2014-03-31": "$622", "2013-12-31": "$793", "2013-09-30": "$706", "2013-06-30": "$644", "2013-03-31": "$-18", "2012-12-31": "$669", "2012-09-30": "$602", "2012-06-30": "$737", "2012-03-31": "$627", "2011-12-31": "$906", "2011-09-30": "$683", "2011-06-30": "$739", "2011-03-31": "$511", "2010-12-31": "$605", "2010-09-30": "$544", "2010-06-30": "$480", "2010-03-31": "$206", "2009-12-31": "$243", "2009-09-30": "$262", "2009-06-30": "$262", "2009-03-31": "$378", "2008-12-31": "$468", "2008-09-30": "$672", "2008-06-30": "$504", "2008-03-31": "$580", "2007-12-31": "$677", "2007-09-30": "$727", "2007-06-30": "$1,530", "2007-03-31": "$552", "2006-12-31": "$658", "2006-09-30": "$611", "2006-06-30": "$591", "2006-03-31": "$488", "2005-12-31": "$1,102", "2005-09-30": "$499", "2005-06-30": "$392", "2005-03-31": "$365"}}, "eps-earnings-per-share-diluted": {"Halliburton Annual EPS": {"2020": "$-3.34", "2019": "$-1.29", "2018": "$1.89", "2017": "$-0.53", "2016": "$-6.69", "2015": "$-0.79", "2014": "$4.11", "2013": "$2.36", "2012": "$2.84", "2011": "$3.08", "2010": "$2.01", "2009": "$1.27", "2008": "$2.45", "2007": "$3.65", "2006": "$2.23", "2005": "$2.27"}, "Halliburton Quarterly EPS": {"2020-12-31": "$-0.27", "2020-09-30": "$-0.02", "2020-06-30": "$-1.91", "2020-03-31": "$-1.16", "2019-12-31": "$-1.89", "2019-09-30": "$0.34", "2019-06-30": "$0.09", "2019-03-31": "$0.17", "2018-12-31": "$0.76", "2018-09-30": "$0.50", "2018-06-30": "$0.58", "2018-03-31": "$0.05", "2017-12-31": "$-0.94", "2017-09-30": "$0.42", "2017-06-30": "$0.03", "2017-03-31": "$-0.04", "2016-12-31": "$-0.16", "2016-09-30": "$0.01", "2016-06-30": "$-3.73", "2016-03-31": "$-2.81", "2015-12-31": "$-0.03", "2015-09-30": "$-0.06", "2015-06-30": "$0.06", "2015-03-31": "$-0.76", "2014-12-31": "$1.06", "2014-09-30": "$1.41", "2014-06-30": "$0.91", "2014-03-31": "$0.73", "2013-12-31": "$0.90", "2013-09-30": "$0.79", "2013-06-30": "$0.69", "2013-03-31": "$-0.02", "2012-12-31": "$0.72", "2012-09-30": "$0.65", "2012-06-30": "$0.79", "2012-03-31": "$0.68", "2011-12-31": "$0.98", "2011-09-30": "$0.74", "2011-06-30": "$0.80", "2011-03-31": "$0.56", "2010-12-31": "$0.65", "2010-09-30": "$0.60", "2010-06-30": "$0.53", "2010-03-31": "$0.23", "2009-12-31": "$0.27", "2009-09-30": "$0.29", "2009-06-30": "$0.29", "2009-03-31": "$0.42", "2008-12-31": "$0.53", "2008-09-30": "$0.74", "2008-06-30": "$0.55", "2008-03-31": "$0.63", "2007-12-31": "$0.70", "2007-09-30": "$0.79", "2007-06-30": "$1.62", "2007-03-31": "$0.54", "2006-12-31": "$0.64", "2006-09-30": "$0.58", "2006-06-30": "$0.55", "2006-03-31": "$0.46", "2005-12-31": "$1.05", "2005-09-30": "$0.48", "2005-06-30": "$0.38", "2005-03-31": "$0.36"}}, "shares-outstanding": {"Halliburton Annual Shares Outstanding (Millions of Shares)": {"2020": "881", "2019": "875", "2018": "877", "2017": "870", "2016": "861", "2015": "853", "2014": "852", "2013": "902", "2012": "928", "2011": "922", "2010": "911", "2009": "902", "2008": "909", "2007": "955", "2006": "1,054", "2005": "1,038"}, "Halliburton Quarterly Shares Outstanding (Millions of Shares)": {"2020-12-31": "885", "2020-09-30": "882", "2020-06-30": "877", "2020-03-31": "878", "2019-12-31": "875", "2019-09-30": "876", "2019-06-30": "875", "2019-03-31": "873", "2018-12-31": "877", "2018-09-30": "878", "2018-06-30": "880", "2018-03-31": "878", "2017-12-31": "870", "2017-09-30": "873", "2017-06-30": "871", "2017-03-31": "867", "2016-12-31": "861", "2016-09-30": "864", "2016-06-30": "860", "2016-03-31": "858", "2015-12-31": "853", "2015-09-30": "855", "2015-06-30": "854", "2015-03-31": "850", "2014-12-31": "852", "2014-09-30": "854", "2014-06-30": "852", "2014-03-31": "853", "2013-12-31": "902", "2013-09-30": "894", "2013-06-30": "928", "2013-03-31": "931", "2012-12-31": "928", "2012-09-30": "930", "2012-06-30": "926", "2012-03-31": "926", "2011-12-31": "922", "2011-09-30": "925", "2011-06-30": "921", "2011-03-31": "919", "2010-12-31": "911", "2010-09-30": "912", "2010-06-30": "909", "2010-03-31": "908", "2009-12-31": "902", "2009-09-30": "904", "2009-06-30": "900", "2009-03-31": "899", "2008-12-31": "909", "2008-09-30": "908", "2008-06-30": "918", "2008-03-31": "914", "2007-12-31": "955", "2007-09-30": "917", "2007-06-30": "942", "2007-03-31": "1,025", "2006-12-31": "1,054", "2006-09-30": "1,048", "2006-06-30": "1,070", "2006-03-31": "1,068", "2005-12-31": "1,038", "2005-09-30": "1,050", "2005-06-30": "1,026", "2005-03-31": "1,020"}}, "total-assets": {"Halliburton Annual Total Assets (Millions of US $)": {"2019": "$25,377", "2018": "$25,982", "2017": "$25,085", "2016": "$27,000", "2015": "$36,942", "2014": "$32,165", "2013": "$29,223", "2012": "$27,410", "2011": "$23,677", "2010": "$18,297", "2009": "$16,538", "2008": "$14,385", "2007": "$13,135", "2006": "$16,860", "2005": "$15,048"}, "Halliburton Quarterly Total Assets (Millions of US $)": {"2020-09-30": "$20,874", "2020-06-30": "$21,104", "2020-03-31": "$23,622", "2019-12-31": "$25,377", "2019-09-30": "$26,789", "2019-06-30": "$26,880", "2019-03-31": "$26,989", "2018-12-31": "$25,982", "2018-09-30": "$25,751", "2018-06-30": "$25,765", "2018-03-31": "$25,191", "2017-12-31": "$25,085", "2017-09-30": "$25,790", "2017-06-30": "$25,325", "2017-03-31": "$24,885", "2016-12-31": "$27,000", "2016-09-30": "$26,755", "2016-06-30": "$27,737", "2016-03-31": "$33,932", "2015-12-31": "$36,942", "2015-09-30": "$30,248", "2015-06-30": "$30,606", "2015-03-31": "$30,587", "2014-12-31": "$32,165", "2014-09-30": "$31,583", "2014-06-30": "$30,484", "2014-03-31": "$29,256", "2013-12-31": "$29,223", "2013-09-30": "$27,948", "2013-06-30": "$27,418", "2013-03-31": "$27,684", "2012-12-31": "$27,410", "2012-09-30": "$26,312", "2012-06-30": "$25,571", "2012-03-31": "$24,668", "2011-12-31": "$23,677", "2011-09-30": "$21,204", "2011-06-30": "$19,956", "2011-03-31": "$18,990", "2010-12-31": "$18,297", "2010-09-30": "$18,198", "2010-06-30": "$17,540", "2010-03-31": "$16,980", "2009-12-31": "$16,538", "2009-09-30": "$16,337", "2009-06-30": "$16,215", "2009-03-31": "$16,224", "2008-12-31": "$14,385", "2008-09-30": "$13,846", "2008-06-30": "$14,048", "2008-03-31": "$13,328", "2007-12-31": "$13,135", "2007-09-30": "$12,469", "2007-06-30": "$11,989", "2007-03-31": "$17,638", "2006-12-31": "$16,860", "2006-09-30": "$15,984", "2006-06-30": "$16,174", "2006-03-31": "$15,170", "2005-12-31": "$15,048", "2005-09-30": "$13,695", "2005-06-30": "$13,216", "2005-03-31": "$13,806"}}, "cash-on-hand": {"Halliburton Annual Cash on Hand (Millions of US $)": {"2019": "$2,268", "2018": "$2,008", "2017": "$2,337", "2016": "$4,009", "2015": "$10,077", "2014": "$2,291", "2013": "$2,356", "2012": "$2,484", "2011": "$2,698", "2010": "$2,051", "2009": "$3,394", "2008": "$1,124", "2007": "$2,235", "2006": "$2,938", "2005": "$2,391"}, "Halliburton Quarterly Cash on Hand (Millions of US $)": {"2020-09-30": "$2,115", "2020-06-30": "$1,811", "2020-03-31": "$1,385", "2019-12-31": "$2,268", "2019-09-30": "$1,571", "2019-06-30": "$1,176", "2019-03-31": "$1,380", "2018-12-31": "$2,008", "2018-09-30": "$2,057", "2018-06-30": "$2,472", "2018-03-31": "$2,332", "2017-12-31": "$2,337", "2017-09-30": "$1,898", "2017-06-30": "$2,139", "2017-03-31": "$2,107", "2016-12-31": "$4,009", "2016-09-30": "$3,289", "2016-06-30": "$3,108", "2016-03-31": "$9,593", "2015-12-31": "$10,077", "2015-09-30": "$2,249", "2015-06-30": "$2,760", "2015-03-31": "$2,294", "2014-12-31": "$2,291", "2014-09-30": "$2,029", "2014-06-30": "$2,360", "2014-03-31": "$2,123", "2013-12-31": "$2,356", "2013-09-30": "$1,491", "2013-06-30": "$1,412", "2013-03-31": "$2,029", "2012-12-31": "$2,484", "2012-09-30": "$2,032", "2012-06-30": "$2,172", "2012-03-31": "$2,655", "2011-12-31": "$2,698", "2011-09-30": "$2,175", "2011-06-30": "$1,889", "2011-03-31": "$1,882", "2010-12-31": "$2,051", "2010-09-30": "$2,755", "2010-06-30": "$3,095", "2010-03-31": "$3,191", "2009-12-31": "$3,394", "2009-09-30": "$3,190", "2009-06-30": "$2,321", "2009-03-31": "$2,967", "2008-12-31": "$1,124", "2008-09-30": "$973", "2008-06-30": "$1,880", "2008-03-31": "$1,994", "2007-12-31": "$2,235", "2007-09-30": "$1,891", "2007-06-30": "$2,223", "2007-03-31": "$3,043", "2006-12-31": "$2,938", "2006-09-30": "$3,549", "2006-06-30": "$3,673", "2006-03-31": "$2,278", "2005-12-31": "$2,391", "2005-09-30": "$2,124", "2005-06-30": "$1,575", "2005-03-31": "$1,812"}}, "long-term-debt": {"Halliburton Annual Long Term Debt (Millions of US $)": {"2019": "$10,316", "2018": "$10,312", "2017": "$10,430", "2016": "$12,214", "2015": "$14,687", "2014": "$7,765", "2013": "$7,816", "2012": "$4,820", "2011": "$4,820", "2010": "$3,824", "2009": "$3,824", "2008": "$2,586", "2007": "$2,627", "2006": "$2,783", "2005": "$2,813"}, "Halliburton Quarterly Long Term Debt (Millions of US $)": {"2020-09-30": "$9,632", "2020-06-30": "$9,638", "2020-03-31": "$9,633", "2019-12-31": "$10,316", "2019-09-30": "$10,313", "2019-06-30": "$10,307", "2019-03-31": "$10,307", "2018-12-31": "$10,312", "2018-09-30": "$10,424", "2018-06-30": "$10,427", "2018-03-31": "$10,428", "2017-12-31": "$10,430", "2017-09-30": "$10,423", "2017-06-30": "$10,816", "2017-03-31": "$10,812", "2016-12-31": "$12,214", "2016-09-30": "$12,163", "2016-06-30": "$12,158", "2016-03-31": "$12,207", "2015-12-31": "$14,687", "2015-09-30": "$7,243", "2015-06-30": "$7,838", "2015-03-31": "$7,841", "2014-12-31": "$7,765", "2014-09-30": "$7,816", "2014-06-30": "$7,816", "2014-03-31": "$7,816", "2013-12-31": "$7,816", "2013-09-30": "$7,816", "2013-06-30": "$4,820", "2013-03-31": "$4,820", "2012-12-31": "$4,820", "2012-09-30": "$4,820", "2012-06-30": "$4,820", "2012-03-31": "$4,820", "2011-12-31": "$4,820", "2011-09-30": "$3,824", "2011-06-30": "$3,824", "2011-03-31": "$3,824", "2010-12-31": "$3,824", "2010-09-30": "$3,824", "2010-06-30": "$3,824", "2010-03-31": "$3,824", "2009-12-31": "$3,824", "2009-09-30": "$4,573", "2009-06-30": "$4,573", "2009-03-31": "$4,578", "2008-12-31": "$2,586", "2008-09-30": "$2,588", "2008-06-30": "$2,565", "2008-03-31": "$2,624", "2007-12-31": "$2,627", "2007-09-30": "$2,796", "2007-06-30": "$2,784", "2007-03-31": "$2,785", "2006-12-31": "$2,783", "2006-09-30": "$2,745", "2006-06-30": "$2,772", "2006-03-31": "$2,793", "2005-12-31": "$2,813", "2005-09-30": "$2,821", "2005-06-30": "$3,103", "2005-03-31": "$3,109"}}, "total-liabilities": {"Halliburton Annual Total Liabilities (Millions of US $)": {"2019": "$17,352", "2018": "$16,438", "2017": "$16,736", "2016": "$17,552", "2015": "$21,447", "2014": "$15,867", "2013": "$15,608", "2012": "$11,620", "2011": "$10,461", "2010": "$7,910", "2009": "$7,781", "2008": "$6,641", "2007": "$6,269", "2006": "$9,484", "2005": "$8,676"}, "Halliburton Quarterly Total Liabilities (Millions of US $)": {"2020-09-30": "$15,671", "2020-06-30": "$15,908", "2020-03-31": "$16,779", "2019-12-31": "$17,352", "2019-09-30": "$17,027", "2019-06-30": "$17,356", "2019-03-31": "$17,364", "2018-12-31": "$16,438", "2018-09-30": "$16,734", "2018-06-30": "$16,922", "2018-03-31": "$16,800", "2017-12-31": "$16,736", "2017-09-30": "$16,544", "2017-06-30": "$16,372", "2017-03-31": "$15,896", "2016-12-31": "$17,552", "2016-09-30": "$17,029", "2016-06-30": "$17,960", "2016-03-31": "$20,872", "2015-12-31": "$21,447", "2015-09-30": "$14,768", "2015-06-30": "$14,891", "2015-03-31": "$14,964", "2014-12-31": "$15,867", "2014-09-30": "$16,065", "2014-06-30": "$15,897", "2014-03-31": "$15,504", "2013-12-31": "$15,608", "2013-09-30": "$15,130", "2013-06-30": "$12,053", "2013-03-31": "$11,947", "2012-12-31": "$11,620", "2012-09-30": "$11,121", "2012-06-30": "$11,010", "2012-03-31": "$10,804", "2011-12-31": "$10,461", "2011-09-30": "$8,828", "2011-06-30": "$8,298", "2011-03-31": "$8,050", "2010-12-31": "$7,910", "2010-09-30": "$8,345", "2010-06-30": "$8,156", "2010-03-31": "$8,020", "2009-12-31": "$7,781", "2009-09-30": "$7,761", "2009-06-30": "$7,891", "2009-03-31": "$8,129", "2008-12-31": "$6,641", "2008-09-30": "$6,419", "2008-06-30": "$6,463", "2008-03-31": "$6,266", "2007-12-31": "$6,269", "2007-09-30": "$6,272", "2007-06-30": "$6,131", "2007-03-31": "$9,746", "2006-12-31": "$9,484", "2006-09-30": "$8,895", "2006-06-30": "$8,846", "2006-03-31": "$8,298", "2005-12-31": "$8,676", "2005-09-30": "$8,348", "2005-06-30": "$8,521", "2005-03-31": "$9,468"}}, "total-share-holder-equity": {"Halliburton Annual Share Holder Equity (Millions of US $)": {"2019": "$8,025", "2018": "$9,544", "2017": "$8,349", "2016": "$9,448", "2015": "$15,495", "2014": "$16,298", "2013": "$13,615", "2012": "$15,790", "2011": "$13,216", "2010": "$10,387", "2009": "$8,757", "2008": "$7,744", "2007": "$6,866", "2006": "$7,376", "2005": "$6,372"}, "Halliburton Quarterly Share Holder Equity (Millions of US $)": {"2020-09-30": "$5,203", "2020-06-30": "$5,196", "2020-03-31": "$6,843", "2019-12-31": "$8,025", "2019-09-30": "$9,762", "2019-06-30": "$9,524", "2019-03-31": "$9,625", "2018-12-31": "$9,544", "2018-09-30": "$9,017", "2018-06-30": "$8,843", "2018-03-31": "$8,391", "2017-12-31": "$8,349", "2017-09-30": "$9,246", "2017-06-30": "$8,953", "2017-03-31": "$8,989", "2016-12-31": "$9,448", "2016-09-30": "$9,726", "2016-06-30": "$9,777", "2016-03-31": "$13,060", "2015-12-31": "$15,495", "2015-09-30": "$15,480", "2015-06-30": "$15,715", "2015-03-31": "$15,623", "2014-12-31": "$16,298", "2014-09-30": "$15,518", "2014-06-30": "$14,587", "2014-03-31": "$13,752", "2013-12-31": "$13,615", "2013-09-30": "$12,818", "2013-06-30": "$15,365", "2013-03-31": "$15,737", "2012-12-31": "$15,790", "2012-09-30": "$15,191", "2012-06-30": "$14,561", "2012-03-31": "$13,864", "2011-12-31": "$13,216", "2011-09-30": "$12,376", "2011-06-30": "$11,658", "2011-03-31": "$10,940", "2010-12-31": "$10,387", "2010-09-30": "$9,853", "2010-06-30": "$9,384", "2010-03-31": "$8,960", "2009-12-31": "$8,757", "2009-09-30": "$8,576", "2009-06-30": "$8,324", "2009-03-31": "$8,095", "2008-12-31": "$7,744", "2008-09-30": "$7,427", "2008-06-30": "$7,585", "2008-03-31": "$7,062", "2007-12-31": "$6,866", "2007-09-30": "$6,197", "2007-06-30": "$5,858", "2007-03-31": "$7,892", "2006-12-31": "$7,376", "2006-09-30": "$7,089", "2006-06-30": "$7,328", "2006-03-31": "$6,872", "2005-12-31": "$6,372", "2005-09-30": "$5,347", "2005-06-30": "$4,695", "2005-03-31": "$4,338"}}, "profit-margins": {"current": "-20.39%"}, "gross margin": {"2020-12-31": "27.62%", "2020-09-30": "10.71%", "2020-06-30": "10.69%", "2020-03-31": "10.85%", "2019-12-31": "10.20%", "2019-09-30": "10.14%", "2019-06-30": "10.71%", "2019-03-31": "11.65%", "2018-12-31": "12.44%", "2018-09-30": "13.16%", "2018-06-30": "13.18%", "2018-03-31": "12.21%", "2017-12-31": "11.04%", "2017-09-30": "9.42%", "2017-06-30": "7.23%", "2017-03-31": "5.35%", "2016-12-31": "5.48%", "2016-09-30": "6.33%", "2016-06-30": "7.73%", "2016-03-31": "9.76%", "2015-12-31": "10.66%", "2015-09-30": "12.79%", "2015-06-30": "15.31%", "2015-03-31": "16.14%", "2014-12-31": "16.84%", "2014-09-30": "16.62%", "2014-06-30": "15.58%", "2014-03-31": "15.25%", "2013-12-31": "15.21%", "2013-09-30": "14.76%", "2013-06-30": "14.36%", "2013-03-31": "15.09%", "2012-12-31": "16.61%", "2012-09-30": "18.31%", "2012-06-30": "20.09%", "2012-03-31": "20.92%", "2011-12-31": "20.21%", "2011-09-30": "19.93%", "2011-06-30": "19.19%", "2011-03-31": "18.57%", "2010-12-31": "18.02%", "2010-09-30": "16.23%", "2010-06-30": "15.04%", "2010-03-31": "14.01%", "2009-12-31": "15.00%", "2009-09-30": "18.49%", "2009-06-30": "20.65%", "2009-03-31": "22.11%", "2008-12-31": "23.14%", "2008-09-30": "22.74%", "2008-06-30": "23.07%", "2008-03-31": "23.73%", "2007-12-31": "24.50%", "2007-09-30": "25.56%", "2007-06-30": "26.40%", "2007-03-31": "26.91%", "2006-12-31": "27.24%", "2006-09-30": "60.89%", "2006-06-30": "42.22%", "2006-03-31": "30.99%", "2005-12-31": "23.34%"}, "operating margin": {"2020-12-31": "0.02%", "2020-09-30": "-24.34%", "2020-06-30": "-18.96%", "2020-03-31": "-6.38%", "2019-12-31": "-2.00%", "2019-09-30": "7.83%", "2019-06-30": "8.38%", "2019-03-31": "10.33%", "2018-12-31": "10.28%", "2018-09-30": "9.34%", "2018-06-30": "9.32%", "2018-03-31": "6.91%", "2017-12-31": "6.66%", "2017-09-30": "5.63%", "2017-06-30": "3.15%", "2017-03-31": "-21.84%", "2016-12-31": "-42.61%", "2016-09-30": "-39.80%", "2016-06-30": "-36.53%", "2016-03-31": "-12.97%", "2015-12-31": "-0.70%", "2015-09-30": "3.84%", "2015-06-30": "8.67%", "2015-03-31": "10.99%", "2014-12-31": "15.51%", "2014-09-30": "15.57%", "2014-06-30": "14.47%", "2014-03-31": "14.13%", "2013-12-31": "10.67%", "2013-09-30": "10.24%", "2013-06-30": "9.83%", "2013-03-31": "10.62%", "2012-12-31": "14.59%", "2012-09-30": "16.30%", "2012-06-30": "17.99%", "2012-03-31": "18.72%", "2011-12-31": "19.08%", "2011-09-30": "18.70%", "2011-06-30": "17.93%", "2011-03-31": "17.31%", "2010-12-31": "16.74%", "2010-09-30": "14.89%", "2010-06-30": "13.70%", "2010-03-31": "12.57%", "2009-12-31": "13.59%", "2009-09-30": "17.16%", "2009-06-30": "19.26%", "2009-03-31": "20.81%", "2008-12-31": "21.94%", "2008-09-30": "21.39%", "2008-06-30": "21.73%", "2008-03-31": "22.41%", "2007-12-31": "22.92%", "2007-09-30": "24.09%", "2007-06-30": "24.72%", "2007-03-31": "24.86%", "2006-12-31": "25.05%", "2006-09-30": "54.00%", "2006-06-30": "38.20%", "2006-03-31": "27.63%", "2005-12-31": "21.43%"}, "ebitda margin": {"2020-09-30": "-17.02%", "2020-06-30": "-11.65%", "2020-03-31": "0.80%", "2019-12-31": "5.25%", "2019-09-30": "15.06%", "2019-06-30": "15.35%", "2019-03-31": "17.11%", "2018-12-31": "16.97%", "2018-09-30": "15.91%", "2018-06-30": "16.07%", "2018-03-31": "14.00%", "2017-12-31": "14.21%", "2017-09-30": "13.91%", "2017-06-30": "12.10%", "2017-03-31": "-12.20%", "2016-12-31": "-33.15%", "2016-09-30": "-30.84%", "2016-06-30": "-28.18%", "2016-03-31": "-5.17%", "2015-12-31": "7.07%", "2015-09-30": "11.12%", "2015-06-30": "15.59%", "2015-03-31": "17.67%", "2014-12-31": "21.97%", "2014-09-30": "22.08%", "2014-06-30": "21.07%", "2014-03-31": "20.71%", "2013-12-31": "17.13%", "2013-09-30": "16.55%", "2013-06-30": "15.96%", "2013-03-31": "16.53%", "2012-12-31": "20.30%", "2012-09-30": "21.83%", "2012-06-30": "23.40%", "2012-03-31": "24.12%", "2011-12-31": "24.55%", "2011-09-30": "24.34%", "2011-06-30": "23.81%", "2011-03-31": "23.35%", "2010-12-31": "22.97%", "2010-09-30": "21.38%", "2010-06-30": "20.35%", "2010-03-31": "19.30%", "2009-12-31": "19.93%", "2009-09-30": "22.70%", "2009-06-30": "24.13%", "2009-03-31": "25.16%", "2008-12-31": "25.98%", "2008-09-30": "25.39%", "2008-06-30": "25.67%", "2008-03-31": "26.29%", "2007-12-31": "26.74%", "2007-09-30": "27.79%", "2007-06-30": "28.40%", "2007-03-31": "28.54%", "2006-12-31": "28.75%", "2006-09-30": "62.75%", "2006-06-30": "44.92%", "2006-03-31": "32.96%", "2005-12-31": "25.86%"}, "pre tax profit margin": {"2020-12-31": "-22.29%", "2020-09-30": "-29.37%", "2020-06-30": "-23.42%", "2020-03-31": "-10.18%", "2019-12-31": "-5.01%", "2019-09-30": "5.07%", "2019-06-30": "5.62%", "2019-03-31": "7.57%", "2018-12-31": "7.56%", "2018-09-30": "6.67%", "2018-06-30": "6.71%", "2018-03-31": "4.20%", "2017-12-31": "3.31%", "2017-09-30": "1.41%", "2017-06-30": "-1.67%", "2017-03-31": "-27.50%", "2016-12-31": "-48.00%", "2016-09-30": "-44.51%", "2016-06-30": "-40.55%", "2016-03-31": "-16.12%", "2015-12-31": "-3.96%", "2015-09-30": "1.45%", "2015-06-30": "6.69%", "2015-03-31": "9.17%", "2014-12-31": "14.34%", "2014-09-30": "14.22%", "2014-06-30": "13.00%", "2014-03-31": "12.74%", "2013-12-31": "9.40%", "2013-09-30": "9.03%", "2013-06-30": "8.70%", "2013-03-31": "9.43%", "2012-12-31": "13.41%", "2012-09-30": "15.13%", "2012-06-30": "16.82%", "2012-03-31": "17.60%", "2011-12-31": "17.92%", "2011-09-30": "17.47%", "2011-06-30": "16.53%", "2011-03-31": "15.71%", "2010-12-31": "14.77%", "2010-09-30": "12.67%", "2010-06-30": "11.34%", "2010-03-31": "10.01%", "2009-12-31": "11.46%", "2009-09-30": "15.28%", "2009-06-30": "17.79%", "2009-03-31": "19.74%", "2008-12-31": "21.06%", "2008-09-30": "20.72%", "2008-06-30": "21.14%", "2008-03-31": "21.96%", "2007-12-31": "22.58%", "2007-09-30": "23.82%", "2007-06-30": "24.49%", "2007-03-31": "24.62%", "2006-12-31": "24.69%", "2006-09-30": "52.64%", "2006-06-30": "36.68%", "2006-03-31": "25.91%", "2005-12-31": "19.77%"}, "net profit margin": {"2020-12-31": "-20.39%", "2020-09-30": "-26.61%", "2020-06-30": "-21.35%", "2020-03-31": "-10.60%", "2019-12-31": "-5.05%", "2019-09-30": "5.12%", "2019-06-30": "5.58%", "2019-03-31": "7.34%", "2018-12-31": "6.90%", "2018-09-30": "0.70%", "2018-06-30": "0.42%", "2018-03-31": "-1.74%", "2017-12-31": "-2.25%", "2017-09-30": "1.13%", "2017-06-30": "-0.86%", "2017-03-31": "-21.19%", "2016-12-31": "-36.27%", "2016-09-30": "-33.29%", "2016-06-30": "-30.50%", "2016-03-31": "-11.74%", "2015-12-31": "-2.84%", "2015-09-30": "0.94%", "2015-06-30": "4.98%", "2015-03-31": "6.86%", "2014-12-31": "10.65%", "2014-09-30": "10.69%", "2014-06-30": "9.49%", "2014-03-31": "9.29%", "2013-12-31": "7.23%", "2013-09-30": "6.89%", "2013-06-30": "6.61%", "2013-03-31": "6.96%", "2012-12-31": "9.24%", "2012-09-30": "10.16%", "2012-06-30": "10.66%", "2012-03-31": "11.19%", "2011-12-31": "11.43%", "2011-09-30": "11.07%", "2011-06-30": "11.40%", "2011-03-31": "10.98%", "2010-12-31": "10.21%", "2010-09-30": "8.93%", "2010-06-30": "7.72%", "2010-03-31": "6.70%", "2009-12-31": "7.80%", "2009-09-30": "8.62%", "2009-06-30": "10.37%", "2009-03-31": "11.14%", "2008-12-31": "12.17%", "2008-09-30": "13.86%", "2008-06-30": "14.97%", "2008-03-31": "22.14%", "2007-12-31": "22.84%", "2007-09-30": "23.76%", "2007-06-30": "23.84%", "2007-03-31": "17.95%", "2006-12-31": "18.12%", "2006-09-30": "57.24%", "2006-06-30": "41.89%", "2006-03-31": "30.05%", "2005-12-31": "23.35%"}, "pe ratio": {"current": "29.20", "2021-02-05": "0.00", "2020-12-31": "0.00", "2020-09-30": "0.00", "2020-06-30": "0.00", "2020-03-31": "0.00", "2019-12-31": "0.00", "2019-09-30": "13.47", "2019-06-30": "14.40", "2019-03-31": "13.92", "2018-12-31": "13.43", "2018-09-30": "202.47", "2018-06-30": "387.05", "2018-03-31": "0.00", "2017-12-31": "0.00", "2017-09-30": "179.09", "2017-06-30": "0.00", "2017-03-31": "0.00", "2016-12-31": "0.00", "2016-09-30": "0.00", "2016-06-30": "0.00", "2016-03-31": "0.00", "2015-12-31": "0.00", "2015-09-30": "106.39", "2015-06-30": "21.87", "2015-03-31": "14.99", "2014-12-31": "8.53", "2014-09-30": "14.39", "2014-06-30": "18.72", "2014-03-31": "16.36", "2013-12-31": "18.40", "2013-09-30": "19.06", "2013-06-30": "17.58", "2013-03-31": "16.50", "2012-12-31": "10.64", "2012-09-30": "9.44", "2012-06-30": "7.71", "2012-03-31": "8.96", "2011-12-31": "9.65", "2011-09-30": "9.50", "2011-06-30": "16.69", "2011-03-31": "18.15", "2010-12-31": "17.27", "2010-09-30": "17.29", "2010-06-30": "15.80", "2010-03-31": "23.63", "2009-12-31": "20.01", "2009-09-30": "14.92", "2009-06-30": "14.23", "2009-03-31": "8.73", "2008-12-31": "8.88", "2008-09-30": "13.93", "2008-06-30": "16.02", "2008-03-31": "8.51", "2007-12-31": "8.41", "2007-09-30": "8.76", "2007-06-30": "8.33", "2007-03-31": "11.19", "2006-12-31": "11.34"}, "price sales": {"2021-02-05": "1.16", "2020-12-31": "1.15", "2020-09-30": "0.64", "2020-06-30": "0.60", "2020-03-31": "0.27", "2019-12-31": "0.94", "2019-09-30": "0.69", "2019-06-30": "0.81", "2019-03-31": "1.02", "2018-12-31": "0.93", "2018-09-30": "1.41", "2018-06-30": "1.60", "2018-03-31": "1.75", "2017-12-31": "1.93", "2017-09-30": "2.00", "2017-06-30": "2.01", "2017-03-31": "2.46", "2016-12-31": "2.70", "2016-09-30": "2.09", "2016-06-30": "1.90", "2016-03-31": "1.34", "2015-12-31": "1.11", "2015-09-30": "1.00", "2015-06-30": "1.08", "2015-03-31": "1.03", "2014-12-31": "0.91", "2014-09-30": "1.56", "2014-06-30": "1.80", "2014-03-31": "1.56", "2013-12-31": "1.39", "2013-09-30": "1.34", "2013-06-30": "1.18", "2013-03-31": "1.15", "2012-12-31": "0.98", "2012-09-30": "0.96", "2012-06-30": "0.82", "2012-03-31": "1.00", "2011-12-31": "1.10", "2011-09-30": "1.05", "2011-06-30": "1.90", "2011-03-31": "2.00", "2010-12-31": "1.77", "2010-09-30": "1.55", "2010-06-30": "1.23", "2010-03-31": "1.59", "2009-12-31": "1.56", "2009-09-30": "1.30", "2009-06-30": "0.91", "2009-03-31": "0.65", "2008-12-31": "0.75", "2008-09-30": "1.41", "2008-06-30": "2.44", "2008-03-31": "1.90", "2007-12-31": "1.95", "2007-09-30": "2.11", "2007-06-30": "2.03", "2007-03-31": "2.02", "2006-12-31": "2.06"}, "price book": {"current": "3.37", "2021-02-05": "3.22", "2020-09-30": "2.04", "2020-06-30": "2.18", "2020-03-31": "0.87", "2019-12-31": "2.62", "2019-09-30": "1.64", "2019-06-30": "2.01", "2019-03-31": "2.53", "2018-12-31": "2.32", "2018-09-30": "3.74", "2018-06-30": "4.23", "2018-03-31": "4.61", "2017-12-31": "4.79", "2017-09-30": "4.05", "2017-06-30": "3.86", "2017-03-31": "4.39", "2016-12-31": "4.57", "2016-09-30": "3.67", "2016-06-30": "3.65", "2016-03-31": "2.14", "2015-12-31": "1.71", "2015-09-30": "1.76", "2015-06-30": "2.10", "2015-03-31": "2.13", "2014-12-31": "1.82", "2014-09-30": "3.13", "2014-06-30": "3.66", "2014-03-31": "3.19", "2013-12-31": "2.79", "2013-09-30": "2.80", "2013-06-30": "2.17", "2013-03-31": "2.09", "2012-12-31": "1.78", "2012-09-30": "1.79", "2012-06-30": "1.56", "2012-03-31": "1.91", "2011-12-31": "2.07", "2011-09-30": "1.95", "2011-06-30": "3.44", "2011-03-31": "3.57", "2010-12-31": "3.06", "2010-09-30": "2.60", "2010-06-30": "2.02", "2010-03-31": "2.58", "2009-12-31": "2.62", "2009-09-30": "2.40", "2009-06-30": "1.88", "2009-03-31": "1.43", "2008-12-31": "1.75", "2008-09-30": "3.22", "2008-06-30": "5.05", "2008-03-31": "3.99", "2007-12-31": "3.99", "2007-09-30": "4.47", "2007-06-30": "4.28", "2007-03-31": "3.28", "2006-12-31": "3.41", "2006-09-30": "3.27", "2006-06-30": "4.21", "2006-03-31": "4.43"}, "price fcf": {"2021-02-05": "", "2020-09-30": "$2.06", "2020-06-30": "$2.34", "2020-03-31": "$1.86", "2019-12-31": "$1.26", "2019-09-30": "$0.68", "2019-06-30": "$0.47", "2019-03-31": "$0.90", "2018-12-31": "$1.54", "2018-09-30": "$1.84", "2018-06-30": "$2.29", "2018-03-31": "$1.83", "2017-12-31": "$1.44", "2017-09-30": "$1.80", "2017-06-30": "$1.97", "2017-03-31": "$-2.49", "2016-12-31": "$-2.65", "2016-09-30": "$-3.15", "2016-06-30": "$-4.77", "2016-03-31": "$0.44", "2015-12-31": "$1.04", "2015-09-30": "$1.05", "2015-06-30": "$1.49", "2015-03-31": "$1.14", "2014-12-31": "$1.31", "2014-09-30": "$2.15", "2014-06-30": "$2.69", "2014-03-31": "$2.67", "2013-12-31": "$1.94", "2013-09-30": "$1.70", "2013-06-30": "$1.16", "2013-03-31": "$0.21", "2012-12-31": "$0.52", "2012-09-30": "$0.10", "2012-06-30": "$0.45", "2012-03-31": "$1.07", "2011-12-31": "$0.97", "2011-09-30": "$0.68", "2011-06-30": "$0.42", "2011-03-31": "$0.35", "2010-12-31": "$0.41", "2010-09-30": "$0.28", "2010-06-30": "$0.47", "2010-03-31": "$0.66", "2009-12-31": "$0.60", "2009-09-30": "$0.82", "2009-06-30": "$0.85", "2009-03-31": "$0.59", "2008-12-31": "$0.94", "2008-09-30": "$0.89", "2008-06-30": "$1.12", "2008-03-31": "$1.60", "2007-12-31": "$1.41", "2007-09-30": "$2.08", "2007-06-30": "$2.62", "2007-03-31": "$2.93", "2006-12-31": "$2.92"}, "net worth": {"value": "$16.78B"}, "current ratio": {"2020-12-31": "2.14", "2020-09-30": "2.30", "2020-06-30": "2.22", "2020-03-31": "2.11", "2019-12-31": "2.30", "2019-09-30": "2.39", "2019-06-30": "2.26", "2019-03-31": "2.22", "2018-12-31": "2.32", "2018-09-30": "2.31", "2018-06-30": "2.24", "2018-03-31": "2.22", "2017-12-31": "2.22", "2017-09-30": "2.21", "2017-06-30": "2.52", "2017-03-31": "2.56", "2016-12-31": "2.90", "2016-09-30": "3.24", "2016-06-30": "2.81", "2016-03-31": "2.58", "2015-12-31": "3.76", "2015-09-30": "2.62", "2015-06-30": "3.04", "2015-03-31": "2.76", "2014-12-31": "2.50", "2014-09-30": "2.52", "2014-06-30": "2.64", "2014-03-31": "2.73", "2013-12-31": "2.73", "2013-09-30": "2.71", "2013-06-30": "2.64", "2013-03-31": "2.82", "2012-12-31": "2.75", "2012-09-30": "2.78", "2012-06-30": "2.82", "2012-03-31": "2.79", "2011-12-31": "2.81", "2011-09-30": "2.82", "2011-06-30": "3.01", "2011-03-31": "3.09", "2010-12-31": "3.22", "2010-09-30": "2.77", "2010-06-30": "2.78", "2010-03-31": "2.80", "2009-12-31": "2.99", "2009-09-30": "3.98", "2009-06-30": "3.61", "2009-03-31": "3.82", "2008-12-31": "2.67", "2008-09-30": "2.91", "2008-06-30": "3.05", "2008-03-31": "3.10", "2007-12-31": "3.14", "2007-09-30": "3.30", "2007-06-30": "3.36", "2007-03-31": "2.31", "2006-12-31": "2.36", "2006-09-30": "2.17", "2006-06-30": "2.24", "2006-03-31": "2.34", "2005-12-31": "2.12", "2005-09-30": "2.01", "2005-06-30": "1.91", "2005-03-31": "1.59"}, "quick ratio": {"2020-12-31": "1.61", "2020-09-30": "1.64", "2020-06-30": "1.55", "2020-03-31": "1.47", "2019-12-31": "1.66", "2019-09-30": "1.67", "2019-06-30": "1.59", "2019-03-31": "1.57", "2018-12-31": "1.69", "2018-09-30": "1.73", "2018-06-30": "1.72", "2018-03-31": "1.73", "2017-12-31": "1.72", "2017-09-30": "1.67", "2017-06-30": "1.96", "2017-03-31": "1.96", "2016-12-31": "2.34", "2016-09-30": "2.56", "2016-06-30": "2.22", "2016-03-31": "2.19", "2015-12-31": "3.20", "2015-09-30": "2.14", "2015-06-30": "2.48", "2015-03-31": "2.06", "2014-12-31": "1.89", "2014-09-30": "1.90", "2014-06-30": "1.98", "2014-03-31": "2.04", "2013-12-31": "2.07", "2013-09-30": "1.99", "2013-06-30": "1.94", "2013-03-31": "2.12", "2012-12-31": "2.08", "2012-09-30": "2.01", "2012-06-30": "2.08", "2012-03-31": "2.11", "2011-12-31": "2.19", "2011-09-30": "2.16", "2011-06-30": "2.31", "2011-03-31": "2.37", "2010-12-31": "2.52", "2010-09-30": "2.20", "2010-06-30": "2.24", "2010-03-31": "2.28", "2009-12-31": "2.44", "2009-09-30": "3.20", "2009-06-30": "2.78", "2009-03-31": "3.01", "2008-12-31": "2.01", "2008-09-30": "2.19", "2008-06-30": "2.38", "2008-03-31": "2.43", "2007-12-31": "2.54", "2007-09-30": "2.58", "2007-06-30": "2.67", "2007-03-31": "2.03", "2006-12-31": "2.10", "2006-09-30": "1.92", "2006-06-30": "2.00", "2006-03-31": "2.08", "2005-12-31": "1.91", "2005-09-30": "1.78", "2005-06-30": "1.69", "2005-03-31": "1.42"}, "debt equity ratio": {"current": "1.83", "2020-12-31": "3.15", "2020-09-30": "3.01", "2020-06-30": "3.06", "2020-03-31": "2.45", "2019-12-31": "2.16", "2019-09-30": "1.74", "2019-06-30": "1.82", "2019-03-31": "1.80", "2018-12-31": "1.72", "2018-09-30": "1.86", "2018-06-30": "1.91", "2018-03-31": "2.00", "2017-12-31": "2.01", "2017-09-30": "1.79", "2017-06-30": "1.83", "2017-03-31": "1.77", "2016-12-31": "1.86", "2016-09-30": "1.75", "2016-06-30": "1.84", "2016-03-31": "1.60", "2015-12-31": "1.38", "2015-09-30": "0.95", "2015-06-30": "0.95", "2015-03-31": "0.96", "2014-12-31": "0.97", "2014-09-30": "1.04", "2014-06-30": "1.09", "2014-03-31": "1.13", "2013-12-31": "1.15", "2013-09-30": "1.18", "2013-06-30": "0.78", "2013-03-31": "0.76", "2012-12-31": "0.74", "2012-09-30": "0.73", "2012-06-30": "0.76", "2012-03-31": "0.78", "2011-12-31": "0.79", "2011-09-30": "0.71", "2011-06-30": "0.71", "2011-03-31": "0.74", "2010-12-31": "0.76", "2010-09-30": "0.85", "2010-06-30": "0.87", "2010-03-31": "0.90", "2009-12-31": "0.89", "2009-09-30": "0.91", "2009-06-30": "0.95", "2009-03-31": "1.00", "2008-12-31": "0.86", "2008-09-30": "0.86", "2008-06-30": "0.85", "2008-03-31": "0.89", "2007-12-31": "0.91", "2007-09-30": "1.01", "2007-06-30": "1.05", "2007-03-31": "1.24", "2006-12-31": "1.29", "2006-09-30": "1.26", "2006-06-30": "1.21", "2006-03-31": "1.21", "2005-12-31": "1.36", "2005-09-30": "1.56", "2005-06-30": "1.82", "2005-03-31": "2.18"}, "return on equity": {"2020-12-31": "-53.00%", "2020-09-30": "-69.07%", "2020-06-30": "-54.33%", "2020-03-31": "-26.94%", "2019-12-31": "-12.25%", "2019-09-30": "12.34%", "2019-06-30": "14.07%", "2019-03-31": "19.03%", "2018-12-31": "18.51%", "2018-09-30": "1.94%", "2018-06-30": "1.13%", "2018-03-31": "-4.41%", "2017-12-31": "-5.21%", "2017-09-30": "2.31%", "2017-06-30": "-1.58%", "2017-03-31": "-35.67%", "2016-12-31": "-54.87%", "2016-09-30": "-46.96%", "2016-06-30": "-42.38%", "2016-03-31": "-16.33%", "2015-12-31": "-4.31%", "2015-09-30": "1.64%", "2015-06-30": "9.60%", "2015-03-31": "14.41%", "2014-12-31": "23.27%", "2014-09-30": "23.61%", "2014-06-30": "21.14%", "2014-03-31": "19.91%", "2013-12-31": "14.77%", "2013-09-30": "13.40%", "2013-06-30": "12.22%", "2013-03-31": "12.99%", "2012-12-31": "17.74%", "2012-09-30": "20.21%", "2012-06-30": "21.87%", "2012-03-31": "23.12%", "2011-12-31": "23.57%", "2011-09-30": "22.38%", "2011-06-30": "22.40%", "2011-03-31": "21.10%", "2010-12-31": "19.02%", "2010-09-30": "15.94%", "2010-06-30": "13.35%", "2010-03-31": "11.24%", "2009-12-31": "13.57%", "2009-09-30": "16.74%", "2009-06-30": "22.54%", "2009-03-31": "26.22%", "2008-12-31": "29.83%", "2008-09-30": "33.63%", "2008-06-30": "35.91%", "2008-03-31": "54.10%", "2007-12-31": "52.00%", "2007-09-30": "50.76%", "2007-06-30": "47.51%", "2007-03-31": "32.50%", "2006-12-31": "32.76%", "2006-09-30": "40.37%", "2006-06-30": "41.36%", "2006-03-31": "42.62%", "2005-12-31": "45.45%"}, "return on assets": {"2020-12-31": "-13.65%", "2020-09-30": "-19.18%", "2020-06-30": "-16.72%", "2020-03-31": "-8.96%", "2019-12-31": "-4.27%", "2019-09-30": "4.45%", "2019-06-30": "5.02%", "2019-03-31": "6.75%", "2018-12-31": "6.45%", "2018-09-30": "0.66%", "2018-06-30": "0.38%", "2018-03-31": "-1.52%", "2017-12-31": "-1.83%", "2017-09-30": "0.82%", "2017-06-30": "-0.57%", "2017-03-31": "-12.72%", "2016-12-31": "-19.97%", "2016-09-30": "-18.00%", "2016-06-30": "-17.70%", "2016-03-31": "-7.41%", "2015-12-31": "-2.09%", "2015-09-30": "0.83%", "2015-06-30": "4.85%", "2015-03-31": "7.16%", "2014-12-31": "11.34%", "2014-09-30": "11.26%", "2014-06-30": "9.90%", "2014-03-31": "9.71%", "2013-12-31": "7.57%", "2013-09-30": "7.25%", "2013-06-30": "6.97%", "2013-03-31": "7.44%", "2012-12-31": "10.14%", "2012-09-30": "11.46%", "2012-06-30": "12.42%", "2012-03-31": "13.21%", "2011-12-31": "13.55%", "2011-09-30": "12.94%", "2011-06-30": "12.72%", "2011-03-31": "11.72%", "2010-12-31": "10.34%", "2010-09-30": "8.51%", "2010-06-30": "7.07%", "2010-03-31": "5.89%", "2009-12-31": "7.01%", "2009-09-30": "8.68%", "2009-06-30": "11.74%", "2009-03-31": "13.82%", "2008-12-31": "16.00%", "2008-09-30": "17.90%", "2008-06-30": "18.78%", "2008-03-31": "27.60%", "2007-12-31": "25.25%", "2007-09-30": "23.52%", "2007-06-30": "21.46%", "2007-03-31": "14.47%", "2006-12-31": "14.63%", "2006-09-30": "17.90%", "2006-06-30": "17.84%", "2006-03-31": "17.37%", "2005-12-31": "16.91%"}, "return on investments": {"2020-12-31": "0.02%", "2020-09-30": "-24.76%", "2020-06-30": "-20.64%", "2020-03-31": "-7.41%", "2019-12-31": "-2.29%", "2019-09-30": "9.09%", "2019-06-30": "10.08%", "2019-03-31": "12.63%", "2018-12-31": "12.75%", "2018-09-30": "11.75%", "2018-06-30": "11.33%", "2018-03-31": "7.92%", "2017-12-31": "7.04%", "2017-09-30": "5.20%", "2017-06-30": "2.59%", "2017-03-31": "-16.36%", "2016-12-31": "-29.84%", "2016-09-30": "-27.18%", "2016-06-30": "-27.29%", "2016-03-31": "-10.60%", "2015-12-31": "-0.66%", "2015-09-30": "4.47%", "2015-06-30": "11.18%", "2015-03-31": "15.35%", "2014-12-31": "22.31%", "2014-09-30": "22.28%", "2014-06-30": "20.53%", "2014-03-31": "20.07%", "2013-12-31": "15.16%", "2013-09-30": "14.51%", "2013-06-30": "13.87%", "2013-03-31": "15.08%", "2012-12-31": "21.14%", "2012-09-30": "24.22%", "2012-06-30": "27.58%", "2012-03-31": "28.92%", "2011-12-31": "29.38%", "2011-09-30": "28.27%", "2011-06-30": "25.96%", "2011-03-31": "24.16%", "2010-12-31": "22.34%", "2010-09-30": "18.81%", "2010-06-30": "16.34%", "2010-03-31": "14.21%", "2009-12-31": "15.55%", "2009-09-30": "22.26%", "2009-06-30": "28.80%", "2009-03-31": "35.02%", "2008-12-31": "39.92%", "2008-09-30": "38.17%", "2008-06-30": "37.71%", "2008-03-31": "38.65%", "2007-12-31": "37.01%", "2007-09-30": "36.55%", "2007-06-30": "35.36%", "2007-03-31": "32.78%", "2006-12-31": "32.65%", "2006-09-30": "27.17%", "2006-06-30": "26.34%", "2006-03-31": "26.21%", "2005-12-31": "26.55%"}, "return on tangible equity": {"2020-09-30": "-124.32%", "2020-06-30": "-87.26%", "2020-03-31": "-40.22%", "2019-12-31": "-17.64%", "2019-09-30": "17.47%", "2019-06-30": "20.06%", "2019-03-31": "27.36%", "2018-12-31": "26.88%", "2018-09-30": "2.85%", "2018-06-30": "1.64%", "2018-03-31": "-6.30%", "2017-12-31": "-7.31%", "2017-09-30": "3.17%", "2017-06-30": "-2.14%", "2017-03-31": "-47.75%", "2016-12-31": "-71.04%", "2016-09-30": "-58.58%", "2016-06-30": "-51.21%", "2016-03-31": "-19.18%", "2015-12-31": "-5.02%", "2015-09-30": "1.90%", "2015-06-30": "11.18%", "2015-03-31": "16.94%", "2014-12-31": "27.42%", "2014-09-30": "27.96%", "2014-06-30": "25.16%", "2014-03-31": "23.56%", "2013-12-31": "17.34%", "2013-09-30": "15.63%", "2013-06-30": "14.15%", "2013-03-31": "15.03%", "2012-12-31": "20.57%", "2012-09-30": "23.43%", "2012-06-30": "25.18%", "2012-03-31": "26.48%", "2011-12-31": "26.82%", "2011-09-30": "25.39%", "2011-06-30": "25.54%", "2011-03-31": "24.09%", "2010-12-31": "21.75%", "2010-09-30": "18.22%", "2010-06-30": "15.26%", "2010-03-31": "12.88%", "2009-12-31": "15.57%", "2009-09-30": "19.28%", "2009-06-30": "26.01%", "2009-03-31": "30.11%", "2008-12-31": "34.08%", "2008-09-30": "38.16%", "2008-06-30": "40.54%", "2008-03-31": "60.94%", "2007-12-31": "57.85%", "2007-09-30": "55.65%", "2007-06-30": "52.02%", "2007-03-31": "35.66%", "2006-12-31": "36.32%", "2006-09-30": "45.44%", "2006-06-30": "46.87%", "2006-03-31": "48.97%", "2005-12-31": "53.26%"}, "dividend yield history": {"last payout": "$0.18", "last yield": "0.95%"}}