{"ticker": "THG", "price": {"title": "Hanover Insurance Historical Annual Stock Price Data", "value": 113.49, "historical": {"2021": {"Average Stock Price": "116.9138", "Year Open": "114.5500", "Year High": "121.7400", "Year Low": "112.4700", "Year Close": "113.4900", "Annual % Change": "-2.93%"}, "2020": {"Average Stock Price": "107.1387", "Year Open": "136.4800", "Year High": "140.5400", "Year Low": "83.6700", "Year Close": "116.9200", "Annual % Change": "-14.45%"}, "2019": {"Average Stock Price": "125.7438", "Year Open": "115.3700", "Year High": "139.2700", "Year Low": "109.0000", "Year Close": "136.6700", "Annual % Change": "17.04%"}, "2018": {"Average Stock Price": "116.8073", "Year Open": "106.7100", "Year High": "130.4900", "Year Low": "105.2900", "Year Close": "116.7700", "Annual % Change": "8.04%"}, "2017": {"Average Stock Price": "93.2316", "Year Open": "91.2200", "Year High": "108.8500", "Year Low": "80.5900", "Year Close": "108.0800", "Annual % Change": "18.76%"}, "2016": {"Average Stock Price": "82.8648", "Year Open": "79.8800", "Year High": "91.6600", "Year Low": "74.1000", "Year Close": "91.0100", "Annual % Change": "11.89%"}, "2015": {"Average Stock Price": "76.2218", "Year Open": "70.6700", "Year High": "86.5800", "Year Low": "68.1800", "Year Close": "81.3400", "Annual % Change": "14.05%"}, "2014": {"Average Stock Price": "62.2903", "Year Open": "58.7700", "Year High": "73.3000", "Year Low": "53.1400", "Year Close": "71.3200", "Annual % Change": "19.44%"}, "2013": {"Average Stock Price": "51.0668", "Year Open": "39.1900", "Year High": "60.9900", "Year Low": "39.1900", "Year Close": "59.7100", "Annual % Change": "54.13%"}, "2012": {"Average Stock Price": "37.8871", "Year Open": "35.1100", "Year High": "41.5200", "Year Low": "33.9900", "Year Close": "38.7400", "Annual % Change": "10.84%"}, "2011": {"Average Stock Price": "39.6950", "Year Open": "47.1200", "Year High": "48.8200", "Year Low": "31.2200", "Year Close": "34.9500", "Annual % Change": "-25.19%"}, "2010": {"Average Stock Price": "44.4472", "Year Open": "44.6300", "Year High": "47.7300", "Year Low": "40.5100", "Year Close": "46.7200", "Annual % Change": "5.15%"}, "2009": {"Average Stock Price": "38.1893", "Year Open": "42.7300", "Year High": "45.2300", "Year Low": "28.4900", "Year Close": "44.4300", "Annual % Change": "3.40%"}, "2008": {"Average Stock Price": "42.6448", "Year Open": "45.0300", "Year High": "51.0000", "Year Low": "31.9200", "Year Close": "42.9700", "Annual % Change": "-6.18%"}, "2007": {"Average Stock Price": "45.8630", "Year Open": "49.1100", "Year High": "49.7600", "Year Low": "41.1400", "Year Close": "45.8000", "Annual % Change": "-6.15%"}, "2006": {"Average Stock Price": "47.1114", "Year Open": "42.9800", "Year High": "54.1100", "Year Low": "41.1700", "Year Close": "48.8000", "Annual % Change": "16.83%"}, "2005": {"Average Stock Price": "37.1241", "Year Open": "32.5600", "Year High": "42.1100", "Year Low": "30.2700", "Year Close": "41.7700", "Annual % Change": "27.23%"}, "2004": {"Average Stock Price": "32.2247", "Year Open": "30.8400", "Year High": "38.2500", "Year Low": "25.4500", "Year Close": "32.8300", "Annual % Change": "6.69%"}, "2003": {"Average Stock Price": "19.9865", "Year Open": "10.0900", "Year High": "31.2900", "Year Low": "9.8400", "Year Close": "30.7700", "Annual % Change": "204.65%"}, "2002": {"Average Stock Price": "31.2976", "Year Open": "44.0500", "Year High": "50.3300", "Year Low": "7.1600", "Year Close": "10.1000", "Annual % Change": "-77.33%"}, "2001": {"Average Stock Price": "50.5345", "Year Open": "67.2500", "Year High": "67.2500", "Year Low": "38.1700", "Year Close": "44.5500", "Annual % Change": "-38.55%"}, "2000": {"Average Stock Price": "56.0054", "Year Open": "53.5000", "Year High": "72.5000", "Year Low": "35.3100", "Year Close": "72.5000", "Annual % Change": "30.35%"}, "1999": {"Average Stock Price": "55.9621", "Year Open": "57.8800", "Year High": "64.4400", "Year Low": "46.5000", "Year Close": "55.6200", "Annual % Change": "-3.90%"}, "1998": {"Average Stock Price": "59.4377", "Year Open": "49.9400", "Year High": "72.1200", "Year Low": "39.2500", "Year Close": "57.8800", "Annual % Change": "15.90%"}, "1997": {"Average Stock Price": "40.9089", "Year Open": "33.3800", "Year High": "50.0600", "Year Low": "32.7500", "Year Close": "49.9400", "Annual % Change": "49.07%"}, "1996": {"Average Stock Price": "28.9795", "Year Open": "26.1200", "Year High": "34.3800", "Year Low": "25.1200", "Year Close": "33.5000", "Annual % Change": "24.07%"}}}, "market cap": {"value": "$4.23B"}, "income statement": {"Revenue": {"2020-12-31": "4827.30000", "2019-12-31": "4890.70000", "2018-12-31": "4494.30000", "2017-12-31": "4267.90000", "2016-12-31": "4053.90000", "2015-12-31": "5034.00000", "2014-12-31": "5067.60000", "2013-12-31": "4793.70000", "2012-12-31": "4590.70000", "2011-12-31": "3931.60000", "2010-12-31": "3152.20000", "2009-12-31": "2834.10000", "2008-12-31": "2680.40000", "2007-12-31": "2674.10000", "2006-12-31": "2505.40000", "2005-12-31": "2624.30000"}, "Cost Of Goods Sold": {"2020-12-31": "2845.20000", "2019-12-31": "2865.50000", "2018-12-31": "2724.60000", "2017-12-31": "2579.60000", "2016-12-31": "2546.00000", "2015-12-31": "2884.10000", "2014-12-31": "2927.50000", "2013-12-31": "2761.10000", "2012-12-31": "2974.40000", "2011-12-31": "2550.80000", "2010-12-31": "2457.10000", "2009-12-31": "2220.50000", "2008-12-31": "2182.40000", "2007-12-31": "1981.00000", "2006-12-31": "1863.50000", "2005-12-31": "2168.30000"}, "Gross Profit": {"2020-12-31": "1982.10000", "2019-12-31": "2025.20000", "2018-12-31": "1769.70000", "2017-12-31": "1688.30000", "2016-12-31": "1507.90000", "2015-12-31": "2149.90000", "2014-12-31": "2140.10000", "2013-12-31": "2032.60000", "2012-12-31": "1616.30000", "2011-12-31": "1380.80000", "2010-12-31": "695.09990", "2009-12-31": "613.60010", "2008-12-31": "498.00000", "2007-12-31": "693.10010", "2006-12-31": "641.89990", "2005-12-31": "456.00000"}, "Research And Development Expenses": {"2020-12-31": "", "2019-12-31": "", "2018-12-31": "", "2017-12-31": "", "2016-12-31": "", "2015-12-31": "", "2014-12-31": "", "2013-12-31": "", "2012-12-31": "", "2011-12-31": "", "2010-12-31": "", "2009-12-31": "", "2008-12-31": "", "2007-12-31": "", "2006-12-31": "", "2005-12-31": ""}, "SG&A Expenses": {"2020-12-31": "951.00000", "2019-12-31": "926.70000", "2018-12-31": "891.80000", "2017-12-31": "840.70000", "2016-12-31": "803.60000", "2015-12-31": "1033.20000", "2014-12-31": "1040.00000", "2013-12-31": "971.00000", "2012-12-31": "938.10000", "2011-12-31": "778.90000", "2010-12-31": "", "2009-12-31": "", "2008-12-31": "", "2007-12-31": "", "2006-12-31": "", "2005-12-31": ""}, "Other Operating Income Or Expenses": {"2020-12-31": "-543.00000", "2019-12-31": "-538.90000", "2018-12-31": "-522.10000", "2017-12-31": "-509.50000", "2016-12-31": "-498.60000", "2015-12-31": "-592.60000", "2014-12-31": "-656.20000", "2013-12-31": "-667.20000", "2012-12-31": "-587.60000", "2011-12-31": "-525.30000", "2010-12-31": "-445.20000", "2009-12-31": "-341.70000", "2008-12-31": "-333.60000", "2007-12-31": "-351.60000", "2006-12-31": "-370.90000", "2005-12-31": "-384.70000"}, "Operating Expenses": {"2020-12-31": "4376.30000", "2019-12-31": "4368.60000", "2018-12-31": "4183.60000", "2017-12-31": "3975.00000", "2016-12-31": "3899.60000", "2015-12-31": "4570.50000", "2014-12-31": "4689.50000", "2013-12-31": "4464.60000", "2012-12-31": "4562.00000", "2011-12-31": "3910.00000", "2010-12-31": "2946.60000", "2009-12-31": "2597.70000", "2008-12-31": "2516.00000", "2007-12-31": "2332.60000", "2006-12-31": "2234.40000", "2005-12-31": "2553.00000"}, "Operating Income": {"2020-12-31": "451.00000", "2019-12-31": "522.10010", "2018-12-31": "310.69970", "2017-12-31": "292.89990", "2016-12-31": "154.29980", "2015-12-31": "463.50000", "2014-12-31": "378.10010", "2013-12-31": "329.10010", "2012-12-31": "28.70020", "2011-12-31": "21.59990", "2010-12-31": "205.59990", "2009-12-31": "236.40010", "2008-12-31": "164.39990", "2007-12-31": "341.50000", "2006-12-31": "271.00000", "2005-12-31": "71.30010"}, "Total Non-Operating Income/Expense": {"2020-12-31": "-6.20000", "2019-12-31": "", "2018-12-31": "-28.20000", "2017-12-31": "", "2016-12-31": "-88.30000", "2015-12-31": "-24.10000", "2014-12-31": "-0.10000", "2013-12-31": "", "2012-12-31": "", "2011-12-31": "", "2010-12-31": "", "2009-12-31": "34.50000", "2008-12-31": "", "2007-12-31": "", "2006-12-31": "", "2005-12-31": ""}, "Pre-Tax Income": {"2020-12-31": "444.80000", "2019-12-31": "522.10000", "2018-12-31": "282.50000", "2017-12-31": "292.90000", "2016-12-31": "66.00000", "2015-12-31": "439.40000", "2014-12-31": "378.00000", "2013-12-31": "329.10000", "2012-12-31": "28.70000", "2011-12-31": "21.60000", "2010-12-31": "205.60000", "2009-12-31": "270.90000", "2008-12-31": "164.40000", "2007-12-31": "341.50000", "2006-12-31": "271.00000", "2005-12-31": "71.30000"}, "Income Taxes": {"2020-12-31": "82.80000", "2019-12-31": "93.10000", "2018-12-31": "43.50000", "2017-12-31": "76.80000", "2016-12-31": "-1.00000", "2015-12-31": "108.60000", "2014-12-31": "95.70000", "2013-12-31": "83.40000", "2012-12-31": "-17.40000", "2011-12-31": "-9.90000", "2010-12-31": "56.00000", "2009-12-31": "83.10000", "2008-12-31": "79.90000", "2007-12-31": "113.20000", "2006-12-31": "87.20000", "2005-12-31": "-5.20000"}, "Income After Taxes": {"2020-12-31": "362.00000", "2019-12-31": "429.00000", "2018-12-31": "239.00000", "2017-12-31": "216.10000", "2016-12-31": "67.00000", "2015-12-31": "330.80000", "2014-12-31": "282.30000", "2013-12-31": "245.70000", "2012-12-31": "46.10000", "2011-12-31": "31.50000", "2010-12-31": "149.60000", "2009-12-31": "187.80000", "2008-12-31": "84.50000", "2007-12-31": "228.30000", "2006-12-31": "183.80000", "2005-12-31": "76.50000"}, "Other Income": {"2020-12-31": "", "2019-12-31": "", "2018-12-31": "", "2017-12-31": "", "2016-12-31": "", "2015-12-31": "", "2014-12-31": "", "2013-12-31": "", "2012-12-31": "", "2011-12-31": "", "2010-12-31": "", "2009-12-31": "", "2008-12-31": "", "2007-12-31": "", "2006-12-31": "", "2005-12-31": ""}, "Income From Continuous Operations": {"2020-12-31": "362.00000", "2019-12-31": "429.00000", "2018-12-31": "239.00000", "2017-12-31": "216.10000", "2016-12-31": "67.00000", "2015-12-31": "330.80000", "2014-12-31": "282.30000", "2013-12-31": "245.70000", "2012-12-31": "46.10000", "2011-12-31": "31.50000", "2010-12-31": "149.60000", "2009-12-31": "187.80000", "2008-12-31": "84.50000", "2007-12-31": "228.30000", "2006-12-31": "183.80000", "2005-12-31": "76.50000"}, "Income From Discontinued Operations": {"2020-12-31": "-3.30000", "2019-12-31": "-3.90000", "2018-12-31": "152.00000", "2017-12-31": "-29.90000", "2016-12-31": "88.10000", "2015-12-31": "0.70000", "2014-12-31": "-0.30000", "2013-12-31": "5.30000", "2012-12-31": "9.80000", "2011-12-31": "5.20000", "2010-12-31": "1.60000", "2009-12-31": "9.40000", "2008-12-31": "-63.90000", "2007-12-31": "24.80000", "2006-12-31": "-14.10000", "2005-12-31": "-401.70000"}, "Net Income": {"2020-12-31": "358.70000", "2019-12-31": "425.10000", "2018-12-31": "391.00000", "2017-12-31": "186.20000", "2016-12-31": "155.10000", "2015-12-31": "331.50000", "2014-12-31": "282.00000", "2013-12-31": "251.00000", "2012-12-31": "55.90000", "2011-12-31": "36.70000", "2010-12-31": "151.20000", "2009-12-31": "197.20000", "2008-12-31": "20.60000", "2007-12-31": "253.10000", "2006-12-31": "170.30000", "2005-12-31": "-325.20000"}, "EBITDA": {"2020-12-31": "488.10000", "2019-12-31": "592.60010", "2018-12-31": "390.09970", "2017-12-31": "382.19990", "2016-12-31": "246.29980", "2015-12-31": "567.00000", "2014-12-31": "499.50010", "2013-12-31": "444.30010", "2012-12-31": "135.50020", "2011-12-31": "113.49990", "2010-12-31": "276.39980", "2009-12-31": "303.50020", "2008-12-31": "175.89990", "2007-12-31": "363.20000", "2006-12-31": "292.40000", "2005-12-31": "102.90000"}, "EBIT": {"2020-12-31": "488.10000", "2019-12-31": "559.60010", "2018-12-31": "355.79970", "2017-12-31": "338.09990", "2016-12-31": "205.69980", "2015-12-31": "524.10000", "2014-12-31": "443.90010", "2013-12-31": "394.40010", "2012-12-31": "90.60020", "2011-12-31": "76.59990", "2010-12-31": "249.89990", "2009-12-31": "271.90010", "2008-12-31": "164.39990", "2007-12-31": "341.50000", "2006-12-31": "271.00000", "2005-12-31": "71.30010"}, "Basic Shares Outstanding": {"2020-12-31": "", "2019-12-31": "40.00000", "2018-12-31": "42.40000", "2017-12-31": "42.50000", "2016-12-31": "42.80000", "2015-12-31": "43.90000", "2014-12-31": "44.00000", "2013-12-31": "44.10000", "2012-12-31": "44.70000", "2011-12-31": "45.20000", "2010-12-31": "45.60000", "2009-12-31": "50.60000", "2008-12-31": "51.30000", "2007-12-31": "51.70000", "2006-12-31": "51.50000", "2005-12-31": "53.50000"}, "Shares Outstanding": {"2020-12-31": "38.10000", "2019-12-31": "40.60000", "2018-12-31": "43.00000", "2017-12-31": "43.00000", "2016-12-31": "43.20000", "2015-12-31": "44.80000", "2014-12-31": "44.90000", "2013-12-31": "44.90000", "2012-12-31": "45.30000", "2011-12-31": "45.80000", "2010-12-31": "46.30000", "2009-12-31": "51.10000", "2008-12-31": "51.70000", "2007-12-31": "52.40000", "2006-12-31": "52.20000", "2005-12-31": "54.00000"}, "Basic EPS": {"2020-12-31": "", "2019-12-31": "10.62000", "2018-12-31": "9.21000", "2017-12-31": "4.38000", "2016-12-31": "3.63000", "2015-12-31": "7.55000", "2014-12-31": "6.41000", "2013-12-31": "5.70000", "2012-12-31": "1.25000", "2011-12-31": "0.81000", "2010-12-31": "3.32000", "2009-12-31": "3.90000", "2008-12-31": "0.40000", "2007-12-31": "4.90000", "2006-12-31": "3.31000", "2005-12-31": "-6.08000"}, "EPS - Earnings Per Share": {"2020-12-31": "9.42000", "2019-12-31": "10.46000", "2018-12-31": "9.09000", "2017-12-31": "4.33000", "2016-12-31": "3.59000", "2015-12-31": "7.40000", "2014-12-31": "6.28000", "2013-12-31": "5.59000", "2012-12-31": "1.23000", "2011-12-31": "0.80000", "2010-12-31": "3.27000", "2009-12-31": "3.86000", "2008-12-31": "0.40000", "2007-12-31": "4.83000", "2006-12-31": "3.27000", "2005-12-31": "-6.02000"}}, "income statement, quarterly": {"Revenue": {"2020-12-31": "1297.00000", "2020-09-30": "1249.80000", "2020-06-30": "1224.30000", "2020-03-31": "1056.20000", "2019-12-31": "1257.90000", "2019-09-30": "1214.70000", "2019-06-30": "1198.60000", "2019-03-31": "1219.50000", "2018-12-31": "1102.80000", "2018-09-30": "1166.60000", "2018-06-30": "1133.40000", "2018-03-31": "1091.50000", "2017-12-31": "655.00000", "2017-09-30": "1085.90000", "2017-06-30": "1266.10000", "2017-03-31": "1260.90000", "2016-12-31": "363.10000", "2016-09-30": "1241.20000", "2016-06-30": "1222.00000", "2016-03-31": "1227.60000", "2015-12-31": "1204.70000", "2015-09-30": "1233.50000", "2015-06-30": "1297.10000", "2015-03-31": "1298.70000", "2014-12-31": "1285.10000", "2014-09-30": "1265.60000", "2014-06-30": "1273.00000", "2014-03-31": "1243.90000", "2013-12-31": "1229.00000", "2013-09-30": "1201.80000", "2013-06-30": "1182.60000", "2013-03-31": "1180.30000", "2012-12-31": "1184.00000", "2012-09-30": "1157.70000", "2012-06-30": "1127.20000", "2012-03-31": "1121.80000", "2011-12-31": "1135.90000", "2011-09-30": "1108.00000", "2011-06-30": "853.90000", "2011-03-31": "833.80000", "2010-12-31": "833.29990", "2010-09-30": "804.00000", "2010-06-30": "768.30000", "2010-03-31": "746.60000", "2009-12-31": "730.30000", "2009-09-30": "708.50000", "2009-06-30": "696.40000", "2009-03-31": "698.90000", "2008-12-31": "657.99990", "2008-09-30": "642.10000", "2008-06-30": "685.00000", "2008-03-31": "695.30000", "2007-12-31": "639.20010", "2007-09-30": "671.80000", "2007-06-30": "665.00000", "2007-03-31": "698.10000", "2006-12-31": "515.79990", "2006-09-30": "671.20000", "2006-06-30": "653.80000", "2006-03-31": "664.60000", "2005-12-31": "657.10020", "2005-09-30": "629.20000", "2005-06-30": "656.20000", "2005-03-31": "681.80000"}, "Cost Of Goods Sold": {"2020-12-31": "695.30000", "2020-09-30": "709.70000", "2020-06-30": "712.00000", "2020-03-31": "728.20000", "2019-12-31": "742.90000", "2019-09-30": "705.30000", "2019-06-30": "717.70000", "2019-03-31": "699.60000", "2018-12-31": "706.10020", "2018-09-30": "676.40000", "2018-06-30": "671.20000", "2018-03-31": "670.90000", "2017-12-31": "431.60010", "2017-09-30": "656.50000", "2017-06-30": "725.00000", "2017-03-31": "766.50000", "2016-12-31": "424.70010", "2016-09-30": "692.00000", "2016-06-30": "729.70000", "2016-03-31": "699.60000", "2015-12-31": "675.40010", "2015-09-30": "690.70000", "2015-06-30": "744.90000", "2015-03-31": "773.10000", "2014-12-31": "695.89990", "2014-09-30": "755.60000", "2014-06-30": "985.10000", "2014-03-31": "1004.20000", "2013-12-31": "689.70020", "2013-09-30": "939.80000", "2013-06-30": "924.80000", "2013-03-31": "925.90000", "2012-12-31": "872.50000", "2012-09-30": "944.20000", "2012-06-30": "965.20000", "2012-03-31": "889.50000", "2011-12-31": "687.40000", "2011-09-30": "957.20000", "2011-06-30": "780.20000", "2011-03-31": "673.50000", "2010-12-31": "581.70010", "2010-09-30": "628.00000", "2010-06-30": "661.40000", "2010-03-31": "586.00000", "2009-12-31": "560.70000", "2009-09-30": "549.80000", "2009-06-30": "538.60000", "2009-03-31": "571.40000", "2008-12-31": "526.60000", "2008-09-30": "613.90000", "2008-06-30": "524.40000", "2008-03-31": "517.50000", "2007-12-31": "468.10000", "2007-09-30": "506.30000", "2007-06-30": "493.90000", "2007-03-31": "512.70000", "2006-12-31": "395.90000", "2006-09-30": "521.20000", "2006-06-30": "473.00000", "2006-03-31": "473.40000", "2005-12-31": "479.49990", "2005-09-30": "683.40000", "2005-06-30": "480.40000", "2005-03-31": "525.00000"}, "Gross Profit": {"2020-12-31": "601.70000", "2020-09-30": "540.10000", "2020-06-30": "512.30000", "2020-03-31": "327.99990", "2019-12-31": "515.00040", "2019-09-30": "509.40000", "2019-06-30": "480.90000", "2019-03-31": "519.90000", "2018-12-31": "396.69960", "2018-09-30": "490.20000", "2018-06-30": "462.20000", "2018-03-31": "420.60000", "2017-12-31": "223.39990", "2017-09-30": "429.40000", "2017-06-30": "541.10000", "2017-03-31": "494.40000", "2016-12-31": "-61.60010", "2016-09-30": "549.20000", "2016-06-30": "492.30000", "2016-03-31": "528.00000", "2015-12-31": "529.29980", "2015-09-30": "542.80000", "2015-06-30": "552.20000", "2015-03-31": "525.60000", "2014-12-31": "589.20010", "2014-09-30": "510.00000", "2014-06-30": "287.90000", "2014-03-31": "239.70000", "2013-12-31": "539.30000", "2013-09-30": "262.00000", "2013-06-30": "257.80000", "2013-03-31": "254.40000", "2012-12-31": "311.50020", "2012-09-30": "213.49990", "2012-06-30": "162.00000", "2012-03-31": "232.30000", "2011-12-31": "448.50010", "2011-09-30": "150.80000", "2011-06-30": "73.70000", "2011-03-31": "160.30000", "2010-12-31": "251.59990", "2010-09-30": "176.00000", "2010-06-30": "106.90000", "2010-03-31": "160.60000", "2009-12-31": "169.60010", "2009-09-30": "158.70000", "2009-06-30": "157.80000", "2009-03-31": "127.50000", "2008-12-31": "131.40000", "2008-09-30": "28.20000", "2008-06-30": "160.60000", "2008-03-31": "177.80000", "2007-12-31": "171.10000", "2007-09-30": "165.50000", "2007-06-30": "171.10000", "2007-03-31": "185.40000", "2006-12-31": "119.89990", "2006-09-30": "150.00000", "2006-06-30": "180.80000", "2006-03-31": "191.20000", "2005-12-31": "177.60020", "2005-09-30": "-54.20000", "2005-06-30": "175.80000", "2005-03-31": "156.80000"}, "Research And Development Expenses": {"2020-12-31": "", "2020-09-30": "", "2020-06-30": "", "2020-03-31": "", "2019-12-31": "", "2019-09-30": "", "2019-06-30": "", "2019-03-31": "", "2018-12-31": "", "2018-09-30": "", "2018-06-30": "", "2018-03-31": "", "2017-12-31": "", "2017-09-30": "", "2017-06-30": "", "2017-03-31": "", "2016-12-31": "", "2016-09-30": "", "2016-06-30": "", "2016-03-31": "", "2015-12-31": "", "2015-09-30": "", "2015-06-30": "", "2015-03-31": "", "2014-12-31": "", "2014-09-30": "", "2014-06-30": "", "2014-03-31": "", "2013-12-31": "", "2013-09-30": "", "2013-06-30": "", "2013-03-31": "", "2012-12-31": "", "2012-09-30": "", "2012-06-30": "", "2012-03-31": "", "2011-12-31": "", "2011-09-30": "", "2011-06-30": "", "2011-03-31": "", "2010-12-31": "", "2010-09-30": "", "2010-06-30": "", "2010-03-31": "", "2009-12-31": "", "2009-09-30": "", "2009-06-30": "", "2009-03-31": "", "2008-12-31": "", "2008-09-30": "", "2008-06-30": "", "2008-03-31": "", "2007-12-31": "", "2007-09-30": "", "2007-06-30": "", "2007-03-31": "", "2006-12-31": "", "2006-09-30": "", "2006-06-30": "", "2006-03-31": "", "2005-12-31": "", "2005-09-30": "", "2005-06-30": "", "2005-03-31": ""}, "SG&A Expenses": {"2020-12-31": "239.10000", "2020-09-30": "237.70000", "2020-06-30": "237.30000", "2020-03-31": "236.90000", "2019-12-31": "233.90000", "2019-09-30": "232.80000", "2019-06-30": "230.50000", "2019-03-31": "229.50000", "2018-12-31": "227.10000", "2018-09-30": "224.40000", "2018-06-30": "221.60000", "2018-03-31": "218.70000", "2017-12-31": "98.30010", "2017-09-30": "211.40000", "2017-06-30": "264.60000", "2017-03-31": "266.40000", "2016-12-31": "32.20000", "2016-09-30": "257.90000", "2016-06-30": "254.40000", "2016-03-31": "259.10000", "2015-12-31": "251.59990", "2015-09-30": "259.00000", "2015-06-30": "262.00000", "2015-03-31": "260.60000", "2014-12-31": "780.00000", "2014-09-30": "260.00000", "2014-06-30": "", "2014-03-31": "", "2013-12-31": "", "2013-09-30": "", "2013-06-30": "", "2013-03-31": "", "2012-12-31": "", "2012-09-30": "", "2012-06-30": "", "2012-03-31": "", "2011-12-31": "", "2011-09-30": "", "2011-06-30": "", "2011-03-31": "", "2010-12-31": "", "2010-09-30": "", "2010-06-30": "", "2010-03-31": "", "2009-12-31": "", "2009-09-30": "", "2009-06-30": "", "2009-03-31": "", "2008-12-31": "", "2008-09-30": "", "2008-06-30": "", "2008-03-31": "", "2007-12-31": "", "2007-09-30": "", "2007-06-30": "", "2007-03-31": "", "2006-12-31": "", "2006-09-30": "", "2006-06-30": "", "2006-03-31": "", "2005-12-31": "", "2005-09-30": "", "2005-06-30": "", "2005-03-31": ""}, "Other Operating Income Or Expenses": {"2020-12-31": "-147.10000", "2020-09-30": "-137.90000", "2020-06-30": "-122.50000", "2020-03-31": "-135.60000", "2019-12-31": "-138.30000", "2019-09-30": "-136.90000", "2019-06-30": "-131.30000", "2019-03-31": "-132.40000", "2018-12-31": "-129.10000", "2018-09-30": "-131.90000", "2018-06-30": "-129.60000", "2018-03-31": "-131.50000", "2017-12-31": "-75.20000", "2017-09-30": "-124.00000", "2017-06-30": "-153.30000", "2017-03-31": "-157.00000", "2016-12-31": "-54.50000", "2016-09-30": "-154.70000", "2016-06-30": "-143.30000", "2016-03-31": "-146.10000", "2015-12-31": "-146.90000", "2015-09-30": "-153.00000", "2015-06-30": "-120.80000", "2015-03-31": "-171.90000", "2014-12-31": "-182.60000", "2014-09-30": "-158.40000", "2014-06-30": "-163.90000", "2014-03-31": "-151.30000", "2013-12-31": "-182.60000", "2013-09-30": "-159.30000", "2013-06-30": "-174.50000", "2013-03-31": "-150.80000", "2012-12-31": "-161.60000", "2012-09-30": "-145.70000", "2012-06-30": "-135.00000", "2012-03-31": "-145.30000", "2011-12-31": "-137.10000", "2011-09-30": "-152.70000", "2011-06-30": "-123.10000", "2011-03-31": "-112.40000", "2010-12-31": "-170.00000", "2010-09-30": "-91.10000", "2010-06-30": "-92.10000", "2010-03-31": "-92.00000", "2009-12-31": "-60.60000", "2009-09-30": "-91.40000", "2009-06-30": "-95.50000", "2009-03-31": "-94.20000", "2008-12-31": "-80.80000", "2008-09-30": "-77.20000", "2008-06-30": "-83.90000", "2008-03-31": "-91.70000", "2007-12-31": "-85.70000", "2007-09-30": "-88.00000", "2007-06-30": "-84.40000", "2007-03-31": "-93.50000", "2006-12-31": "-55.90000", "2006-09-30": "-106.70000", "2006-06-30": "-102.40000", "2006-03-31": "-105.90000", "2005-12-31": "-94.20000", "2005-09-30": "-86.60000", "2005-06-30": "-100.00000", "2005-03-31": "-103.90000"}, "Operating Expenses": {"2020-12-31": "1090.00000", "2020-09-30": "1095.10000", "2020-06-30": "1081.20000", "2020-03-31": "1110.10000", "2019-12-31": "1124.50000", "2019-09-30": "1084.40000", "2019-06-30": "1088.80000", "2019-03-31": "1070.90000", "2018-12-31": "1073.50000", "2018-09-30": "1043.90000", "2018-06-30": "1033.80000", "2018-03-31": "1032.40000", "2017-12-31": "614.80000", "2017-09-30": "1003.20000", "2017-06-30": "1155.10000", "2017-03-31": "1201.90000", "2016-12-31": "520.00000", "2016-09-30": "1117.10000", "2016-06-30": "1143.00000", "2016-03-31": "1119.50000", "2015-12-31": "1088.60000", "2015-09-30": "1117.50000", "2015-06-30": "1142.70000", "2015-03-31": "1221.70000", "2014-12-31": "1162.10000", "2014-09-30": "1190.30000", "2014-06-30": "1165.30000", "2014-03-31": "1171.80000", "2013-12-31": "1140.80000", "2013-09-30": "1115.70000", "2013-06-30": "1116.70000", "2013-03-31": "1091.40000", "2012-12-31": "1290.40000", "2012-09-30": "1104.50000", "2012-06-30": "1116.10000", "2012-03-31": "1051.00000", "2011-12-31": "1072.30000", "2011-09-30": "1127.30000", "2011-06-30": "914.10000", "2011-03-31": "796.30000", "2010-12-31": "763.20030", "2010-09-30": "730.90000", "2010-06-30": "765.20000", "2010-03-31": "687.30000", "2009-12-31": "656.80000", "2009-09-30": "641.20000", "2009-06-30": "634.10000", "2009-03-31": "665.60000", "2008-12-31": "607.39980", "2008-09-30": "691.10000", "2008-06-30": "608.30000", "2008-03-31": "609.20000", "2007-12-31": "553.80000", "2007-09-30": "594.30000", "2007-06-30": "578.30000", "2007-03-31": "606.20000", "2006-12-31": "451.79990", "2006-09-30": "627.90000", "2006-06-30": "575.40000", "2006-03-31": "579.30000", "2005-12-31": "573.70000", "2005-09-30": "770.00000", "2005-06-30": "580.40000", "2005-03-31": "628.90000"}, "Operating Income": {"2020-12-31": "207.00000", "2020-09-30": "154.70010", "2020-06-30": "143.10010", "2020-03-31": "-53.90000", "2019-12-31": "133.40030", "2019-09-30": "130.29990", "2019-06-30": "109.79990", "2019-03-31": "148.60000", "2018-12-31": "29.29970", "2018-09-30": "122.70000", "2018-06-30": "99.60000", "2018-03-31": "59.10000", "2017-12-31": "40.20000", "2017-09-30": "82.70000", "2017-06-30": "111.00000", "2017-03-31": "59.00000", "2016-12-31": "-156.90000", "2016-09-30": "124.10000", "2016-06-30": "79.00000", "2016-03-31": "108.10000", "2015-12-31": "116.10010", "2015-09-30": "116.00000", "2015-06-30": "154.39990", "2015-03-31": "77.00000", "2014-12-31": "123.00010", "2014-09-30": "75.29990", "2014-06-30": "107.70010", "2014-03-31": "72.10000", "2013-12-31": "88.20030", "2013-09-30": "86.10000", "2013-06-30": "65.90000", "2013-03-31": "88.90000", "2012-12-31": "-106.39970", "2012-09-30": "53.20000", "2012-06-30": "11.10000", "2012-03-31": "70.80010", "2011-12-31": "63.60000", "2011-09-30": "-19.30010", "2011-06-30": "-60.20000", "2011-03-31": "37.49990", "2010-12-31": "70.09970", "2010-09-30": "73.10000", "2010-06-30": "3.10000", "2010-03-31": "59.30000", "2009-12-31": "73.50010", "2009-09-30": "67.30000", "2009-06-30": "62.30010", "2009-03-31": "33.30000", "2008-12-31": "50.60010", "2008-09-30": "-49.00010", "2008-06-30": "76.70000", "2008-03-31": "86.10000", "2007-12-31": "85.40010", "2007-09-30": "77.50000", "2007-06-30": "86.70000", "2007-03-31": "91.90000", "2006-12-31": "64.00010", "2006-09-30": "43.30000", "2006-06-30": "78.40000", "2006-03-31": "85.30000", "2005-12-31": "83.40020", "2005-09-30": "-140.80000", "2005-06-30": "75.80000", "2005-03-31": "52.90000"}, "Total Non-Operating Income/Expense": {"2020-12-31": "", "2020-09-30": "-6.10000", "2020-06-30": "", "2020-03-31": "", "2019-12-31": "", "2019-09-30": "", "2019-06-30": "", "2019-03-31": "", "2018-12-31": "", "2018-09-30": "", "2018-06-30": "", "2018-03-31": "", "2017-12-31": "", "2017-09-30": "", "2017-06-30": "", "2017-03-31": "", "2016-12-31": "-2.20000", "2016-09-30": "", "2016-06-30": "-86.10000", "2016-03-31": "", "2015-12-31": "-16.70000", "2015-09-30": "-5.60000", "2015-06-30": "-1.80000", "2015-03-31": "", "2014-12-31": "", "2014-09-30": "", "2014-06-30": "", "2014-03-31": "", "2013-12-31": "", "2013-09-30": "", "2013-06-30": "", "2013-03-31": "", "2012-12-31": "", "2012-09-30": "", "2012-06-30": "", "2012-03-31": "", "2011-12-31": "", "2011-09-30": "", "2011-06-30": "", "2011-03-31": "", "2010-12-31": "", "2010-09-30": "", "2010-06-30": "", "2010-03-31": "", "2009-12-31": "", "2009-09-30": "0.20000", "2009-06-30": "34.30000", "2009-03-31": "", "2008-12-31": "", "2008-09-30": "", "2008-06-30": "", "2008-03-31": "", "2007-12-31": "", "2007-09-30": "", "2007-06-30": "", "2007-03-31": "", "2006-12-31": "", "2006-09-30": "", "2006-06-30": "", "2006-03-31": "", "2005-12-31": "", "2005-09-30": "", "2005-06-30": "", "2005-03-31": ""}, "Pre-Tax Income": {"2020-12-31": "207.00000", "2020-09-30": "148.60000", "2020-06-30": "143.10000", "2020-03-31": "-53.90000", "2019-12-31": "133.40000", "2019-09-30": "130.30000", "2019-06-30": "109.80000", "2019-03-31": "148.60000", "2018-12-31": "1.10000", "2018-09-30": "122.70000", "2018-06-30": "99.60000", "2018-03-31": "59.10000", "2017-12-31": "40.20000", "2017-09-30": "82.70000", "2017-06-30": "111.00000", "2017-03-31": "59.00000", "2016-12-31": "-159.10000", "2016-09-30": "124.10000", "2016-06-30": "-7.10000", "2016-03-31": "108.10000", "2015-12-31": "99.40000", "2015-09-30": "110.40000", "2015-06-30": "152.60000", "2015-03-31": "77.00000", "2014-12-31": "122.90000", "2014-09-30": "75.30000", "2014-06-30": "107.70000", "2014-03-31": "72.10000", "2013-12-31": "88.20000", "2013-09-30": "86.10000", "2013-06-30": "65.90000", "2013-03-31": "88.90000", "2012-12-31": "-106.40000", "2012-09-30": "53.20000", "2012-06-30": "11.10000", "2012-03-31": "70.80000", "2011-12-31": "63.60000", "2011-09-30": "-19.30000", "2011-06-30": "-60.20000", "2011-03-31": "37.50000", "2010-12-31": "70.10000", "2010-09-30": "73.10000", "2010-06-30": "3.10000", "2010-03-31": "59.30000", "2009-12-31": "73.50000", "2009-09-30": "67.50000", "2009-06-30": "96.60000", "2009-03-31": "33.30000", "2008-12-31": "50.60000", "2008-09-30": "-49.00000", "2008-06-30": "76.70000", "2008-03-31": "86.10000", "2007-12-31": "85.40000", "2007-09-30": "77.50000", "2007-06-30": "86.70000", "2007-03-31": "91.90000", "2006-12-31": "64.00000", "2006-09-30": "43.30000", "2006-06-30": "78.40000", "2006-03-31": "85.30000", "2005-12-31": "83.40000", "2005-09-30": "-140.80000", "2005-06-30": "75.80000", "2005-03-31": "52.90000"}, "Income Taxes": {"2020-12-31": "41.10000", "2020-09-30": "29.10000", "2020-06-30": "27.80000", "2020-03-31": "-15.20000", "2019-12-31": "23.20000", "2019-09-30": "19.10000", "2019-06-30": "24.80000", "2019-03-31": "26.00000", "2018-12-31": "-1.00000", "2018-09-30": "18.70000", "2018-06-30": "17.20000", "2018-03-31": "8.60000", "2017-12-31": "7.20000", "2017-09-30": "23.20000", "2017-06-30": "32.60000", "2017-03-31": "13.80000", "2016-12-31": "-57.80000", "2016-09-30": "35.80000", "2016-06-30": "-9.00000", "2016-03-31": "30.00000", "2015-12-31": "21.60000", "2015-09-30": "33.20000", "2015-06-30": "31.70000", "2015-03-31": "22.10000", "2014-12-31": "32.80000", "2014-09-30": "20.30000", "2014-06-30": "25.20000", "2014-03-31": "17.40000", "2013-12-31": "23.30000", "2013-09-30": "24.80000", "2013-06-30": "12.80000", "2013-03-31": "22.50000", "2012-12-31": "-51.10000", "2012-09-30": "12.30000", "2012-06-30": "1.30000", "2012-03-31": "20.10000", "2011-12-31": "17.20000", "2011-09-30": "-9.30000", "2011-06-30": "-27.40000", "2011-03-31": "9.60000", "2010-12-31": "16.30000", "2010-09-30": "21.70000", "2010-06-30": "0.90000", "2010-03-31": "17.10000", "2009-12-31": "17.60000", "2009-09-30": "18.90000", "2009-06-30": "33.50000", "2009-03-31": "13.10000", "2008-12-31": "27.50000", "2008-09-30": "-5.50000", "2008-06-30": "28.80000", "2008-03-31": "29.10000", "2007-12-31": "29.20000", "2007-09-30": "26.00000", "2007-06-30": "29.90000", "2007-03-31": "28.10000", "2006-12-31": "22.40000", "2006-09-30": "14.80000", "2006-06-30": "24.70000", "2006-03-31": "25.30000", "2005-12-31": "-1.00000", "2005-09-30": "-35.40000", "2005-06-30": "18.70000", "2005-03-31": "12.50000"}, "Income After Taxes": {"2020-12-31": "165.90000", "2020-09-30": "119.50000", "2020-06-30": "115.30000", "2020-03-31": "-38.70000", "2019-12-31": "110.20000", "2019-09-30": "111.20000", "2019-06-30": "85.00000", "2019-03-31": "122.60000", "2018-12-31": "2.10000", "2018-09-30": "104.00000", "2018-06-30": "82.40000", "2018-03-31": "50.50000", "2017-12-31": "33.00000", "2017-09-30": "59.50000", "2017-06-30": "78.40000", "2017-03-31": "45.20000", "2016-12-31": "-101.30000", "2016-09-30": "88.30000", "2016-06-30": "1.90000", "2016-03-31": "78.10000", "2015-12-31": "77.80000", "2015-09-30": "77.20000", "2015-06-30": "120.90000", "2015-03-31": "54.90000", "2014-12-31": "90.10000", "2014-09-30": "55.00000", "2014-06-30": "82.50000", "2014-03-31": "54.70000", "2013-12-31": "64.90000", "2013-09-30": "61.30000", "2013-06-30": "53.10000", "2013-03-31": "66.40000", "2012-12-31": "-55.30000", "2012-09-30": "40.90000", "2012-06-30": "9.80000", "2012-03-31": "50.70000", "2011-12-31": "46.40000", "2011-09-30": "-10.00000", "2011-06-30": "-32.80000", "2011-03-31": "27.90000", "2010-12-31": "53.80000", "2010-09-30": "51.40000", "2010-06-30": "2.20000", "2010-03-31": "42.20000", "2009-12-31": "55.90000", "2009-09-30": "48.60000", "2009-06-30": "63.10000", "2009-03-31": "20.20000", "2008-12-31": "23.10000", "2008-09-30": "-43.50000", "2008-06-30": "47.90000", "2008-03-31": "57.00000", "2007-12-31": "56.20000", "2007-09-30": "51.50000", "2007-06-30": "56.80000", "2007-03-31": "63.80000", "2006-12-31": "41.60000", "2006-09-30": "28.50000", "2006-06-30": "53.70000", "2006-03-31": "60.00000", "2005-12-31": "84.40000", "2005-09-30": "-105.40000", "2005-06-30": "57.10000", "2005-03-31": "40.40000"}, "Other Income": {"2020-12-31": "", "2020-09-30": "", "2020-06-30": "", "2020-03-31": "", "2019-12-31": "", "2019-09-30": "", "2019-06-30": "", "2019-03-31": "", "2018-12-31": "", "2018-09-30": "", "2018-06-30": "", "2018-03-31": "", "2017-12-31": "", "2017-09-30": "", "2017-06-30": "", "2017-03-31": "", "2016-12-31": "", "2016-09-30": "", "2016-06-30": "", "2016-03-31": "", "2015-12-31": "", "2015-09-30": "", "2015-06-30": "", "2015-03-31": "", "2014-12-31": "", "2014-09-30": "", "2014-06-30": "", "2014-03-31": "", "2013-12-31": "", "2013-09-30": "", "2013-06-30": "", "2013-03-31": "", "2012-12-31": "", "2012-09-30": "", "2012-06-30": "", "2012-03-31": "", "2011-12-31": "", "2011-09-30": "", "2011-06-30": "", "2011-03-31": "", "2010-12-31": "", "2010-09-30": "", "2010-06-30": "", "2010-03-31": "", "2009-12-31": "", "2009-09-30": "", "2009-06-30": "", "2009-03-31": "", "2008-12-31": "", "2008-09-30": "", "2008-06-30": "", "2008-03-31": "", "2007-12-31": "", "2007-09-30": "", "2007-06-30": "", "2007-03-31": "", "2006-12-31": "", "2006-09-30": "", "2006-06-30": "", "2006-03-31": "", "2005-12-31": "", "2005-09-30": "", "2005-06-30": "", "2005-03-31": ""}, "Income From Continuous Operations": {"2020-12-31": "165.90000", "2020-09-30": "119.50000", "2020-06-30": "115.30000", "2020-03-31": "-38.70000", "2019-12-31": "110.20000", "2019-09-30": "111.20000", "2019-06-30": "85.00000", "2019-03-31": "122.60000", "2018-12-31": "2.10000", "2018-09-30": "104.00000", "2018-06-30": "82.40000", "2018-03-31": "50.50000", "2017-12-31": "33.00000", "2017-09-30": "59.50000", "2017-06-30": "78.40000", "2017-03-31": "45.20000", "2016-12-31": "-101.30000", "2016-09-30": "88.30000", "2016-06-30": "1.90000", "2016-03-31": "78.10000", "2015-12-31": "77.80000", "2015-09-30": "77.20000", "2015-06-30": "120.90000", "2015-03-31": "54.90000", "2014-12-31": "90.10000", "2014-09-30": "55.00000", "2014-06-30": "82.50000", "2014-03-31": "54.70000", "2013-12-31": "64.90000", "2013-09-30": "61.30000", "2013-06-30": "53.10000", "2013-03-31": "66.40000", "2012-12-31": "-55.30000", "2012-09-30": "40.90000", "2012-06-30": "9.80000", "2012-03-31": "50.70000", "2011-12-31": "46.40000", "2011-09-30": "-10.00000", "2011-06-30": "-32.80000", "2011-03-31": "27.90000", "2010-12-31": "53.80000", "2010-09-30": "51.40000", "2010-06-30": "2.20000", "2010-03-31": "42.20000", "2009-12-31": "55.90000", "2009-09-30": "48.60000", "2009-06-30": "63.10000", "2009-03-31": "20.20000", "2008-12-31": "23.10000", "2008-09-30": "-43.50000", "2008-06-30": "47.90000", "2008-03-31": "57.00000", "2007-12-31": "56.20000", "2007-09-30": "51.50000", "2007-06-30": "56.80000", "2007-03-31": "63.80000", "2006-12-31": "41.60000", "2006-09-30": "28.50000", "2006-06-30": "53.70000", "2006-03-31": "60.00000", "2005-12-31": "84.40000", "2005-09-30": "-105.40000", "2005-06-30": "57.10000", "2005-03-31": "40.40000"}, "Income From Discontinued Operations": {"2020-12-31": "-1.30000", "2020-09-30": "-0.60000", "2020-06-30": "-0.10000", "2020-03-31": "-1.30000", "2019-12-31": "-0.40000", "2019-09-30": "7.70000", "2019-06-30": "-11.00000", "2019-03-31": "-0.20000", "2018-12-31": "121.50000", "2018-09-30": "-3.60000", "2018-06-30": "16.90000", "2018-03-31": "17.20000", "2017-12-31": "18.50000", "2017-09-30": "-48.40000", "2017-06-30": "", "2017-03-31": "", "2016-12-31": "87.80000", "2016-09-30": "0.10000", "2016-06-30": "0.10000", "2016-03-31": "0.10000", "2015-12-31": "-0.20000", "2015-09-30": "1.10000", "2015-06-30": "-0.20000", "2015-03-31": "", "2014-12-31": "-0.20000", "2014-09-30": "-0.10000", "2014-06-30": "0.10000", "2014-03-31": "-0.10000", "2013-12-31": "5.20000", "2013-09-30": "", "2013-06-30": "0.30000", "2013-03-31": "-0.20000", "2012-12-31": "0.30000", "2012-09-30": "-0.50000", "2012-06-30": "11.00000", "2012-03-31": "-1.00000", "2011-12-31": "3.20000", "2011-09-30": "0.00000", "2011-06-30": "0.60000", "2011-03-31": "1.40000", "2010-12-31": "1.00000", "2010-09-30": "0.90000", "2010-06-30": "0.10000", "2010-03-31": "-0.40000", "2009-12-31": "1.40000", "2009-09-30": "1.10000", "2009-06-30": "1.30000", "2009-03-31": "5.60000", "2008-12-31": "11.00000", "2008-09-30": "-18.30000", "2008-06-30": "-58.10000", "2008-03-31": "1.50000", "2007-12-31": "19.60000", "2007-09-30": "2.40000", "2007-06-30": "3.00000", "2007-03-31": "-0.20000", "2006-12-31": "3.90000", "2006-09-30": "4.90000", "2006-06-30": "-2.80000", "2006-03-31": "-20.10000", "2005-12-31": "34.30000", "2005-09-30": "-457.00000", "2005-06-30": "14.90000", "2005-03-31": "6.10000"}, "Net Income": {"2020-12-31": "164.60000", "2020-09-30": "118.90000", "2020-06-30": "115.20000", "2020-03-31": "-40.00000", "2019-12-31": "109.80000", "2019-09-30": "118.90000", "2019-06-30": "74.00000", "2019-03-31": "122.40000", "2018-12-31": "123.60000", "2018-09-30": "100.40000", "2018-06-30": "99.30000", "2018-03-31": "67.70000", "2017-12-31": "51.50000", "2017-09-30": "11.10000", "2017-06-30": "78.40000", "2017-03-31": "45.20000", "2016-12-31": "-13.50000", "2016-09-30": "88.40000", "2016-06-30": "2.00000", "2016-03-31": "78.20000", "2015-12-31": "77.60000", "2015-09-30": "78.30000", "2015-06-30": "120.70000", "2015-03-31": "54.90000", "2014-12-31": "89.90000", "2014-09-30": "54.90000", "2014-06-30": "82.60000", "2014-03-31": "54.60000", "2013-12-31": "70.10000", "2013-09-30": "61.30000", "2013-06-30": "53.40000", "2013-03-31": "66.20000", "2012-12-31": "-55.00000", "2012-09-30": "40.40000", "2012-06-30": "20.80000", "2012-03-31": "49.70000", "2011-12-31": "49.60000", "2011-09-30": "-10.00000", "2011-06-30": "-32.20000", "2011-03-31": "29.30000", "2010-12-31": "54.80000", "2010-09-30": "52.30000", "2010-06-30": "2.30000", "2010-03-31": "41.80000", "2009-12-31": "57.30000", "2009-09-30": "49.70000", "2009-06-30": "64.40000", "2009-03-31": "25.80000", "2008-12-31": "34.10000", "2008-09-30": "-61.80000", "2008-06-30": "-10.20000", "2008-03-31": "58.50000", "2007-12-31": "75.80000", "2007-09-30": "53.90000", "2007-06-30": "59.80000", "2007-03-31": "63.60000", "2006-12-31": "45.50000", "2006-09-30": "33.40000", "2006-06-30": "50.90000", "2006-03-31": "40.50000", "2005-12-31": "118.70000", "2005-09-30": "-562.40000", "2005-06-30": "72.00000", "2005-03-31": "46.50000"}, "EBITDA": {"2020-12-31": "", "2020-09-30": "170.40010", "2020-06-30": "158.40010", "2020-03-31": "-37.90000", "2019-12-31": "150.50030", "2019-09-30": "147.29990", "2019-06-30": "127.09990", "2019-03-31": "167.70000", "2018-12-31": "46.49970", "2018-09-30": "143.29990", "2018-06-30": "120.50000", "2018-03-31": "79.80000", "2017-12-31": "60.50000", "2017-09-30": "105.10000", "2017-06-30": "134.50000", "2017-03-31": "82.10000", "2016-12-31": "-139.80000", "2016-09-30": "147.50000", "2016-06-30": "104.90000", "2016-03-31": "133.70000", "2015-12-31": "140.90010", "2015-09-30": "139.60000", "2015-06-30": "182.69990", "2015-03-31": "103.80000", "2014-12-31": "162.50010", "2014-09-30": "102.49990", "2014-06-30": "134.50010", "2014-03-31": "100.00000", "2013-12-31": "117.20030", "2013-09-30": "113.60000", "2013-06-30": "98.60000", "2013-03-31": "114.90000", "2012-12-31": "-79.29970", "2012-09-30": "78.60000", "2012-06-30": "37.80000", "2012-03-31": "98.40010", "2011-12-31": "96.90000", "2011-09-30": "5.40000", "2011-06-30": "-43.50000", "2011-03-31": "54.69990", "2010-12-31": "88.69970", "2010-09-30": "91.60000", "2010-06-30": "20.90000", "2010-03-31": "75.20000", "2009-12-31": "81.20010", "2009-09-30": "76.20000", "2009-06-30": "70.00010", "2009-03-31": "40.60000", "2008-12-31": "51.50010", "2008-09-30": "-45.10010", "2008-06-30": "80.40000", "2008-03-31": "89.10000", "2007-12-31": "93.20010", "2007-09-30": "81.90000", "2007-06-30": "91.30000", "2007-03-31": "96.80000", "2006-12-31": "69.10010", "2006-09-30": "48.70000", "2006-06-30": "83.60000", "2006-03-31": "91.00000", "2005-12-31": "90.20020", "2005-09-30": "-133.00000", "2005-06-30": "83.70000", "2005-03-31": "62.00000"}, "EBIT": {"2020-12-31": "215.50000", "2020-09-30": "164.50010", "2020-06-30": "152.50010", "2020-03-31": "-44.50000", "2019-12-31": "142.80030", "2019-09-30": "139.69990", "2019-06-30": "119.09990", "2019-03-31": "158.00000", "2018-12-31": "40.49980", "2018-09-30": "133.89990", "2018-06-30": "111.00000", "2018-03-31": "70.40000", "2017-12-31": "49.89990", "2017-09-30": "94.00000", "2017-06-30": "123.20000", "2017-03-31": "71.00000", "2016-12-31": "-148.30010", "2016-09-30": "136.60000", "2016-06-30": "94.60000", "2016-03-31": "122.80000", "2015-12-31": "130.80010", "2015-09-30": "130.80000", "2015-06-30": "169.39990", "2015-03-31": "93.10000", "2014-12-31": "139.90010", "2014-09-30": "91.59990", "2014-06-30": "124.00010", "2014-03-31": "88.40000", "2013-12-31": "104.80010", "2013-09-30": "102.70000", "2013-06-30": "83.30000", "2013-03-31": "103.60000", "2012-12-31": "-91.19980", "2012-09-30": "67.80000", "2012-06-30": "27.00000", "2012-03-31": "87.00010", "2011-12-31": "79.99990", "2011-09-30": "-1.90000", "2011-06-30": "-49.40000", "2011-03-31": "47.89990", "2010-12-31": "81.59990", "2010-09-30": "84.90000", "2010-06-30": "14.80000", "2010-03-31": "68.60000", "2009-12-31": "109.00010", "2009-09-30": "67.30000", "2009-06-30": "62.30010", "2009-03-31": "33.30000", "2008-12-31": "50.60000", "2008-09-30": "-49.00010", "2008-06-30": "76.70000", "2008-03-31": "86.10000", "2007-12-31": "85.40000", "2007-09-30": "77.50000", "2007-06-30": "86.70000", "2007-03-31": "91.90000", "2006-12-31": "64.00010", "2006-09-30": "43.30000", "2006-06-30": "78.40000", "2006-03-31": "85.30000", "2005-12-31": "83.40010", "2005-09-30": "-140.80000", "2005-06-30": "75.80000", "2005-03-31": "52.90000"}, "Basic Shares Outstanding": {"2020-12-31": "", "2020-09-30": "37.70000", "2020-06-30": "38.00000", "2020-03-31": "38.30000", "2019-12-31": "40.00000", "2019-09-30": "39.60000", "2019-06-30": "40.70000", "2019-03-31": "40.60000", "2018-12-31": "42.40000", "2018-09-30": "42.50000", "2018-06-30": "42.50000", "2018-03-31": "42.50000", "2017-12-31": "42.50000", "2017-09-30": "42.40000", "2017-06-30": "42.50000", "2017-03-31": "42.50000", "2016-12-31": "42.80000", "2016-09-30": "42.70000", "2016-06-30": "43.00000", "2016-03-31": "42.90000", "2015-12-31": "43.90000", "2015-09-30": "44.00000", "2015-06-30": "44.20000", "2015-03-31": "44.20000", "2014-12-31": "44.00000", "2014-09-30": "44.10000", "2014-06-30": "44.10000", "2014-03-31": "43.90000", "2013-12-31": "44.10000", "2013-09-30": "43.80000", "2013-06-30": "44.00000", "2013-03-31": "44.60000", "2012-12-31": "44.70000", "2012-09-30": "44.60000", "2012-06-30": "44.90000", "2012-03-31": "44.90000", "2011-12-31": "45.20000", "2011-09-30": "45.30000", "2011-06-30": "45.40000", "2011-03-31": "45.30000", "2010-12-31": "45.60000", "2010-09-30": "44.90000", "2010-06-30": "44.90000", "2010-03-31": "47.50000", "2009-12-31": "50.60000", "2009-09-30": "50.70000", "2009-06-30": "51.10000", "2009-03-31": "51.10000", "2008-12-31": "51.30000", "2008-09-30": "51.00000", "2008-06-30": "51.30000", "2008-03-31": "51.70000", "2007-12-31": "51.70000", "2007-09-30": "51.80000", "2007-06-30": "51.60000", "2007-03-31": "51.20000", "2006-12-31": "51.50000", "2006-09-30": "50.90000", "2006-06-30": "51.00000", "2006-03-31": "53.10000", "2005-12-31": "53.50000", "2005-09-30": "53.50000", "2005-06-30": "53.40000", "2005-03-31": "53.30000"}, "Shares Outstanding": {"2020-12-31": "37.10000", "2020-09-30": "38.00000", "2020-06-30": "38.30000", "2020-03-31": "38.30000", "2019-12-31": "40.60000", "2019-09-30": "40.20000", "2019-06-30": "41.20000", "2019-03-31": "41.20000", "2018-12-31": "43.00000", "2018-09-30": "43.10000", "2018-06-30": "43.10000", "2018-03-31": "43.10000", "2017-12-31": "43.00000", "2017-09-30": "42.90000", "2017-06-30": "42.80000", "2017-03-31": "42.90000", "2016-12-31": "43.20000", "2016-09-30": "43.00000", "2016-06-30": "43.40000", "2016-03-31": "43.50000", "2015-12-31": "44.80000", "2015-09-30": "44.90000", "2015-06-30": "45.00000", "2015-03-31": "45.10000", "2014-12-31": "44.90000", "2014-09-30": "44.90000", "2014-06-30": "44.90000", "2014-03-31": "44.80000", "2013-12-31": "44.90000", "2013-09-30": "44.60000", "2013-06-30": "44.80000", "2013-03-31": "45.30000", "2012-12-31": "45.30000", "2012-09-30": "45.20000", "2012-06-30": "45.40000", "2012-03-31": "45.50000", "2011-12-31": "45.80000", "2011-09-30": "45.30000", "2011-06-30": "45.40000", "2011-03-31": "46.00000", "2010-12-31": "46.30000", "2010-09-30": "45.70000", "2010-06-30": "45.50000", "2010-03-31": "48.20000", "2009-12-31": "51.10000", "2009-09-30": "51.20000", "2009-06-30": "51.40000", "2009-03-31": "51.40000", "2008-12-31": "51.70000", "2008-09-30": "51.00000", "2008-06-30": "51.80000", "2008-03-31": "52.30000", "2007-12-31": "52.40000", "2007-09-30": "52.50000", "2007-06-30": "52.30000", "2007-03-31": "51.90000", "2006-12-31": "52.20000", "2006-09-30": "51.30000", "2006-06-30": "51.60000", "2006-03-31": "53.60000", "2005-12-31": "54.00000", "2005-09-30": "53.50000", "2005-06-30": "53.90000", "2005-03-31": "53.80000"}, "Basic EPS": {"2020-12-31": "", "2020-09-30": "3.15000", "2020-06-30": "3.03000", "2020-03-31": "-1.04000", "2019-12-31": "2.79000", "2019-09-30": "3.00000", "2019-06-30": "1.82000", "2019-03-31": "3.01000", "2018-12-31": "2.92000", "2018-09-30": "2.36000", "2018-06-30": "2.34000", "2018-03-31": "1.59000", "2017-12-31": "1.21000", "2017-09-30": "0.26000", "2017-06-30": "1.85000", "2017-03-31": "1.06000", "2016-12-31": "-0.31000", "2016-09-30": "2.07000", "2016-06-30": "0.05000", "2016-03-31": "1.82000", "2015-12-31": "1.80000", "2015-09-30": "1.78000", "2015-06-30": "2.73000", "2015-03-31": "1.24000", "2014-12-31": "2.04000", "2014-09-30": "1.25000", "2014-06-30": "1.88000", "2014-03-31": "1.24000", "2013-12-31": "1.60000", "2013-09-30": "1.40000", "2013-06-30": "1.21000", "2013-03-31": "1.49000", "2012-12-31": "-1.23000", "2012-09-30": "0.91000", "2012-06-30": "0.46000", "2012-03-31": "1.11000", "2011-12-31": "1.09000", "2011-09-30": "-0.22000", "2011-06-30": "-0.71000", "2011-03-31": "0.65000", "2010-12-31": "1.23000", "2010-09-30": "1.16000", "2010-06-30": "0.05000", "2010-03-31": "0.88000", "2009-12-31": "1.15000", "2009-09-30": "0.98000", "2009-06-30": "1.26000", "2009-03-31": "0.51000", "2008-12-31": "0.68000", "2008-09-30": "-1.21000", "2008-06-30": "-0.20000", "2008-03-31": "1.13000", "2007-12-31": "1.46000", "2007-09-30": "1.04000", "2007-06-30": "1.16000", "2007-03-31": "1.24000", "2006-12-31": "0.89000", "2006-09-30": "0.66000", "2006-06-30": "1.00000", "2006-03-31": "0.76000", "2005-12-31": "2.21000", "2005-09-30": "-10.51000", "2005-06-30": "1.35000", "2005-03-31": "0.87000"}, "EPS - Earnings Per Share": {"2020-12-31": "4.43000", "2020-09-30": "3.13000", "2020-06-30": "3.01000", "2020-03-31": "-1.04000", "2019-12-31": "2.74000", "2019-09-30": "2.96000", "2019-06-30": "1.79000", "2019-03-31": "2.97000", "2018-12-31": "2.88000", "2018-09-30": "2.33000", "2018-06-30": "2.31000", "2018-03-31": "1.57000", "2017-12-31": "1.19000", "2017-09-30": "0.26000", "2017-06-30": "1.83000", "2017-03-31": "1.05000", "2016-12-31": "-0.32000", "2016-09-30": "2.06000", "2016-06-30": "0.05000", "2016-03-31": "1.80000", "2015-12-31": "1.76000", "2015-09-30": "1.74000", "2015-06-30": "2.68000", "2015-03-31": "1.22000", "2014-12-31": "2.00000", "2014-09-30": "1.22000", "2014-06-30": "1.84000", "2014-03-31": "1.22000", "2013-12-31": "1.57000", "2013-09-30": "1.37000", "2013-06-30": "1.19000", "2013-03-31": "1.46000", "2012-12-31": "-1.21000", "2012-09-30": "0.89000", "2012-06-30": "0.46000", "2012-03-31": "1.09000", "2011-12-31": "1.09000", "2011-09-30": "-0.22000", "2011-06-30": "-0.71000", "2011-03-31": "0.64000", "2010-12-31": "1.20000", "2010-09-30": "1.15000", "2010-06-30": "0.05000", "2010-03-31": "0.87000", "2009-12-31": "1.14000", "2009-09-30": "0.97000", "2009-06-30": "1.25000", "2009-03-31": "0.50000", "2008-12-31": "0.69000", "2008-09-30": "-1.21000", "2008-06-30": "-0.20000", "2008-03-31": "1.12000", "2007-12-31": "1.44000", "2007-09-30": "1.03000", "2007-06-30": "1.14000", "2007-03-31": "1.22000", "2006-12-31": "0.88000", "2006-09-30": "0.65000", "2006-06-30": "0.99000", "2006-03-31": "0.75000", "2005-12-31": "2.29000", "2005-09-30": "-10.51000", "2005-06-30": "1.34000", "2005-03-31": "0.86000"}}, "balance sheet": {"Cash On Hand": {"2020-12-31": "120.60000", "2019-12-31": "215.70000", "2018-12-31": "1020.70000", "2017-12-31": "297.90000", "2016-12-31": "282.60000", "2015-12-31": "338.80000", "2014-12-31": "373.30000", "2013-12-31": "486.20000", "2012-12-31": "564.80000", "2011-12-31": "820.40000", "2010-12-31": "290.40000", "2009-12-31": "316.50000", "2008-12-31": "397.70000", "2007-12-31": "210.60000", "2006-12-31": "372.70000", "2005-12-31": "701.50000"}, "Receivables": {"2020-12-31": "3213.60000", "2019-12-31": "3074.40000", "2018-12-31": "2825.30000", "2017-12-31": "2721.20000", "2016-12-31": "4049.90000", "2015-12-31": "4026.70000", "2014-12-31": "3629.10000", "2013-12-31": "3659.60000", "2012-12-31": "3788.50000", "2011-12-31": "3430.30000", "2010-12-31": "2026.20000", "2009-12-31": "1788.70000", "2008-12-31": "1708.10000", "2007-12-31": "1694.00000", "2006-12-31": "1935.20000", "2005-12-31": "2110.50000"}, "Inventory": {"2020-12-31": "", "2019-12-31": "", "2018-12-31": "", "2017-12-31": "", "2016-12-31": "", "2015-12-31": "", "2014-12-31": "", "2013-12-31": "", "2012-12-31": "", "2011-12-31": "", "2010-12-31": "", "2009-12-31": "", "2008-12-31": "", "2007-12-31": "", "2006-12-31": "", "2005-12-31": ""}, "Pre-Paid Expenses": {"2020-12-31": "", "2019-12-31": "", "2018-12-31": "", "2017-12-31": "", "2016-12-31": "", "2015-12-31": "", "2014-12-31": "", "2013-12-31": "", "2012-12-31": "", "2011-12-31": "", "2010-12-31": "", "2009-12-31": "", "2008-12-31": "", "2007-12-31": "", "2006-12-31": "", "2005-12-31": ""}, "Other Current Assets": {"2020-12-31": "", "2019-12-31": "", "2018-12-31": "", "2017-12-31": "", "2016-12-31": "", "2015-12-31": "", "2014-12-31": "", "2013-12-31": "", "2012-12-31": "", "2011-12-31": "", "2010-12-31": "", "2009-12-31": "", "2008-12-31": "", "2007-12-31": "", "2006-12-31": "", "2005-12-31": ""}, "Total Current Assets": {"2020-12-31": "3334.20000", "2019-12-31": "3290.10000", "2018-12-31": "3846.00000", "2017-12-31": "3019.10000", "2016-12-31": "4332.50000", "2015-12-31": "4365.50000", "2014-12-31": "4002.40000", "2013-12-31": "4145.80000", "2012-12-31": "4353.30000", "2011-12-31": "4250.70000", "2010-12-31": "2316.60000", "2009-12-31": "2105.20000", "2008-12-31": "2105.80000", "2007-12-31": "1904.60000", "2006-12-31": "2307.90000", "2005-12-31": "2812.00000"}, "Property, Plant, And Equipment": {"2020-12-31": "", "2019-12-31": "", "2018-12-31": "", "2017-12-31": "", "2016-12-31": "", "2015-12-31": "", "2014-12-31": "", "2013-12-31": "", "2012-12-31": "", "2011-12-31": "", "2010-12-31": "", "2009-12-31": "", "2008-12-31": "", "2007-12-31": "", "2006-12-31": "", "2005-12-31": ""}, "Long-Term Investments": {"2020-12-31": "8846.10000", "2019-12-31": "8049.00000", "2018-12-31": "7340.60000", "2017-12-31": "6936.40000", "2016-12-31": "8511.20000", "2015-12-31": "8016.30000", "2014-12-31": "8317.20000", "2013-12-31": "7661.30000", "2012-12-31": "7547.30000", "2011-12-31": "6793.10000", "2010-12-31": "5019.70000", "2009-12-31": "4769.40000", "2008-12-31": "4318.90000", "2007-12-31": "4754.60000", "2006-12-31": "5936.70000", "2005-12-31": "6084.80000"}, "Goodwill And Intangible Assets": {"2020-12-31": "", "2019-12-31": "178.80000", "2018-12-31": "178.80000", "2017-12-31": "178.80000", "2016-12-31": "184.80000", "2015-12-31": "186.00000", "2014-12-31": "184.60000", "2013-12-31": "184.90000", "2012-12-31": "184.90000", "2011-12-31": "185.50000", "2010-12-31": "179.20000", "2009-12-31": "171.40000", "2008-12-31": "169.90000", "2007-12-31": "126.00000", "2006-12-31": "121.40000", "2005-12-31": "128.20000"}, "Other Long-Term Assets": {"2020-12-31": "1153.20000", "2019-12-31": "402.40000", "2018-12-31": "429.00000", "2017-12-31": "4800.30000", "2016-12-31": "479.80000", "2015-12-31": "483.70000", "2014-12-31": "486.60000", "2013-12-31": "526.10000", "2012-12-31": "511.80000", "2011-12-31": "515.50000", "2010-12-31": "398.10000", "2009-12-31": "351.20000", "2008-12-31": "315.70000", "2007-12-31": "2482.80000", "2006-12-31": "872.10000", "2005-12-31": "934.70000"}, "Total Long-Term Assets": {"2020-12-31": "10109.50000", "2019-12-31": "9200.40000", "2018-12-31": "8553.69900", "2017-12-31": "12450.50000", "2016-12-31": "9887.89900", "2015-12-31": "9415.70000", "2014-12-31": "9757.30000", "2013-12-31": "9232.89900", "2012-12-31": "9131.60000", "2011-12-31": "8347.90000", "2010-12-31": "6253.30000", "2009-12-31": "5937.50000", "2008-12-31": "7124.40000", "2007-12-31": "7911.00000", "2006-12-31": "7548.70000", "2005-12-31": "7822.00000"}, "Total Assets": {"2020-12-31": "13443.70000", "2019-12-31": "12490.50000", "2018-12-31": "12399.70000", "2017-12-31": "15469.60000", "2016-12-31": "14220.40000", "2015-12-31": "13781.20000", "2014-12-31": "13759.70000", "2013-12-31": "13378.70000", "2012-12-31": "13484.90000", "2011-12-31": "12598.60000", "2010-12-31": "8569.90000", "2009-12-31": "8042.70000", "2008-12-31": "9230.20000", "2007-12-31": "9815.60000", "2006-12-31": "9856.60000", "2005-12-31": "10634.00000"}, "Total Current Liabilities": {"2020-12-31": "8506.70000", "2019-12-31": "8124.50000", "2018-12-31": "7619.20000", "2017-12-31": "7241.70000", "2016-12-31": "9762.30100", "2015-12-31": "9320.40000", "2014-12-31": "9202.39900", "2013-12-31": "9122.00000", "2012-12-31": "9138.00000", "2011-12-31": "8431.30000", "2010-12-31": "4832.40000", "2009-12-31": "4512.90000", "2008-12-31": "4510.70000", "2007-12-31": "4368.60000", "2006-12-31": "5838.50000", "2005-12-31": "6245.70000"}, "Long Term Debt": {"2020-12-31": "780.80000", "2019-12-31": "653.40000", "2018-12-31": "777.90000", "2017-12-31": "786.90000", "2016-12-31": "786.40000", "2015-12-31": "803.10000", "2014-12-31": "903.50000", "2013-12-31": "903.90000", "2012-12-31": "849.40000", "2011-12-31": "911.10000", "2010-12-31": "605.90000", "2009-12-31": "433.90000", "2008-12-31": "531.40000", "2007-12-31": "511.90000", "2006-12-31": "508.80000", "2005-12-31": "508.80000"}, "Other Non-Current Liabilities": {"2020-12-31": "833.20000", "2019-12-31": "627.70000", "2018-12-31": "932.00000", "2017-12-31": "4327.90000", "2016-12-31": "728.00000", "2015-12-31": "724.90000", "2014-12-31": "695.40000", "2013-12-31": "637.20000", "2012-12-31": "775.80000", "2011-12-31": "642.90000", "2010-12-31": "541.70000", "2009-12-31": "603.20000", "2008-12-31": "622.30000", "2007-12-31": "2636.10000", "2006-12-31": "1510.10000", "2005-12-31": "1928.20000"}, "Total Long Term Liabilities": {"2020-12-31": "1734.80000", "2019-12-31": "1449.80000", "2018-12-31": "1825.80000", "2017-12-31": "5230.20000", "2016-12-31": "1600.60000", "2015-12-31": "1616.40000", "2014-12-31": "1713.30000", "2013-12-31": "1662.20000", "2012-12-31": "1751.50000", "2011-12-31": "1683.30000", "2010-12-31": "1277.00000", "2009-12-31": "1171.20000", "2008-12-31": "2832.30000", "2007-12-31": "3148.00000", "2006-12-31": "2018.90000", "2005-12-31": "2437.00000"}, "Total Liabilities": {"2020-12-31": "10241.50000", "2019-12-31": "9574.30000", "2018-12-31": "9445.00000", "2017-12-31": "12471.90000", "2016-12-31": "11362.90000", "2015-12-31": "10936.80000", "2014-12-31": "10915.70000", "2013-12-31": "10784.20000", "2012-12-31": "10889.50000", "2011-12-31": "10114.60000", "2010-12-31": "6109.40000", "2009-12-31": "5684.10000", "2008-12-31": "7343.00000", "2007-12-31": "7516.60000", "2006-12-31": "7857.40000", "2005-12-31": "8682.70000"}, "Common Stock Net": {"2020-12-31": "", "2019-12-31": "0.60000", "2018-12-31": "0.60000", "2017-12-31": "0.60000", "2016-12-31": "0.60000", "2015-12-31": "0.60000", "2014-12-31": "0.60000", "2013-12-31": "0.60000", "2012-12-31": "0.60000", "2011-12-31": "0.60000", "2010-12-31": "0.60000", "2009-12-31": "0.60000", "2008-12-31": "0.60000", "2007-12-31": "0.60000", "2006-12-31": "0.60000", "2005-12-31": "0.60000"}, "Retained Earnings (Accumulated Deficit)": {"2020-12-31": "", "2019-12-31": "2410.90000", "2018-12-31": "2182.30000", "2017-12-31": "1975.00000", "2016-12-31": "1875.60000", "2015-12-31": "1803.50000", "2014-12-31": "1558.70000", "2013-12-31": "1349.10000", "2012-12-31": "1211.60000", "2011-12-31": "1211.30000", "2010-12-31": "1246.80000", "2009-12-31": "1141.10000", "2008-12-31": "949.80000", "2007-12-31": "946.90000", "2006-12-31": "712.00000", "2005-12-31": "589.80000"}, "Comprehensive Income": {"2020-12-31": "", "2019-12-31": "152.60000", "2018-12-31": "-116.50000", "2017-12-31": "107.60000", "2016-12-31": "62.80000", "2015-12-31": "53.90000", "2014-12-31": "206.40000", "2013-12-31": "177.60000", "2012-12-31": "325.80000", "2011-12-31": "210.40000", "2010-12-31": "136.70000", "2009-12-31": "28.80000", "2008-12-31": "-384.80000", "2007-12-31": "-20.40000", "2006-12-31": "-39.90000", "2005-12-31": "-59.50000"}, "Other Share Holders Equity": {"2020-12-31": "", "2019-12-31": "", "2018-12-31": "", "2017-12-31": "", "2016-12-31": "", "2015-12-31": "", "2014-12-31": "", "2013-12-31": "", "2012-12-31": "", "2011-12-31": "", "2010-12-31": "", "2009-12-31": "", "2008-12-31": "", "2007-12-31": "", "2006-12-31": "", "2005-12-31": ""}, "Share Holder Equity": {"2020-12-31": "3202.20000", "2019-12-31": "2916.20000", "2018-12-31": "2954.70000", "2017-12-31": "2997.70000", "2016-12-31": "2857.50000", "2015-12-31": "2844.40000", "2014-12-31": "2844.00000", "2013-12-31": "2594.50000", "2012-12-31": "2595.40000", "2011-12-31": "2484.00000", "2010-12-31": "2460.50000", "2009-12-31": "2358.60000", "2008-12-31": "1887.20000", "2007-12-31": "2299.00000", "2006-12-31": "1999.20000", "2005-12-31": "1951.30000"}, "Total Liabilities And Share Holders Equity": {"2020-12-31": "13443.70000", "2019-12-31": "12490.50000", "2018-12-31": "12399.70000", "2017-12-31": "15469.60000", "2016-12-31": "14220.40000", "2015-12-31": "13781.20000", "2014-12-31": "13759.70000", "2013-12-31": "13378.70000", "2012-12-31": "13484.90000", "2011-12-31": "12598.60000", "2010-12-31": "8569.90000", "2009-12-31": "8042.70000", "2008-12-31": "9230.20000", "2007-12-31": "9815.60000", "2006-12-31": "9856.60000", "2005-12-31": "10634.00000"}}, "balance sheet, quarterly": {"Cash On Hand": {"2020-12-31": "120.60000", "2020-09-30": "231.50000", "2020-06-30": "182.60000", "2020-03-31": "143.90000", "2019-12-31": "215.70000", "2019-09-30": "157.60000", "2019-06-30": "179.80000", "2019-03-31": "168.50000", "2018-12-31": "1020.70000", "2018-09-30": "117.90000", "2018-06-30": "244.90000", "2018-03-31": "258.00000", "2017-12-31": "297.90000", "2017-09-30": "227.20000", "2017-06-30": "317.80000", "2017-03-31": "257.00000", "2016-12-31": "282.60000", "2016-09-30": "315.90000", "2016-06-30": "361.60000", "2016-03-31": "406.70000", "2015-12-31": "338.80000", "2015-09-30": "385.10000", "2015-06-30": "583.70000", "2015-03-31": "403.90000", "2014-12-31": "373.30000", "2014-09-30": "509.60000", "2014-06-30": "606.20000", "2014-03-31": "476.30000", "2013-12-31": "486.20000", "2013-09-30": "602.20000", "2013-06-30": "690.40000", "2013-03-31": "691.00000", "2012-12-31": "564.80000", "2012-09-30": "462.00000", "2012-06-30": "520.80000", "2012-03-31": "628.30000", "2011-12-31": "820.40000", "2011-09-30": "922.70000", "2011-06-30": "721.60000", "2011-03-31": "218.80000", "2010-12-31": "290.40000", "2010-09-30": "271.60000", "2010-06-30": "260.90000", "2010-03-31": "209.20000", "2009-12-31": "316.50000", "2009-09-30": "233.20000", "2009-06-30": "281.00000", "2009-03-31": "345.80000", "2008-12-31": "397.70000", "2008-09-30": "314.30000", "2008-06-30": "308.70000", "2008-03-31": "233.30000", "2007-12-31": "210.60000", "2007-09-30": "229.70000", "2007-06-30": "301.00000", "2007-03-31": "218.50000", "2006-12-31": "372.70000", "2006-09-30": "391.90000", "2006-06-30": "393.40000", "2006-03-31": "550.20000", "2005-12-31": "701.50000", "2005-09-30": "432.40000", "2005-06-30": "413.50000", "2005-03-31": "336.90000"}, "Receivables": {"2020-12-31": "3213.60000", "2020-09-30": "3194.10000", "2020-06-30": "3109.90000", "2020-03-31": "3091.40000", "2019-12-31": "3074.40000", "2019-09-30": "3033.00000", "2019-06-30": "2930.80000", "2019-03-31": "2842.60000", "2018-12-31": "2825.30000", "2018-09-30": "2803.80000", "2018-06-30": "4605.70000", "2018-03-31": "4564.70000", "2017-12-31": "2721.20000", "2017-09-30": "4636.50000", "2017-06-30": "4300.50000", "2017-03-31": "4248.30000", "2016-12-31": "4049.90000", "2016-09-30": "4190.00000", "2016-06-30": "4197.90000", "2016-03-31": "4172.10000", "2015-12-31": "4026.70000", "2015-09-30": "4226.50000", "2015-06-30": "4342.80000", "2015-03-31": "3786.30000", "2014-12-31": "3629.10000", "2014-09-30": "3873.20000", "2014-06-30": "3932.60000", "2014-03-31": "3795.10000", "2013-12-31": "3659.60000", "2013-09-30": "3801.00000", "2013-06-30": "3804.70000", "2013-03-31": "3753.60000", "2012-12-31": "3788.50000", "2012-09-30": "3795.10000", "2012-06-30": "3807.10000", "2012-03-31": "3655.70000", "2011-12-31": "3430.30000", "2011-09-30": "3407.30000", "2011-06-30": "2041.80000", "2011-03-31": "2021.30000", "2010-12-31": "2026.20000", "2010-09-30": "2038.10000", "2010-06-30": "1979.20000", "2010-03-31": "1843.00000", "2009-12-31": "1788.70000", "2009-09-30": "1728.00000", "2009-06-30": "1732.30000", "2009-03-31": "1699.70000", "2008-12-31": "1708.10000", "2008-09-30": "1601.50000", "2008-06-30": "1587.90000", "2008-03-31": "1910.70000", "2007-12-31": "1694.00000", "2007-09-30": "2034.30000", "2007-06-30": "1984.70000", "2007-03-31": "1962.60000", "2006-12-31": "1935.20000", "2006-09-30": "1998.60000", "2006-06-30": "1958.80000", "2006-03-31": "1988.60000", "2005-12-31": "2110.50000", "2005-09-30": "1940.40000", "2005-06-30": "2466.40000", "2005-03-31": "2476.00000"}, "Inventory": {"2020-12-31": "", "2020-09-30": "", "2020-06-30": "", "2020-03-31": "", "2019-12-31": "", "2019-09-30": "", "2019-06-30": "", "2019-03-31": "", "2018-12-31": "", "2018-09-30": "", "2018-06-30": "", "2018-03-31": "", "2017-12-31": "", "2017-09-30": "", "2017-06-30": "", "2017-03-31": "", "2016-12-31": "", "2016-09-30": "", "2016-06-30": "", "2016-03-31": "", "2015-12-31": "", "2015-09-30": "", "2015-06-30": "", "2015-03-31": "", "2014-12-31": "", "2014-09-30": "", "2014-06-30": "", "2014-03-31": "", "2013-12-31": "", "2013-09-30": "", "2013-06-30": "", "2013-03-31": "", "2012-12-31": "", "2012-09-30": "", "2012-06-30": "", "2012-03-31": "", "2011-12-31": "", "2011-09-30": "", "2011-06-30": "", "2011-03-31": "", "2010-12-31": "", "2010-09-30": "", "2010-06-30": "", "2010-03-31": "", "2009-12-31": "", "2009-09-30": "", "2009-06-30": "", "2009-03-31": "", "2008-12-31": "", "2008-09-30": "", "2008-06-30": "", "2008-03-31": "", "2007-12-31": "", "2007-09-30": "", "2007-06-30": "", "2007-03-31": "", "2006-12-31": "", "2006-09-30": "", "2006-06-30": "", "2006-03-31": "", "2005-12-31": "", "2005-09-30": "", "2005-06-30": "", "2005-03-31": ""}, "Pre-Paid Expenses": {"2020-12-31": "", "2020-09-30": "", "2020-06-30": "", "2020-03-31": "", "2019-12-31": "", "2019-09-30": "", "2019-06-30": "", "2019-03-31": "", "2018-12-31": "", "2018-09-30": "", "2018-06-30": "", "2018-03-31": "", "2017-12-31": "", "2017-09-30": "", "2017-06-30": "", "2017-03-31": "", "2016-12-31": "", "2016-09-30": "", "2016-06-30": "", "2016-03-31": "", "2015-12-31": "", "2015-09-30": "", "2015-06-30": "", "2015-03-31": "", "2014-12-31": "", "2014-09-30": "", "2014-06-30": "", "2014-03-31": "", "2013-12-31": "", "2013-09-30": "", "2013-06-30": "", "2013-03-31": "", "2012-12-31": "", "2012-09-30": "", "2012-06-30": "", "2012-03-31": "", "2011-12-31": "", "2011-09-30": "", "2011-06-30": "", "2011-03-31": "", "2010-12-31": "", "2010-09-30": "", "2010-06-30": "", "2010-03-31": "", "2009-12-31": "", "2009-09-30": "", "2009-06-30": "", "2009-03-31": "", "2008-12-31": "", "2008-09-30": "", "2008-06-30": "", "2008-03-31": "", "2007-12-31": "", "2007-09-30": "", "2007-06-30": "", "2007-03-31": "", "2006-12-31": "", "2006-09-30": "", "2006-06-30": "", "2006-03-31": "", "2005-12-31": "", "2005-09-30": "", "2005-06-30": "", "2005-03-31": ""}, "Other Current Assets": {"2020-12-31": "", "2020-09-30": "", "2020-06-30": "", "2020-03-31": "", "2019-12-31": "", "2019-09-30": "", "2019-06-30": "", "2019-03-31": "", "2018-12-31": "", "2018-09-30": "", "2018-06-30": "", "2018-03-31": "", "2017-12-31": "", "2017-09-30": "", "2017-06-30": "", "2017-03-31": "", "2016-12-31": "", "2016-09-30": "", "2016-06-30": "", "2016-03-31": "", "2015-12-31": "", "2015-09-30": "", "2015-06-30": "", "2015-03-31": "", "2014-12-31": "", "2014-09-30": "", "2014-06-30": "", "2014-03-31": "", "2013-12-31": "", "2013-09-30": "", "2013-06-30": "", "2013-03-31": "", "2012-12-31": "", "2012-09-30": "", "2012-06-30": "", "2012-03-31": "", "2011-12-31": "", "2011-09-30": "", "2011-06-30": "", "2011-03-31": "", "2010-12-31": "", "2010-09-30": "", "2010-06-30": "", "2010-03-31": "", "2009-12-31": "", "2009-09-30": "", "2009-06-30": "", "2009-03-31": "", "2008-12-31": "", "2008-09-30": "", "2008-06-30": "", "2008-03-31": "", "2007-12-31": "", "2007-09-30": "", "2007-06-30": "", "2007-03-31": "", "2006-12-31": "", "2006-09-30": "", "2006-06-30": "", "2006-03-31": "", "2005-12-31": "", "2005-09-30": "", "2005-06-30": "", "2005-03-31": ""}, "Total Current Assets": {"2020-12-31": "3334.20000", "2020-09-30": "3425.60000", "2020-06-30": "3292.50000", "2020-03-31": "3235.30000", "2019-12-31": "3290.10000", "2019-09-30": "3190.60000", "2019-06-30": "3110.60000", "2019-03-31": "3011.10000", "2018-12-31": "3846.00000", "2018-09-30": "2921.70000", "2018-06-30": "4850.60000", "2018-03-31": "4822.70000", "2017-12-31": "3019.10000", "2017-09-30": "4863.70000", "2017-06-30": "4618.30000", "2017-03-31": "4505.30000", "2016-12-31": "4332.50000", "2016-09-30": "4505.90000", "2016-06-30": "4559.50000", "2016-03-31": "4578.80000", "2015-12-31": "4365.50000", "2015-09-30": "4611.60000", "2015-06-30": "4926.50000", "2015-03-31": "4190.20000", "2014-12-31": "4002.40000", "2014-09-30": "4382.80000", "2014-06-30": "4538.80000", "2014-03-31": "4271.40000", "2013-12-31": "4145.80000", "2013-09-30": "4403.20000", "2013-06-30": "4495.10000", "2013-03-31": "4444.60000", "2012-12-31": "4353.30000", "2012-09-30": "4257.10000", "2012-06-30": "4327.90000", "2012-03-31": "4284.00000", "2011-12-31": "4250.70000", "2011-09-30": "4330.00000", "2011-06-30": "2763.40000", "2011-03-31": "2240.10000", "2010-12-31": "2316.60000", "2010-09-30": "2309.70000", "2010-06-30": "2240.10000", "2010-03-31": "2052.20000", "2009-12-31": "2105.20000", "2009-09-30": "1961.20000", "2009-06-30": "2013.30000", "2009-03-31": "2045.50000", "2008-12-31": "2105.80000", "2008-09-30": "1915.80000", "2008-06-30": "1896.60000", "2008-03-31": "2144.00000", "2007-12-31": "1904.60000", "2007-09-30": "2264.00000", "2007-06-30": "2285.70000", "2007-03-31": "2181.10000", "2006-12-31": "2307.90000", "2006-09-30": "2390.50000", "2006-06-30": "2352.20000", "2006-03-31": "2538.80000", "2005-12-31": "2812.00000", "2005-09-30": "2372.80000", "2005-06-30": "2879.90000", "2005-03-31": "2812.90000"}, "Property, Plant, And Equipment": {"2020-12-31": "", "2020-09-30": "", "2020-06-30": "", "2020-03-31": "", "2019-12-31": "", "2019-09-30": "", "2019-06-30": "", "2019-03-31": "", "2018-12-31": "", "2018-09-30": "", "2018-06-30": "", "2018-03-31": "", "2017-12-31": "", "2017-09-30": "", "2017-06-30": "", "2017-03-31": "", "2016-12-31": "", "2016-09-30": "", "2016-06-30": "", "2016-03-31": "", "2015-12-31": "", "2015-09-30": "", "2015-06-30": "", "2015-03-31": "", "2014-12-31": "", "2014-09-30": "", "2014-06-30": "", "2014-03-31": "", "2013-12-31": "", "2013-09-30": "", "2013-06-30": "", "2013-03-31": "", "2012-12-31": "", "2012-09-30": "", "2012-06-30": "", "2012-03-31": "", "2011-12-31": "", "2011-09-30": "", "2011-06-30": "", "2011-03-31": "", "2010-12-31": "", "2010-09-30": "", "2010-06-30": "", "2010-03-31": "", "2009-12-31": "", "2009-09-30": "", "2009-06-30": "", "2009-03-31": "", "2008-12-31": "", "2008-09-30": "", "2008-06-30": "", "2008-03-31": "", "2007-12-31": "", "2007-09-30": "", "2007-06-30": "", "2007-03-31": "", "2006-12-31": "", "2006-09-30": "", "2006-06-30": "", "2006-03-31": "", "2005-12-31": "", "2005-09-30": "", "2005-06-30": "", "2005-03-31": ""}, "Long-Term Investments": {"2020-12-31": "8846.10000", "2020-09-30": "8777.70000", "2020-06-30": "8353.00000", "2020-03-31": "7879.00000", "2019-12-31": "8049.00000", "2019-09-30": "8292.60000", "2019-06-30": "7875.80000", "2019-03-31": "7798.50000", "2018-12-31": "7340.60000", "2018-09-30": "7353.60000", "2018-06-30": "9083.40000", "2018-03-31": "9085.80100", "2017-12-31": "6936.40000", "2017-09-30": "9138.00000", "2017-06-30": "8780.00000", "2017-03-31": "8592.30000", "2016-12-31": "8511.20000", "2016-09-30": "8558.60000", "2016-06-30": "8240.10000", "2016-03-31": "8072.70000", "2015-12-31": "8016.30000", "2015-09-30": "8036.70000", "2015-06-30": "7771.90000", "2015-03-31": "8280.20000", "2014-12-31": "8317.20000", "2014-09-30": "8094.30000", "2014-06-30": "7897.50000", "2014-03-31": "7815.00000", "2013-12-31": "7661.30000", "2013-09-30": "7424.90000", "2013-06-30": "7174.50000", "2013-03-31": "7434.90000", "2012-12-31": "7547.30000", "2012-09-30": "7519.60000", "2012-06-30": "7202.60000", "2012-03-31": "7088.70000", "2011-12-31": "6793.10000", "2011-09-30": "6774.10000", "2011-06-30": "4959.80000", "2011-03-31": "5067.90000", "2010-12-31": "5019.70000", "2010-09-30": "5125.00000", "2010-06-30": "4926.00000", "2010-03-31": "4870.60000", "2009-12-31": "4769.40000", "2009-09-30": "5017.60000", "2009-06-30": "4589.70000", "2009-03-31": "4497.60000", "2008-12-31": "4318.90000", "2008-09-30": "4508.90000", "2008-06-30": "4634.20000", "2008-03-31": "5949.50000", "2007-12-31": "4754.60000", "2007-09-30": "6013.30000", "2007-06-30": "5899.70000", "2007-03-31": "5976.50000", "2006-12-31": "5936.70000", "2006-09-30": "5791.90000", "2006-06-30": "5673.60000", "2006-03-31": "5917.00000", "2005-12-31": "6084.80000", "2005-09-30": "6223.80000", "2005-06-30": "7787.60000", "2005-03-31": "7779.10000"}, "Goodwill And Intangible Assets": {"2020-12-31": "", "2020-09-30": "178.80000", "2020-06-30": "178.80000", "2020-03-31": "178.80000", "2019-12-31": "178.80000", "2019-09-30": "178.80000", "2019-06-30": "178.80000", "2019-03-31": "178.80000", "2018-12-31": "178.80000", "2018-09-30": "178.80000", "2018-06-30": "192.10000", "2018-03-31": "192.60000", "2017-12-31": "178.80000", "2017-09-30": "185.30000", "2017-06-30": "185.20000", "2017-03-31": "184.90000", "2016-12-31": "184.80000", "2016-09-30": "185.10000", "2016-06-30": "185.20000", "2016-03-31": "185.70000", "2015-12-31": "186.00000", "2015-09-30": "184.00000", "2015-06-30": "184.20000", "2015-03-31": "184.30000", "2014-12-31": "184.60000", "2014-09-30": "184.80000", "2014-06-30": "185.20000", "2014-03-31": "185.00000", "2013-12-31": "184.90000", "2013-09-30": "184.80000", "2013-06-30": "184.40000", "2013-03-31": "184.40000", "2012-12-31": "184.90000", "2012-09-30": "184.80000", "2012-06-30": "184.60000", "2012-03-31": "184.40000", "2011-12-31": "185.50000", "2011-09-30": "200.60000", "2011-06-30": "178.80000", "2011-03-31": "178.80000", "2010-12-31": "179.20000", "2010-09-30": "179.40000", "2010-06-30": "179.10000", "2010-03-31": "171.40000", "2009-12-31": "171.40000", "2009-09-30": "170.00000", "2009-06-30": "170.00000", "2009-03-31": "169.60000", "2008-12-31": "169.90000", "2008-09-30": "131.90000", "2008-06-30": "131.90000", "2008-03-31": "131.90000", "2007-12-31": "126.00000", "2007-09-30": "126.00000", "2007-06-30": "121.40000", "2007-03-31": "121.40000", "2006-12-31": "121.40000", "2006-09-30": "121.40000", "2006-06-30": "128.20000", "2006-03-31": "128.20000", "2005-12-31": "128.20000", "2005-09-30": "128.20000", "2005-06-30": "128.20000", "2005-03-31": "128.20000"}, "Other Long-Term Assets": {"2020-12-31": "1153.20000", "2020-09-30": "419.70000", "2020-06-30": "447.40000", "2020-03-31": "417.30000", "2019-12-31": "402.40000", "2019-09-30": "384.30000", "2019-06-30": "431.30000", "2019-03-31": "441.00000", "2018-12-31": "429.00000", "2018-09-30": "4577.20000", "2018-06-30": "539.20000", "2018-03-31": "524.30000", "2017-12-31": "4800.30000", "2017-09-30": "486.00000", "2017-06-30": "509.70000", "2017-03-31": "485.90000", "2016-12-31": "479.80000", "2016-09-30": "476.50000", "2016-06-30": "525.70000", "2016-03-31": "512.90000", "2015-12-31": "483.70000", "2015-09-30": "469.50000", "2015-06-30": "514.10000", "2015-03-31": "504.30000", "2014-12-31": "486.60000", "2014-09-30": "497.50000", "2014-06-30": "542.10000", "2014-03-31": "534.30000", "2013-12-31": "526.10000", "2013-09-30": "544.70000", "2013-06-30": "535.70000", "2013-03-31": "524.40000", "2012-12-31": "511.80000", "2012-09-30": "531.00000", "2012-06-30": "513.90000", "2012-03-31": "496.00000", "2011-12-31": "515.50000", "2011-09-30": "527.00000", "2011-06-30": "428.90000", "2011-03-31": "383.20000", "2010-12-31": "398.10000", "2010-09-30": "386.30000", "2010-06-30": "424.10000", "2010-03-31": "368.60000", "2009-12-31": "351.20000", "2009-09-30": "309.70000", "2009-06-30": "323.40000", "2009-03-31": "320.60000", "2008-12-31": "315.70000", "2008-09-30": "2175.20000", "2008-06-30": "2270.70000", "2008-03-31": "904.20000", "2007-12-31": "2482.80000", "2007-09-30": "830.40000", "2007-06-30": "840.00000", "2007-03-31": "841.90000", "2006-12-31": "872.10000", "2006-09-30": "869.80000", "2006-06-30": "863.80000", "2006-03-31": "899.60000", "2005-12-31": "934.70000", "2005-09-30": "947.40000", "2005-06-30": "9831.80000", "2005-03-31": "10136.10000"}, "Total Long-Term Assets": {"2020-12-31": "10109.50000", "2020-09-30": "9968.20000", "2020-06-30": "9546.10100", "2020-03-31": "9042.10000", "2019-12-31": "9200.40000", "2019-09-30": "9436.60000", "2019-06-30": "9049.30000", "2019-03-31": "8972.30000", "2018-12-31": "8553.69900", "2018-09-30": "12702.60000", "2018-06-30": "10553.00000", "2018-03-31": "10511.50000", "2017-12-31": "12450.50000", "2017-09-30": "10525.60000", "2017-06-30": "10174.40000", "2017-03-31": "9985.50100", "2016-12-31": "9887.89900", "2016-09-30": "9857.79900", "2016-06-30": "9604.10100", "2016-03-31": "9448.90000", "2015-12-31": "9415.70000", "2015-09-30": "9429.40000", "2015-06-30": "9218.19900", "2015-03-31": "9735.40000", "2014-12-31": "9757.30000", "2014-09-30": "9577.40000", "2014-06-30": "9426.00000", "2014-03-31": "9371.60000", "2013-12-31": "9232.89900", "2013-09-30": "9060.10000", "2013-06-30": "8811.30000", "2013-03-31": "8997.50000", "2012-12-31": "9131.60000", "2012-09-30": "9072.99900", "2012-06-30": "8790.80100", "2012-03-31": "8629.40000", "2011-12-31": "8347.90000", "2011-09-30": "8354.50000", "2011-06-30": "6217.90000", "2011-03-31": "6274.80000", "2010-12-31": "6253.30000", "2010-09-30": "6287.00000", "2010-06-30": "6133.30000", "2010-03-31": "6016.30000", "2009-12-31": "5937.50000", "2009-09-30": "6127.40000", "2009-06-30": "5734.39900", "2009-03-31": "5652.60000", "2008-12-31": "7124.40000", "2008-09-30": "7339.00000", "2008-06-30": "7567.20000", "2008-03-31": "7556.60000", "2007-12-31": "7911.00000", "2007-09-30": "7581.20000", "2007-06-30": "7520.00000", "2007-03-31": "7595.10000", "2006-12-31": "7548.70000", "2006-09-30": "7453.50000", "2006-06-30": "7336.90000", "2006-03-31": "7618.00000", "2005-12-31": "7822.00000", "2005-09-30": "19274.30000", "2005-06-30": "18966.70000", "2005-03-31": "19354.90000"}, "Total Assets": {"2020-12-31": "13443.70000", "2020-09-30": "13393.80000", "2020-06-30": "12838.60000", "2020-03-31": "12277.40000", "2019-12-31": "12490.50000", "2019-09-30": "12627.20000", "2019-06-30": "12159.90000", "2019-03-31": "11983.40000", "2018-12-31": "12399.70000", "2018-09-30": "15624.30000", "2018-06-30": "15403.60000", "2018-03-31": "15334.20000", "2017-12-31": "15469.60000", "2017-09-30": "15389.30000", "2017-06-30": "14792.70000", "2017-03-31": "14490.80000", "2016-12-31": "14220.40000", "2016-09-30": "14363.70000", "2016-06-30": "14163.60000", "2016-03-31": "14027.70000", "2015-12-31": "13781.20000", "2015-09-30": "14041.00000", "2015-06-30": "14144.70000", "2015-03-31": "13925.60000", "2014-12-31": "13759.70000", "2014-09-30": "13960.20000", "2014-06-30": "13964.80000", "2014-03-31": "13643.00000", "2013-12-31": "13378.70000", "2013-09-30": "13463.30000", "2013-06-30": "13306.40000", "2013-03-31": "13442.10000", "2012-12-31": "13484.90000", "2012-09-30": "13330.10000", "2012-06-30": "13118.70000", "2012-03-31": "12913.40000", "2011-12-31": "12598.60000", "2011-09-30": "12684.50000", "2011-06-30": "8981.30000", "2011-03-31": "8514.90000", "2010-12-31": "8569.90000", "2010-09-30": "8596.70000", "2010-06-30": "8373.40000", "2010-03-31": "8068.50000", "2009-12-31": "8042.70000", "2009-09-30": "8088.60000", "2009-06-30": "7747.70000", "2009-03-31": "7698.10000", "2008-12-31": "9230.20000", "2008-09-30": "9254.80000", "2008-06-30": "9463.80000", "2008-03-31": "9700.60000", "2007-12-31": "9815.60000", "2007-09-30": "9845.20000", "2007-06-30": "9805.70000", "2007-03-31": "9776.20000", "2006-12-31": "9856.60000", "2006-09-30": "9844.00000", "2006-06-30": "9689.10000", "2006-03-31": "10156.80000", "2005-12-31": "10634.00000", "2005-09-30": "21647.10000", "2005-06-30": "21846.60000", "2005-03-31": "22167.80000"}, "Total Current Liabilities": {"2020-12-31": "8506.70000", "2020-09-30": "8550.10100", "2020-06-30": "8307.60100", "2020-03-31": "8204.40000", "2019-12-31": "8124.50000", "2019-09-30": "8060.10000", "2019-06-30": "7855.10000", "2019-03-31": "7716.20000", "2018-12-31": "7619.20000", "2018-09-30": "7549.70000", "2018-06-30": "10917.80000", "2018-03-31": "10856.30000", "2017-12-31": "7241.70000", "2017-09-30": "10865.20000", "2017-06-30": "10273.10000", "2017-03-31": "10102.20000", "2016-12-31": "9762.30100", "2016-09-30": "9770.80000", "2016-06-30": "9673.20000", "2016-03-31": "9584.39900", "2015-12-31": "9320.40000", "2015-09-30": "9571.80000", "2015-06-30": "9657.50000", "2015-03-31": "9433.20000", "2014-12-31": "9202.39900", "2014-09-30": "9533.40000", "2014-06-30": "9580.20000", "2014-03-31": "9365.19900", "2013-12-31": "9122.00000", "2013-09-30": "9220.50000", "2013-06-30": "9117.89900", "2013-03-31": "9056.50000", "2012-12-31": "9138.00000", "2012-09-30": "8968.50000", "2012-06-30": "8874.89900", "2012-03-31": "8674.80000", "2011-12-31": "8431.30000", "2011-09-30": "8526.80000", "2011-06-30": "4992.50000", "2011-03-31": "4856.20000", "2010-12-31": "4832.40000", "2010-09-30": "4818.90000", "2010-06-30": "4755.60000", "2010-03-31": "4605.10000", "2009-12-31": "4512.90000", "2009-09-30": "4472.30000", "2009-06-30": "4461.50000", "2009-03-31": "4450.00000", "2008-12-31": "4510.70000", "2008-09-30": "4376.70000", "2008-06-30": "4304.80000", "2008-03-31": "5726.80000", "2007-12-31": "4368.60000", "2007-09-30": "5864.90000", "2007-06-30": "5821.39900", "2007-03-31": "5836.90000", "2006-12-31": "5838.50000", "2006-09-30": "5966.60000", "2006-06-30": "5918.20000", "2006-03-31": "5952.40000", "2005-12-31": "6245.70000", "2005-09-30": "6306.29900", "2005-06-30": "7989.90000", "2005-03-31": "8018.40000"}, "Long Term Debt": {"2020-12-31": "780.80000", "2020-09-30": "780.40000", "2020-06-30": "652.80000", "2020-03-31": "707.50000", "2019-12-31": "653.40000", "2019-09-30": "667.80000", "2019-06-30": "653.10000", "2019-03-31": "653.00000", "2018-12-31": "777.90000", "2018-09-30": "777.60000", "2018-06-30": "787.10000", "2018-03-31": "787.00000", "2017-12-31": "786.90000", "2017-09-30": "786.80000", "2017-06-30": "786.70000", "2017-03-31": "786.60000", "2016-12-31": "786.40000", "2016-09-30": "797.90000", "2016-06-30": "797.80000", "2016-03-31": "803.40000", "2015-12-31": "803.10000", "2015-09-30": "812.80000", "2015-06-30": "835.10000", "2015-03-31": "841.50000", "2014-12-31": "903.50000", "2014-09-30": "903.40000", "2014-06-30": "903.90000", "2014-03-31": "903.90000", "2013-12-31": "903.90000", "2013-09-30": "938.70000", "2013-06-30": "938.60000", "2013-03-31": "978.10000", "2012-12-31": "849.40000", "2012-09-30": "917.50000", "2012-06-30": "917.40000", "2012-03-31": "918.10000", "2011-12-31": "911.10000", "2011-09-30": "901.60000", "2011-06-30": "857.90000", "2011-03-31": "561.00000", "2010-12-31": "605.90000", "2010-09-30": "640.00000", "2010-06-30": "632.40000", "2010-03-31": "632.30000", "2009-12-31": "433.90000", "2009-09-30": "433.80000", "2009-06-30": "309.90000", "2009-03-31": "530.50000", "2008-12-31": "531.40000", "2008-09-30": "511.90000", "2008-06-30": "511.90000", "2008-03-31": "511.90000", "2007-12-31": "511.90000", "2007-09-30": "514.00000", "2007-06-30": "508.80000", "2007-03-31": "508.80000", "2006-12-31": "508.80000", "2006-09-30": "508.80000", "2006-06-30": "508.80000", "2006-03-31": "508.80000", "2005-12-31": "508.80000", "2005-09-30": "508.80000", "2005-06-30": "508.80000", "2005-03-31": "508.80000"}, "Other Non-Current Liabilities": {"2020-12-31": "833.20000", "2020-09-30": "704.80000", "2020-06-30": "613.30000", "2020-03-31": "512.00000", "2019-12-31": "627.70000", "2019-09-30": "649.00000", "2019-06-30": "563.10000", "2019-03-31": "568.90000", "2018-12-31": "932.00000", "2018-09-30": "4199.00000", "2018-06-30": "643.30000", "2018-03-31": "662.00000", "2017-12-31": "4327.90000", "2017-09-30": "676.00000", "2017-06-30": "671.30000", "2017-03-31": "599.10000", "2016-12-31": "728.00000", "2016-09-30": "662.30000", "2016-06-30": "594.00000", "2016-03-31": "594.10000", "2015-12-31": "724.90000", "2015-09-30": "689.30000", "2015-06-30": "653.10000", "2015-03-31": "637.80000", "2014-12-31": "695.40000", "2014-09-30": "636.40000", "2014-06-30": "569.70000", "2014-03-31": "576.10000", "2013-12-31": "637.20000", "2013-09-30": "638.40000", "2013-06-30": "632.10000", "2013-03-31": "660.30000", "2012-12-31": "775.80000", "2012-09-30": "618.50000", "2012-06-30": "580.40000", "2012-03-31": "613.80000", "2011-12-31": "642.90000", "2011-09-30": "672.80000", "2011-06-30": "519.00000", "2011-03-31": "479.60000", "2010-12-31": "541.70000", "2010-09-30": "523.70000", "2010-06-30": "500.70000", "2010-03-31": "395.70000", "2009-12-31": "603.20000", "2009-09-30": "645.10000", "2009-06-30": "623.20000", "2009-03-31": "614.90000", "2008-12-31": "622.30000", "2008-09-30": "2326.10000", "2008-06-30": "2434.40000", "2008-03-31": "1141.20000", "2007-12-31": "2636.10000", "2007-09-30": "1273.70000", "2007-06-30": "1376.10000", "2007-03-31": "1329.80000", "2006-12-31": "1510.10000", "2006-09-30": "1459.30000", "2006-06-30": "1492.10000", "2006-03-31": "1852.60000", "2005-12-31": "1928.20000", "2005-09-30": "1943.50000", "2005-06-30": "10857.40000", "2005-03-31": "11315.40000"}, "Total Long Term Liabilities": {"2020-12-31": "1734.80000", "2020-09-30": "1688.70000", "2020-06-30": "1459.30000", "2020-03-31": "1336.40000", "2019-12-31": "1449.80000", "2019-09-30": "1480.30000", "2019-06-30": "1363.70000", "2019-03-31": "1340.20000", "2018-12-31": "1825.80000", "2018-09-30": "5092.20000", "2018-06-30": "1546.00000", "2018-03-31": "1564.80000", "2017-12-31": "5230.20000", "2017-09-30": "1552.10000", "2017-06-30": "1547.10000", "2017-03-31": "1475.10000", "2016-12-31": "1600.60000", "2016-09-30": "1547.20000", "2016-06-30": "1480.70000", "2016-03-31": "1486.30000", "2015-12-31": "1616.40000", "2015-09-30": "1591.70000", "2015-06-30": "1578.70000", "2015-03-31": "1592.50000", "2014-12-31": "1713.30000", "2014-09-30": "1654.90000", "2014-06-30": "1589.50000", "2014-03-31": "1596.70000", "2013-12-31": "1662.20000", "2013-09-30": "1698.60000", "2013-06-30": "1692.80000", "2013-03-31": "1761.60000", "2012-12-31": "1751.50000", "2012-09-30": "1662.20000", "2012-06-30": "1626.30000", "2012-03-31": "1659.60000", "2011-12-31": "1683.30000", "2011-09-30": "1702.80000", "2011-06-30": "1503.80000", "2011-03-31": "1170.00000", "2010-12-31": "1277.00000", "2010-09-30": "1299.00000", "2010-06-30": "1266.20000", "2010-03-31": "1161.20000", "2009-12-31": "1171.20000", "2009-09-30": "1209.20000", "2009-06-30": "1065.10000", "2009-03-31": "1280.50000", "2008-12-31": "2832.30000", "2008-09-30": "2838.00000", "2008-06-30": "2946.30000", "2008-03-31": "1653.10000", "2007-12-31": "3148.00000", "2007-09-30": "1787.70000", "2007-06-30": "1884.90000", "2007-03-31": "1838.60000", "2006-12-31": "2018.90000", "2006-09-30": "1968.10000", "2006-06-30": "2000.90000", "2006-03-31": "2361.40000", "2005-12-31": "2437.00000", "2005-09-30": "13473.10000", "2005-06-30": "11366.20000", "2005-03-31": "11824.20000"}, "Total Liabilities": {"2020-12-31": "10241.50000", "2020-09-30": "10238.80000", "2020-06-30": "9766.90000", "2020-03-31": "9540.80000", "2019-12-31": "9574.30000", "2019-09-30": "9540.40000", "2019-06-30": "9218.80000", "2019-03-31": "9056.40000", "2018-12-31": "9445.00000", "2018-09-30": "12641.90000", "2018-06-30": "12463.80000", "2018-03-31": "12421.10000", "2017-12-31": "12471.90000", "2017-09-30": "12417.30000", "2017-06-30": "11820.20000", "2017-03-31": "11577.30000", "2016-12-31": "11362.90000", "2016-09-30": "11318.00000", "2016-06-30": "11153.90000", "2016-03-31": "11070.70000", "2015-12-31": "10936.80000", "2015-09-30": "11163.50000", "2015-06-30": "11236.20000", "2015-03-31": "11025.70000", "2014-12-31": "10915.70000", "2014-09-30": "11188.30000", "2014-06-30": "11169.70000", "2014-03-31": "10961.90000", "2013-12-31": "10784.20000", "2013-09-30": "10919.10000", "2013-06-30": "10810.70000", "2013-03-31": "10818.10000", "2012-12-31": "10889.50000", "2012-09-30": "10630.70000", "2012-06-30": "10501.20000", "2012-03-31": "10334.40000", "2011-12-31": "10114.60000", "2011-09-30": "10229.60000", "2011-06-30": "6496.30000", "2011-03-31": "6026.20000", "2010-12-31": "6109.40000", "2010-09-30": "6117.90000", "2010-06-30": "6021.80000", "2010-03-31": "5766.30000", "2009-12-31": "5684.10000", "2009-09-30": "5681.50000", "2009-06-30": "5526.60000", "2009-03-31": "5730.50000", "2008-12-31": "7343.00000", "2008-09-30": "7214.70000", "2008-06-30": "7251.10000", "2008-03-31": "7379.90000", "2007-12-31": "7516.60000", "2007-09-30": "7652.60000", "2007-06-30": "7706.30000", "2007-03-31": "7675.50000", "2006-12-31": "7857.40000", "2006-09-30": "7934.70000", "2006-06-30": "7919.10000", "2006-03-31": "8313.80000", "2005-12-31": "8682.70000", "2005-09-30": "19779.40000", "2005-06-30": "19356.10000", "2005-03-31": "19842.60000"}, "Common Stock Net": {"2020-12-31": "", "2020-09-30": "0.60000", "2020-06-30": "0.60000", "2020-03-31": "0.60000", "2019-12-31": "0.60000", "2019-09-30": "0.60000", "2019-06-30": "0.60000", "2019-03-31": "0.60000", "2018-12-31": "0.60000", "2018-09-30": "0.60000", "2018-06-30": "0.60000", "2018-03-31": "0.60000", "2017-12-31": "0.60000", "2017-09-30": "0.60000", "2017-06-30": "0.60000", "2017-03-31": "0.60000", "2016-12-31": "0.60000", "2016-09-30": "0.60000", "2016-06-30": "0.60000", "2016-03-31": "0.60000", "2015-12-31": "0.60000", "2015-09-30": "0.60000", "2015-06-30": "0.60000", "2015-03-31": "0.60000", "2014-12-31": "0.60000", "2014-09-30": "0.60000", "2014-06-30": "0.60000", "2014-03-31": "0.60000", "2013-12-31": "0.60000", "2013-09-30": "0.60000", "2013-06-30": "0.60000", "2013-03-31": "0.60000", "2012-12-31": "0.60000", "2012-09-30": "0.60000", "2012-06-30": "0.60000", "2012-03-31": "0.60000", "2011-12-31": "0.60000", "2011-09-30": "0.60000", "2011-06-30": "0.60000", "2011-03-31": "0.60000", "2010-12-31": "0.60000", "2010-09-30": "0.60000", "2010-06-30": "0.60000", "2010-03-31": "0.60000", "2009-12-31": "0.60000", "2009-09-30": "0.60000", "2009-06-30": "0.60000", "2009-03-31": "0.60000", "2008-12-31": "0.60000", "2008-09-30": "0.60000", "2008-06-30": "0.60000", "2008-03-31": "0.60000", "2007-12-31": "0.60000", "2007-09-30": "0.60000", "2007-06-30": "0.60000", "2007-03-31": "0.60000", "2006-12-31": "0.60000", "2006-09-30": "0.60000", "2006-06-30": "0.60000", "2006-03-31": "0.60000", "2005-12-31": "0.60000", "2005-09-30": "0.60000", "2005-06-30": "0.60000", "2005-03-31": "0.60000"}, "Retained Earnings (Accumulated Deficit)": {"2020-12-31": "", "2020-09-30": "2529.20000", "2020-06-30": "2435.10000", "2020-03-31": "2344.90000", "2019-12-31": "2410.90000", "2019-09-30": "2423.10000", "2019-06-30": "2328.10000", "2019-03-31": "2278.70000", "2018-12-31": "2182.30000", "2018-09-30": "2277.60000", "2018-06-30": "2200.40000", "2018-03-31": "2124.10000", "2017-12-31": "1975.00000", "2017-09-30": "1946.50000", "2017-06-30": "1956.60000", "2017-03-31": "1899.40000", "2016-12-31": "1875.60000", "2016-09-30": "1910.40000", "2016-06-30": "1841.50000", "2016-03-31": "1860.40000", "2015-12-31": "1803.50000", "2015-09-30": "1749.80000", "2015-06-30": "1690.10000", "2015-03-31": "1588.40000", "2014-12-31": "1558.70000", "2014-09-30": "1489.20000", "2014-06-30": "1451.70000", "2014-03-31": "1387.40000", "2013-12-31": "1349.10000", "2013-09-30": "1295.20000", "2013-06-30": "1282.40000", "2013-03-31": "1252.80000", "2012-12-31": "1211.60000", "2012-09-30": "1282.10000", "2012-06-30": "1255.40000", "2012-03-31": "1248.80000", "2011-12-31": "1211.30000", "2011-09-30": "1200.70000", "2011-06-30": "1222.90000", "2011-03-31": "1267.40000", "2010-12-31": "1246.80000", "2010-09-30": "1201.30000", "2010-06-30": "1163.00000", "2010-03-31": "1173.80000", "2009-12-31": "1141.10000", "2009-09-30": "1121.40000", "2009-06-30": "1073.30000", "2009-03-31": "976.30000", "2008-12-31": "949.80000", "2008-09-30": "938.70000", "2008-06-30": "1001.70000", "2008-03-31": "1012.60000", "2007-12-31": "946.90000", "2007-09-30": "892.80000", "2007-06-30": "839.10000", "2007-03-31": "782.80000", "2006-12-31": "712.00000", "2006-09-30": "685.40000", "2006-06-30": "652.70000", "2006-03-31": "605.00000", "2005-12-31": "589.80000", "2005-09-30": "486.20000", "2005-06-30": "1056.00000", "2005-03-31": "984.90000"}, "Comprehensive Income": {"2020-12-31": "", "2020-09-30": "352.40000", "2020-06-30": "323.50000", "2020-03-31": "70.60000", "2019-12-31": "152.60000", "2019-09-30": "153.50000", "2019-06-30": "108.20000", "2019-03-31": "3.80000", "2018-12-31": "-116.50000", "2018-09-30": "-190.80000", "2018-06-30": "-169.10000", "2018-03-31": "-120.40000", "2017-12-31": "107.60000", "2017-09-30": "114.00000", "2017-06-30": "106.90000", "2017-03-31": "89.20000", "2016-12-31": "62.80000", "2016-09-30": "227.00000", "2016-06-30": "229.40000", "2016-03-31": "151.40000", "2015-12-31": "53.90000", "2015-09-30": "104.00000", "2015-06-30": "140.00000", "2015-03-31": "226.90000", "2014-12-31": "206.40000", "2014-09-30": "214.10000", "2014-06-30": "267.10000", "2014-03-31": "228.10000", "2013-12-31": "177.60000", "2013-09-30": "187.80000", "2013-06-30": "189.70000", "2013-03-31": "323.10000", "2012-12-31": "325.80000", "2012-09-30": "364.00000", "2012-06-30": "303.10000", "2012-03-31": "265.10000", "2011-12-31": "210.40000", "2011-09-30": "191.50000", "2011-06-30": "182.50000", "2011-03-31": "145.00000", "2010-12-31": "136.70000", "2010-09-30": "203.20000", "2010-06-30": "126.20000", "2010-03-31": "67.80000", "2009-12-31": "28.80000", "2009-09-30": "-10.80000", "2009-06-30": "-173.00000", "2009-03-31": "-333.10000", "2008-12-31": "-384.80000", "2008-09-30": "-217.90000", "2008-06-30": "-100.40000", "2008-03-31": "-23.70000", "2007-12-31": "-20.40000", "2007-09-30": "-66.70000", "2007-06-30": "-101.60000", "2007-03-31": "-21.10000", "2006-12-31": "-39.90000", "2006-09-30": "-87.50000", "2006-06-30": "-188.00000", "2006-03-31": "-126.20000", "2005-12-31": "-59.50000", "2005-09-30": "-35.40000", "2005-06-30": "31.60000", "2005-03-31": "-60.70000"}, "Other Share Holders Equity": {"2020-12-31": "", "2020-09-30": "", "2020-06-30": "", "2020-03-31": "", "2019-12-31": "", "2019-09-30": "", "2019-06-30": "", "2019-03-31": "", "2018-12-31": "", "2018-09-30": "", "2018-06-30": "", "2018-03-31": "", "2017-12-31": "", "2017-09-30": "", "2017-06-30": "", "2017-03-31": "", "2016-12-31": "", "2016-09-30": "", "2016-06-30": "", "2016-03-31": "", "2015-12-31": "", "2015-09-30": "", "2015-06-30": "", "2015-03-31": "", "2014-12-31": "", "2014-09-30": "", "2014-06-30": "", "2014-03-31": "", "2013-12-31": "", "2013-09-30": "", "2013-06-30": "", "2013-03-31": "", "2012-12-31": "", "2012-09-30": "", "2012-06-30": "", "2012-03-31": "", "2011-12-31": "", "2011-09-30": "", "2011-06-30": "", "2011-03-31": "", "2010-12-31": "", "2010-09-30": "", "2010-06-30": "", "2010-03-31": "", "2009-12-31": "", "2009-09-30": "", "2009-06-30": "", "2009-03-31": "", "2008-12-31": "", "2008-09-30": "", "2008-06-30": "", "2008-03-31": "", "2007-12-31": "", "2007-09-30": "", "2007-06-30": "", "2007-03-31": "", "2006-12-31": "", "2006-09-30": "", "2006-06-30": "", "2006-03-31": "", "2005-12-31": "", "2005-09-30": "", "2005-06-30": "", "2005-03-31": ""}, "Share Holder Equity": {"2020-12-31": "3202.20000", "2020-09-30": "3155.00000", "2020-06-30": "3071.70000", "2020-03-31": "2736.60000", "2019-12-31": "2916.20000", "2019-09-30": "3086.80000", "2019-06-30": "2941.10000", "2019-03-31": "2927.00000", "2018-12-31": "2954.70000", "2018-09-30": "2982.40000", "2018-06-30": "2939.80000", "2018-03-31": "2913.10000", "2017-12-31": "2997.70000", "2017-09-30": "2972.00000", "2017-06-30": "2972.50000", "2017-03-31": "2913.50000", "2016-12-31": "2857.50000", "2016-09-30": "3045.70000", "2016-06-30": "3009.70000", "2016-03-31": "2957.00000", "2015-12-31": "2844.40000", "2015-09-30": "2877.50000", "2015-06-30": "2908.50000", "2015-03-31": "2899.90000", "2014-12-31": "2844.00000", "2014-09-30": "2771.90000", "2014-06-30": "2795.10000", "2014-03-31": "2681.10000", "2013-12-31": "2594.50000", "2013-09-30": "2544.20000", "2013-06-30": "2495.70000", "2013-03-31": "2624.00000", "2012-12-31": "2595.40000", "2012-09-30": "2699.40000", "2012-06-30": "2617.50000", "2012-03-31": "2579.00000", "2011-12-31": "2484.00000", "2011-09-30": "2454.90000", "2011-06-30": "2485.00000", "2011-03-31": "2488.70000", "2010-12-31": "2460.50000", "2010-09-30": "2478.80000", "2010-06-30": "2351.60000", "2010-03-31": "2302.20000", "2009-12-31": "2358.60000", "2009-09-30": "2407.10000", "2009-06-30": "2221.10000", "2009-03-31": "1967.60000", "2008-12-31": "1887.20000", "2008-09-30": "2040.10000", "2008-06-30": "2212.70000", "2008-03-31": "2320.70000", "2007-12-31": "2299.00000", "2007-09-30": "2192.60000", "2007-06-30": "2099.40000", "2007-03-31": "2100.70000", "2006-12-31": "1999.20000", "2006-09-30": "1909.30000", "2006-06-30": "1770.00000", "2006-03-31": "1843.00000", "2005-12-31": "1951.30000", "2005-09-30": "1867.70000", "2005-06-30": "2490.50000", "2005-03-31": "2325.20000"}, "Total Liabilities And Share Holders Equity": {"2020-12-31": "13443.70000", "2020-09-30": "13393.80000", "2020-06-30": "12838.60000", "2020-03-31": "12277.40000", "2019-12-31": "12490.50000", "2019-09-30": "12627.20000", "2019-06-30": "12159.90000", "2019-03-31": "11983.40000", "2018-12-31": "12399.70000", "2018-09-30": "15624.30000", "2018-06-30": "15403.60000", "2018-03-31": "15334.20000", "2017-12-31": "15469.60000", "2017-09-30": "15389.30000", "2017-06-30": "14792.70000", "2017-03-31": "14490.80000", "2016-12-31": "14220.40000", "2016-09-30": "14363.70000", "2016-06-30": "14163.60000", "2016-03-31": "14027.70000", "2015-12-31": "13781.20000", "2015-09-30": "14041.00000", "2015-06-30": "14144.70000", "2015-03-31": "13925.60000", "2014-12-31": "13759.70000", "2014-09-30": "13960.20000", "2014-06-30": "13964.80000", "2014-03-31": "13643.00000", "2013-12-31": "13378.70000", "2013-09-30": "13463.30000", "2013-06-30": "13306.40000", "2013-03-31": "13442.10000", "2012-12-31": "13484.90000", "2012-09-30": "13330.10000", "2012-06-30": "13118.70000", "2012-03-31": "12913.40000", "2011-12-31": "12598.60000", "2011-09-30": "12684.50000", "2011-06-30": "8981.30000", "2011-03-31": "8514.90000", "2010-12-31": "8569.90000", "2010-09-30": "8596.70000", "2010-06-30": "8373.40000", "2010-03-31": "8068.50000", "2009-12-31": "8042.70000", "2009-09-30": "8088.60000", "2009-06-30": "7747.70000", "2009-03-31": "7698.10000", "2008-12-31": "9230.20000", "2008-09-30": "9254.80000", "2008-06-30": "9463.80000", "2008-03-31": "9700.60000", "2007-12-31": "9815.60000", "2007-09-30": "9845.20000", "2007-06-30": "9805.70000", "2007-03-31": "9776.20000", "2006-12-31": "9856.60000", "2006-09-30": "9844.00000", "2006-06-30": "9689.10000", "2006-03-31": "10156.80000", "2005-12-31": "10634.00000", "2005-09-30": "21647.10000", "2005-06-30": "21846.60000", "2005-03-31": "22167.80000"}}, "cash flow statement": {"Net Income/Loss": {"2020-12-31": "0.00000", "2019-12-31": "425.10000", "2018-12-31": "391.00000", "2017-12-31": "186.20000", "2016-12-31": "155.10000", "2015-12-31": "331.50000", "2014-12-31": "282.00000", "2013-12-31": "251.00000", "2012-12-31": "55.90000", "2011-12-31": "36.70000", "2010-12-31": "151.20000", "2009-12-31": "197.20000", "2008-12-31": "20.60000", "2007-12-31": "253.10000", "2006-12-31": "170.30000", "2005-12-31": "-325.20000"}, "Total Depreciation And Amortization - Cash Flow": {"2020-12-31": "", "2019-12-31": "33.00000", "2018-12-31": "34.30000", "2017-12-31": "44.10000", "2016-12-31": "40.60000", "2015-12-31": "42.90000", "2014-12-31": "55.60000", "2013-12-31": "49.90000", "2012-12-31": "44.90000", "2011-12-31": "36.90000", "2010-12-31": "26.50000", "2009-12-31": "31.60000", "2008-12-31": "11.50000", "2007-12-31": "21.70000", "2006-12-31": "21.40000", "2005-12-31": "31.60000"}, "Other Non-Cash Items": {"2020-12-31": "", "2019-12-31": "-77.90000", "2018-12-31": "-90.60000", "2017-12-31": "28.40000", "2016-12-31": "78.50000", "2015-12-31": "32.00000", "2014-12-31": "33.60000", "2013-12-31": "73.70000", "2012-12-31": "-51.20000", "2011-12-31": "-16.30000", "2010-12-31": "32.30000", "2009-12-31": "-1.10000", "2008-12-31": "232.40000", "2007-12-31": "93.70000", "2006-12-31": "108.60000", "2005-12-31": "433.10000"}, "Total Non-Cash Items": {"2020-12-31": "", "2019-12-31": "-44.90000", "2018-12-31": "-56.30000", "2017-12-31": "72.50000", "2016-12-31": "119.10000", "2015-12-31": "74.90000", "2014-12-31": "89.20000", "2013-12-31": "123.60000", "2012-12-31": "-6.30000", "2011-12-31": "20.60000", "2010-12-31": "58.80000", "2009-12-31": "30.50000", "2008-12-31": "243.90000", "2007-12-31": "115.40000", "2006-12-31": "130.00000", "2005-12-31": "464.70000"}, "Change In Accounts Receivable": {"2020-12-31": "", "2019-12-31": "-257.80000", "2018-12-31": "-322.00000", "2017-12-31": "-443.60000", "2016-12-31": "-64.00000", "2015-12-31": "-79.50000", "2014-12-31": "-68.20000", "2013-12-31": "41.40000", "2012-12-31": "-284.00000", "2011-12-31": "21.30000", "2010-12-31": "-243.10000", "2009-12-31": "-72.40000", "2008-12-31": "191.70000", "2007-12-31": "-47.40000", "2006-12-31": "152.00000", "2005-12-31": "-312.30000"}, "Change In Inventories": {"2020-12-31": "", "2019-12-31": "", "2018-12-31": "", "2017-12-31": "", "2016-12-31": "", "2015-12-31": "", "2014-12-31": "", "2013-12-31": "", "2012-12-31": "", "2011-12-31": "", "2010-12-31": "", "2009-12-31": "", "2008-12-31": "", "2007-12-31": "", "2006-12-31": "", "2005-12-31": ""}, "Change In Accounts Payable": {"2020-12-31": "", "2019-12-31": "498.60000", "2018-12-31": "584.90000", "2017-12-31": "949.50000", "2016-12-31": "527.80000", "2015-12-31": "121.00000", "2014-12-31": "256.30000", "2013-12-31": "65.90000", "2012-12-31": "598.30000", "2011-12-31": "78.50000", "2010-12-31": "288.20000", "2009-12-31": "9.90000", "2008-12-31": "-156.80000", "2007-12-31": "-91.70000", "2006-12-31": "-328.70000", "2005-12-31": "133.30000"}, "Change In Assets/Liabilities": {"2020-12-31": "", "2019-12-31": "-14.40000", "2018-12-31": "-19.20000", "2017-12-31": "-31.80000", "2016-12-31": "-7.80000", "2015-12-31": "6.90000", "2014-12-31": "-19.60000", "2013-12-31": "-16.30000", "2012-12-31": "-30.80000", "2011-12-31": "18.30000", "2010-12-31": "-53.30000", "2009-12-31": "-21.50000", "2008-12-31": "-7.40000", "2007-12-31": "-15.80000", "2006-12-31": "-21.10000", "2005-12-31": "161.50000"}, "Total Change In Assets/Liabilities": {"2020-12-31": "", "2019-12-31": "237.40000", "2018-12-31": "248.30000", "2017-12-31": "473.60000", "2016-12-31": "468.70000", "2015-12-31": "53.70000", "2014-12-31": "181.00000", "2013-12-31": "28.10000", "2012-12-31": "371.10000", "2011-12-31": "166.30000", "2010-12-31": "-93.20000", "2009-12-31": "-128.60000", "2008-12-31": "-75.70000", "2007-12-31": "-296.00000", "2006-12-31": "-254.20000", "2005-12-31": "7.20000"}, "Cash Flow From Operating Activities": {"2020-12-31": "", "2019-12-31": "602.90000", "2018-12-31": "551.30000", "2017-12-31": "704.60000", "2016-12-31": "743.40000", "2015-12-31": "444.70000", "2014-12-31": "564.70000", "2013-12-31": "383.90000", "2012-12-31": "408.20000", "2011-12-31": "221.70000", "2010-12-31": "83.60000", "2009-12-31": "91.60000", "2008-12-31": "209.50000", "2007-12-31": "73.30000", "2006-12-31": "41.80000", "2005-12-31": "153.10000"}, "Net Change In Property, Plant, And Equipment": {"2020-12-31": "", "2019-12-31": "-13.30000", "2018-12-31": "-13.10000", "2017-12-31": "-18.60000", "2016-12-31": "-15.70000", "2015-12-31": "-19.50000", "2014-12-31": "-11.20000", "2013-12-31": "-22.90000", "2012-12-31": "-21.30000", "2011-12-31": "-16.50000", "2010-12-31": "-10.90000", "2009-12-31": "-10.40000", "2008-12-31": "-9.50000", "2007-12-31": "-9.50000", "2006-12-31": "-8.80000", "2005-12-31": "-8.30000"}, "Net Change In Intangible Assets": {"2020-12-31": "", "2019-12-31": "", "2018-12-31": "", "2017-12-31": "", "2016-12-31": "", "2015-12-31": "", "2014-12-31": "", "2013-12-31": "", "2012-12-31": "", "2011-12-31": "", "2010-12-31": "", "2009-12-31": "", "2008-12-31": "", "2007-12-31": "", "2006-12-31": "", "2005-12-31": ""}, "Net Acquisitions/Divestitures": {"2020-12-31": "", "2019-12-31": "34.70000", "2018-12-31": "635.70000", "2017-12-31": "", "2016-12-31": "", "2015-12-31": "44.30000", "2014-12-31": "", "2013-12-31": "", "2012-12-31": "", "2011-12-31": "287.70000", "2010-12-31": "-13.30000", "2009-12-31": "-24.10000", "2008-12-31": "-99.80000", "2007-12-31": "-4.20000", "2006-12-31": "68.80000", "2005-12-31": "121.30000"}, "Net Change In Short-term Investments": {"2020-12-31": "", "2019-12-31": "", "2018-12-31": "", "2017-12-31": "", "2016-12-31": "", "2015-12-31": "", "2014-12-31": "", "2013-12-31": "", "2012-12-31": "", "2011-12-31": "2.80000", "2010-12-31": "3.00000", "2009-12-31": "", "2008-12-31": "13.70000", "2007-12-31": "-11.30000", "2006-12-31": "-16.00000", "2005-12-31": "12.60000"}, "Net Change In Long-Term Investments": {"2020-12-31": "", "2019-12-31": "-333.29990", "2018-12-31": "-351.30000", "2017-12-31": "-478.20000", "2016-12-31": "-498.70010", "2015-12-31": "-195.20000", "2014-12-31": "-591.50010", "2013-12-31": "-335.79990", "2012-12-31": "-542.29980", "2011-12-31": "-91.20010", "2010-12-31": "-77.60010", "2009-12-31": "-139.70020", "2008-12-31": "285.10000", "2007-12-31": "-47.60010", "2006-12-31": "82.20010", "2005-12-31": "725.60010"}, "Net Change In Investments - Total": {"2020-12-31": "", "2019-12-31": "-333.29990", "2018-12-31": "-351.30000", "2017-12-31": "-478.20000", "2016-12-31": "-498.70010", "2015-12-31": "-195.20000", "2014-12-31": "-591.50010", "2013-12-31": "-335.79990", "2012-12-31": "-542.29980", "2011-12-31": "-88.40010", "2010-12-31": "-74.60010", "2009-12-31": "-139.70020", "2008-12-31": "298.80000", "2007-12-31": "-58.90010", "2006-12-31": "66.20010", "2005-12-31": "738.20010"}, "Investing Activities - Other": {"2020-12-31": "", "2019-12-31": "", "2018-12-31": "", "2017-12-31": "-9.50000", "2016-12-31": "19.00000", "2015-12-31": "-1.10000", "2014-12-31": "2.00000", "2013-12-31": "", "2012-12-31": "0.80000", "2011-12-31": "", "2010-12-31": "", "2009-12-31": "", "2008-12-31": "-0.30000", "2007-12-31": "0.30000", "2006-12-31": "-28.30000", "2005-12-31": "-39.70000"}, "Cash Flow From Investing Activities": {"2020-12-31": "", "2019-12-31": "-311.90000", "2018-12-31": "271.30000", "2017-12-31": "-506.30000", "2016-12-31": "-495.40000", "2015-12-31": "-171.50000", "2014-12-31": "-600.70000", "2013-12-31": "-358.70000", "2012-12-31": "-562.80000", "2011-12-31": "182.80000", "2010-12-31": "-98.80000", "2009-12-31": "-174.20000", "2008-12-31": "189.20000", "2007-12-31": "-72.30000", "2006-12-31": "97.90000", "2005-12-31": "811.50000"}, "Net Long-Term Debt": {"2020-12-31": "", "2019-12-31": "-151.10000", "2018-12-31": "-11.60000", "2017-12-31": "", "2016-12-31": "-104.70000", "2015-12-31": "-114.30000", "2014-12-31": "-0.70000", "2013-12-31": "28.70000", "2012-12-31": "-65.70000", "2011-12-31": "238.60000", "2010-12-31": "169.00000", "2009-12-31": "-0.90000", "2008-12-31": "-21.00000", "2007-12-31": "", "2006-12-31": "-284.10000", "2005-12-31": "-653.20000"}, "Net Current Debt": {"2020-12-31": "", "2019-12-31": "", "2018-12-31": "", "2017-12-31": "", "2016-12-31": "", "2015-12-31": "", "2014-12-31": "", "2013-12-31": "", "2012-12-31": "", "2011-12-31": "", "2010-12-31": "", "2009-12-31": "", "2008-12-31": "", "2007-12-31": "", "2006-12-31": "", "2005-12-31": ""}, "Debt Issuance/Retirement Net - Total": {"2020-12-31": "", "2019-12-31": "-151.10000", "2018-12-31": "-11.60000", "2017-12-31": "", "2016-12-31": "-104.70000", "2015-12-31": "-114.30000", "2014-12-31": "-0.70000", "2013-12-31": "28.70000", "2012-12-31": "-65.70000", "2011-12-31": "238.60000", "2010-12-31": "169.00000", "2009-12-31": "-0.90000", "2008-12-31": "-21.00000", "2007-12-31": "", "2006-12-31": "-284.10000", "2005-12-31": "-653.20000"}, "Net Common Equity Issued/Repurchased": {"2020-12-31": "", "2019-12-31": "-549.20000", "2018-12-31": "-42.90000", "2017-12-31": "-14.10000", "2016-12-31": "-89.40000", "2015-12-31": "-110.70000", "2014-12-31": "-7.80000", "2013-12-31": "-53.20000", "2012-12-31": "-17.40000", "2011-12-31": "-17.80000", "2010-12-31": "-122.70000", "2009-12-31": "-145.00000", "2008-12-31": "-50.30000", "2007-12-31": "22.20000", "2006-12-31": "-155.40000", "2005-12-31": "8.60000"}, "Net Total Equity Issued/Repurchased": {"2020-12-31": "", "2019-12-31": "-549.20000", "2018-12-31": "-42.90000", "2017-12-31": "-14.10000", "2016-12-31": "-89.40000", "2015-12-31": "-110.70000", "2014-12-31": "-7.80000", "2013-12-31": "-53.20000", "2012-12-31": "-17.40000", "2011-12-31": "-17.80000", "2010-12-31": "-122.70000", "2009-12-31": "-145.00000", "2008-12-31": "-50.30000", "2007-12-31": "22.20000", "2006-12-31": "-155.40000", "2005-12-31": "8.60000"}, "Total Common And Preferred Stock Dividends Paid": {"2020-12-31": "", "2019-12-31": "-386.20000", "2018-12-31": "-94.30000", "2017-12-31": "-86.80000", "2016-12-31": "-80.40000", "2015-12-31": "-74.20000", "2014-12-31": "-67.00000", "2013-12-31": "-60.00000", "2012-12-31": "-55.10000", "2011-12-31": "-50.90000", "2010-12-31": "-47.20000", "2009-12-31": "-37.50000", "2008-12-31": "-23.00000", "2007-12-31": "-20.80000", "2006-12-31": "-15.40000", "2005-12-31": "-13.40000"}, "Financial Activities - Other": {"2020-12-31": "", "2019-12-31": "-12.80000", "2018-12-31": "-22.20000", "2017-12-31": "-10.80000", "2016-12-31": "-26.30000", "2015-12-31": "-1.80000", "2014-12-31": "3.80000", "2013-12-31": "-21.00000", "2012-12-31": "4.80000", "2011-12-31": "-42.60000", "2010-12-31": "-7.70000", "2009-12-31": "53.20000", "2008-12-31": "-50.30000", "2007-12-31": "-99.70000", "2006-12-31": "-13.60000", "2005-12-31": "-91.60000"}, "Cash Flow From Financial Activities": {"2020-12-31": "", "2019-12-31": "-1099.30000", "2018-12-31": "-171.00000", "2017-12-31": "-111.70000", "2016-12-31": "-300.80000", "2015-12-31": "-301.00000", "2014-12-31": "-71.70000", "2013-12-31": "-105.50000", "2012-12-31": "-133.40000", "2011-12-31": "127.30000", "2010-12-31": "-8.60000", "2009-12-31": "-130.20000", "2008-12-31": "-144.60000", "2007-12-31": "-98.30000", "2006-12-31": "-468.50000", "2005-12-31": "-749.60000"}, "Net Cash Flow": {"2020-12-31": "", "2019-12-31": "-805.00000", "2018-12-31": "722.80000", "2017-12-31": "150.60000", "2016-12-31": "-42.20000", "2015-12-31": "-34.50000", "2014-12-31": "-112.90000", "2013-12-31": "-78.60000", "2012-12-31": "-255.60000", "2011-12-31": "530.00000", "2010-12-31": "-26.10000", "2009-12-31": "-81.20000", "2008-12-31": "187.10000", "2007-12-31": "-105.60000", "2006-12-31": "-346.20000", "2005-12-31": "215.00000"}, "Stock-Based Compensation": {"2020-12-31": "", "2019-12-31": "17.40000", "2018-12-31": "13.40000", "2017-12-31": "12.30000", "2016-12-31": "12.00000", "2015-12-31": "12.30000", "2014-12-31": "15.10000", "2013-12-31": "12.40000", "2012-12-31": "12.80000", "2011-12-31": "12.00000", "2010-12-31": "11.30000", "2009-12-31": "11.70000", "2008-12-31": "11.60000", "2007-12-31": "15.50000", "2006-12-31": "17.30000", "2005-12-31": ""}, "Common Stock Dividends Paid": {"2020-12-31": "", "2019-12-31": "-386.20000", "2018-12-31": "-94.30000", "2017-12-31": "-86.80000", "2016-12-31": "-80.40000", "2015-12-31": "-74.20000", "2014-12-31": "-67.00000", "2013-12-31": "-60.00000", "2012-12-31": "-55.10000", "2011-12-31": "-50.90000", "2010-12-31": "-47.20000", "2009-12-31": "-37.50000", "2008-12-31": "-23.00000", "2007-12-31": "-20.80000", "2006-12-31": "-15.40000", "2005-12-31": "-13.40000"}}, "cash flow statement, quarterly": {"Net Income/Loss": {"2020-12-31": -194.1, "2020-09-30": 118.9, "2020-06-30": 115.2, "2020-03-31": "-40.00000", "2019-12-31": 109.8, "2019-09-30": 118.9, "2019-06-30": 74, "2019-03-31": "122.40000", "2018-12-31": 123.6, "2018-09-30": 100.4, "2018-06-30": 99.3, "2018-03-31": "67.70000", "2017-12-31": 51.5, "2017-09-30": 11.1, "2017-06-30": 78.4, "2017-03-31": "45.20000", "2016-12-31": -13.5, "2016-09-30": 88.4, "2016-06-30": 2, "2016-03-31": "78.20000", "2015-12-31": 77.6, "2015-09-30": 78.3, "2015-06-30": 120.7, "2015-03-31": "54.90000", "2014-12-31": 89.9, "2014-09-30": 54.9, "2014-06-30": 82.6, "2014-03-31": "54.60000", "2013-12-31": 70.1, "2013-09-30": 61.3, "2013-06-30": 53.4, "2013-03-31": "66.20000", "2012-12-31": -55, "2012-09-30": 40.4, "2012-06-30": 20.8, "2012-03-31": "49.70000", "2011-12-31": 49.6, "2011-09-30": -10, "2011-06-30": -32.2, "2011-03-31": "29.30000", "2010-12-31": 54.8, "2010-09-30": 52.3, "2010-06-30": 2.3, "2010-03-31": "41.80000", "2009-12-31": 57.3, "2009-09-30": 49.7, "2009-06-30": 64.4, "2009-03-31": "25.80000", "2008-12-31": 34.1, "2008-09-30": -61.8, "2008-06-30": -10.2, "2008-03-31": "58.50000", "2007-12-31": 75.8, "2007-09-30": 53.9, "2007-06-30": 59.8, "2007-03-31": "63.60000", "2006-12-31": 45.5, "2006-09-30": 33.4, "2006-06-30": 50.9, "2006-03-31": "40.50000", "2005-12-31": 118.7, "2005-09-30": -562.4, "2005-06-30": 72, "2005-03-31": "46.50000"}, "Total Depreciation And Amortization - Cash Flow": {"2020-12-31": -18.4, "2020-09-30": 5.9, "2020-06-30": 5.9, "2020-03-31": "6.60000", "2019-12-31": 7.7, "2019-09-30": 7.6, "2019-06-30": 8, "2019-03-31": "9.70000", "2018-12-31": 6, "2018-09-30": 9.4, "2018-06-30": 9.5, "2018-03-31": "9.40000", "2017-12-31": 10.6, "2017-09-30": 11.1, "2017-06-30": 11.3, "2017-03-31": "11.10000", "2016-12-31": 8.5, "2016-09-30": 10.9, "2016-06-30": 10.3, "2016-03-31": "10.90000", "2015-12-31": 10.1, "2015-09-30": 8.8, "2015-06-30": 13.3, "2015-03-31": "10.70000", "2014-12-31": 22.6, "2014-09-30": 10.9, "2014-06-30": 10.5, "2014-03-31": "11.60000", "2013-12-31": 12.4, "2013-09-30": 10.9, "2013-06-30": 15.3, "2013-03-31": "11.30000", "2012-12-31": 11.9, "2012-09-30": 10.8, "2012-06-30": 10.8, "2012-03-31": "11.40000", "2011-12-31": 16.9, "2011-09-30": 7.3, "2011-06-30": 5.9, "2011-03-31": "6.80000", "2010-12-31": 7.1, "2010-09-30": 6.7, "2010-06-30": 6.1, "2010-03-31": "6.60000", "2009-12-31": 7.7, "2009-09-30": 8.9, "2009-06-30": 7.7, "2009-03-31": "7.30000", "2008-12-31": 0.9, "2008-09-30": 3.9, "2008-06-30": 3.7, "2008-03-31": "3.00000", "2007-12-31": 7.8, "2007-09-30": 4.4, "2007-06-30": 4.6, "2007-03-31": "4.90000", "2006-12-31": 5.1, "2006-09-30": 5.4, "2006-06-30": 5.2, "2006-03-31": "5.70000", "2005-12-31": 6.8, "2005-09-30": 7.8, "2005-06-30": 7.9, "2005-03-31": "9.10000"}, "Other Non-Cash Items": {"2020-12-31": -52.4, "2020-09-30": -28.4, "2020-06-30": -49.9, "2020-03-31": "130.70000", "2019-12-31": -32.2, "2019-09-30": -15.6, "2019-06-30": 1.2, "2019-03-31": "-31.30000", "2018-12-31": -104.7, "2018-09-30": -8.9, "2018-06-30": 4, "2018-03-31": "19.00000", "2017-12-31": 41.2, "2017-09-30": -19.9, "2017-06-30": 25.9, "2017-03-31": "-18.80000", "2016-12-31": -19.8, "2016-09-30": 26.7, "2016-06-30": 73.2, "2016-03-31": "-1.60000", "2015-12-31": 25.5, "2015-09-30": 21, "2015-06-30": -18, "2015-03-31": "3.50000", "2014-12-31": -2.5, "2014-09-30": 20.5, "2014-06-30": 8.3, "2014-03-31": "7.30000", "2013-12-31": 22.2, "2013-09-30": 24.5, "2013-06-30": 13.1, "2013-03-31": "13.90000", "2012-12-31": -68.3, "2012-09-30": 27.6, "2012-06-30": 6.6, "2012-03-31": "-17.10000", "2011-12-31": -26.4, "2011-09-30": 12.2, "2011-06-30": -10.9, "2011-03-31": "8.80000", "2010-12-31": -8, "2010-09-30": -2.8, "2010-06-30": 5.1, "2010-03-31": "38.00000", "2009-12-31": -0.8, "2009-09-30": 3.8, "2009-06-30": -7.7, "2009-03-31": "3.60000", "2008-12-31": 53, "2008-09-30": 74.8, "2008-06-30": 85, "2008-03-31": "19.60000", "2007-12-31": 48, "2007-09-30": 17.9, "2007-06-30": 19.4, "2007-03-31": "8.40000", "2006-12-31": 39.9, "2006-09-30": 13.2, "2006-06-30": 23.2, "2006-03-31": "32.30000", "2005-12-31": -15.7, "2005-09-30": 433.5, "2005-06-30": 17.3, "2005-03-31": "-2.00000"}, "Total Non-Cash Items": {"2020-12-31": -70.8, "2020-09-30": -22.5, "2020-06-30": -44, "2020-03-31": "137.30000", "2019-12-31": -24.5, "2019-09-30": -8, "2019-06-30": 9.2, "2019-03-31": "-21.60000", "2018-12-31": -98.7, "2018-09-30": 0.5, "2018-06-30": 13.5, "2018-03-31": "28.40000", "2017-12-31": 51.8, "2017-09-30": -8.8, "2017-06-30": 37.2, "2017-03-31": "-7.70000", "2016-12-31": -11.3, "2016-09-30": 37.6, "2016-06-30": 83.5, "2016-03-31": "9.30000", "2015-12-31": 35.6, "2015-09-30": 29.8, "2015-06-30": -4.7, "2015-03-31": "14.20000", "2014-12-31": 20.1, "2014-09-30": 31.4, "2014-06-30": 18.8, "2014-03-31": "18.90000", "2013-12-31": 34.6, "2013-09-30": 35.4, "2013-06-30": 28.4, "2013-03-31": "25.20000", "2012-12-31": -56.4, "2012-09-30": 38.4, "2012-06-30": 17.4, "2012-03-31": "-5.70000", "2011-12-31": -9.5, "2011-09-30": 19.5, "2011-06-30": -5, "2011-03-31": "15.60000", "2010-12-31": -0.9, "2010-09-30": 3.9, "2010-06-30": 11.2, "2010-03-31": "44.60000", "2009-12-31": 6.9, "2009-09-30": 12.7, "2009-06-30": 0, "2009-03-31": "10.90000", "2008-12-31": 53.9, "2008-09-30": 78.7, "2008-06-30": 88.7, "2008-03-31": "22.60000", "2007-12-31": 55.8, "2007-09-30": 22.3, "2007-06-30": 24, "2007-03-31": "13.30000", "2006-12-31": 45, "2006-09-30": 18.6, "2006-06-30": 28.4, "2006-03-31": "38.00000", "2005-12-31": -8.9, "2005-09-30": 441.3, "2005-06-30": 25.2, "2005-03-31": "7.10000"}, "Change In Accounts Receivable": {"2020-12-31": 106, "2020-09-30": -79.2, "2020-06-30": -14.9, "2020-03-31": "-11.90000", "2019-12-31": -41, "2019-09-30": -102.5, "2019-06-30": -81.8, "2019-03-31": "-32.50000", "2018-12-31": -99.2, "2018-09-30": -68.9, "2018-06-30": -73.7, "2018-03-31": "-80.20000", "2017-12-31": -9.7, "2017-09-30": -287.4, "2017-06-30": -43.9, "2017-03-31": "-102.60000", "2016-12-31": 123.6, "2016-09-30": -80.2, "2016-06-30": -42.5, "2016-03-31": "-64.90000", "2015-12-31": 158.1, "2015-09-30": 52.5, "2015-06-30": -191, "2015-03-31": "-99.10000", "2014-12-31": 129.3, "2014-09-30": -4.8, "2014-06-30": -130, "2014-03-31": "-62.70000", "2013-12-31": 113.4, "2013-09-30": -1.6, "2013-06-30": -90.3, "2013-03-31": "19.90000", "2012-12-31": -26.5, "2012-09-30": 4.8, "2012-06-30": -153.2, "2012-03-31": "-109.10000", "2011-12-31": 33.9, "2011-09-30": 1.8, "2011-06-30": -15.5, "2011-03-31": "1.10000", "2010-12-31": 13.5, "2010-09-30": -84.4, "2010-06-30": -132.3, "2010-03-31": "-39.90000", "2009-12-31": -64.5, "2009-09-30": 10.9, "2009-06-30": -20.2, "2009-03-31": "1.40000", "2008-12-31": 35.9, "2008-09-30": 42.1, "2008-06-30": 142.9, "2008-03-31": "-29.20000", "2007-12-31": -5.7, "2007-09-30": -32.4, "2007-06-30": -3.2, "2007-03-31": "-6.10000", "2006-12-31": 57.3, "2006-09-30": -36.4, "2006-06-30": 46.8, "2006-03-31": "84.30000", "2005-12-31": -87, "2005-09-30": -262.2, "2005-06-30": 17.4, "2005-03-31": "19.50000"}, "Change In Inventories": {"2020-12-31": 0, "2020-09-30": 0, "2020-06-30": 0, "2020-03-31": "", "2019-12-31": 0, "2019-09-30": 0, "2019-06-30": 0, "2019-03-31": "", "2018-12-31": 0, "2018-09-30": 0, "2018-06-30": 0, "2018-03-31": "", "2017-12-31": 0, "2017-09-30": 0, "2017-06-30": 0, "2017-03-31": "", "2016-12-31": 0, "2016-09-30": 0, "2016-06-30": 0, "2016-03-31": "", "2015-12-31": 0, "2015-09-30": 0, "2015-06-30": 0, "2015-03-31": "", "2014-12-31": 0, "2014-09-30": 0, "2014-06-30": 0, "2014-03-31": "", "2013-12-31": 0, "2013-09-30": 0, "2013-06-30": 0, "2013-03-31": "", "2012-12-31": 0, "2012-09-30": 0, "2012-06-30": 0, "2012-03-31": "", "2011-12-31": 0, "2011-09-30": 0, "2011-06-30": 0, "2011-03-31": "", "2010-12-31": 0, "2010-09-30": 0, "2010-06-30": 0, "2010-03-31": "", "2009-12-31": 0, "2009-09-30": 0, "2009-06-30": 0, "2009-03-31": "", "2008-12-31": 0, "2008-09-30": 0, "2008-06-30": 0, "2008-03-31": "", "2007-12-31": 0, "2007-09-30": 0, "2007-06-30": 0, "2007-03-31": "", "2006-12-31": 0, "2006-09-30": 0, "2006-06-30": 0, "2006-03-31": "", "2005-12-31": 0, "2005-09-30": 0, "2005-06-30": 0, "2005-03-31": ""}, "Change In Accounts Payable": {"2020-12-31": -412.6, "2020-09-30": 238, "2020-06-30": 99.6, "2020-03-31": "75.00000", "2019-12-31": 62.2, "2019-09-30": 204.6, "2019-06-30": 132.6, "2019-03-31": "99.20000", "2018-12-31": 111.2, "2018-09-30": 224.4, "2018-06-30": 121.9, "2018-03-31": "127.40000", "2017-12-31": 32, "2017-09-30": 532.8, "2017-06-30": 147.6, "2017-03-31": "237.10000", "2016-12-31": 15.3, "2016-09-30": 180.3, "2016-06-30": 137.2, "2016-03-31": "195.00000", "2015-12-31": -202.8, "2015-09-30": -5.4, "2015-06-30": 107.2, "2015-03-31": "222.00000", "2014-12-31": -158.8, "2014-09-30": 62.9, "2014-06-30": 191.9, "2014-03-31": "160.30000", "2013-12-31": -80.6, "2013-09-30": 65.7, "2013-06-30": 105.1, "2013-03-31": "-24.30000", "2012-12-31": 190.3, "2012-09-30": 80.4, "2012-06-30": 217.7, "2012-03-31": "109.90000", "2011-12-31": -176.1, "2011-09-30": 97.2, "2011-06-30": 131.6, "2011-03-31": "25.80000", "2010-12-31": 12, "2010-09-30": 86.3, "2010-06-30": 146.3, "2010-03-31": "43.60000", "2009-12-31": 46.4, "2009-09-30": 11, "2009-06-30": -4.1, "2009-03-31": "-43.40000", "2008-12-31": -96.8, "2008-09-30": 55.6, "2008-06-30": -48, "2008-03-31": "-67.60000", "2007-12-31": -59.9, "2007-09-30": -18.8, "2007-06-30": -9.1, "2007-03-31": "-3.90000", "2006-12-31": -116.6, "2006-09-30": 30.7, "2006-06-30": -31.3, "2006-03-31": "-211.50000", "2005-12-31": -187.6, "2005-09-30": 464.5, "2005-06-30": -56.5, "2005-03-31": "-87.10000"}, "Change In Assets/Liabilities": {"2020-12-31": 15.1, "2020-09-30": -20.7, "2020-06-30": 3.9, "2020-03-31": "1.70000", "2019-12-31": 7.7, "2019-09-30": -17.8, "2019-06-30": -7, "2019-03-31": "2.70000", "2018-12-31": 8.8, "2018-09-30": -13.7, "2018-06-30": -10.4, "2018-03-31": "-3.90000", "2017-12-31": 13.2, "2017-09-30": -15.4, "2017-06-30": -21.2, "2017-03-31": "-8.40000", "2016-12-31": 20, "2016-09-30": -14.3, "2016-06-30": -8.9, "2016-03-31": "-4.60000", "2015-12-31": 28.5, "2015-09-30": -0.2, "2015-06-30": -13.8, "2015-03-31": "-7.60000", "2014-12-31": 14.7, "2014-09-30": 0.3, "2014-06-30": -20.5, "2014-03-31": "-14.10000", "2013-12-31": 15.9, "2013-09-30": -12, "2013-06-30": -15, "2013-03-31": "-5.20000", "2012-12-31": 11.8, "2012-09-30": -5.3, "2012-06-30": -27.9, "2012-03-31": "-9.40000", "2011-12-31": 31.4, "2011-09-30": -10.1, "2011-06-30": -8.4, "2011-03-31": "5.40000", "2010-12-31": 6.1, "2010-09-30": -17.3, "2010-06-30": -22.7, "2010-03-31": "-19.40000", "2009-12-31": 0.1, "2009-09-30": -16, "2009-06-30": -4.6, "2009-03-31": "-1.00000", "2008-12-31": 9.9, "2008-09-30": -8.3, "2008-06-30": -3.4, "2008-03-31": "-5.60000", "2007-12-31": 8.9, "2007-09-30": -9.7, "2007-06-30": -6.4, "2007-03-31": "-8.60000", "2006-12-31": 4.7, "2006-09-30": -10.7, "2006-06-30": -8.4, "2006-03-31": "-6.70000", "2005-12-31": 36, "2005-09-30": 49.7, "2005-06-30": 30.8, "2005-03-31": "45.00000"}, "Total Change In Assets/Liabilities": {"2020-12-31": -282.5, "2020-09-30": 190.4, "2020-06-30": 140, "2020-03-31": "-47.90000", "2019-12-31": 95, "2019-09-30": 110, "2019-06-30": 51, "2019-03-31": "-18.60000", "2018-12-31": 75.1, "2018-09-30": 154.5, "2018-06-30": 44.5, "2018-03-31": "-25.80000", "2017-12-31": 88.9, "2017-09-30": 250.2, "2017-06-30": 115.8, "2017-03-31": "18.70000", "2016-12-31": 200.9, "2016-09-30": 150.3, "2016-06-30": 85.9, "2016-03-31": "31.60000", "2015-12-31": -5.8, "2015-09-30": 102.1, "2015-06-30": -95, "2015-03-31": "52.40000", "2014-12-31": 53.6, "2014-09-30": 104.3, "2014-06-30": 16.1, "2014-03-31": "7.00000", "2013-12-31": 88.6, "2013-09-30": 60.7, "2013-06-30": -10.2, "2013-03-31": "-111.00000", "2012-12-31": 287, "2012-09-30": 102, "2012-06-30": 18.9, "2012-03-31": "-36.80000", "2011-12-31": -125.3, "2011-09-30": 163.1, "2011-06-30": 160.7, "2011-03-31": "-32.20000", "2010-12-31": 51.2, "2010-09-30": 27.2, "2010-06-30": 21.2, "2010-03-31": "-192.80000", "2009-12-31": 18.2, "2009-09-30": -0.8, "2009-06-30": -44.4, "2009-03-31": "-101.60000", "2008-12-31": -51.3, "2008-09-30": 77.7, "2008-06-30": 57.1, "2008-03-31": "-159.20000", "2007-12-31": -91.7, "2007-09-30": -83, "2007-06-30": -3.1, "2007-03-31": "-118.20000", "2006-12-31": -13.9, "2006-09-30": -37.7, "2006-06-30": 9.3, "2006-03-31": "-211.90000", "2005-12-31": -151.7, "2005-09-30": 245, "2005-06-30": 11.9, "2005-03-31": "-98.00000"}, "Cash Flow From Operating Activities": {"2020-12-31": -546.6, "2020-09-30": 320.8, "2020-06-30": 189.2, "2020-03-31": "36.60000", "2019-12-31": 179, "2019-09-30": 273.3, "2019-06-30": 113.4, "2019-03-31": "37.20000", "2018-12-31": 84.9, "2018-09-30": 286.9, "2018-06-30": 148.1, "2018-03-31": "31.40000", "2017-12-31": 172.4, "2017-09-30": 282.4, "2017-06-30": 195.6, "2017-03-31": "54.20000", "2016-12-31": 183.4, "2016-09-30": 326.1, "2016-06-30": 151.9, "2016-03-31": "82.00000", "2015-12-31": 90.3, "2015-09-30": 251.7, "2015-06-30": 18.5, "2015-03-31": "84.20000", "2014-12-31": 156.6, "2014-09-30": 240.7, "2014-06-30": 104.5, "2014-03-31": "62.90000", "2013-12-31": 202, "2013-09-30": 148.6, "2013-06-30": 50.8, "2013-03-31": "-17.50000", "2012-12-31": 203.6, "2012-09-30": 145.3, "2012-06-30": 46.6, "2012-03-31": "12.70000", "2011-12-31": -64.6, "2011-09-30": 183.6, "2011-06-30": 78.5, "2011-03-31": "24.20000", "2010-12-31": 98.6, "2010-09-30": 77.5, "2010-06-30": 27.5, "2010-03-31": "-120.00000", "2009-12-31": 64.7, "2009-09-30": 72, "2009-06-30": 16.4, "2009-03-31": "-61.50000", "2008-12-31": 35, "2008-09-30": 111.1, "2008-06-30": 144.7, "2008-03-31": "-81.30000", "2007-12-31": 32.9, "2007-09-30": 2.4, "2007-06-30": 78.6, "2007-03-31": "-40.60000", "2006-12-31": 86.3, "2006-09-30": -1.9, "2006-06-30": 90.2, "2006-03-31": "-132.80000", "2005-12-31": -17.6, "2005-09-30": 115.3, "2005-06-30": 102.5, "2005-03-31": "-47.10000"}, "Net Change In Property, Plant, And Equipment": {"2020-12-31": 12.1, "2020-09-30": -4.3, "2020-06-30": -4.6, "2020-03-31": "-3.20000", "2019-12-31": -3.1, "2019-09-30": -3.7, "2019-06-30": -2.6, "2019-03-31": "-3.90000", "2018-12-31": -0.7, "2018-09-30": -4.6, "2018-06-30": -4.3, "2018-03-31": "-3.50000", "2017-12-31": -7.9, "2017-09-30": -2.1, "2017-06-30": -4.3, "2017-03-31": "-4.30000", "2016-12-31": -3.5, "2016-09-30": -3.7, "2016-06-30": -2.1, "2016-03-31": "-6.40000", "2015-12-31": -5, "2015-09-30": -6.4, "2015-06-30": -4.3, "2015-03-31": "-3.80000", "2014-12-31": -2.7, "2014-09-30": -1.1, "2014-06-30": -4.3, "2014-03-31": "-3.10000", "2013-12-31": -5.9, "2013-09-30": -6.3, "2013-06-30": -5, "2013-03-31": "-5.70000", "2012-12-31": -10.1, "2012-09-30": -4.5, "2012-06-30": -3.5, "2012-03-31": "-3.20000", "2011-12-31": -6.7, "2011-09-30": -5.3, "2011-06-30": -2.4, "2011-03-31": "-2.10000", "2010-12-31": -4.3, "2010-09-30": -2.3, "2010-06-30": -2.1, "2010-03-31": "-2.20000", "2009-12-31": -3.8, "2009-09-30": -2.4, "2009-06-30": -4.1, "2009-03-31": "-0.10000", "2008-12-31": -2.1, "2008-09-30": -1.4, "2008-06-30": -2.1, "2008-03-31": "-3.90000", "2007-12-31": -2.9, "2007-09-30": -2.5, "2007-06-30": -1.7, "2007-03-31": "-2.40000", "2006-12-31": -2.8, "2006-09-30": -1.7, "2006-06-30": -2.4, "2006-03-31": "-1.90000", "2005-12-31": -3.2, "2005-09-30": -1.7, "2005-06-30": -2.6, "2005-03-31": "-0.80000"}, "Net Change In Intangible Assets": {"2020-12-31": 0, "2020-09-30": 0, "2020-06-30": 0, "2020-03-31": "", "2019-12-31": 0, "2019-09-30": 0, "2019-06-30": 0, "2019-03-31": "", "2018-12-31": 0, "2018-09-30": 0, "2018-06-30": 0, "2018-03-31": "", "2017-12-31": 0, "2017-09-30": 0, "2017-06-30": 0, "2017-03-31": "", "2016-12-31": 0, "2016-09-30": 0, "2016-06-30": 0, "2016-03-31": "", "2015-12-31": 0, "2015-09-30": 0, "2015-06-30": 0, "2015-03-31": "", "2014-12-31": 0, "2014-09-30": 0, "2014-06-30": 0, "2014-03-31": "", "2013-12-31": 0, "2013-09-30": 0, "2013-06-30": 0, "2013-03-31": "", "2012-12-31": 0, "2012-09-30": 0, "2012-06-30": 0, "2012-03-31": "", "2011-12-31": 0, "2011-09-30": 0, "2011-06-30": 0, "2011-03-31": "", "2010-12-31": 0, "2010-09-30": 0, "2010-06-30": 0, "2010-03-31": "", "2009-12-31": 0, "2009-09-30": 0, "2009-06-30": 0, "2009-03-31": "", "2008-12-31": 0, "2008-09-30": 0, "2008-06-30": 0, "2008-03-31": "", "2007-12-31": 0, "2007-09-30": 0, "2007-06-30": 0, "2007-03-31": "", "2006-12-31": 0, "2006-09-30": 0, "2006-06-30": 0, "2006-03-31": "", "2005-12-31": 0, "2005-09-30": 0, "2005-06-30": 0, "2005-03-31": ""}, "Net Acquisitions/Divestitures": {"2020-12-31": 0, "2020-09-30": 0, "2020-06-30": 0, "2020-03-31": "", "2019-12-31": 0, "2019-09-30": 0, "2019-06-30": 10.3, "2019-03-31": "24.40000", "2018-12-31": 635.7, "2018-09-30": 0, "2018-06-30": 0, "2018-03-31": "", "2017-12-31": 0, "2017-09-30": 0, "2017-06-30": 0, "2017-03-31": "", "2016-12-31": 0, "2016-09-30": 0, "2016-06-30": 0, "2016-03-31": "", "2015-12-31": 0, "2015-09-30": 0, "2015-06-30": 44.3, "2015-03-31": "", "2014-12-31": 0, "2014-09-30": 0, "2014-06-30": 0, "2014-03-31": "", "2013-12-31": 0, "2013-09-30": 0, "2013-06-30": 0, "2013-03-31": "", "2012-12-31": -5.2, "2012-09-30": 0, "2012-06-30": 5.2, "2012-03-31": "", "2011-12-31": 19.3, "2011-09-30": 268.4, "2011-06-30": 0, "2011-03-31": "", "2010-12-31": 0, "2010-09-30": -0.7, "2010-06-30": -6.1, "2010-03-31": "-6.50000", "2009-12-31": -21.8, "2009-09-30": 0, "2009-06-30": 0, "2009-03-31": "-2.30000", "2008-12-31": -73.4, "2008-09-30": -0.1, "2008-06-30": -24.1, "2008-03-31": "-2.20000", "2007-12-31": 12.7, "2007-09-30": -16.9, "2007-06-30": 0, "2007-03-31": "", "2006-12-31": 23.6, "2006-09-30": 17.9, "2006-06-30": 1.1, "2006-03-31": "26.20000", "2005-12-31": 121.3, "2005-09-30": 0, "2005-06-30": 0, "2005-03-31": ""}, "Net Change In Short-term Investments": {"2020-12-31": 0, "2020-09-30": 0, "2020-06-30": 0, "2020-03-31": "", "2019-12-31": 0, "2019-09-30": 0, "2019-06-30": 0, "2019-03-31": "", "2018-12-31": 0, "2018-09-30": 0, "2018-06-30": 0, "2018-03-31": "", "2017-12-31": 0, "2017-09-30": 0, "2017-06-30": 0, "2017-03-31": "", "2016-12-31": 0, "2016-09-30": 0, "2016-06-30": 0, "2016-03-31": "", "2015-12-31": 0, "2015-09-30": 0, "2015-06-30": 0, "2015-03-31": "", "2014-12-31": 0, "2014-09-30": 0, "2014-06-30": 0, "2014-03-31": "", "2013-12-31": 0, "2013-09-30": 0, "2013-06-30": 0, "2013-03-31": "", "2012-12-31": 0, "2012-09-30": 0, "2012-06-30": 0, "2012-03-31": "", "2011-12-31": 5, "2011-09-30": -2.2, "2011-06-30": 0, "2011-03-31": "", "2010-12-31": 3, "2010-09-30": 0, "2010-06-30": 0, "2010-03-31": "", "2009-12-31": 0, "2009-09-30": 0, "2009-06-30": 0, "2009-03-31": "", "2008-12-31": 0.1, "2008-09-30": 0, "2008-06-30": 1.8, "2008-03-31": "11.80000", "2007-12-31": 9, "2007-09-30": 12.1, "2007-06-30": -14.3, "2007-03-31": "-18.10000", "2006-12-31": -1.6, "2006-09-30": -0.4, "2006-06-30": -15.4, "2006-03-31": "1.40000", "2005-12-31": 41, "2005-09-30": -41.1, "2005-06-30": 1, "2005-03-31": "11.70000"}, "Net Change In Long-Term Investments": {"2020-12-31": 468.2, "2020-09-30": -319.3, "2020-06-30": -52.2, "2020-03-31": "-96.70000", "2019-12-31": 196.4001, "2019-09-30": -286.1, "2019-06-30": 56.2, "2019-03-31": "-299.80000", "2018-12-31": 101.8, "2018-09-30": -226.7, "2018-06-30": -85.5, "2018-03-31": "-140.90000", "2017-12-31": 0.6, "2017-09-30": -341.5, "2017-06-30": -93.8, "2017-03-31": "-43.50000", "2016-12-31": -179.8002, "2016-09-30": -336.3999, "2016-06-30": -49.9, "2016-03-31": "67.40000", "2015-12-31": -49.0999, "2015-09-30": -353.0001, "2015-06-30": 166.9, "2015-03-31": "40.00000", "2014-12-31": -252.8001, "2014-09-30": -323.1999, "2014-06-30": 41.3999, "2014-03-31": "-56.90000", "2013-12-31": -258.1998, "2013-09-30": -221.5001, "2013-06-30": 54.7, "2013-03-31": "89.20000", "2012-12-31": -24.1998, "2012-09-30": -197.9999, "2012-06-30": -112.2001, "2012-03-31": "-207.90000", "2011-12-31": -66, "2011-09-30": -162.3001, "2011-06-30": 172.5, "2011-03-31": "-35.40000", "2010-12-31": -44.1001, "2010-09-30": -87, "2010-06-30": 49.5, "2010-03-31": "4.00000", "2009-12-31": 208.3998, "2009-09-30": -249.1, "2009-06-30": 20.9, "2009-03-31": "-119.90000", "2008-12-31": 235.5999, "2008-09-30": -6.5999, "2008-06-30": -5.3, "2008-03-31": "61.40000", "2007-12-31": 9, "2007-09-30": -34.3, "2007-06-30": -11.8001, "2007-03-31": "-10.50000", "2006-12-31": -153.3, "2006-09-30": -10.3999, "2006-06-30": 175.9, "2006-03-31": "70.00000", "2005-12-31": 174.1001, "2005-09-30": -3.3001, "2005-06-30": 91.4001, "2005-03-31": "463.40000"}, "Net Change In Investments - Total": {"2020-12-31": 468.2, "2020-09-30": -319.3, "2020-06-30": -52.2, "2020-03-31": "-96.70000", "2019-12-31": 196.4001, "2019-09-30": -286.1, "2019-06-30": 56.2, "2019-03-31": "-299.80000", "2018-12-31": 101.8, "2018-09-30": -226.7, "2018-06-30": -85.5, "2018-03-31": "-140.90000", "2017-12-31": 0.6, "2017-09-30": -341.5, "2017-06-30": -93.8, "2017-03-31": "-43.50000", "2016-12-31": -179.8002, "2016-09-30": -336.3999, "2016-06-30": -49.9, "2016-03-31": "67.40000", "2015-12-31": -49.0999, "2015-09-30": -353.0001, "2015-06-30": 166.9, "2015-03-31": "40.00000", "2014-12-31": -252.8001, "2014-09-30": -323.1999, "2014-06-30": 41.3999, "2014-03-31": "-56.90000", "2013-12-31": -258.1998, "2013-09-30": -221.5001, "2013-06-30": 54.7, "2013-03-31": "89.20000", "2012-12-31": -24.1998, "2012-09-30": -197.9999, "2012-06-30": -112.2001, "2012-03-31": "-207.90000", "2011-12-31": -61, "2011-09-30": -164.5001, "2011-06-30": 172.5, "2011-03-31": "-35.40000", "2010-12-31": -41.1001, "2010-09-30": -87, "2010-06-30": 49.5, "2010-03-31": "4.00000", "2009-12-31": 208.3998, "2009-09-30": -249.1, "2009-06-30": 20.9, "2009-03-31": "-119.90000", "2008-12-31": 235.6999, "2008-09-30": -6.5999, "2008-06-30": -3.5, "2008-03-31": "73.20000", "2007-12-31": 18, "2007-09-30": -22.2, "2007-06-30": -26.1001, "2007-03-31": "-28.60000", "2006-12-31": -154.9, "2006-09-30": -10.7999, "2006-06-30": 160.5, "2006-03-31": "71.40000", "2005-12-31": 215.1001, "2005-09-30": -44.4001, "2005-06-30": 92.4001, "2005-03-31": "475.10000"}, "Investing Activities - Other": {"2020-12-31": 0, "2020-09-30": 0, "2020-06-30": 0, "2020-03-31": "", "2019-12-31": 0, "2019-09-30": 0, "2019-06-30": 0, "2019-03-31": "", "2018-12-31": 0, "2018-09-30": 0, "2018-06-30": 0, "2018-03-31": "", "2017-12-31": 0.2, "2017-09-30": -9.7, "2017-06-30": 0, "2017-03-31": "", "2016-12-31": 6.9, "2016-09-30": 12.1, "2016-06-30": 0, "2016-03-31": "", "2015-12-31": -5.6, "2015-09-30": 4.5, "2015-06-30": 0, "2015-03-31": "", "2014-12-31": 2, "2014-09-30": 0, "2014-06-30": 0, "2014-03-31": "", "2013-12-31": 0, "2013-09-30": 0, "2013-06-30": 0, "2013-03-31": "", "2012-12-31": 5.2, "2012-09-30": 0, "2012-06-30": -4.4, "2012-03-31": "", "2011-12-31": 0, "2011-09-30": 1.9, "2011-06-30": -1.9, "2011-03-31": "", "2010-12-31": 0, "2010-09-30": 0, "2010-06-30": 0, "2010-03-31": "", "2009-12-31": -1.5, "2009-09-30": -1.3, "2009-06-30": 2.8, "2009-03-31": "", "2008-12-31": -1, "2008-09-30": 0, "2008-06-30": 0.7, "2008-03-31": "", "2007-12-31": 0.3, "2007-09-30": 0, "2007-06-30": 0, "2007-03-31": "", "2006-12-31": 0, "2006-09-30": 0, "2006-06-30": -28.3, "2006-03-31": "", "2005-12-31": -39.7, "2005-09-30": 3.4, "2005-06-30": -2, "2005-03-31": "-1.40000"}, "Cash Flow From Investing Activities": {"2020-12-31": 480.3, "2020-09-30": -323.6, "2020-06-30": -56.8, "2020-03-31": "-99.90000", "2019-12-31": 193.3, "2019-09-30": -289.8, "2019-06-30": 63.9, "2019-03-31": "-279.30000", "2018-12-31": 736.8, "2018-09-30": -231.3, "2018-06-30": -89.8, "2018-03-31": "-144.40000", "2017-12-31": -7.1, "2017-09-30": -353.3, "2017-06-30": -98.1, "2017-03-31": "-47.80000", "2016-12-31": -176.4, "2016-09-30": -328, "2016-06-30": -52, "2016-03-31": "61.00000", "2015-12-31": -59.7, "2015-09-30": -354.9, "2015-06-30": 206.9, "2015-03-31": "36.20000", "2014-12-31": -253.5, "2014-09-30": -324.3, "2014-06-30": 37.1, "2014-03-31": "-60.00000", "2013-12-31": -264.1, "2013-09-30": -227.8, "2013-06-30": 49.7, "2013-03-31": "83.50000", "2012-12-31": -34.3, "2012-09-30": -202.5, "2012-06-30": -114.9, "2012-03-31": "-211.10000", "2011-12-31": -48.4, "2011-09-30": 100.5, "2011-06-30": 168.2, "2011-03-31": "-37.50000", "2010-12-31": -45.4, "2010-09-30": -90, "2010-06-30": 41.3, "2010-03-31": "-4.70000", "2009-12-31": 181.3, "2009-09-30": -252.8, "2009-06-30": 19.6, "2009-03-31": "-122.30000", "2008-12-31": 159.2, "2008-09-30": -8.1, "2008-06-30": -29, "2008-03-31": "67.10000", "2007-12-31": 28.1, "2007-09-30": -41.6, "2007-06-30": -27.8, "2007-03-31": "-31.00000", "2006-12-31": -134.1, "2006-09-30": 5.4, "2006-06-30": 130.9, "2006-03-31": "95.70000", "2005-12-31": 293.5, "2005-09-30": -42.7, "2005-06-30": 87.8, "2005-03-31": "472.90000"}, "Net Long-Term Debt": {"2020-12-31": -120.6, "2020-09-30": 121.5, "2020-06-30": -0.9, "2020-03-31": "", "2019-12-31": -14.5, "2019-09-30": 14.5, "2019-06-30": 0, "2019-03-31": "-151.10000", "2018-12-31": 0, "2018-09-30": -11.6, "2018-06-30": -33, "2018-03-31": "33.00000", "2017-12-31": 0, "2017-09-30": 0, "2017-06-30": 0, "2017-03-31": "", "2016-12-31": -13.9, "2016-09-30": 0, "2016-06-30": -90.8, "2016-03-31": "", "2015-12-31": 0, "2015-09-30": -27.8, "2015-06-30": -8.3, "2015-03-31": "-78.20000", "2014-12-31": 0, "2014-09-30": -0.6, "2014-06-30": -0.1, "2014-03-31": "", "2013-12-31": -44, "2013-09-30": 0, "2013-06-30": -50.5, "2013-03-31": "123.20000", "2012-12-31": -72.3, "2012-09-30": 0, "2012-06-30": 0, "2012-03-31": "6.60000", "2011-12-31": 11, "2011-09-30": -20.1, "2011-06-30": 295.2, "2011-03-31": "-47.50000", "2010-12-31": -36.2, "2010-09-30": 7.6, "2010-06-30": -0.4, "2010-03-31": "198.00000", "2009-12-31": 0, "2009-09-30": 124.1, "2009-06-30": -125, "2009-03-31": "", "2008-12-31": 0, "2008-09-30": -21, "2008-06-30": 0, "2008-03-31": "", "2007-12-31": 0, "2007-09-30": 0, "2007-06-30": 0, "2007-03-31": "", "2006-12-31": -5.2, "2006-09-30": -1.4, "2006-06-30": -251.7, "2006-03-31": "-25.80000", "2005-12-31": -4.3, "2005-09-30": -2, "2005-06-30": -172, "2005-03-31": "-474.90000"}, "Net Current Debt": {"2020-12-31": 0, "2020-09-30": 0, "2020-06-30": -54, "2020-03-31": "54.00000", "2019-12-31": 0, "2019-09-30": 0, "2019-06-30": 0, "2019-03-31": "", "2018-12-31": 0, "2018-09-30": 0, "2018-06-30": 0, "2018-03-31": "", "2017-12-31": 0, "2017-09-30": 0, "2017-06-30": 0, "2017-03-31": "", "2016-12-31": 0, "2016-09-30": 0, "2016-06-30": 0, "2016-03-31": "", "2015-12-31": 0, "2015-09-30": 0, "2015-06-30": 0, "2015-03-31": "", "2014-12-31": 0, "2014-09-30": 0, "2014-06-30": 0, "2014-03-31": "", "2013-12-31": 0, "2013-09-30": 0, "2013-06-30": 0, "2013-03-31": "", "2012-12-31": 0, "2012-09-30": 0, "2012-06-30": 0, "2012-03-31": "", "2011-12-31": 0, "2011-09-30": 0, "2011-06-30": 0, "2011-03-31": "", "2010-12-31": 0, "2010-09-30": 0, "2010-06-30": 0, "2010-03-31": "", "2009-12-31": 0, "2009-09-30": 0, "2009-06-30": 0, "2009-03-31": "", "2008-12-31": 0, "2008-09-30": 0, "2008-06-30": -37.2, "2008-03-31": "37.20000", "2007-12-31": 0, "2007-09-30": 0, "2007-06-30": 0, "2007-03-31": "", "2006-12-31": 0, "2006-09-30": 0, "2006-06-30": 0, "2006-03-31": "", "2005-12-31": 0, "2005-09-30": 0, "2005-06-30": 0, "2005-03-31": ""}, "Debt Issuance/Retirement Net - Total": {"2020-12-31": -120.6, "2020-09-30": 121.5, "2020-06-30": -54.9, "2020-03-31": "54.00000", "2019-12-31": -14.5, "2019-09-30": 14.5, "2019-06-30": 0, "2019-03-31": "-151.10000", "2018-12-31": 0, "2018-09-30": -11.6, "2018-06-30": -33, "2018-03-31": "33.00000", "2017-12-31": 0, "2017-09-30": 0, "2017-06-30": 0, "2017-03-31": "", "2016-12-31": -13.9, "2016-09-30": 0, "2016-06-30": -90.8, "2016-03-31": "", "2015-12-31": 0, "2015-09-30": -27.8, "2015-06-30": -8.3, "2015-03-31": "-78.20000", "2014-12-31": 0, "2014-09-30": -0.6, "2014-06-30": -0.1, "2014-03-31": "", "2013-12-31": -44, "2013-09-30": 0, "2013-06-30": -50.5, "2013-03-31": "123.20000", "2012-12-31": -72.3, "2012-09-30": 0, "2012-06-30": 0, "2012-03-31": "6.60000", "2011-12-31": 11, "2011-09-30": -20.1, "2011-06-30": 295.2, "2011-03-31": "-47.50000", "2010-12-31": -36.2, "2010-09-30": 7.6, "2010-06-30": -0.4, "2010-03-31": "198.00000", "2009-12-31": 0, "2009-09-30": 124.1, "2009-06-30": -125, "2009-03-31": "", "2008-12-31": 0, "2008-09-30": -21, "2008-06-30": -37.2, "2008-03-31": "37.20000", "2007-12-31": 0, "2007-09-30": 0, "2007-06-30": 0, "2007-03-31": "", "2006-12-31": -5.2, "2006-09-30": -1.4, "2006-06-30": -251.7, "2006-03-31": "-25.80000", "2005-12-31": -4.3, "2005-09-30": -2, "2005-06-30": -172, "2005-03-31": "-474.90000"}, "Net Common Equity Issued/Repurchased": {"2020-12-31": 89.5, "2020-09-30": -44.7, "2020-06-30": -12.9, "2020-03-31": "-31.90000", "2019-12-31": -161.6, "2019-09-30": 1.9, "2019-06-30": -144.5, "2019-03-31": "-245.00000", "2018-12-31": -11.4, "2018-09-30": -17.3, "2018-06-30": -6.9, "2018-03-31": "-7.30000", "2017-12-31": 3.9, "2017-09-30": -0.3, "2017-06-30": -21.7, "2017-03-31": "4.00000", "2016-12-31": 1, "2016-09-30": -34.2, "2016-06-30": -14.3, "2016-03-31": "-41.90000", "2015-12-31": -39.7, "2015-09-30": -56.8, "2015-06-30": -12.9, "2015-03-31": "-1.30000", "2014-12-31": 4.3, "2014-09-30": -12.1, "2014-06-30": 2.5, "2014-03-31": "-2.50000", "2013-12-31": 3.3, "2013-09-30": 0.7, "2013-06-30": -36.5, "2013-03-31": "-20.70000", "2012-12-31": 0.7, "2012-09-30": -9.4, "2012-06-30": -9.8, "2012-03-31": "1.10000", "2011-12-31": -1.7, "2011-09-30": -20, "2011-06-30": 0, "2011-03-31": "3.90000", "2010-12-31": -1.4, "2010-09-30": 6.4, "2010-06-30": -2.5, "2010-03-31": "-125.20000", "2009-12-31": -110.5, "2009-09-30": -27.8, "2009-06-30": -7, "2009-03-31": "0.30000", "2008-12-31": 0.3, "2008-09-30": 3.8, "2008-06-30": -24, "2008-03-31": "-30.40000", "2007-12-31": 0.7, "2007-09-30": 0.8, "2007-06-30": 15, "2007-03-31": "5.70000", "2006-12-31": 6.9, "2006-09-30": 0.8, "2006-06-30": -76.2, "2006-03-31": "-86.90000", "2005-12-31": 1, "2005-09-30": 5.2, "2005-06-30": 0.5, "2005-03-31": "1.90000"}, "Net Total Equity Issued/Repurchased": {"2020-12-31": 89.5, "2020-09-30": -44.7, "2020-06-30": -12.9, "2020-03-31": "-31.90000", "2019-12-31": -161.6, "2019-09-30": 1.9, "2019-06-30": -144.5, "2019-03-31": "-245.00000", "2018-12-31": -11.4, "2018-09-30": -17.3, "2018-06-30": -6.9, "2018-03-31": "-7.30000", "2017-12-31": 3.9, "2017-09-30": -0.3, "2017-06-30": -21.7, "2017-03-31": "4.00000", "2016-12-31": 1, "2016-09-30": -34.2, "2016-06-30": -14.3, "2016-03-31": "-41.90000", "2015-12-31": -39.7, "2015-09-30": -56.8, "2015-06-30": -12.9, "2015-03-31": "-1.30000", "2014-12-31": 4.3, "2014-09-30": -12.1, "2014-06-30": 2.5, "2014-03-31": "-2.50000", "2013-12-31": 3.3, "2013-09-30": 0.7, "2013-06-30": -36.5, "2013-03-31": "-20.70000", "2012-12-31": 0.7, "2012-09-30": -9.4, "2012-06-30": -9.8, "2012-03-31": "1.10000", "2011-12-31": -1.7, "2011-09-30": -20, "2011-06-30": 0, "2011-03-31": "3.90000", "2010-12-31": -1.4, "2010-09-30": 6.4, "2010-06-30": -2.5, "2010-03-31": "-125.20000", "2009-12-31": -110.5, "2009-09-30": -27.8, "2009-06-30": -7, "2009-03-31": "0.30000", "2008-12-31": 0.3, "2008-09-30": 3.8, "2008-06-30": -24, "2008-03-31": "-30.40000", "2007-12-31": 0.7, "2007-09-30": 0.8, "2007-06-30": 15, "2007-03-31": "5.70000", "2006-12-31": 6.9, "2006-09-30": 0.8, "2006-06-30": -76.2, "2006-03-31": "-86.90000", "2005-12-31": 1, "2005-09-30": 5.2, "2005-06-30": 0.5, "2005-03-31": "1.90000"}, "Total Common And Preferred Stock Dividends Paid": {"2020-12-31": 74, "2020-09-30": -24.5, "2020-06-30": -24.7, "2020-03-31": "-24.80000", "2019-12-31": -120.9, "2019-09-30": -23.8, "2019-06-30": -24.5, "2019-03-31": "-217.00000", "2018-12-31": -25.4, "2018-09-30": -23, "2018-06-30": -23, "2018-03-31": "-22.90000", "2017-12-31": -23, "2017-09-30": -21.2, "2017-06-30": -21.2, "2017-03-31": "-21.40000", "2016-12-31": -21.2, "2016-09-30": -19.6, "2016-06-30": -19.8, "2016-03-31": "-19.80000", "2015-12-31": -19.9, "2015-09-30": -18, "2015-06-30": -18.1, "2015-03-31": "-18.20000", "2014-12-31": -18.1, "2014-09-30": -16.3, "2014-06-30": -16.3, "2014-03-31": "-16.30000", "2013-12-31": -16.2, "2013-09-30": -14.5, "2013-06-30": -14.5, "2013-03-31": "-14.80000", "2012-12-31": -14.8, "2012-09-30": -13.3, "2012-06-30": -13.5, "2012-03-31": "-13.50000", "2011-12-31": -13.4, "2011-09-30": -12.5, "2011-06-30": -12.5, "2011-03-31": "-12.50000", "2010-12-31": -11.3, "2010-09-30": -11.6, "2010-06-30": -12, "2010-03-31": "-12.30000", "2009-12-31": -37.5, "2009-09-30": 0, "2009-06-30": 0, "2009-03-31": "", "2008-12-31": -23, "2008-09-30": 0, "2008-06-30": 0, "2008-03-31": "", "2007-12-31": -20.8, "2007-09-30": 0, "2007-06-30": 0, "2007-03-31": "", "2006-12-31": -15.4, "2006-09-30": 0, "2006-06-30": 0, "2006-03-31": "", "2005-12-31": -13.4, "2005-09-30": 0, "2005-06-30": 0, "2005-03-31": ""}, "Financial Activities - Other": {"2020-12-31": 7.6, "2020-09-30": -0.6, "2020-06-30": -1.2, "2020-03-31": "-5.80000", "2019-12-31": -17.2, "2019-09-30": 1.7, "2019-06-30": 0.2, "2019-03-31": "2.50000", "2018-12-31": -10.7, "2018-09-30": 4.4, "2018-06-30": -5.5, "2018-03-31": "-10.40000", "2017-12-31": -0.5, "2017-09-30": -4.1, "2017-06-30": 8.5, "2017-03-31": "-14.70000", "2016-12-31": -5, "2016-09-30": 12.1, "2016-06-30": -20.1, "2016-03-31": "-13.30000", "2015-12-31": -12.2, "2015-09-30": 10.6, "2015-06-30": -8.4, "2015-03-31": "8.20000", "2014-12-31": -22, "2014-09-30": 26.1, "2014-06-30": -4.6, "2014-03-31": "4.30000", "2013-12-31": 0.9, "2013-09-30": -0.9, "2013-06-30": -0.2, "2013-03-31": "-20.80000", "2012-12-31": 11.6, "2012-09-30": 5.1, "2012-06-30": -3.9, "2012-03-31": "-8.00000", "2011-12-31": -9.4, "2011-09-30": -2.1, "2011-06-30": -26.7, "2011-03-31": "-4.40000", "2010-12-31": 15.6, "2010-09-30": 21.8, "2010-06-30": -2.2, "2010-03-31": "-42.90000", "2009-12-31": -22.7, "2009-09-30": 45.1, "2009-06-30": 30, "2009-03-31": "0.80000", "2008-12-31": -58.9, "2008-09-30": 4.7, "2008-06-30": 20.3, "2008-03-31": "-16.40000", "2007-12-31": 4.8, "2007-09-30": -32.9, "2007-06-30": 16.7, "2007-03-31": "-88.30000", "2006-12-31": 42.3, "2006-09-30": -4.4, "2006-06-30": -50, "2006-03-31": "-1.50000", "2005-12-31": -118.9, "2005-09-30": 71.9, "2005-06-30": 57.8, "2005-03-31": "-102.40000"}, "Cash Flow From Financial Activities": {"2020-12-31": 50.5, "2020-09-30": 51.7, "2020-06-30": -93.7, "2020-03-31": "-8.50000", "2019-12-31": -314.2, "2019-09-30": -5.7, "2019-06-30": -168.8, "2019-03-31": "-610.60000", "2018-12-31": -47.5, "2018-09-30": -47.5, "2018-06-30": -68.4, "2018-03-31": "-7.60000", "2017-12-31": -19.6, "2017-09-30": -25.6, "2017-06-30": -34.4, "2017-03-31": "-32.10000", "2016-12-31": -39.1, "2016-09-30": -41.7, "2016-06-30": -145, "2016-03-31": "-75.00000", "2015-12-31": -71.8, "2015-09-30": -92, "2015-06-30": -47.7, "2015-03-31": "-89.50000", "2014-12-31": -35.8, "2014-09-30": -2.9, "2014-06-30": -18.5, "2014-03-31": "-14.50000", "2013-12-31": -56, "2013-09-30": -14.7, "2013-06-30": -101.7, "2013-03-31": "66.90000", "2012-12-31": -74.8, "2012-09-30": -17.6, "2012-06-30": -27.2, "2012-03-31": "-13.80000", "2011-12-31": -13.5, "2011-09-30": -54.7, "2011-06-30": 256, "2011-03-31": "-60.50000", "2010-12-31": -33.3, "2010-09-30": 24.2, "2010-06-30": -17.1, "2010-03-31": "17.60000", "2009-12-31": -170.7, "2009-09-30": 141.4, "2009-06-30": -102, "2009-03-31": "1.10000", "2008-12-31": -81.6, "2008-09-30": -12.5, "2008-06-30": -40.9, "2008-03-31": "-9.60000", "2007-12-31": -15.3, "2007-09-30": -32.1, "2007-06-30": 31.7, "2007-03-31": "-82.60000", "2006-12-31": 28.6, "2006-09-30": -5, "2006-06-30": -377.9, "2006-03-31": "-114.20000", "2005-12-31": -135.6, "2005-09-30": 75.1, "2005-06-30": -113.7, "2005-03-31": "-575.40000"}, "Net Cash Flow": {"2020-12-31": -15.8, "2020-09-30": 48.9, "2020-06-30": 38.7, "2020-03-31": "-71.80000", "2019-12-31": 58.1, "2019-09-30": -22.2, "2019-06-30": 11.3, "2019-03-31": "-852.20000", "2018-12-31": 902.8, "2018-09-30": -20.3, "2018-06-30": 2.8, "2018-03-31": "-162.50000", "2017-12-31": 178.3, "2017-09-30": -62.9, "2017-06-30": 60.8, "2017-03-31": "-25.60000", "2016-12-31": -19.3, "2016-09-30": -45.7, "2016-06-30": -45.1, "2016-03-31": "67.90000", "2015-12-31": -46.3, "2015-09-30": -198.6, "2015-06-30": 179.8, "2015-03-31": "30.60000", "2014-12-31": -136.3, "2014-09-30": -96.6, "2014-06-30": 129.9, "2014-03-31": "-9.90000", "2013-12-31": -116, "2013-09-30": -88.2, "2013-06-30": -0.6, "2013-03-31": "126.20000", "2012-12-31": 102.8, "2012-09-30": -58.8, "2012-06-30": -107.5, "2012-03-31": "-192.10000", "2011-12-31": -102.3, "2011-09-30": 201.1, "2011-06-30": 502.8, "2011-03-31": "-71.60000", "2010-12-31": 18.8, "2010-09-30": 10.7, "2010-06-30": 51.7, "2010-03-31": "-107.30000", "2009-12-31": 83.3, "2009-09-30": -47.8, "2009-06-30": -64.8, "2009-03-31": "-51.90000", "2008-12-31": 83.4, "2008-09-30": 5.6, "2008-06-30": 64.9, "2008-03-31": "33.20000", "2007-12-31": 3.9, "2007-09-30": -38.3, "2007-06-30": 79.3, "2007-03-31": "-150.50000", "2006-12-31": -36.6, "2006-09-30": -1.5, "2006-06-30": -156.8, "2006-03-31": "-151.30000", "2005-12-31": 159.5, "2005-09-30": 128.5, "2005-06-30": 76.6, "2005-03-31": "-149.60000"}, "Stock-Based Compensation": {"2020-12-31": -14.4, "2020-09-30": 4.9, "2020-06-30": 4.5, "2020-03-31": "5.00000", "2019-12-31": 4.7, "2019-09-30": 4.1, "2019-06-30": 4.4, "2019-03-31": "4.20000", "2018-12-31": 1.3, "2018-09-30": 4.5, "2018-06-30": 4.6, "2018-03-31": "3.00000", "2017-12-31": 0.8, "2017-09-30": 4.2, "2017-06-30": 4.1, "2017-03-31": "3.20000", "2016-12-31": 3.5, "2016-09-30": 3, "2016-06-30": 2.7, "2016-03-31": "2.80000", "2015-12-31": 2.9, "2015-09-30": 1.9, "2015-06-30": 4.2, "2015-03-31": "3.30000", "2014-12-31": 4, "2014-09-30": 3.8, "2014-06-30": 3.8, "2014-03-31": "3.50000", "2013-12-31": 3.5, "2013-09-30": 3.2, "2013-06-30": 2.1, "2013-03-31": "3.60000", "2012-12-31": 3, "2012-09-30": 3.5, "2012-06-30": 2.2, "2012-03-31": "4.10000", "2011-12-31": 2.3, "2011-09-30": 2.4, "2011-06-30": 3.7, "2011-03-31": "3.60000", "2010-12-31": 2.7, "2010-09-30": 2.7, "2010-06-30": 3.1, "2010-03-31": "2.80000", "2009-12-31": 2.8, "2009-09-30": 3.2, "2009-06-30": 3, "2009-03-31": "2.70000", "2008-12-31": 2.7, "2008-09-30": 2.8, "2008-06-30": 2.7, "2008-03-31": "3.40000", "2007-12-31": 4.3, "2007-09-30": 3.7, "2007-06-30": 3.1, "2007-03-31": "4.40000", "2006-12-31": 4.3, "2006-09-30": 4.4, "2006-06-30": 5.1, "2006-03-31": "3.50000", "2005-12-31": 0, "2005-09-30": 0, "2005-06-30": 0, "2005-03-31": ""}, "Common Stock Dividends Paid": {"2020-12-31": 74, "2020-09-30": -24.5, "2020-06-30": -24.7, "2020-03-31": "-24.80000", "2019-12-31": -120.9, "2019-09-30": -23.8, "2019-06-30": -24.5, "2019-03-31": "-217.00000", "2018-12-31": -25.4, "2018-09-30": -23, "2018-06-30": -23, "2018-03-31": "-22.90000", "2017-12-31": -23, "2017-09-30": -21.2, "2017-06-30": -21.2, "2017-03-31": "-21.40000", "2016-12-31": -21.2, "2016-09-30": -19.6, "2016-06-30": -19.8, "2016-03-31": "-19.80000", "2015-12-31": -19.9, "2015-09-30": -18, "2015-06-30": -18.1, "2015-03-31": "-18.20000", "2014-12-31": -18.1, "2014-09-30": -16.3, "2014-06-30": -16.3, "2014-03-31": "-16.30000", "2013-12-31": -16.2, "2013-09-30": -14.5, "2013-06-30": -14.5, "2013-03-31": "-14.80000", "2012-12-31": -14.8, "2012-09-30": -13.3, "2012-06-30": -13.5, "2012-03-31": "-13.50000", "2011-12-31": -13.4, "2011-09-30": -12.5, "2011-06-30": -12.5, "2011-03-31": "-12.50000", "2010-12-31": -11.3, "2010-09-30": -11.6, "2010-06-30": -12, "2010-03-31": "-12.30000", "2009-12-31": -37.5, "2009-09-30": 0, "2009-06-30": 0, "2009-03-31": "", "2008-12-31": -23, "2008-09-30": 0, "2008-06-30": 0, "2008-03-31": "", "2007-12-31": -20.8, "2007-09-30": 0, "2007-06-30": 0, "2007-03-31": "", "2006-12-31": -15.4, "2006-09-30": 0, "2006-06-30": 0, "2006-03-31": "", "2005-12-31": -13.4, "2005-09-30": 0, "2005-06-30": 0, "2005-03-31": ""}}, "financial ratios": {"Current Ratio": {"2019-12-31": "", "2018-12-31": "", "2017-12-31": "", "2016-12-31": "", "2015-12-31": "", "2014-12-31": "", "2013-12-31": "", "2012-12-31": "", "2011-12-31": "", "2010-12-31": "", "2009-12-31": "", "2008-12-31": "", "2007-12-31": "", "2006-12-31": "", "2005-12-31": ""}, "Long-term Debt / Capital": {"2019-12-31": "0.18300", "2018-12-31": "0.20840", "2017-12-31": "0.20790", "2016-12-31": "0.21580", "2015-12-31": "0.22020", "2014-12-31": "0.24110", "2013-12-31": "0.25840", "2012-12-31": "0.24660", "2011-12-31": "0.26840", "2010-12-31": "0.19760", "2009-12-31": "0.15540", "2008-12-31": "0.21970", "2007-12-31": "0.18210", "2006-12-31": "0.20290", "2005-12-31": "0.20680"}, "Debt/Equity Ratio": {"2019-12-31": "0.22410", "2018-12-31": "0.26330", "2017-12-31": "0.26250", "2016-12-31": "0.27520", "2015-12-31": "0.28230", "2014-12-31": "0.31770", "2013-12-31": "0.34840", "2012-12-31": "0.32730", "2011-12-31": "0.36680", "2010-12-31": "0.24630", "2009-12-31": "0.18400", "2008-12-31": "0.28160", "2007-12-31": "0.22270", "2006-12-31": "0.25450", "2005-12-31": "0.26070"}, "Gross Margin": {"2019-12-31": "", "2018-12-31": "", "2017-12-31": "", "2016-12-31": "", "2015-12-31": "", "2014-12-31": "", "2013-12-31": "", "2012-12-31": "", "2011-12-31": "", "2010-12-31": "", "2009-12-31": "", "2008-12-31": "", "2007-12-31": "", "2006-12-31": "", "2005-12-31": ""}, "Operating Margin": {"2019-12-31": "10.67540", "2018-12-31": "6.91320", "2017-12-31": "6.86290", "2016-12-31": "3.80620", "2015-12-31": "9.20740", "2014-12-31": "7.46110", "2013-12-31": "6.86530", "2012-12-31": "0.62520", "2011-12-31": "0.54940", "2010-12-31": "6.52240", "2009-12-31": "8.34130", "2008-12-31": "6.13340", "2007-12-31": "12.77070", "2006-12-31": "10.81660", "2005-12-31": "2.71690"}, "EBIT Margin": {"2019-12-31": "11.44210", "2018-12-31": "7.91670", "2017-12-31": "7.92190", "2016-12-31": "5.07410", "2015-12-31": "10.41120", "2014-12-31": "8.75960", "2013-12-31": "8.22750", "2012-12-31": "1.97360", "2011-12-31": "1.94830", "2010-12-31": "7.92780", "2009-12-31": "9.59390", "2008-12-31": "6.13340", "2007-12-31": "12.77070", "2006-12-31": "10.81660", "2005-12-31": "2.71690"}, "EBITDA Margin": {"2019-12-31": "12.11690", "2018-12-31": "8.67990", "2017-12-31": "8.95520", "2016-12-31": "6.07560", "2015-12-31": "11.26340", "2014-12-31": "9.85670", "2013-12-31": "9.26840", "2012-12-31": "2.95160", "2011-12-31": "2.88690", "2010-12-31": "8.76850", "2009-12-31": "10.70890", "2008-12-31": "6.56250", "2007-12-31": "13.58210", "2006-12-31": "11.67080", "2005-12-31": "3.92100"}, "Pre-Tax Profit Margin": {"2019-12-31": "10.67540", "2018-12-31": "6.28570", "2017-12-31": "6.86290", "2016-12-31": "1.62810", "2015-12-31": "8.72860", "2014-12-31": "7.45920", "2013-12-31": "6.86530", "2012-12-31": "0.62520", "2011-12-31": "0.54940", "2010-12-31": "6.52240", "2009-12-31": "9.55860", "2008-12-31": "6.13340", "2007-12-31": "12.77070", "2006-12-31": "10.81660", "2005-12-31": "2.71690"}, "Net Profit Margin": {"2019-12-31": "8.69200", "2018-12-31": "8.69990", "2017-12-31": "4.36280", "2016-12-31": "3.82590", "2015-12-31": "6.58520", "2014-12-31": "5.56480", "2013-12-31": "5.23600", "2012-12-31": "1.21770", "2011-12-31": "0.93350", "2010-12-31": "4.79670", "2009-12-31": "6.95810", "2008-12-31": "0.76850", "2007-12-31": "9.46490", "2006-12-31": "6.79730", "2005-12-31": "-12.39190"}, "Asset Turnover": {"2019-12-31": "0.39160", "2018-12-31": "0.36250", "2017-12-31": "0.27590", "2016-12-31": "0.28510", "2015-12-31": "0.36530", "2014-12-31": "0.36830", "2013-12-31": "0.35830", "2012-12-31": "0.34040", "2011-12-31": "0.31210", "2010-12-31": "0.36780", "2009-12-31": "0.35240", "2008-12-31": "0.29040", "2007-12-31": "0.27240", "2006-12-31": "0.25420", "2005-12-31": "0.24680"}, "Inventory Turnover Ratio": {"2019-12-31": "", "2018-12-31": "", "2017-12-31": "", "2016-12-31": "", "2015-12-31": "", "2014-12-31": "", "2013-12-31": "", "2012-12-31": "", "2011-12-31": "", "2010-12-31": "", "2009-12-31": "", "2008-12-31": "", "2007-12-31": "", "2006-12-31": "", "2005-12-31": ""}, "Receiveable Turnover": {"2019-12-31": "", "2018-12-31": "", "2017-12-31": "", "2016-12-31": "", "2015-12-31": "", "2014-12-31": "", "2013-12-31": "", "2012-12-31": "", "2011-12-31": "", "2010-12-31": "", "2009-12-31": "", "2008-12-31": "", "2007-12-31": "", "2006-12-31": "", "2005-12-31": ""}, "Days Sales In Receivables": {"2019-12-31": "", "2018-12-31": "", "2017-12-31": "", "2016-12-31": "", "2015-12-31": "", "2014-12-31": "", "2013-12-31": "", "2012-12-31": "", "2011-12-31": "", "2010-12-31": "", "2009-12-31": "", "2008-12-31": "", "2007-12-31": "", "2006-12-31": "", "2005-12-31": ""}, "ROE - Return On Equity": {"2019-12-31": "14.71090", "2018-12-31": "8.08880", "2017-12-31": "7.20890", "2016-12-31": "2.34470", "2015-12-31": "11.62990", "2014-12-31": "9.92620", "2013-12-31": "9.47000", "2012-12-31": "1.77620", "2011-12-31": "1.26810", "2010-12-31": "6.08010", "2009-12-31": "7.96240", "2008-12-31": "4.47750", "2007-12-31": "9.93040", "2006-12-31": "9.19370", "2005-12-31": "3.92050"}, "Return On Tangible Equity": {"2019-12-31": "15.67180", "2018-12-31": "8.60980", "2017-12-31": "7.66610", "2016-12-31": "2.50680", "2015-12-31": "12.44360", "2014-12-31": "10.61520", "2013-12-31": "10.19670", "2012-12-31": "1.91250", "2011-12-31": "1.37050", "2010-12-31": "6.55770", "2009-12-31": "8.58630", "2008-12-31": "4.92050", "2007-12-31": "10.50620", "2006-12-31": "9.78810", "2005-12-31": "4.19620"}, "ROA - Return On Assets": {"2019-12-31": "3.43460", "2018-12-31": "1.92750", "2017-12-31": "1.39690", "2016-12-31": "0.47120", "2015-12-31": "2.40040", "2014-12-31": "2.05160", "2013-12-31": "1.83650", "2012-12-31": "0.34190", "2011-12-31": "0.25000", "2010-12-31": "1.74560", "2009-12-31": "2.33500", "2008-12-31": "0.91550", "2007-12-31": "2.32590", "2006-12-31": "1.86470", "2005-12-31": "0.71940"}, "ROI - Return On Investment": {"2019-12-31": "12.01820", "2018-12-31": "6.40300", "2017-12-31": "5.71000", "2016-12-31": "1.83870", "2015-12-31": "9.06920", "2014-12-31": "7.53300", "2013-12-31": "7.02320", "2012-12-31": "1.33820", "2011-12-31": "0.92780", "2010-12-31": "4.87870", "2009-12-31": "6.72520", "2008-12-31": "3.49380", "2007-12-31": "8.12200", "2006-12-31": "7.32850", "2005-12-31": "3.10960"}, "Book Value Per Share": {"2019-12-31": "75.94270", "2018-12-31": "69.85110", "2017-12-31": "70.53410", "2016-12-31": "67.39390", "2015-12-31": "66.14880", "2014-12-31": "64.78360", "2013-12-31": "59.37070", "2012-12-31": "58.58690", "2011-12-31": "55.69510", "2010-12-31": "54.79960", "2009-12-31": "49.65470", "2008-12-31": "37.07660", "2007-12-31": "44.38220", "2006-12-31": "39.12330", "2005-12-31": "36.33710"}, "Operating Cash Flow Per Share": {"2019-12-31": 2.0289, "2018-12-31": -3.5652, "2017-12-31": -0.8222, "2016-12-31": 7.282, "2015-12-31": -2.6505, "2014-12-31": 4.0267, "2013-12-31": -0.4609, "2012-12-31": 4.1704, "2011-12-31": 3.035, "2010-12-31": 0.013, "2009-12-31": -2.2596, "2008-12-31": 2.6533, "2007-12-31": 0.5981, "2006-12-31": -2.0344, "2005-12-31": 2.8352}, "Free Cash Flow Per Share": {"2019-12-31": 2.0059, "2018-12-31": -3.4372, "2017-12-31": -0.8914, "2016-12-31": 7.3538, "2015-12-31": -2.8363, "2014-12-31": 4.2873, "2013-12-31": -0.5007, "2012-12-31": 4.0604, "2011-12-31": 2.9102, "2010-12-31": -0.0188, "2009-12-31": -2.2795, "2008-12-31": 2.6509, "2007-12-31": 0.5854, "2006-12-31": -2.0493, "2005-12-31": 2.6815}}, "financial ratios, quarterly": {"Current Ratio": {"2020-09-30": "", "2020-06-30": "", "2020-03-31": "", "2019-12-31": "", "2019-09-30": "", "2019-06-30": "", "2019-03-31": "", "2018-12-31": "", "2018-09-30": "", "2018-06-30": "", "2018-03-31": "", "2017-12-31": "", "2017-09-30": "", "2017-06-30": "", "2017-03-31": "", "2016-12-31": "", "2016-09-30": "", "2016-06-30": "", "2016-03-31": "", "2015-12-31": "", "2015-09-30": "", "2015-06-30": "", "2015-03-31": "", "2014-12-31": "", "2014-09-30": "", "2014-06-30": "", "2014-03-31": "", "2013-12-31": "", "2013-09-30": "", "2013-06-30": "", "2013-03-31": "", "2012-12-31": "", "2012-09-30": "", "2012-06-30": "", "2012-03-31": "", "2011-12-31": "", "2011-09-30": "", "2011-06-30": "", "2011-03-31": "", "2010-12-31": "", "2010-09-30": "", "2010-06-30": "", "2010-03-31": "", "2009-12-31": "", "2009-09-30": "", "2009-06-30": "", "2009-03-31": "", "2008-12-31": "", "2008-09-30": "", "2008-06-30": "", "2008-03-31": "", "2007-12-31": "", "2007-09-30": "", "2007-06-30": "", "2007-03-31": "", "2006-12-31": "", "2006-09-30": "", "2006-06-30": "", "2006-03-31": "", "2005-12-31": "", "2005-09-30": "", "2005-06-30": "", "2005-03-31": ""}, "Long-term Debt / Capital": {"2020-09-30": "0.19830", "2020-06-30": "0.17530", "2020-03-31": "0.20540", "2019-12-31": "0.18300", "2019-09-30": "0.17790", "2019-06-30": "0.18170", "2019-03-31": "0.18240", "2018-12-31": "0.20840", "2018-09-30": "0.20680", "2018-06-30": "0.21120", "2018-03-31": "0.21270", "2017-12-31": "0.20790", "2017-09-30": "0.20930", "2017-06-30": "0.20930", "2017-03-31": "0.21260", "2016-12-31": "0.21580", "2016-09-30": "0.20760", "2016-06-30": "0.20950", "2016-03-31": "0.21360", "2015-12-31": "0.22020", "2015-09-30": "0.22030", "2015-06-30": "0.22310", "2015-03-31": "0.22490", "2014-12-31": "0.24110", "2014-09-30": "0.24580", "2014-06-30": "0.24440", "2014-03-31": "0.25210", "2013-12-31": "0.25840", "2013-09-30": "0.26950", "2013-06-30": "0.27330", "2013-03-31": "0.27150", "2012-12-31": "0.24660", "2012-09-30": "0.25370", "2012-06-30": "0.25950", "2012-03-31": "0.26250", "2011-12-31": "0.26840", "2011-09-30": "0.26860", "2011-06-30": "0.25660", "2011-03-31": "0.18400", "2010-12-31": "0.19760", "2010-09-30": "0.20520", "2010-06-30": "0.21190", "2010-03-31": "0.21550", "2009-12-31": "0.15540", "2009-09-30": "0.15270", "2009-06-30": "0.12240", "2009-03-31": "0.21240", "2008-12-31": "0.21970", "2008-09-30": "0.20060", "2008-06-30": "0.18790", "2008-03-31": "0.18070", "2007-12-31": "0.18210", "2007-09-30": "0.18990", "2007-06-30": "0.19510", "2007-03-31": "0.19500", "2006-12-31": "0.20290", "2006-09-30": "0.21040", "2006-06-30": "0.22330", "2006-03-31": "0.21630", "2005-12-31": "0.20680", "2005-09-30": "0.21410", "2005-06-30": "0.16960", "2005-03-31": "0.17950"}, "Debt/Equity Ratio": {"2020-09-30": "0.24740", "2020-06-30": "0.21250", "2020-03-31": "0.25850", "2019-12-31": "0.22410", "2019-09-30": "0.21630", "2019-06-30": "0.22210", "2019-03-31": "0.22310", "2018-12-31": "0.26330", "2018-09-30": "0.26070", "2018-06-30": "0.26770", "2018-03-31": "0.27020", "2017-12-31": "0.26250", "2017-09-30": "0.26470", "2017-06-30": "0.26470", "2017-03-31": "0.27000", "2016-12-31": "0.27520", "2016-09-30": "0.26200", "2016-06-30": "0.26510", "2016-03-31": "0.27170", "2015-12-31": "0.28230", "2015-09-30": "0.28250", "2015-06-30": "0.28710", "2015-03-31": "0.29020", "2014-12-31": "0.31770", "2014-09-30": "0.32590", "2014-06-30": "0.32340", "2014-03-31": "0.33710", "2013-12-31": "0.34840", "2013-09-30": "0.36900", "2013-06-30": "0.37610", "2013-03-31": "0.37280", "2012-12-31": "0.32730", "2012-09-30": "0.33990", "2012-06-30": "0.35050", "2012-03-31": "0.35600", "2011-12-31": "0.36680", "2011-09-30": "0.36730", "2011-06-30": "0.34520", "2011-03-31": "0.22540", "2010-12-31": "0.24630", "2010-09-30": "0.25820", "2010-06-30": "0.26890", "2010-03-31": "0.27470", "2009-12-31": "0.18400", "2009-09-30": "0.18020", "2009-06-30": "0.13950", "2009-03-31": "0.26960", "2008-12-31": "0.28160", "2008-09-30": "0.25090", "2008-06-30": "0.23130", "2008-03-31": "0.22060", "2007-12-31": "0.22270", "2007-09-30": "0.23440", "2007-06-30": "0.24240", "2007-03-31": "0.24220", "2006-12-31": "0.25450", "2006-09-30": "0.26650", "2006-06-30": "0.28750", "2006-03-31": "0.27610", "2005-12-31": "0.26070", "2005-09-30": "0.27240", "2005-06-30": "0.20430", "2005-03-31": "0.21880"}, "Gross Margin": {"2020-09-30": "", "2020-06-30": "", "2020-03-31": "", "2019-12-31": "", "2019-09-30": "", "2019-06-30": "", "2019-03-31": "", "2018-12-31": "", "2018-09-30": "", "2018-06-30": "", "2018-03-31": "", "2017-12-31": "", "2017-09-30": "", "2017-06-30": "", "2017-03-31": "", "2016-12-31": "", "2016-09-30": "", "2016-06-30": "", "2016-03-31": "", "2015-12-31": "", "2015-09-30": "", "2015-06-30": "", "2015-03-31": "", "2014-12-31": "", "2014-09-30": "", "2014-06-30": "", "2014-03-31": "", "2013-12-31": "", "2013-09-30": "", "2013-06-30": "", "2013-03-31": "", "2012-12-31": "", "2012-09-30": "", "2012-06-30": "", "2012-03-31": "", "2011-12-31": "", "2011-09-30": "", "2011-06-30": "", "2011-03-31": "", "2010-12-31": "", "2010-09-30": "", "2010-06-30": "", "2010-03-31": "", "2009-12-31": "", "2009-09-30": "", "2009-06-30": "", "2009-03-31": "", "2008-12-31": "", "2008-09-30": "", "2008-06-30": "", "2008-03-31": "", "2007-12-31": "", "2007-09-30": "", "2007-06-30": "", "2007-03-31": "", "2006-12-31": "", "2006-09-30": "", "2006-06-30": "", "2006-03-31": "", "2005-12-31": "", "2005-09-30": "", "2005-06-30": "", "2005-03-31": ""}, "Operating Margin": {"2020-09-30": "12.37800", "2020-06-30": "11.68830", "2020-03-31": "-5.10320", "2019-12-31": "10.60500", "2019-09-30": "10.72690", "2019-06-30": "9.16070", "2019-03-31": "12.18530", "2018-12-31": "2.65680", "2018-09-30": "10.51770", "2018-06-30": "8.78770", "2018-03-31": "5.41460", "2017-12-31": "6.13740", "2017-09-30": "7.61580", "2017-06-30": "8.76710", "2017-03-31": "4.67920", "2016-12-31": "-43.21130", "2016-09-30": "9.99840", "2016-06-30": "6.46480", "2016-03-31": "8.80580", "2015-12-31": "9.63730", "2015-09-30": "9.40410", "2015-06-30": "11.90350", "2015-03-31": "5.92900", "2014-12-31": "9.57120", "2014-09-30": "5.94970", "2014-06-30": "8.46030", "2014-03-31": "5.79630", "2013-12-31": "7.17660", "2013-09-30": "7.16430", "2013-06-30": "5.57250", "2013-03-31": "7.53200", "2012-12-31": "-8.98650", "2012-09-30": "4.59530", "2012-06-30": "0.98470", "2012-03-31": "6.31130", "2011-12-31": "5.59910", "2011-09-30": "-1.74190", "2011-06-30": "-7.05000", "2011-03-31": "4.49750", "2010-12-31": "8.41230", "2010-09-30": "9.09200", "2010-06-30": "0.40350", "2010-03-31": "7.94270", "2009-12-31": "10.06440", "2009-09-30": "9.49890", "2009-06-30": "8.94600", "2009-03-31": "4.76460", "2008-12-31": "7.69000", "2008-09-30": "-7.63120", "2008-06-30": "11.19710", "2008-03-31": "12.38310", "2007-12-31": "13.36050", "2007-09-30": "11.53620", "2007-06-30": "13.03760", "2007-03-31": "13.16430", "2006-12-31": "12.40790", "2006-09-30": "6.45110", "2006-06-30": "11.99140", "2006-03-31": "12.83480", "2005-12-31": "12.69220", "2005-09-30": "-22.37760", "2005-06-30": "11.55140", "2005-03-31": "7.75890"}, "EBIT Margin": {"2020-09-30": "13.16210", "2020-06-30": "12.45610", "2020-03-31": "-4.21320", "2019-12-31": "11.35230", "2019-09-30": "11.50080", "2019-06-30": "9.93660", "2019-03-31": "12.95610", "2018-12-31": "3.67250", "2018-09-30": "11.47780", "2018-06-30": "9.79350", "2018-03-31": "6.44980", "2017-12-31": "7.61830", "2017-09-30": "8.65640", "2017-06-30": "9.73070", "2017-03-31": "5.63090", "2016-12-31": "-40.84280", "2016-09-30": "11.00550", "2016-06-30": "7.74140", "2016-03-31": "10.00330", "2015-12-31": "10.85750", "2015-09-30": "10.60400", "2015-06-30": "13.05990", "2015-03-31": "7.16870", "2014-12-31": "10.88630", "2014-09-30": "7.23770", "2014-06-30": "9.74080", "2014-03-31": "7.10670", "2013-12-31": "8.52730", "2013-09-30": "8.54550", "2013-06-30": "7.04380", "2013-03-31": "8.77740", "2012-12-31": "-7.70270", "2012-09-30": "5.85640", "2012-06-30": "2.39530", "2012-03-31": "7.75540", "2011-12-31": "7.04290", "2011-09-30": "-0.17150", "2011-06-30": "-5.78520", "2011-03-31": "5.74480", "2010-12-31": "9.79240", "2010-09-30": "10.55970", "2010-06-30": "1.92630", "2010-03-31": "9.18830", "2009-12-31": "14.92540", "2009-09-30": "9.49890", "2009-06-30": "8.94600", "2009-03-31": "4.76460", "2008-12-31": "7.69000", "2008-09-30": "-7.63120", "2008-06-30": "11.19710", "2008-03-31": "12.38310", "2007-12-31": "13.36050", "2007-09-30": "11.53620", "2007-06-30": "13.03760", "2007-03-31": "13.16430", "2006-12-31": "12.40790", "2006-09-30": "6.45110", "2006-06-30": "11.99140", "2006-03-31": "12.83480", "2005-12-31": "12.69210", "2005-09-30": "-22.37760", "2005-06-30": "11.55140", "2005-03-31": "7.75890"}, "EBITDA Margin": {"2020-09-30": "", "2020-06-30": "", "2020-03-31": "", "2019-12-31": "", "2019-09-30": "", "2019-06-30": "", "2019-03-31": "", "2018-12-31": "", "2018-09-30": "", "2018-06-30": "", "2018-03-31": "", "2017-12-31": "", "2017-09-30": "", "2017-06-30": "", "2017-03-31": "", "2016-12-31": "", "2016-09-30": "", "2016-06-30": "", "2016-03-31": "", "2015-12-31": "", "2015-09-30": "", "2015-06-30": "", "2015-03-31": "", "2014-12-31": "", "2014-09-30": "", "2014-06-30": "", "2014-03-31": "", "2013-12-31": "", "2013-09-30": "", "2013-06-30": "", "2013-03-31": "", "2012-12-31": "", "2012-09-30": "", "2012-06-30": "", "2012-03-31": "", "2011-12-31": "", "2011-09-30": "", "2011-06-30": "", "2011-03-31": "", "2010-12-31": "", "2010-09-30": "", "2010-06-30": "", "2010-03-31": "", "2009-12-31": "", "2009-09-30": "", "2009-06-30": "", "2009-03-31": "", "2008-12-31": "", "2008-09-30": "", "2008-06-30": "", "2008-03-31": "", "2007-12-31": "", "2007-09-30": "", "2007-06-30": "", "2007-03-31": "", "2006-12-31": "", "2006-09-30": "", "2006-06-30": "", "2006-03-31": "", "2005-12-31": "", "2005-09-30": "", "2005-06-30": "", "2005-03-31": ""}, "Pre-Tax Profit Margin": {"2020-09-30": "11.88990", "2020-06-30": "11.68830", "2020-03-31": "-5.10320", "2019-12-31": "10.60500", "2019-09-30": "10.72690", "2019-06-30": "9.16070", "2019-03-31": "12.18530", "2018-12-31": "0.09970", "2018-09-30": "10.51770", "2018-06-30": "8.78770", "2018-03-31": "5.41460", "2017-12-31": "6.13740", "2017-09-30": "7.61580", "2017-06-30": "8.76710", "2017-03-31": "4.67920", "2016-12-31": "-43.81710", "2016-09-30": "9.99840", "2016-06-30": "-0.58100", "2016-03-31": "8.80580", "2015-12-31": "8.25100", "2015-09-30": "8.95010", "2015-06-30": "11.76470", "2015-03-31": "5.92900", "2014-12-31": "9.56350", "2014-09-30": "5.94970", "2014-06-30": "8.46030", "2014-03-31": "5.79630", "2013-12-31": "7.17660", "2013-09-30": "7.16430", "2013-06-30": "5.57250", "2013-03-31": "7.53200", "2012-12-31": "-8.98650", "2012-09-30": "4.59530", "2012-06-30": "0.98470", "2012-03-31": "6.31130", "2011-12-31": "5.59910", "2011-09-30": "-1.74190", "2011-06-30": "-7.05000", "2011-03-31": "4.49750", "2010-12-31": "8.41230", "2010-09-30": "9.09200", "2010-06-30": "0.40350", "2010-03-31": "7.94270", "2009-12-31": "10.06440", "2009-09-30": "9.52720", "2009-06-30": "13.87130", "2009-03-31": "4.76460", "2008-12-31": "7.69000", "2008-09-30": "-7.63120", "2008-06-30": "11.19710", "2008-03-31": "12.38310", "2007-12-31": "13.36050", "2007-09-30": "11.53620", "2007-06-30": "13.03760", "2007-03-31": "13.16430", "2006-12-31": "12.40790", "2006-09-30": "6.45110", "2006-06-30": "11.99140", "2006-03-31": "12.83480", "2005-12-31": "12.69210", "2005-09-30": "-22.37760", "2005-06-30": "11.55140", "2005-03-31": "7.75890"}, "Net Profit Margin": {"2020-09-30": "9.51350", "2020-06-30": "9.40950", "2020-03-31": "-3.78720", "2019-12-31": "8.72880", "2019-09-30": "9.78840", "2019-06-30": "6.17390", "2019-03-31": "10.03690", "2018-12-31": "11.20780", "2018-09-30": "8.60620", "2018-06-30": "8.76130", "2018-03-31": "6.20250", "2017-12-31": "7.86260", "2017-09-30": "1.02220", "2017-06-30": "6.19220", "2017-03-31": "3.58470", "2016-12-31": "-3.71800", "2016-09-30": "7.12210", "2016-06-30": "0.16370", "2016-03-31": "6.37020", "2015-12-31": "6.44140", "2015-09-30": "6.34780", "2015-06-30": "9.30540", "2015-03-31": "4.22730", "2014-12-31": "6.99560", "2014-09-30": "4.33790", "2014-06-30": "6.48860", "2014-03-31": "4.38940", "2013-12-31": "5.70380", "2013-09-30": "5.10070", "2013-06-30": "4.51550", "2013-03-31": "5.60870", "2012-12-31": "-4.64530", "2012-09-30": "3.48970", "2012-06-30": "1.84530", "2012-03-31": "4.43040", "2011-12-31": "4.36660", "2011-09-30": "-0.90250", "2011-06-30": "-3.77090", "2011-03-31": "3.51400", "2010-12-31": "6.57630", "2010-09-30": "6.50500", "2010-06-30": "0.29940", "2010-03-31": "5.59870", "2009-12-31": "7.84610", "2009-09-30": "7.01480", "2009-06-30": "9.24760", "2009-03-31": "3.69150", "2008-12-31": "5.18240", "2008-09-30": "-9.62470", "2008-06-30": "-1.48910", "2008-03-31": "8.41360", "2007-12-31": "11.85860", "2007-09-30": "8.02320", "2007-06-30": "8.99250", "2007-03-31": "9.11040", "2006-12-31": "8.82120", "2006-09-30": "4.97620", "2006-06-30": "7.78530", "2006-03-31": "6.09390", "2005-12-31": "18.06420", "2005-09-30": "-89.38340", "2005-06-30": "10.97230", "2005-03-31": "6.82020"}, "Asset Turnover": {"2020-09-30": "0.09330", "2020-06-30": "0.09540", "2020-03-31": "0.08600", "2019-12-31": "0.10070", "2019-09-30": "0.09620", "2019-06-30": "0.09860", "2019-03-31": "0.10180", "2018-12-31": "0.08890", "2018-09-30": "0.07470", "2018-06-30": "0.07360", "2018-03-31": "0.07120", "2017-12-31": "0.04230", "2017-09-30": "0.07060", "2017-06-30": "0.08560", "2017-03-31": "0.08700", "2016-12-31": "0.02550", "2016-09-30": "0.08640", "2016-06-30": "0.08630", "2016-03-31": "0.08750", "2015-12-31": "0.08740", "2015-09-30": "0.08780", "2015-06-30": "0.09170", "2015-03-31": "0.09330", "2014-12-31": "0.09340", "2014-09-30": "0.09070", "2014-06-30": "0.09120", "2014-03-31": "0.09120", "2013-12-31": "0.09190", "2013-09-30": "0.08930", "2013-06-30": "0.08890", "2013-03-31": "0.08780", "2012-12-31": "0.08780", "2012-09-30": "0.08680", "2012-06-30": "0.08590", "2012-03-31": "0.08690", "2011-12-31": "0.09020", "2011-09-30": "0.08740", "2011-06-30": "0.09510", "2011-03-31": "0.09790", "2010-12-31": "0.09720", "2010-09-30": "0.09350", "2010-06-30": "0.09180", "2010-03-31": "0.09250", "2009-12-31": "0.09080", "2009-09-30": "0.08760", "2009-06-30": "0.08990", "2009-03-31": "0.09080", "2008-12-31": "0.07130", "2008-09-30": "0.06940", "2008-06-30": "0.07240", "2008-03-31": "0.07170", "2007-12-31": "0.06510", "2007-09-30": "0.06820", "2007-06-30": "0.06780", "2007-03-31": "0.07140", "2006-12-31": "0.05230", "2006-09-30": "0.06820", "2006-06-30": "0.06750", "2006-03-31": "0.06540", "2005-12-31": "0.06180", "2005-09-30": "0.02910", "2005-06-30": "0.03000", "2005-03-31": "0.03080"}, "Inventory Turnover Ratio": {"2020-09-30": "", "2020-06-30": "", "2020-03-31": "", "2019-12-31": "", "2019-09-30": "", "2019-06-30": "", "2019-03-31": "", "2018-12-31": "", "2018-09-30": "", "2018-06-30": "", "2018-03-31": "", "2017-12-31": "", "2017-09-30": "", "2017-06-30": "", "2017-03-31": "", "2016-12-31": "", "2016-09-30": "", "2016-06-30": "", "2016-03-31": "", "2015-12-31": "", "2015-09-30": "", "2015-06-30": "", "2015-03-31": "", "2014-12-31": "", "2014-09-30": "", "2014-06-30": "", "2014-03-31": "", "2013-12-31": "", "2013-09-30": "", "2013-06-30": "", "2013-03-31": "", "2012-12-31": "", "2012-09-30": "", "2012-06-30": "", "2012-03-31": "", "2011-12-31": "", "2011-09-30": "", "2011-06-30": "", "2011-03-31": "", "2010-12-31": "", "2010-09-30": "", "2010-06-30": "", "2010-03-31": "", "2009-12-31": "", "2009-09-30": "", "2009-06-30": "", "2009-03-31": "", "2008-12-31": "", "2008-09-30": "", "2008-06-30": "", "2008-03-31": "", "2007-12-31": "", "2007-09-30": "", "2007-06-30": "", "2007-03-31": "", "2006-12-31": "", "2006-09-30": "", "2006-06-30": "", "2006-03-31": "", "2005-12-31": "", "2005-09-30": "", "2005-06-30": "", "2005-03-31": ""}, "Receiveable Turnover": {"2020-09-30": "", "2020-06-30": "", "2020-03-31": "", "2019-12-31": "", "2019-09-30": "", "2019-06-30": "", "2019-03-31": "", "2018-12-31": "", "2018-09-30": "", "2018-06-30": "", "2018-03-31": "", "2017-12-31": "", "2017-09-30": "", "2017-06-30": "", "2017-03-31": "", "2016-12-31": "", "2016-09-30": "", "2016-06-30": "", "2016-03-31": "", "2015-12-31": "", "2015-09-30": "", "2015-06-30": "", "2015-03-31": "", "2014-12-31": "", "2014-09-30": "", "2014-06-30": "", "2014-03-31": "", "2013-12-31": "", "2013-09-30": "", "2013-06-30": "", "2013-03-31": "", "2012-12-31": "", "2012-09-30": "", "2012-06-30": "", "2012-03-31": "", "2011-12-31": "", "2011-09-30": "", "2011-06-30": "", "2011-03-31": "", "2010-12-31": "", "2010-09-30": "", "2010-06-30": "", "2010-03-31": "", "2009-12-31": "", "2009-09-30": "", "2009-06-30": "", "2009-03-31": "", "2008-12-31": "", "2008-09-30": "", "2008-06-30": "", "2008-03-31": "", "2007-12-31": "", "2007-09-30": "", "2007-06-30": "", "2007-03-31": "", "2006-12-31": "", "2006-09-30": "", "2006-06-30": "", "2006-03-31": "", "2005-12-31": "", "2005-09-30": "", "2005-06-30": "", "2005-03-31": ""}, "Days Sales In Receivables": {"2020-09-30": "", "2020-06-30": "", "2020-03-31": "", "2019-12-31": "", "2019-09-30": "", "2019-06-30": "", "2019-03-31": "", "2018-12-31": "", "2018-09-30": "", "2018-06-30": "", "2018-03-31": "", "2017-12-31": "", "2017-09-30": "", "2017-06-30": "", "2017-03-31": "", "2016-12-31": "", "2016-09-30": "", "2016-06-30": "", "2016-03-31": "", "2015-12-31": "", "2015-09-30": "", "2015-06-30": "", "2015-03-31": "", "2014-12-31": "", "2014-09-30": "", "2014-06-30": "", "2014-03-31": "", "2013-12-31": "", "2013-09-30": "", "2013-06-30": "", "2013-03-31": "", "2012-12-31": "", "2012-09-30": "", "2012-06-30": "", "2012-03-31": "", "2011-12-31": "", "2011-09-30": "", "2011-06-30": "", "2011-03-31": "", "2010-12-31": "", "2010-09-30": "", "2010-06-30": "", "2010-03-31": "", "2009-12-31": "", "2009-09-30": "", "2009-06-30": "", "2009-03-31": "", "2008-12-31": "", "2008-09-30": "", "2008-06-30": "", "2008-03-31": "", "2007-12-31": "", "2007-09-30": "", "2007-06-30": "", "2007-03-31": "", "2006-12-31": "", "2006-09-30": "", "2006-06-30": "", "2006-03-31": "", "2005-12-31": "", "2005-09-30": "", "2005-06-30": "", "2005-03-31": ""}, "ROE - Return On Equity": {"2020-09-30": "3.78760", "2020-06-30": "3.75360", "2020-03-31": "-1.41420", "2019-12-31": "3.77890", "2019-09-30": "3.60240", "2019-06-30": "2.89010", "2019-03-31": "4.18860", "2018-12-31": "0.07110", "2018-09-30": "3.48710", "2018-06-30": "2.80290", "2018-03-31": "1.73350", "2017-12-31": "1.10080", "2017-09-30": "2.00200", "2017-06-30": "2.63750", "2017-03-31": "1.55140", "2016-12-31": "-3.54510", "2016-09-30": "2.89920", "2016-06-30": "0.06310", "2016-03-31": "2.64120", "2015-12-31": "2.73520", "2015-09-30": "2.68290", "2015-06-30": "4.15680", "2015-03-31": "1.89320", "2014-12-31": "3.16810", "2014-09-30": "1.98420", "2014-06-30": "2.95160", "2014-03-31": "2.04020", "2013-12-31": "2.50140", "2013-09-30": "2.40940", "2013-06-30": "2.12770", "2013-03-31": "2.53050", "2012-12-31": "-2.13070", "2012-09-30": "1.51520", "2012-06-30": "0.37440", "2012-03-31": "1.96590", "2011-12-31": "1.86800", "2011-09-30": "-0.40730", "2011-06-30": "-1.31990", "2011-03-31": "1.12110", "2010-12-31": "2.18650", "2010-09-30": "2.07360", "2010-06-30": "0.09360", "2010-03-31": "1.83300", "2009-12-31": "2.37010", "2009-09-30": "2.01900", "2009-06-30": "2.84090", "2009-03-31": "1.02660", "2008-12-31": "1.22400", "2008-09-30": "-2.13220", "2008-06-30": "2.16480", "2008-03-31": "2.45620", "2007-12-31": "2.44450", "2007-09-30": "2.34880", "2007-06-30": "2.70550", "2007-03-31": "3.03710", "2006-12-31": "2.08080", "2006-09-30": "1.49270", "2006-06-30": "3.03390", "2006-03-31": "3.25560", "2005-12-31": "4.32530", "2005-09-30": "-5.64330", "2005-06-30": "2.29270", "2005-03-31": "1.73750"}, "Return On Tangible Equity": {"2020-09-30": "4.01520", "2020-06-30": "3.98560", "2020-03-31": "-1.51300", "2019-12-31": "4.02570", "2019-09-30": "3.82390", "2019-06-30": "3.07710", "2019-03-31": "4.46110", "2018-12-31": "0.07570", "2018-09-30": "3.70950", "2018-06-30": "2.99890", "2018-03-31": "1.85630", "2017-12-31": "1.17070", "2017-09-30": "2.13510", "2017-06-30": "2.81280", "2017-03-31": "1.65650", "2016-12-31": "-3.79020", "2016-09-30": "3.08680", "2016-06-30": "0.06730", "2016-03-31": "2.81820", "2015-12-31": "2.92660", "2015-09-30": "2.86620", "2015-06-30": "4.43780", "2015-03-31": "2.02170", "2014-12-31": "3.38800", "2014-09-30": "2.12590", "2014-06-30": "3.16100", "2014-03-31": "2.19140", "2013-12-31": "2.69340", "2013-09-30": "2.59810", "2013-06-30": "2.29740", "2013-03-31": "2.72180", "2012-12-31": "-2.29410", "2012-09-30": "1.62650", "2012-06-30": "0.40280", "2012-03-31": "2.11730", "2011-12-31": "2.01870", "2011-09-30": "-0.44360", "2011-06-30": "-1.42230", "2011-03-31": "1.20780", "2010-12-31": "2.35830", "2010-09-30": "2.23540", "2010-06-30": "0.10130", "2010-03-31": "1.98050", "2009-12-31": "2.55580", "2009-09-30": "2.17250", "2009-06-30": "3.07640", "2009-03-31": "1.12350", "2008-12-31": "1.34510", "2008-09-30": "-2.27960", "2008-06-30": "2.30200", "2008-03-31": "2.60420", "2007-12-31": "2.58630", "2007-09-30": "2.49200", "2007-06-30": "2.87160", "2007-03-31": "3.22340", "2006-12-31": "2.21540", "2006-09-30": "1.59400", "2006-06-30": "3.27080", "2006-03-31": "3.49900", "2005-12-31": "4.62950", "2005-09-30": "-6.05920", "2005-06-30": "2.41710", "2005-03-31": "1.83890"}, "ROA - Return On Assets": {"2020-09-30": "0.89220", "2020-06-30": "0.89810", "2020-03-31": "-0.31520", "2019-12-31": "0.88230", "2019-09-30": "0.88060", "2019-06-30": "0.69900", "2019-03-31": "1.02310", "2018-12-31": "0.01690", "2018-09-30": "0.66560", "2018-06-30": "0.53490", "2018-03-31": "0.32930", "2017-12-31": "0.21330", "2017-09-30": "0.38660", "2017-06-30": "0.53000", "2017-03-31": "0.31190", "2016-12-31": "-0.71240", "2016-09-30": "0.61470", "2016-06-30": "0.01340", "2016-03-31": "0.55680", "2015-12-31": "0.56450", "2015-09-30": "0.54980", "2015-06-30": "0.85470", "2015-03-31": "0.39420", "2014-12-31": "0.65480", "2014-09-30": "0.39400", "2014-06-30": "0.59080", "2014-03-31": "0.40090", "2013-12-31": "0.48510", "2013-09-30": "0.45530", "2013-06-30": "0.39910", "2013-03-31": "0.49400", "2012-12-31": "-0.41010", "2012-09-30": "0.30680", "2012-06-30": "0.07470", "2012-03-31": "0.39260", "2011-12-31": "0.36830", "2011-09-30": "-0.07880", "2011-06-30": "-0.36520", "2011-03-31": "0.32770", "2010-12-31": "0.62780", "2010-09-30": "0.59790", "2010-06-30": "0.02630", "2010-03-31": "0.52300", "2009-12-31": "0.69500", "2009-09-30": "0.60080", "2009-06-30": "0.81440", "2009-03-31": "0.26240", "2008-12-31": "0.25030", "2008-09-30": "-0.47000", "2008-06-30": "0.50610", "2008-03-31": "0.58760", "2007-12-31": "0.57260", "2007-09-30": "0.52310", "2007-06-30": "0.57930", "2007-03-31": "0.65260", "2006-12-31": "0.42210", "2006-09-30": "0.28950", "2006-06-30": "0.55420", "2006-03-31": "0.59070", "2005-12-31": "0.79370", "2005-09-30": "-0.48690", "2005-06-30": "0.26140", "2005-03-31": "0.18220"}, "ROI - Return On Investment": {"2020-09-30": "3.03650", "2020-06-30": "3.09570", "2020-03-31": "-1.12370", "2019-12-31": "3.08720", "2019-09-30": "2.96170", "2019-06-30": "2.36490", "2019-03-31": "3.42460", "2018-12-31": "0.05630", "2018-09-30": "2.76600", "2018-06-30": "2.21100", "2018-03-31": "1.36480", "2017-12-31": "0.87200", "2017-09-30": "1.58300", "2017-06-30": "2.08560", "2017-03-31": "1.22160", "2016-12-31": "-2.78000", "2016-09-30": "2.29730", "2016-06-30": "0.04990", "2016-03-31": "2.07690", "2015-12-31": "2.13300", "2015-09-30": "2.09200", "2015-06-30": "3.22950", "2015-03-31": "1.46740", "2014-12-31": "2.40430", "2014-09-30": "1.49650", "2014-06-30": "2.23030", "2014-03-31": "1.52580", "2013-12-31": "1.85510", "2013-09-30": "1.76000", "2013-06-30": "1.54620", "2013-03-31": "1.84340", "2012-12-31": "-1.60530", "2012-09-30": "1.13080", "2012-06-30": "0.27720", "2012-03-31": "1.44980", "2011-12-31": "1.36670", "2011-09-30": "-0.29790", "2011-06-30": "-0.98120", "2011-03-31": "0.91480", "2010-12-31": "1.75450", "2010-09-30": "1.64810", "2010-06-30": "0.07370", "2010-03-31": "1.43810", "2009-12-31": "2.00180", "2009-09-30": "1.71070", "2009-06-30": "2.49310", "2009-03-31": "0.80860", "2008-12-31": "0.95510", "2008-09-30": "-1.70450", "2008-06-30": "1.75810", "2008-03-31": "2.01230", "2007-12-31": "1.99940", "2007-09-30": "1.90280", "2007-06-30": "2.17770", "2007-03-31": "2.44490", "2006-12-31": "1.65870", "2006-09-30": "1.17860", "2006-06-30": "2.35650", "2006-03-31": "2.55120", "2005-12-31": "3.43080", "2005-09-30": "-4.43510", "2005-06-30": "1.90380", "2005-03-31": "1.42550"}, "Book Value Per Share": {"2020-09-30": "84.35830", "2020-06-30": "81.04750", "2020-03-31": "72.01580", "2019-12-31": "75.94270", "2019-09-30": "77.94950", "2019-06-30": "74.27020", "2019-03-31": "71.91650", "2018-12-31": "69.85110", "2018-09-30": "70.50590", "2018-06-30": "69.17180", "2018-03-31": "68.54350", "2017-12-31": "70.53410", "2017-09-30": "70.09430", "2017-06-30": "70.10610", "2017-03-31": "68.39200", "2016-12-31": "67.39390", "2016-09-30": "72.00240", "2016-06-30": "70.48480", "2016-03-31": "69.25060", "2015-12-31": "66.14880", "2015-09-30": "66.60880", "2015-06-30": "66.25290", "2015-03-31": "65.90680", "2014-12-31": "64.78360", "2014-09-30": "63.43020", "2014-06-30": "63.66970", "2014-03-31": "61.21230", "2013-12-31": "59.37070", "2013-09-30": "58.35320", "2013-06-30": "57.37240", "2013-03-31": "59.63640", "2012-12-31": "58.58690", "2012-09-30": "60.93450", "2012-06-30": "58.82020", "2012-03-31": "57.69580", "2011-12-31": "55.69510", "2011-09-30": "55.04260", "2011-06-30": "54.97790", "2011-03-31": "55.05970", "2010-12-31": "54.79960", "2010-09-30": "55.20710", "2010-06-30": "52.60850", "2010-03-31": "51.61880", "2009-12-31": "49.65470", "2009-09-30": "48.04590", "2009-06-30": "43.72240", "2009-03-31": "38.65620", "2008-12-31": "37.07660", "2008-09-30": "40.08060", "2008-06-30": "43.55710", "2008-03-31": "45.23780", "2007-12-31": "44.38220", "2007-09-30": "42.32820", "2007-06-30": "40.52900", "2007-03-31": "40.94930", "2006-12-31": "39.12330", "2006-09-30": "37.51080", "2006-06-30": "34.77410", "2006-03-31": "35.30650", "2005-12-31": "36.33710", "2005-09-30": "34.78030", "2005-06-30": "46.55140", "2005-03-31": "43.54310"}, "Operating Cash Flow Per Share": {"2020-09-30": 8.4886, "2020-06-30": 4.94, "2020-03-31": "0.95560", "2019-12-31": 4.305, "2019-09-30": 6.8895, "2019-06-30": 2.7524, "2019-03-31": "0.90290", "2018-12-31": 1.9995, "2018-09-30": 6.6567, "2018-06-30": 3.4362, "2018-03-31": "0.72850", "2017-12-31": 3.9805, "2017-09-30": 6.5692, "2017-06-30": 4.573, "2017-03-31": "1.26340", "2016-12-31": 4.185, "2016-09-30": 7.6339, "2016-06-30": 3.5043, "2016-03-31": "1.88510", "2015-12-31": 2.0332, "2015-09-30": 5.6109, "2015-06-30": 0.4152, "2015-03-31": "1.86700", "2014-12-31": 3.4877, "2014-09-30": 5.3608, "2014-06-30": 2.3243, "2014-03-31": "1.40400", "2013-12-31": 4.4716, "2013-09-30": 3.3352, "2013-06-30": 1.1296, "2013-03-31": "-0.38630", "2012-12-31": 4.4845, "2012-09-30": 3.2203, "2012-06-30": 1.0271, "2012-03-31": "0.27910", "2011-12-31": -1.4795, "2011-09-30": 4.058, "2011-06-30": 1.736, "2011-03-31": "0.52610", "2010-12-31": 2.1338, "2010-09-30": 1.7048, "2010-06-30": 0.4566, "2010-03-31": "-2.48960", "2009-12-31": 1.2672, "2009-09-30": 1.4028, "2009-06-30": 0.3191, "2009-03-31": "-1.19650", "2008-12-31": 0.6306, "2008-09-30": 2.1977, "2008-06-30": 2.7784, "2008-03-31": "-1.55450", "2007-12-31": 0.6294, "2007-09-30": 0.0429, "2007-06-30": 1.5089, "2007-03-31": "-0.78230", "2006-12-31": 1.6682, "2006-09-30": -0.0418, "2006-06-30": 1.652, "2006-03-31": "-2.47760", "2005-12-31": -0.3555, "2005-09-30": 2.1629, "2005-06-30": 1.9033, "2005-03-31": "-0.87550"}, "Free Cash Flow Per Share": {"2020-09-30": 8.3739, "2020-06-30": 4.8198, "2020-03-31": "0.87210", "2019-12-31": 4.2312, "2019-09-30": 6.7934, "2019-06-30": 2.6893, "2019-03-31": "0.80830", "2018-12-31": 1.9827, "2018-09-30": 6.5498, "2018-06-30": 3.3365, "2018-03-31": "0.64730", "2017-12-31": 3.7973, "2017-09-30": 6.5207, "2017-06-30": 4.4723, "2017-03-31": "1.16320", "2016-12-31": 4.1054, "2016-09-30": 7.546, "2016-06-30": 3.4556, "2016-03-31": "1.73790", "2015-12-31": 1.9209, "2015-09-30": 5.468, "2015-06-30": 0.3195, "2015-03-31": "1.78270", "2014-12-31": 3.4276, "2014-09-30": 5.3363, "2014-06-30": 2.2287, "2014-03-31": "1.33480", "2013-12-31": 4.3428, "2013-09-30": 3.1928, "2013-06-30": 1.0166, "2013-03-31": "-0.51210", "2012-12-31": 4.262, "2012-09-30": 3.1202, "2012-06-30": 0.9498, "2012-03-31": "0.20880", "2011-12-31": -1.6234, "2011-09-30": 3.9408, "2011-06-30": 1.6826, "2011-03-31": "0.48040", "2010-12-31": 2.0428, "2010-09-30": 1.6549, "2010-06-30": 0.4078, "2010-03-31": "-2.53530", "2009-12-31": 1.1925, "2009-09-30": 1.3556, "2009-06-30": 0.2393, "2009-03-31": "-1.19840", "2008-12-31": 0.592, "2008-09-30": 2.1684, "2008-06-30": 2.7372, "2008-03-31": "-1.62910", "2007-12-31": 0.5738, "2007-09-30": -0.0044, "2007-06-30": 1.4767, "2007-03-31": "-0.82850", "2006-12-31": 1.6166, "2006-09-30": -0.0755, "2006-06-30": 1.6042, "2006-03-31": "-2.51310", "2005-12-31": -0.4138, "2005-09-30": 2.1306, "2005-06-30": 1.855, "2005-03-31": "-0.89030"}}, "revenue": {"Hanover Insurance Annual Revenue (Millions of US $)": {"2020": "$4,827", "2019": "$4,891", "2018": "$4,494", "2017": "$4,268", "2016": "$4,054", "2015": "$5,034", "2014": "$5,068", "2013": "$4,794", "2012": "$4,591", "2011": "$3,932", "2010": "$3,152", "2009": "$2,834", "2008": "$2,680", "2007": "$2,674", "2006": "$2,505", "2005": "$2,624"}, "Hanover Insurance Quarterly Revenue (Millions of US $)": {"2020-12-31": "$1,297", "2020-09-30": "$1,250", "2020-06-30": "$1,224", "2020-03-31": "$1,056", "2019-12-31": "$1,258", "2019-09-30": "$1,215", "2019-06-30": "$1,199", "2019-03-31": "$1,220", "2018-12-31": "$1,103", "2018-09-30": "$1,167", "2018-06-30": "$1,133", "2018-03-31": "$1,092", "2017-12-31": "$655", "2017-09-30": "$1,086", "2017-06-30": "$1,266", "2017-03-31": "$1,261", "2016-12-31": "$363", "2016-09-30": "$1,241", "2016-06-30": "$1,222", "2016-03-31": "$1,228", "2015-12-31": "$1,205", "2015-09-30": "$1,234", "2015-06-30": "$1,297", "2015-03-31": "$1,299", "2014-12-31": "$1,285", "2014-09-30": "$1,266", "2014-06-30": "$1,273", "2014-03-31": "$1,244", "2013-12-31": "$1,229", "2013-09-30": "$1,202", "2013-06-30": "$1,183", "2013-03-31": "$1,180", "2012-12-31": "$1,184", "2012-09-30": "$1,158", "2012-06-30": "$1,127", "2012-03-31": "$1,122", "2011-12-31": "$1,136", "2011-09-30": "$1,108", "2011-06-30": "$854", "2011-03-31": "$834", "2010-12-31": "$833", "2010-09-30": "$804", "2010-06-30": "$768", "2010-03-31": "$747", "2009-12-31": "$730", "2009-09-30": "$709", "2009-06-30": "$696", "2009-03-31": "$699", "2008-12-31": "$658", "2008-09-30": "$642", "2008-06-30": "$685", "2008-03-31": "$695", "2007-12-31": "$639", "2007-09-30": "$672", "2007-06-30": "$665", "2007-03-31": "$698", "2006-12-31": "$516", "2006-09-30": "$671", "2006-06-30": "$654", "2006-03-31": "$665", "2005-12-31": "$657", "2005-09-30": "$629", "2005-06-30": "$656", "2005-03-31": "$682"}}, "gross-profit": {"Hanover Insurance Annual Gross Profit (Millions of US $)": {"2020": "$1,982", "2019": "$2,025", "2018": "$1,770", "2017": "$1,688", "2016": "$1,508", "2015": "$2,150", "2014": "$2,140", "2013": "$2,033", "2012": "$1,616", "2011": "$1,381", "2010": "$695", "2009": "$614", "2008": "$498", "2007": "$693", "2006": "$642", "2005": "$456"}, "Hanover Insurance Quarterly Gross Profit (Millions of US $)": {"2020-12-31": "$602", "2020-09-30": "$540", "2020-06-30": "$512", "2020-03-31": "$328", "2019-12-31": "$515", "2019-09-30": "$509", "2019-06-30": "$481", "2019-03-31": "$520", "2018-12-31": "$397", "2018-09-30": "$490", "2018-06-30": "$462", "2018-03-31": "$421", "2017-12-31": "$223", "2017-09-30": "$429", "2017-06-30": "$541", "2017-03-31": "$494", "2016-12-31": "$-62", "2016-09-30": "$549", "2016-06-30": "$492", "2016-03-31": "$528", "2015-12-31": "$529", "2015-09-30": "$543", "2015-06-30": "$552", "2015-03-31": "$526", "2014-12-31": "$589", "2014-09-30": "$510", "2014-06-30": "$288", "2014-03-31": "$240", "2013-12-31": "$539", "2013-09-30": "$262", "2013-06-30": "$258", "2013-03-31": "$254", "2012-12-31": "$312", "2012-09-30": "$214", "2012-06-30": "$162", "2012-03-31": "$232", "2011-12-31": "$449", "2011-09-30": "$151", "2011-06-30": "$74", "2011-03-31": "$160", "2010-12-31": "$252", "2010-09-30": "$176", "2010-06-30": "$107", "2010-03-31": "$161", "2009-12-31": "$170", "2009-09-30": "$159", "2009-06-30": "$158", "2009-03-31": "$128", "2008-12-31": "$131", "2008-09-30": "$28", "2008-06-30": "$161", "2008-03-31": "$178", "2007-12-31": "$171", "2007-09-30": "$166", "2007-06-30": "$171", "2007-03-31": "$185", "2006-12-31": "$120", "2006-09-30": "$150", "2006-06-30": "$181", "2006-03-31": "$191", "2005-12-31": "$178", "2005-09-30": "$-54", "2005-06-30": "$176", "2005-03-31": "$157"}}, "operating-income": {"Hanover Insurance Annual Operating Income (Millions of US $)": {"2020": "$451", "2019": "$522", "2018": "$311", "2017": "$293", "2016": "$154", "2015": "$464", "2014": "$378", "2013": "$329", "2012": "$29", "2011": "$22", "2010": "$206", "2009": "$236", "2008": "$164", "2007": "$342", "2006": "$271", "2005": "$71"}, "Hanover Insurance Quarterly Operating Income (Millions of US $)": {"2020-12-31": "$207", "2020-09-30": "$155", "2020-06-30": "$143", "2020-03-31": "$-54", "2019-12-31": "$133", "2019-09-30": "$130", "2019-06-30": "$110", "2019-03-31": "$149", "2018-12-31": "$29", "2018-09-30": "$123", "2018-06-30": "$100", "2018-03-31": "$59", "2017-12-31": "$40", "2017-09-30": "$83", "2017-06-30": "$111", "2017-03-31": "$59", "2016-12-31": "$-157", "2016-09-30": "$124", "2016-06-30": "$79", "2016-03-31": "$108", "2015-12-31": "$116", "2015-09-30": "$116", "2015-06-30": "$154", "2015-03-31": "$77", "2014-12-31": "$123", "2014-09-30": "$75", "2014-06-30": "$108", "2014-03-31": "$72", "2013-12-31": "$88", "2013-09-30": "$86", "2013-06-30": "$66", "2013-03-31": "$89", "2012-12-31": "$-106", "2012-09-30": "$53", "2012-06-30": "$11", "2012-03-31": "$71", "2011-12-31": "$64", "2011-09-30": "$-19", "2011-06-30": "$-60", "2011-03-31": "$38", "2010-12-31": "$70", "2010-09-30": "$73", "2010-06-30": "$3", "2010-03-31": "$59", "2009-12-31": "$74", "2009-09-30": "$67", "2009-06-30": "$62", "2009-03-31": "$33", "2008-12-31": "$51", "2008-09-30": "$-49", "2008-06-30": "$77", "2008-03-31": "$86", "2007-12-31": "$85", "2007-09-30": "$78", "2007-06-30": "$87", "2007-03-31": "$92", "2006-12-31": "$64", "2006-09-30": "$43", "2006-06-30": "$78", "2006-03-31": "$85", "2005-12-31": "$83", "2005-09-30": "$-141", "2005-06-30": "$76", "2005-03-31": "$53"}}, "ebitda": {"Hanover Insurance Annual EBITDA (Millions of US $)": {"2019": "$593", "2018": "$390", "2017": "$382", "2016": "$246", "2015": "$567", "2014": "$500", "2013": "$444", "2012": "$136", "2011": "$114", "2010": "$276", "2009": "$304", "2008": "$176", "2007": "$363", "2006": "$292", "2005": "$103"}, "Hanover Insurance Quarterly EBITDA (Millions of US $)": {"2020-09-30": "$170", "2020-06-30": "$158", "2020-03-31": "$-38", "2019-12-31": "$151", "2019-09-30": "$147", "2019-06-30": "$127", "2019-03-31": "$168", "2018-12-31": "$47", "2018-09-30": "$143", "2018-06-30": "$121", "2018-03-31": "$80", "2017-12-31": "$61", "2017-09-30": "$105", "2017-06-30": "$135", "2017-03-31": "$82", "2016-12-31": "$-140", "2016-09-30": "$148", "2016-06-30": "$105", "2016-03-31": "$134", "2015-12-31": "$141", "2015-09-30": "$140", "2015-06-30": "$183", "2015-03-31": "$104", "2014-12-31": "$163", "2014-09-30": "$103", "2014-06-30": "$135", "2014-03-31": "$100", "2013-12-31": "$117", "2013-09-30": "$114", "2013-06-30": "$99", "2013-03-31": "$115", "2012-12-31": "$-79", "2012-09-30": "$79", "2012-06-30": "$38", "2012-03-31": "$98", "2011-12-31": "$97", "2011-09-30": "$5", "2011-06-30": "$-44", "2011-03-31": "$55", "2010-12-31": "$89", "2010-09-30": "$92", "2010-06-30": "$21", "2010-03-31": "$75", "2009-12-31": "$81", "2009-09-30": "$76", "2009-06-30": "$70", "2009-03-31": "$41", "2008-12-31": "$52", "2008-09-30": "$-45", "2008-06-30": "$80", "2008-03-31": "$89", "2007-12-31": "$93", "2007-09-30": "$82", "2007-06-30": "$91", "2007-03-31": "$97", "2006-12-31": "$69", "2006-09-30": "$49", "2006-06-30": "$84", "2006-03-31": "$91", "2005-12-31": "$90", "2005-09-30": "$-133", "2005-06-30": "$84", "2005-03-31": "$62"}}, "net-income": {"Hanover Insurance Annual Net Income (Millions of US $)": {"2020": "$359", "2019": "$425", "2018": "$391", "2017": "$186", "2016": "$155", "2015": "$332", "2014": "$282", "2013": "$251", "2012": "$56", "2011": "$37", "2010": "$151", "2009": "$197", "2008": "$21", "2007": "$253", "2006": "$170", "2005": "$-325"}, "Hanover Insurance Quarterly Net Income (Millions of US $)": {"2020-12-31": "$165", "2020-09-30": "$119", "2020-06-30": "$115", "2020-03-31": "$-40", "2019-12-31": "$110", "2019-09-30": "$119", "2019-06-30": "$74", "2019-03-31": "$122", "2018-12-31": "$124", "2018-09-30": "$100", "2018-06-30": "$99", "2018-03-31": "$68", "2017-12-31": "$52", "2017-09-30": "$11", "2017-06-30": "$78", "2017-03-31": "$45", "2016-12-31": "$-14", "2016-09-30": "$88", "2016-06-30": "$2", "2016-03-31": "$78", "2015-12-31": "$78", "2015-09-30": "$78", "2015-06-30": "$121", "2015-03-31": "$55", "2014-12-31": "$90", "2014-09-30": "$55", "2014-06-30": "$83", "2014-03-31": "$55", "2013-12-31": "$70", "2013-09-30": "$61", "2013-06-30": "$53", "2013-03-31": "$66", "2012-12-31": "$-55", "2012-09-30": "$40", "2012-06-30": "$21", "2012-03-31": "$50", "2011-12-31": "$50", "2011-09-30": "$-10", "2011-06-30": "$-32", "2011-03-31": "$29", "2010-12-31": "$55", "2010-09-30": "$52", "2010-06-30": "$2", "2010-03-31": "$42", "2009-12-31": "$57", "2009-09-30": "$50", "2009-06-30": "$64", "2009-03-31": "$26", "2008-12-31": "$34", "2008-09-30": "$-62", "2008-06-30": "$-10", "2008-03-31": "$59", "2007-12-31": "$76", "2007-09-30": "$54", "2007-06-30": "$60", "2007-03-31": "$64", "2006-12-31": "$46", "2006-09-30": "$33", "2006-06-30": "$51", "2006-03-31": "$41", "2005-12-31": "$119", "2005-09-30": "$-562", "2005-06-30": "$72", "2005-03-31": "$47"}}, "eps-earnings-per-share-diluted": {"Hanover Insurance Annual EPS": {"2020": "$9.42", "2019": "$10.46", "2018": "$9.09", "2017": "$4.33", "2016": "$3.59", "2015": "$7.40", "2014": "$6.28", "2013": "$5.59", "2012": "$1.23", "2011": "$0.80", "2010": "$3.27", "2009": "$3.86", "2008": "$0.40", "2007": "$4.83", "2006": "$3.27", "2005": "$-6.02"}, "Hanover Insurance Quarterly EPS": {"2020-12-31": "$4.43", "2020-09-30": "$3.13", "2020-06-30": "$3.01", "2020-03-31": "$-1.04", "2019-12-31": "$2.74", "2019-09-30": "$2.96", "2019-06-30": "$1.79", "2019-03-31": "$2.97", "2018-12-31": "$2.88", "2018-09-30": "$2.33", "2018-06-30": "$2.31", "2018-03-31": "$1.57", "2017-12-31": "$1.19", "2017-09-30": "$0.26", "2017-06-30": "$1.83", "2017-03-31": "$1.05", "2016-12-31": "$-0.32", "2016-09-30": "$2.06", "2016-06-30": "$0.05", "2016-03-31": "$1.80", "2015-12-31": "$1.76", "2015-09-30": "$1.74", "2015-06-30": "$2.68", "2015-03-31": "$1.22", "2014-12-31": "$2.00", "2014-09-30": "$1.22", "2014-06-30": "$1.84", "2014-03-31": "$1.22", "2013-12-31": "$1.57", "2013-09-30": "$1.37", "2013-06-30": "$1.19", "2013-03-31": "$1.46", "2012-12-31": "$-1.21", "2012-09-30": "$0.89", "2012-06-30": "$0.46", "2012-03-31": "$1.09", "2011-12-31": "$1.09", "2011-09-30": "$-0.22", "2011-06-30": "$-0.71", "2011-03-31": "$0.64", "2010-12-31": "$1.20", "2010-09-30": "$1.15", "2010-06-30": "$0.05", "2010-03-31": "$0.87", "2009-12-31": "$1.14", "2009-09-30": "$0.97", "2009-06-30": "$1.25", "2009-03-31": "$0.50", "2008-12-31": "$0.69", "2008-09-30": "$-1.21", "2008-06-30": "$-0.20", "2008-03-31": "$1.12", "2007-12-31": "$1.44", "2007-09-30": "$1.03", "2007-06-30": "$1.14", "2007-03-31": "$1.22", "2006-12-31": "$0.88", "2006-09-30": "$0.65", "2006-06-30": "$0.99", "2006-03-31": "$0.75", "2005-12-31": "$2.29", "2005-09-30": "$-10.51", "2005-06-30": "$1.34", "2005-03-31": "$0.86"}}, "shares-outstanding": {"Hanover Insurance Annual Shares Outstanding (Millions of Shares)": {"2020": "38", "2019": "41", "2018": "43", "2017": "43", "2016": "43", "2015": "45", "2014": "45", "2013": "45", "2012": "45", "2011": "46", "2010": "46", "2009": "51", "2008": "52", "2007": "52", "2006": "52", "2005": "54"}, "Hanover Insurance Quarterly Shares Outstanding (Millions of Shares)": {"2020-12-31": "37", "2020-09-30": "38", "2020-06-30": "38", "2020-03-31": "38", "2019-12-31": "41", "2019-09-30": "40", "2019-06-30": "41", "2019-03-31": "41", "2018-12-31": "43", "2018-09-30": "43", "2018-06-30": "43", "2018-03-31": "43", "2017-12-31": "43", "2017-09-30": "43", "2017-06-30": "43", "2017-03-31": "43", "2016-12-31": "43", "2016-09-30": "43", "2016-06-30": "43", "2016-03-31": "44", "2015-12-31": "45", "2015-09-30": "45", "2015-06-30": "45", "2015-03-31": "45", "2014-12-31": "45", "2014-09-30": "45", "2014-06-30": "45", "2014-03-31": "45", "2013-12-31": "45", "2013-09-30": "45", "2013-06-30": "45", "2013-03-31": "45", "2012-12-31": "45", "2012-09-30": "45", "2012-06-30": "45", "2012-03-31": "46", "2011-12-31": "46", "2011-09-30": "45", "2011-06-30": "45", "2011-03-31": "46", "2010-12-31": "46", "2010-09-30": "46", "2010-06-30": "46", "2010-03-31": "48", "2009-12-31": "51", "2009-09-30": "51", "2009-06-30": "51", "2009-03-31": "51", "2008-12-31": "52", "2008-09-30": "51", "2008-06-30": "52", "2008-03-31": "52", "2007-12-31": "52", "2007-09-30": "53", "2007-06-30": "52", "2007-03-31": "52", "2006-12-31": "52", "2006-09-30": "51", "2006-06-30": "52", "2006-03-31": "54", "2005-12-31": "54", "2005-09-30": "54", "2005-06-30": "54", "2005-03-31": "54"}}, "total-assets": {"Hanover Insurance Annual Total Assets (Millions of US $)": {"2019": "$12,491", "2018": "$12,400", "2017": "$15,470", "2016": "$14,220", "2015": "$13,781", "2014": "$13,760", "2013": "$13,379", "2012": "$13,485", "2011": "$12,599", "2010": "$8,570", "2009": "$8,043", "2008": "$9,230", "2007": "$9,816", "2006": "$9,857", "2005": "$10,634"}, "Hanover Insurance Quarterly Total Assets (Millions of US $)": {"2020-09-30": "$13,394", "2020-06-30": "$12,839", "2020-03-31": "$12,277", "2019-12-31": "$12,491", "2019-09-30": "$12,627", "2019-06-30": "$12,160", "2019-03-31": "$11,983", "2018-12-31": "$12,400", "2018-09-30": "$15,624", "2018-06-30": "$15,404", "2018-03-31": "$15,334", "2017-12-31": "$15,470", "2017-09-30": "$15,389", "2017-06-30": "$14,793", "2017-03-31": "$14,491", "2016-12-31": "$14,220", "2016-09-30": "$14,364", "2016-06-30": "$14,164", "2016-03-31": "$14,028", "2015-12-31": "$13,781", "2015-09-30": "$14,041", "2015-06-30": "$14,145", "2015-03-31": "$13,926", "2014-12-31": "$13,760", "2014-09-30": "$13,960", "2014-06-30": "$13,965", "2014-03-31": "$13,643", "2013-12-31": "$13,379", "2013-09-30": "$13,463", "2013-06-30": "$13,306", "2013-03-31": "$13,442", "2012-12-31": "$13,485", "2012-09-30": "$13,330", "2012-06-30": "$13,119", "2012-03-31": "$12,913", "2011-12-31": "$12,599", "2011-09-30": "$12,685", "2011-06-30": "$8,981", "2011-03-31": "$8,515", "2010-12-31": "$8,570", "2010-09-30": "$8,597", "2010-06-30": "$8,373", "2010-03-31": "$8,069", "2009-12-31": "$8,043", "2009-09-30": "$8,089", "2009-06-30": "$7,748", "2009-03-31": "$7,698", "2008-12-31": "$9,230", "2008-09-30": "$9,255", "2008-06-30": "$9,464", "2008-03-31": "$9,701", "2007-12-31": "$9,816", "2007-09-30": "$9,845", "2007-06-30": "$9,806", "2007-03-31": "$9,776", "2006-12-31": "$9,857", "2006-09-30": "$9,844", "2006-06-30": "$9,689", "2006-03-31": "$10,157", "2005-12-31": "$10,634", "2005-09-30": "$21,647", "2005-06-30": "$21,847", "2005-03-31": "$22,168"}}, "cash-on-hand": {"Hanover Insurance Annual Cash on Hand (Millions of US $)": {"2019": "$216", "2018": "$1,021", "2017": "$298", "2016": "$283", "2015": "$339", "2014": "$373", "2013": "$486", "2012": "$565", "2011": "$820", "2010": "$290", "2009": "$317", "2008": "$398", "2007": "$211", "2006": "$373", "2005": "$702"}, "Hanover Insurance Quarterly Cash on Hand (Millions of US $)": {"2020-09-30": "$232", "2020-06-30": "$183", "2020-03-31": "$144", "2019-12-31": "$216", "2019-09-30": "$158", "2019-06-30": "$180", "2019-03-31": "$169", "2018-12-31": "$1,021", "2018-09-30": "$118", "2018-06-30": "$245", "2018-03-31": "$258", "2017-12-31": "$298", "2017-09-30": "$227", "2017-06-30": "$318", "2017-03-31": "$257", "2016-12-31": "$283", "2016-09-30": "$316", "2016-06-30": "$362", "2016-03-31": "$407", "2015-12-31": "$339", "2015-09-30": "$385", "2015-06-30": "$584", "2015-03-31": "$404", "2014-12-31": "$373", "2014-09-30": "$510", "2014-06-30": "$606", "2014-03-31": "$476", "2013-12-31": "$486", "2013-09-30": "$602", "2013-06-30": "$690", "2013-03-31": "$691", "2012-12-31": "$565", "2012-09-30": "$462", "2012-06-30": "$521", "2012-03-31": "$628", "2011-12-31": "$820", "2011-09-30": "$923", "2011-06-30": "$722", "2011-03-31": "$219", "2010-12-31": "$290", "2010-09-30": "$272", "2010-06-30": "$261", "2010-03-31": "$209", "2009-12-31": "$317", "2009-09-30": "$233", "2009-06-30": "$281", "2009-03-31": "$346", "2008-12-31": "$398", "2008-09-30": "$314", "2008-06-30": "$309", "2008-03-31": "$233", "2007-12-31": "$211", "2007-09-30": "$230", "2007-06-30": "$301", "2007-03-31": "$219", "2006-12-31": "$373", "2006-09-30": "$392", "2006-06-30": "$393", "2006-03-31": "$550", "2005-12-31": "$702", "2005-09-30": "$432", "2005-06-30": "$414", "2005-03-31": "$337"}}, "long-term-debt": {"Hanover Insurance Annual Long Term Debt (Millions of US $)": {"2019": "$653", "2018": "$778", "2017": "$787", "2016": "$786", "2015": "$803", "2014": "$904", "2013": "$904", "2012": "$849", "2011": "$911", "2010": "$606", "2009": "$434", "2008": "$531", "2007": "$512", "2006": "$509", "2005": "$509"}, "Hanover Insurance Quarterly Long Term Debt (Millions of US $)": {"2020-09-30": "$780", "2020-06-30": "$653", "2020-03-31": "$708", "2019-12-31": "$653", "2019-09-30": "$668", "2019-06-30": "$653", "2019-03-31": "$653", "2018-12-31": "$778", "2018-09-30": "$778", "2018-06-30": "$787", "2018-03-31": "$787", "2017-12-31": "$787", "2017-09-30": "$787", "2017-06-30": "$787", "2017-03-31": "$787", "2016-12-31": "$786", "2016-09-30": "$798", "2016-06-30": "$798", "2016-03-31": "$803", "2015-12-31": "$803", "2015-09-30": "$813", "2015-06-30": "$835", "2015-03-31": "$842", "2014-12-31": "$904", "2014-09-30": "$903", "2014-06-30": "$904", "2014-03-31": "$904", "2013-12-31": "$904", "2013-09-30": "$939", "2013-06-30": "$939", "2013-03-31": "$978", "2012-12-31": "$849", "2012-09-30": "$918", "2012-06-30": "$917", "2012-03-31": "$918", "2011-12-31": "$911", "2011-09-30": "$902", "2011-06-30": "$858", "2011-03-31": "$561", "2010-12-31": "$606", "2010-09-30": "$640", "2010-06-30": "$632", "2010-03-31": "$632", "2009-12-31": "$434", "2009-09-30": "$434", "2009-06-30": "$310", "2009-03-31": "$531", "2008-12-31": "$531", "2008-09-30": "$512", "2008-06-30": "$512", "2008-03-31": "$512", "2007-12-31": "$512", "2007-09-30": "$514", "2007-06-30": "$509", "2007-03-31": "$509", "2006-12-31": "$509", "2006-09-30": "$509", "2006-06-30": "$509", "2006-03-31": "$509", "2005-12-31": "$509", "2005-09-30": "$509", "2005-06-30": "$509", "2005-03-31": "$509"}}, "total-liabilities": {"Hanover Insurance Annual Total Liabilities (Millions of US $)": {"2019": "$9,574", "2018": "$9,445", "2017": "$12,472", "2016": "$11,363", "2015": "$10,937", "2014": "$10,916", "2013": "$10,784", "2012": "$10,890", "2011": "$10,115", "2010": "$6,109", "2009": "$5,684", "2008": "$7,343", "2007": "$7,517", "2006": "$7,857", "2005": "$8,683"}, "Hanover Insurance Quarterly Total Liabilities (Millions of US $)": {"2020-09-30": "$10,239", "2020-06-30": "$9,767", "2020-03-31": "$9,541", "2019-12-31": "$9,574", "2019-09-30": "$9,540", "2019-06-30": "$9,219", "2019-03-31": "$9,056", "2018-12-31": "$9,445", "2018-09-30": "$12,642", "2018-06-30": "$12,464", "2018-03-31": "$12,421", "2017-12-31": "$12,472", "2017-09-30": "$12,417", "2017-06-30": "$11,820", "2017-03-31": "$11,577", "2016-12-31": "$11,363", "2016-09-30": "$11,318", "2016-06-30": "$11,154", "2016-03-31": "$11,071", "2015-12-31": "$10,937", "2015-09-30": "$11,164", "2015-06-30": "$11,236", "2015-03-31": "$11,026", "2014-12-31": "$10,916", "2014-09-30": "$11,188", "2014-06-30": "$11,170", "2014-03-31": "$10,962", "2013-12-31": "$10,784", "2013-09-30": "$10,919", "2013-06-30": "$10,811", "2013-03-31": "$10,818", "2012-12-31": "$10,890", "2012-09-30": "$10,631", "2012-06-30": "$10,501", "2012-03-31": "$10,334", "2011-12-31": "$10,115", "2011-09-30": "$10,230", "2011-06-30": "$6,496", "2011-03-31": "$6,026", "2010-12-31": "$6,109", "2010-09-30": "$6,118", "2010-06-30": "$6,022", "2010-03-31": "$5,766", "2009-12-31": "$5,684", "2009-09-30": "$5,682", "2009-06-30": "$5,527", "2009-03-31": "$5,731", "2008-12-31": "$7,343", "2008-09-30": "$7,215", "2008-06-30": "$7,251", "2008-03-31": "$7,380", "2007-12-31": "$7,517", "2007-09-30": "$7,653", "2007-06-30": "$7,706", "2007-03-31": "$7,676", "2006-12-31": "$7,857", "2006-09-30": "$7,935", "2006-06-30": "$7,919", "2006-03-31": "$8,314", "2005-12-31": "$8,683", "2005-09-30": "$19,779", "2005-06-30": "$19,356", "2005-03-31": "$19,843"}}, "total-share-holder-equity": {"Hanover Insurance Annual Share Holder Equity (Millions of US $)": {"2019": "$2,916", "2018": "$2,955", "2017": "$2,998", "2016": "$2,858", "2015": "$2,844", "2014": "$2,844", "2013": "$2,595", "2012": "$2,595", "2011": "$2,484", "2010": "$2,461", "2009": "$2,359", "2008": "$1,887", "2007": "$2,299", "2006": "$1,999", "2005": "$1,951"}, "Hanover Insurance Quarterly Share Holder Equity (Millions of US $)": {"2020-09-30": "$3,155", "2020-06-30": "$3,072", "2020-03-31": "$2,737", "2019-12-31": "$2,916", "2019-09-30": "$3,087", "2019-06-30": "$2,941", "2019-03-31": "$2,927", "2018-12-31": "$2,955", "2018-09-30": "$2,982", "2018-06-30": "$2,940", "2018-03-31": "$2,913", "2017-12-31": "$2,998", "2017-09-30": "$2,972", "2017-06-30": "$2,973", "2017-03-31": "$2,914", "2016-12-31": "$2,858", "2016-09-30": "$3,046", "2016-06-30": "$3,010", "2016-03-31": "$2,957", "2015-12-31": "$2,844", "2015-09-30": "$2,878", "2015-06-30": "$2,909", "2015-03-31": "$2,900", "2014-12-31": "$2,844", "2014-09-30": "$2,772", "2014-06-30": "$2,795", "2014-03-31": "$2,681", "2013-12-31": "$2,595", "2013-09-30": "$2,544", "2013-06-30": "$2,496", "2013-03-31": "$2,624", "2012-12-31": "$2,595", "2012-09-30": "$2,699", "2012-06-30": "$2,618", "2012-03-31": "$2,579", "2011-12-31": "$2,484", "2011-09-30": "$2,455", "2011-06-30": "$2,485", "2011-03-31": "$2,489", "2010-12-31": "$2,461", "2010-09-30": "$2,479", "2010-06-30": "$2,352", "2010-03-31": "$2,302", "2009-12-31": "$2,359", "2009-09-30": "$2,407", "2009-06-30": "$2,221", "2009-03-31": "$1,968", "2008-12-31": "$1,887", "2008-09-30": "$2,040", "2008-06-30": "$2,213", "2008-03-31": "$2,321", "2007-12-31": "$2,299", "2007-09-30": "$2,193", "2007-06-30": "$2,099", "2007-03-31": "$2,101", "2006-12-31": "$1,999", "2006-09-30": "$1,909", "2006-06-30": "$1,770", "2006-03-31": "$1,843", "2005-12-31": "$1,951", "2005-09-30": "$1,868", "2005-06-30": "$2,491", "2005-03-31": "$2,325"}}, "profit-margins": {"current": "7.43%"}, "gross margin": {"2020-12-31": "41.06%", "2020-09-30": "39.58%", "2020-06-30": "39.22%", "2020-03-31": "38.77%", "2019-12-31": "41.39%", "2019-09-30": "40.26%", "2019-06-30": "40.26%", "2019-03-31": "40.43%", "2018-12-31": "39.38%", "2018-09-30": "39.44%", "2018-06-30": "38.70%", "2018-03-31": "39.38%", "2017-12-31": "39.53%", "2017-09-30": "35.26%", "2017-06-30": "36.84%", "2017-03-31": "36.04%", "2016-12-31": "37.17%", "2016-09-30": "42.85%", "2016-06-30": "42.79%", "2016-03-31": "43.35%", "2015-12-31": "42.70%", "2015-09-30": "43.21%", "2015-06-30": "42.30%", "2015-03-31": "37.34%", "2014-12-31": "32.10%", "2014-09-30": "31.46%", "2014-06-30": "26.86%", "2014-03-31": "26.74%", "2013-12-31": "27.39%", "2013-09-30": "22.87%", "2013-06-30": "22.04%", "2013-03-31": "20.24%", "2012-12-31": "20.02%", "2012-09-30": "23.24%", "2012-06-30": "22.12%", "2012-03-31": "21.47%", "2011-12-31": "21.21%", "2011-09-30": "17.55%", "2011-06-30": "19.91%", "2011-03-31": "21.46%", "2010-12-31": "22.08%", "2010-09-30": "20.14%", "2010-06-30": "20.21%", "2010-03-31": "22.48%", "2009-12-31": "21.70%", "2009-09-30": "20.85%", "2009-06-30": "16.51%", "2009-03-31": "16.69%", "2008-12-31": "18.58%", "2008-09-30": "20.22%", "2008-06-30": "25.12%", "2008-03-31": "25.68%", "2007-12-31": "25.92%", "2007-09-30": "25.17%", "2007-06-30": "24.55%", "2007-03-31": "25.05%", "2006-12-31": "25.62%", "2006-09-30": "26.45%", "2006-06-30": "19.04%", "2006-03-31": "18.83%", "2005-12-31": "17.42%"}, "operating margin": {"2020-12-31": "9.34%", "2020-09-30": "7.87%", "2020-06-30": "7.41%", "2020-03-31": "6.75%", "2019-12-31": "10.67%", "2019-09-30": "8.82%", "2019-06-30": "8.77%", "2019-03-31": "8.67%", "2018-12-31": "6.92%", "2018-09-30": "7.96%", "2018-06-30": "7.11%", "2018-03-31": "7.15%", "2017-12-31": "6.87%", "2017-09-30": "2.41%", "2017-06-30": "3.32%", "2017-03-31": "2.57%", "2016-12-31": "3.80%", "2016-09-30": "8.72%", "2016-06-30": "8.57%", "2016-03-31": "9.95%", "2015-12-31": "9.20%", "2015-09-30": "9.19%", "2015-06-30": "8.33%", "2015-03-31": "7.48%", "2014-12-31": "7.46%", "2014-09-30": "6.84%", "2014-06-30": "7.15%", "2014-03-31": "6.42%", "2013-12-31": "6.86%", "2013-09-30": "2.84%", "2013-06-30": "2.17%", "2013-03-31": "1.01%", "2012-12-31": "0.63%", "2012-09-30": "4.38%", "2012-06-30": "2.83%", "2012-03-31": "1.33%", "2011-12-31": "0.56%", "2011-09-30": "0.77%", "2011-06-30": "3.61%", "2011-03-31": "5.65%", "2010-12-31": "6.50%", "2010-09-30": "6.85%", "2010-06-30": "6.87%", "2010-03-31": "9.09%", "2009-12-31": "8.33%", "2009-09-30": "7.71%", "2009-06-30": "3.60%", "2009-03-31": "4.17%", "2008-12-31": "6.16%", "2008-09-30": "7.48%", "2008-06-30": "12.11%", "2008-03-31": "12.58%", "2007-12-31": "12.79%", "2007-09-30": "12.58%", "2007-06-30": "11.22%", "2007-03-31": "10.91%", "2006-12-31": "10.77%", "2006-09-30": "10.92%", "2006-06-30": "4.03%", "2006-03-31": "3.95%", "2005-12-31": "2.71%"}, "ebitda margin": {"2020-09-30": "9.21%", "2020-06-30": "8.79%", "2020-03-31": "8.19%", "2019-12-31": "12.12%", "2019-09-30": "10.30%", "2019-06-30": "10.32%", "2019-03-31": "10.34%", "2018-12-31": "8.68%", "2018-09-30": "10.01%", "2018-06-30": "9.25%", "2018-03-31": "9.29%", "2017-12-31": "8.97%", "2017-09-30": "4.58%", "2017-06-30": "5.45%", "2017-03-31": "4.77%", "2016-12-31": "6.09%", "2016-09-30": "10.78%", "2016-06-30": "10.64%", "2016-03-31": "12.05%", "2015-12-31": "11.28%", "2015-09-30": "11.53%", "2015-06-30": "10.72%", "2015-03-31": "9.84%", "2014-12-31": "9.87%", "2014-09-30": "9.06%", "2014-06-30": "9.42%", "2014-03-31": "8.85%", "2013-12-31": "9.28%", "2013-09-30": "5.24%", "2013-06-30": "4.55%", "2013-03-31": "3.29%", "2012-12-31": "2.96%", "2012-09-30": "6.87%", "2012-06-30": "5.30%", "2012-03-31": "3.70%", "2011-12-31": "2.87%", "2011-09-30": "2.89%", "2011-06-30": "5.77%", "2011-03-31": "7.93%", "2010-12-31": "8.79%", "2010-09-30": "8.82%", "2010-06-30": "8.56%", "2010-03-31": "10.48%", "2009-12-31": "9.46%", "2009-09-30": "8.65%", "2009-06-30": "4.38%", "2009-03-31": "4.77%", "2008-12-31": "6.57%", "2008-09-30": "8.15%", "2008-06-30": "12.78%", "2008-03-31": "13.29%", "2007-12-31": "13.58%", "2007-09-30": "13.29%", "2007-06-30": "12.00%", "2007-03-31": "11.78%", "2006-12-31": "11.69%", "2006-09-30": "11.86%", "2006-06-30": "5.07%", "2006-03-31": "5.06%", "2005-12-31": "3.93%"}, "pre tax profit margin": {"2020-12-31": "9.22%", "2020-09-30": "7.75%", "2020-06-30": "7.41%", "2020-03-31": "6.75%", "2019-12-31": "10.67%", "2019-09-30": "8.23%", "2019-06-30": "8.17%", "2019-03-31": "8.07%", "2018-12-31": "6.30%", "2018-09-30": "7.96%", "2018-06-30": "7.11%", "2018-03-31": "7.15%", "2017-12-31": "6.87%", "2017-09-30": "2.36%", "2017-06-30": "3.27%", "2017-03-31": "0.42%", "2016-12-31": "1.63%", "2016-09-30": "6.62%", "2016-06-30": "6.34%", "2016-03-31": "9.47%", "2015-12-31": "8.72%", "2015-09-30": "9.05%", "2015-06-30": "8.32%", "2015-03-31": "7.48%", "2014-12-31": "7.46%", "2014-09-30": "6.84%", "2014-06-30": "7.15%", "2014-03-31": "6.42%", "2013-12-31": "6.86%", "2013-09-30": "2.84%", "2013-06-30": "2.17%", "2013-03-31": "1.01%", "2012-12-31": "0.63%", "2012-09-30": "4.38%", "2012-06-30": "2.83%", "2012-03-31": "1.33%", "2011-12-31": "0.58%", "2011-09-30": "0.80%", "2011-06-30": "3.64%", "2011-03-31": "5.68%", "2010-12-31": "6.50%", "2010-09-30": "6.85%", "2010-06-30": "6.91%", "2010-03-31": "10.34%", "2009-12-31": "9.60%", "2009-09-30": "9.02%", "2009-06-30": "4.90%", "2009-03-31": "4.17%", "2008-12-31": "6.16%", "2008-09-30": "7.48%", "2008-06-30": "12.11%", "2008-03-31": "12.58%", "2007-12-31": "12.79%", "2007-09-30": "12.58%", "2007-06-30": "11.22%", "2007-03-31": "10.91%", "2006-12-31": "10.77%", "2006-09-30": "10.92%", "2006-06-30": "4.03%", "2006-03-31": "3.95%", "2005-12-31": "2.71%"}, "net profit margin": {"2020-12-31": "7.44%", "2020-09-30": "6.35%", "2020-06-30": "6.40%", "2020-03-31": "5.56%", "2019-12-31": "8.69%", "2019-09-30": "9.27%", "2019-06-30": "8.96%", "2019-03-31": "9.63%", "2018-12-31": "8.70%", "2018-09-30": "7.88%", "2018-06-30": "5.80%", "2018-03-31": "5.10%", "2017-12-31": "4.36%", "2017-09-30": "3.02%", "2017-06-30": "4.77%", "2017-03-31": "2.96%", "2016-12-31": "3.80%", "2016-09-30": "5.02%", "2016-06-30": "4.83%", "2016-03-31": "7.15%", "2015-12-31": "6.59%", "2015-09-30": "6.73%", "2015-06-30": "6.24%", "2015-03-31": "5.52%", "2014-12-31": "5.58%", "2014-09-30": "5.25%", "2014-06-30": "5.44%", "2014-03-31": "4.92%", "2013-12-31": "5.21%", "2013-09-30": "2.63%", "2013-06-30": "2.21%", "2013-03-31": "1.55%", "2012-12-31": "1.22%", "2012-09-30": "3.54%", "2012-06-30": "2.47%", "2012-03-31": "1.37%", "2011-12-31": "0.94%", "2011-09-30": "1.16%", "2011-06-30": "3.13%", "2011-03-31": "4.26%", "2010-12-31": "4.79%", "2010-09-30": "5.02%", "2010-06-30": "5.11%", "2010-03-31": "7.39%", "2009-12-31": "6.95%", "2009-09-30": "6.30%", "2009-06-30": "2.30%", "2009-03-31": "-0.45%", "2008-12-31": "0.78%", "2008-09-30": "2.37%", "2008-06-30": "6.65%", "2008-03-31": "9.32%", "2007-12-31": "9.50%", "2007-09-30": "8.78%", "2007-06-30": "7.96%", "2007-03-31": "7.64%", "2006-12-31": "6.82%", "2006-09-30": "9.22%", "2006-06-30": "-13.47%", "2006-03-31": "-12.66%", "2005-12-31": "-12.35%"}, "pe ratio": {"current": "12.15", "2021-02-05": "22.25", "2020-12-31": "22.93", "2020-09-30": "11.78", "2020-06-30": "13.01", "2020-03-31": "13.73", "2019-12-31": "12.71", "2019-09-30": "12.18", "2019-06-30": "12.20", "2019-03-31": "10.27", "2018-12-31": "11.55", "2018-09-30": "14.89", "2018-06-30": "19.94", "2018-03-31": "21.51", "2017-12-31": "21.98", "2017-09-30": "30.17", "2017-06-30": "16.75", "2017-03-31": "27.53", "2016-12-31": "21.88", "2016-09-30": "11.42", "2016-06-30": "13.50", "2016-03-31": "9.59", "2015-12-31": "9.28", "2015-09-30": "8.54", "2015-06-30": "8.68", "2015-03-31": "9.60", "2014-12-31": "9.37", "2014-09-30": "8.63", "2014-06-30": "8.60", "2014-03-31": "9.33", "2013-12-31": "8.62", "2013-09-30": "15.94", "2013-06-30": "16.93", "2013-03-31": "25.01", "2012-12-31": "25.32", "2012-09-30": "8.21", "2012-06-30": "12.42", "2012-03-31": "24.77", "2011-12-31": "32.37", "2011-09-30": "26.73", "2011-06-30": "11.93", "2011-03-31": "10.79", "2010-12-31": "10.25", "2010-09-30": "10.67", "2010-06-30": "10.41", "2010-03-31": "7.43", "2009-12-31": "8.25", "2009-09-30": "8.61", "2009-06-30": "22.37", "2009-03-31": "0.00", "2008-12-31": "81.81", "2008-09-30": "27.55", "2008-06-30": "8.72", "2008-03-31": "6.05", "2007-12-31": "6.60", "2007-09-30": "7.14", "2007-06-30": "8.65", "2007-03-31": "8.50", "2006-12-31": "10.29"}, "price sales": {"2021-02-05": "0.89", "2020-12-31": "0.92", "2020-09-30": "0.75", "2020-06-30": "0.83", "2020-03-31": "0.75", "2019-12-31": "1.11", "2019-09-30": "1.13", "2019-06-30": "1.09", "2019-03-31": "0.99", "2018-12-31": "1.01", "2018-09-30": "1.18", "2018-06-30": "1.16", "2018-03-31": "1.10", "2017-12-31": "0.96", "2017-09-30": "0.92", "2017-06-30": "0.80", "2017-03-31": "0.82", "2016-12-31": "0.84", "2016-09-30": "0.58", "2016-06-30": "0.65", "2016-03-31": "0.69", "2015-12-31": "0.61", "2015-09-30": "0.57", "2015-06-30": "0.54", "2015-03-31": "0.53", "2014-12-31": "0.52", "2014-09-30": "0.45", "2014-06-30": "0.47", "2014-03-31": "0.46", "2013-12-31": "0.45", "2013-09-30": "0.42", "2013-06-30": "0.37", "2013-03-31": "0.38", "2012-12-31": "0.30", "2012-09-30": "0.29", "2012-06-30": "0.31", "2012-03-31": "0.34", "2011-12-31": "0.31", "2011-09-30": "0.34", "2011-06-30": "0.39", "2011-03-31": "0.48", "2010-12-31": "0.50", "2010-09-30": "0.53", "2010-06-30": "0.52", "2010-03-31": "0.55", "2009-12-31": "0.58", "2009-09-30": "0.54", "2009-06-30": "0.51", "2009-03-31": "0.39", "2008-12-31": "0.58", "2008-09-30": "0.62", "2008-06-30": "0.57", "2008-03-31": "0.56", "2007-12-31": "0.62", "2007-09-30": "0.62", "2007-06-30": "0.68", "2007-03-31": "0.65", "2006-12-31": "0.70"}, "price book": {"current": "1.32", "2021-02-05": "1.35", "2020-09-30": "1.10", "2020-06-30": "1.23", "2020-03-31": "1.23", "2019-12-31": "1.75", "2019-09-30": "1.66", "2019-06-30": "1.64", "2019-03-31": "1.50", "2018-12-31": "1.50", "2018-09-30": "1.57", "2018-06-30": "1.54", "2018-03-31": "1.52", "2017-12-31": "1.35", "2017-09-30": "1.21", "2017-06-30": "1.10", "2017-03-31": "1.14", "2016-12-31": "1.17", "2016-09-30": "0.90", "2016-06-30": "1.02", "2016-03-31": "1.11", "2015-12-31": "1.04", "2015-09-30": "0.98", "2015-06-30": "0.93", "2015-03-31": "0.91", "2014-12-31": "0.91", "2014-09-30": "0.79", "2014-06-30": "0.81", "2014-03-31": "0.81", "2013-12-31": "0.81", "2013-09-30": "0.76", "2013-06-30": "0.68", "2013-03-31": "0.66", "2012-12-31": "0.52", "2012-09-30": "0.48", "2012-06-30": "0.51", "2012-03-31": "0.55", "2011-12-31": "0.48", "2011-09-30": "0.49", "2011-06-30": "0.51", "2011-03-31": "0.61", "2010-12-31": "0.62", "2010-09-30": "0.62", "2010-06-30": "0.60", "2010-03-31": "0.61", "2009-12-31": "0.64", "2009-09-30": "0.61", "2009-06-30": "0.61", "2009-03-31": "0.53", "2008-12-31": "0.82", "2008-09-30": "0.79", "2008-06-30": "0.68", "2008-03-31": "0.63", "2007-12-31": "0.72", "2007-09-30": "0.72", "2007-06-30": "0.83", "2007-03-31": "0.78", "2006-12-31": "0.86", "2006-09-30": "0.82", "2006-06-30": "0.94", "2006-03-31": "1.02"}, "price fcf": {"2021-02-05": "", "2020-09-30": "$18.30", "2020-06-30": "$16.72", "2020-03-31": "$14.59", "2019-12-31": "$14.52", "2019-09-30": "$12.27", "2019-06-30": "$12.03", "2019-03-31": "$12.68", "2018-12-31": "$12.52", "2018-09-30": "$14.33", "2018-06-30": "$14.30", "2018-03-31": "$15.44", "2017-12-31": "$15.95", "2017-09-30": "$16.26", "2017-06-30": "$17.29", "2017-03-31": "$16.27", "2016-12-31": "$16.84", "2016-09-30": "$14.66", "2016-06-30": "$12.58", "2016-03-31": "$9.45", "2015-12-31": "$9.49", "2015-09-30": "$11.00", "2015-06-30": "$10.87", "2015-03-31": "$12.78", "2014-12-31": "$12.33", "2014-09-30": "$13.24", "2014-06-30": "$11.10", "2014-03-31": "$9.89", "2013-12-31": "$8.04", "2013-09-30": "$7.96", "2013-06-30": "$7.89", "2013-03-31": "$7.82", "2012-12-31": "$8.54", "2012-09-30": "$2.66", "2012-06-30": "$3.48", "2012-03-31": "$4.21", "2011-12-31": "$4.48", "2011-09-30": "$8.15", "2011-06-30": "$5.86", "2011-03-31": "$4.59", "2010-12-31": "$1.57", "2010-09-30": "$0.72", "2010-06-30": "$0.42", "2010-03-31": "$0.25", "2009-12-31": "$1.59", "2009-09-30": "$0.99", "2009-06-30": "$1.80", "2009-03-31": "$4.30", "2008-12-31": "$3.87", "2008-09-30": "$3.85", "2008-06-30": "$1.68", "2008-03-31": "$0.42", "2007-12-31": "$1.22", "2007-09-30": "$2.26", "2007-06-30": "$2.19", "2007-03-31": "$2.32", "2006-12-31": "$0.63"}, "net worth": {"value": "$4.23B"}, "current ratio": {"2020-12-31": "0.39", "2020-09-30": "0.40", "2020-06-30": "0.40", "2020-03-31": "0.39", "2019-12-31": "0.41", "2019-09-30": "0.40", "2019-06-30": "0.40", "2019-03-31": "0.39", "2018-12-31": "0.51", "2018-09-30": "0.39", "2018-06-30": "0.44", "2018-03-31": "0.44", "2017-12-31": "0.42", "2017-09-30": "0.45", "2017-06-30": "0.45", "2017-03-31": "0.45", "2016-12-31": "0.44", "2016-09-30": "0.46", "2016-06-30": "0.47", "2016-03-31": "0.48", "2015-12-31": "0.47", "2015-09-30": "0.48", "2015-06-30": "0.51", "2015-03-31": "0.44", "2014-12-31": "0.44", "2014-09-30": "0.46", "2014-06-30": "0.47", "2014-03-31": "0.46", "2013-12-31": "0.45", "2013-09-30": "0.48", "2013-06-30": "0.49", "2013-03-31": "0.49", "2012-12-31": "0.48", "2012-09-30": "0.48", "2012-06-30": "0.49", "2012-03-31": "0.49", "2011-12-31": "0.50", "2011-09-30": "0.51", "2011-06-30": "0.55", "2011-03-31": "0.46", "2010-12-31": "0.48", "2010-09-30": "0.48", "2010-06-30": "0.47", "2010-03-31": "0.45", "2009-12-31": "0.47", "2009-09-30": "0.44", "2009-06-30": "0.45", "2009-03-31": "0.46", "2008-12-31": "0.47", "2008-09-30": "0.44", "2008-06-30": "0.44", "2008-03-31": "0.37", "2007-12-31": "0.44", "2007-09-30": "0.39", "2007-06-30": "0.39", "2007-03-31": "0.37", "2006-12-31": "0.40", "2006-09-30": "0.40", "2006-06-30": "0.40", "2006-03-31": "0.43", "2005-12-31": "0.45", "2005-09-30": "0.38", "2005-06-30": "0.36", "2005-03-31": "0.35"}, "quick ratio": {"2020-12-31": "0.00", "2020-09-30": "0.00", "2020-06-30": "0.00", "2020-03-31": "0.00", "2019-12-31": "0.00", "2019-09-30": "0.00", "2019-06-30": "0.00", "2019-03-31": "0.00", "2018-12-31": "0.00", "2018-09-30": "0.00", "2018-06-30": "0.00", "2018-03-31": "0.00", "2017-12-31": "0.00", "2017-09-30": "0.00", "2017-06-30": "0.00", "2017-03-31": "0.00", "2016-12-31": "0.00", "2016-09-30": "0.00", "2016-06-30": "0.00", "2016-03-31": "0.00", "2015-12-31": "0.00", "2015-09-30": "0.00", "2015-06-30": "0.00", "2015-03-31": "0.00", "2014-12-31": "0.00", "2014-09-30": "0.00", "2014-06-30": "0.00", "2014-03-31": "0.00", "2013-12-31": "0.00", "2013-09-30": "0.00", "2013-06-30": "0.00", "2013-03-31": "0.00", "2012-12-31": "0.00", "2012-09-30": "0.00", "2012-06-30": "0.00", "2012-03-31": "0.00", "2011-12-31": "0.00", "2011-09-30": "0.00", "2011-06-30": "0.00", "2011-03-31": "0.00", "2010-12-31": "0.00", "2010-09-30": "0.00", "2010-06-30": "0.00", "2010-03-31": "0.00", "2009-12-31": "0.00", "2009-09-30": "0.00", "2009-06-30": "0.00", "2009-03-31": "0.00", "2008-12-31": "0.00", "2008-09-30": "0.00", "2008-06-30": "0.00", "2008-03-31": "0.00", "2007-12-31": "0.00", "2007-09-30": "0.00", "2007-06-30": "0.00", "2007-03-31": "0.00", "2006-12-31": "0.00", "2006-09-30": "0.00", "2006-06-30": "0.00", "2006-03-31": "0.00", "2005-12-31": "0.00", "2005-09-30": "0.00", "2005-06-30": "0.00", "2005-03-31": "0.00"}, "debt equity ratio": {"current": "0.24", "2020-12-31": "3.20", "2020-09-30": "3.25", "2020-06-30": "3.18", "2020-03-31": "3.49", "2019-12-31": "3.28", "2019-09-30": "3.09", "2019-06-30": "3.13", "2019-03-31": "3.09", "2018-12-31": "3.20", "2018-09-30": "4.24", "2018-06-30": "4.24", "2018-03-31": "4.26", "2017-12-31": "4.16", "2017-09-30": "4.18", "2017-06-30": "3.98", "2017-03-31": "3.97", "2016-12-31": "3.98", "2016-09-30": "3.72", "2016-06-30": "3.71", "2016-03-31": "3.74", "2015-12-31": "3.85", "2015-09-30": "3.88", "2015-06-30": "3.86", "2015-03-31": "3.80", "2014-12-31": "3.84", "2014-09-30": "4.04", "2014-06-30": "4.00", "2014-03-31": "4.09", "2013-12-31": "4.16", "2013-09-30": "4.29", "2013-06-30": "4.33", "2013-03-31": "4.12", "2012-12-31": "4.20", "2012-09-30": "3.94", "2012-06-30": "4.01", "2012-03-31": "4.01", "2011-12-31": "4.07", "2011-09-30": "4.17", "2011-06-30": "2.61", "2011-03-31": "2.42", "2010-12-31": "2.48", "2010-09-30": "2.47", "2010-06-30": "2.56", "2010-03-31": "2.51", "2009-12-31": "2.41", "2009-09-30": "2.36", "2009-06-30": "2.49", "2009-03-31": "2.91", "2008-12-31": "3.89", "2008-09-30": "3.54", "2008-06-30": "3.28", "2008-03-31": "3.18", "2007-12-31": "3.27", "2007-09-30": "3.49", "2007-06-30": "3.67", "2007-03-31": "3.65", "2006-12-31": "3.93", "2006-09-30": "4.16", "2006-06-30": "4.47", "2006-03-31": "4.51", "2005-12-31": "4.45", "2005-09-30": "10.59", "2005-06-30": "7.77", "2005-03-31": "8.53"}, "return on equity": {"2020-12-31": "11.80%", "2020-09-30": "10.24%", "2020-06-30": "10.29%", "2020-03-31": "9.01%", "2019-12-31": "14.32%", "2019-09-30": "14.74%", "2019-06-30": "14.23%", "2019-03-31": "15.08%", "2018-12-31": "13.27%", "2018-09-30": "10.78%", "2018-06-30": "7.78%", "2018-03-31": "7.05%", "2017-12-31": "6.27%", "2017-09-30": "4.10%", "2017-06-30": "6.68%", "2017-03-31": "4.09%", "2016-12-31": "5.19%", "2016-09-30": "8.30%", "2016-06-30": "8.08%", "2016-03-31": "12.25%", "2015-12-31": "11.52%", "2015-09-30": "11.93%", "2015-06-30": "11.24%", "2015-03-31": "10.01%", "2014-12-31": "10.21%", "2014-09-30": "9.70%", "2014-06-30": "10.14%", "2014-03-31": "9.27%", "2013-12-31": "9.75%", "2013-09-30": "4.87%", "2013-06-30": "3.99%", "2013-03-31": "2.73%", "2012-12-31": "2.14%", "2012-09-30": "6.20%", "2012-06-30": "4.38%", "2012-03-31": "2.32%", "2011-12-31": "1.49%", "2011-09-30": "1.70%", "2011-06-30": "4.20%", "2011-03-31": "5.64%", "2010-12-31": "6.30%", "2010-09-30": "6.45%", "2010-06-30": "6.41%", "2010-03-31": "9.17%", "2009-12-31": "8.80%", "2009-09-30": "8.20%", "2009-06-30": "3.06%", "2009-03-31": "-0.59%", "2008-12-31": "0.99%", "2008-09-30": "2.84%", "2008-06-30": "7.93%", "2008-03-31": "11.18%", "2007-12-31": "11.69%", "2007-09-30": "10.68%", "2007-06-30": "10.01%", "2007-03-31": "9.98%", "2006-12-31": "9.09%", "2006-09-30": "13.06%", "2006-06-30": "-18.89%", "2006-03-31": "-16.19%", "2005-12-31": "-15.01%"}, "return on assets": {"2020-12-31": "2.76%", "2020-09-30": "2.38%", "2020-06-30": "2.42%", "2020-03-31": "2.12%", "2019-12-31": "3.45%", "2019-09-30": "3.57%", "2019-06-30": "3.22%", "2019-03-31": "3.21%", "2018-12-31": "2.66%", "2018-09-30": "2.06%", "2018-06-30": "1.49%", "2018-03-31": "1.37%", "2017-12-31": "1.24%", "2017-09-30": "0.82%", "2017-06-30": "1.36%", "2017-03-31": "0.85%", "2016-12-31": "1.08%", "2016-09-30": "1.75%", "2016-06-30": "1.69%", "2016-03-31": "2.54%", "2015-12-31": "2.38%", "2015-09-30": "2.46%", "2015-06-30": "2.30%", "2015-03-31": "2.04%", "2014-12-31": "2.05%", "2014-09-30": "1.91%", "2014-06-30": "1.98%", "2014-03-31": "1.78%", "2013-12-31": "1.87%", "2013-09-30": "0.93%", "2013-06-30": "0.78%", "2013-03-31": "0.54%", "2012-12-31": "0.42%", "2012-09-30": "1.24%", "2012-06-30": "0.87%", "2012-03-31": "0.49%", "2011-12-31": "0.35%", "2011-09-30": "0.43%", "2011-06-30": "1.20%", "2011-03-31": "1.62%", "2010-12-31": "1.80%", "2010-09-30": "1.85%", "2010-06-30": "1.85%", "2010-03-31": "2.67%", "2009-12-31": "2.50%", "2009-09-30": "2.12%", "2009-06-30": "0.73%", "2009-03-31": "-0.13%", "2008-12-31": "0.22%", "2008-09-30": "0.66%", "2008-06-30": "1.84%", "2008-03-31": "2.54%", "2007-12-31": "2.59%", "2007-09-30": "2.28%", "2007-06-30": "2.07%", "2007-03-31": "1.98%", "2006-12-31": "1.73%", "2006-09-30": "2.42%", "2006-06-30": "-2.69%", "2006-03-31": "-2.05%", "2005-12-31": "-1.70%"}, "return on investments": {"2020-12-31": "11.96%", "2020-09-30": "10.28%", "2020-06-30": "9.71%", "2020-03-31": "8.88%", "2019-12-31": "14.40%", "2019-09-30": "11.40%", "2019-06-30": "11.21%", "2019-03-31": "10.84%", "2018-12-31": "8.34%", "2018-09-30": "8.60%", "2018-06-30": "7.53%", "2018-03-31": "7.81%", "2017-12-31": "7.81%", "2017-09-30": "2.58%", "2017-06-30": "3.67%", "2017-03-31": "2.80%", "2016-12-31": "4.09%", "2016-09-30": "11.34%", "2016-06-30": "11.24%", "2016-03-31": "13.31%", "2015-12-31": "12.49%", "2015-09-30": "12.60%", "2015-06-30": "11.51%", "2015-03-31": "10.31%", "2014-12-31": "10.28%", "2014-09-30": "9.49%", "2014-06-30": "9.93%", "2014-03-31": "8.91%", "2013-12-31": "9.39%", "2013-09-30": "3.87%", "2013-06-30": "2.89%", "2013-03-31": "1.32%", "2012-12-31": "0.82%", "2012-09-30": "5.67%", "2012-06-30": "3.69%", "2012-03-31": "1.65%", "2011-12-31": "0.67%", "2011-09-30": "0.87%", "2011-06-30": "3.82%", "2011-03-31": "5.99%", "2010-12-31": "6.77%", "2010-09-30": "7.07%", "2010-06-30": "7.03%", "2010-03-31": "9.44%", "2009-12-31": "8.85%", "2009-09-30": "8.28%", "2009-06-30": "3.88%", "2009-03-31": "4.39%", "2008-12-31": "6.27%", "2008-09-30": "7.29%", "2008-06-30": "11.77%", "2008-03-31": "12.26%", "2007-12-31": "12.74%", "2007-09-30": "12.31%", "2007-06-30": "11.28%", "2007-03-31": "11.29%", "2006-12-31": "11.30%", "2006-09-30": "12.16%", "2006-06-30": "4.44%", "2006-03-31": "4.04%", "2005-12-31": "2.66%"}, "return on tangible equity": {"2020-09-30": "10.89%", "2020-06-30": "10.96%", "2020-03-31": "9.59%", "2019-12-31": "15.24%", "2019-09-30": "15.69%", "2019-06-30": "15.15%", "2019-03-31": "16.07%", "2018-12-31": "14.16%", "2018-09-30": "11.50%", "2018-06-30": "8.31%", "2018-03-31": "7.52%", "2017-12-31": "6.69%", "2017-09-30": "4.37%", "2017-06-30": "7.13%", "2017-03-31": "4.37%", "2016-12-31": "5.54%", "2016-09-30": "8.85%", "2016-06-30": "8.62%", "2016-03-31": "13.09%", "2015-12-31": "12.31%", "2015-09-30": "12.75%", "2015-06-30": "12.02%", "2015-03-31": "10.71%", "2014-12-31": "10.94%", "2014-09-30": "10.41%", "2014-06-30": "10.90%", "2014-03-31": "9.98%", "2013-12-31": "10.50%", "2013-09-30": "5.25%", "2013-06-30": "4.30%", "2013-03-31": "2.94%", "2012-12-31": "2.30%", "2012-09-30": "6.68%", "2012-06-30": "4.73%", "2012-03-31": "2.51%", "2011-12-31": "1.61%", "2011-09-30": "1.84%", "2011-06-30": "4.52%", "2011-03-31": "6.09%", "2010-12-31": "6.80%", "2010-09-30": "6.96%", "2010-06-30": "6.92%", "2010-03-31": "9.90%", "2009-12-31": "9.52%", "2009-09-30": "8.92%", "2009-06-30": "3.32%", "2009-03-31": "-0.64%", "2008-12-31": "1.06%", "2008-09-30": "3.02%", "2008-06-30": "8.41%", "2008-03-31": "11.85%", "2007-12-31": "12.39%", "2007-09-30": "11.34%", "2007-06-30": "10.65%", "2007-03-31": "10.65%", "2006-12-31": "9.74%", "2006-09-30": "14.01%", "2006-06-30": "-20.29%", "2006-03-31": "-17.28%", "2005-12-31": "-15.96%"}, "dividend yield history": {"last payout": "$2.80", "last yield": "2.47%"}}