{"ticker": "HOG", "price": {"title": "Harley-Davidson Historical Annual Stock Price Data", "value": 33.69, "historical": {"2021": {"Average Stock Price": "38.8175", "Year Open": "36.1500", "Year High": "42.5700", "Year Low": "32.0600", "Year Close": "33.6900", "Annual % Change": "-8.20%"}, "2020": {"Average Stock Price": "28.3238", "Year Open": "37.0900", "Year High": "41.4300", "Year Low": "15.0400", "Year Close": "36.7000", "Annual % Change": "-1.32%"}, "2019": {"Average Stock Price": "36.0611", "Year Open": "34.0800", "Year High": "41.0400", "Year Low": "30.3900", "Year Close": "37.1900", "Annual % Change": "9.00%"}, "2018": {"Average Stock Price": "43.1129", "Year Open": "52.0600", "Year High": "55.9500", "Year Low": "31.9100", "Year Close": "34.1200", "Annual % Change": "-32.94%"}, "2017": {"Average Stock Price": "52.8953", "Year Open": "58.9400", "Year High": "62.9400", "Year Low": "44.7800", "Year Close": "50.8800", "Annual % Change": "-12.79%"}, "2016": {"Average Stock Price": "49.6460", "Year Open": "45.5200", "Year High": "62.0700", "Year Low": "37.4900", "Year Close": "58.3400", "Annual % Change": "28.53%"}, "2015": {"Average Stock Price": "56.3511", "Year Open": "65.7900", "Year High": "66.1300", "Year Low": "45.1200", "Year Close": "45.3900", "Annual % Change": "-31.13%"}, "2014": {"Average Stock Price": "66.2628", "Year Open": "68.5600", "Year High": "73.9400", "Year Low": "55.4800", "Year Close": "65.9100", "Annual % Change": "-4.81%"}, "2013": {"Average Stock Price": "58.0544", "Year Open": "49.9900", "Year High": "69.3600", "Year Low": "48.6900", "Year Close": "69.2400", "Annual % Change": "41.80%"}, "2012": {"Average Stock Price": "45.9698", "Year Open": "39.3300", "Year High": "53.4900", "Year Low": "39.3300", "Year Close": "48.8300", "Annual % Change": "25.62%"}, "2011": {"Average Stock Price": "38.3581", "Year Open": "34.9400", "Year High": "45.9100", "Year Low": "32.1000", "Year Close": "38.8700", "Annual % Change": "12.11%"}, "2010": {"Average Stock Price": "28.6191", "Year Open": "25.4600", "Year High": "35.4900", "Year Low": "21.5100", "Year Close": "34.6700", "Annual % Change": "37.58%"}, "2009": {"Average Stock Price": "19.7565", "Year Open": "18.4000", "Year High": "29.5800", "Year Low": "8.2000", "Year Close": "25.2000", "Annual % Change": "48.50%"}, "2008": {"Average Stock Price": "34.0752", "Year Open": "45.6100", "Year High": "45.6100", "Year Low": "11.9000", "Year Close": "16.9700", "Annual % Change": "-63.67%"}, "2007": {"Average Stock Price": "57.8922", "Year Open": "70.1600", "Year High": "73.8500", "Year Low": "44.9600", "Year Close": "46.7100", "Annual % Change": "-33.72%"}, "2006": {"Average Stock Price": "57.5204", "Year Open": "51.2700", "Year High": "75.5000", "Year Low": "47.9600", "Year Close": "70.4700", "Annual % Change": "36.86%"}, "2005": {"Average Stock Price": "52.9022", "Year Open": "59.9000", "Year High": "62.1800", "Year Low": "44.4000", "Year Close": "51.4900", "Annual % Change": "-15.24%"}, "2004": {"Average Stock Price": "56.9658", "Year Open": "47.2000", "Year High": "62.9700", "Year Low": "46.0000", "Year Close": "60.7500", "Annual % Change": "27.81%"}, "2003": {"Average Stock Price": "44.5544", "Year Open": "48.1200", "Year High": "52.4500", "Year Low": "35.9500", "Year Close": "47.5300", "Annual % Change": "2.88%"}, "2002": {"Average Stock Price": "50.8951", "Year Open": "54.2200", "Year High": "57.0000", "Year Low": "42.8300", "Year Close": "46.2000", "Annual % Change": "-14.93%"}, "2001": {"Average Stock Price": "45.9773", "Year Open": "37.6200", "Year High": "55.6600", "Year Low": "35.1900", "Year Close": "54.3100", "Annual % Change": "36.63%"}, "2000": {"Average Stock Price": "41.2956", "Year Open": "31.2200", "Year High": "50.0000", "Year Low": "29.6250", "Year Close": "39.7500", "Annual % Change": "24.10%"}, "1999": {"Average Stock Price": "28.1017", "Year Open": "23.5950", "Year High": "32.0300", "Year Low": "23.2200", "Year Close": "32.0300", "Annual % Change": "35.20%"}, "1998": {"Average Stock Price": "17.3085", "Year Open": "13.6550", "Year High": "23.6900", "Year Low": "12.5600", "Year Close": "23.6900", "Annual % Change": "73.87%"}, "1997": {"Average Stock Price": "12.0380", "Year Open": "11.3125", "Year High": "15.3750", "Year Low": "8.4700", "Year Close": "13.6250", "Annual % Change": "15.96%"}, "1996": {"Average Stock Price": "10.2743", "Year Open": "7.1250", "Year High": "12.2800", "Year Low": "6.6550", "Year Close": "11.7500", "Annual % Change": "63.48%"}, "1995": {"Average Stock Price": "6.5062", "Year Open": "6.7800", "Year High": "7.5000", "Year Low": "5.6550", "Year Close": "7.1875", "Annual % Change": "2.68%"}, "1994": {"Average Stock Price": "6.2805", "Year Open": "5.5150", "Year High": "7.3450", "Year Low": "5.4688", "Year Close": "7.0000", "Annual % Change": "26.93%"}, "1993": {"Average Stock Price": "4.9728", "Year Open": "4.6400", "Year High": "5.8900", "Year Low": "4.0775", "Year Close": "5.5150", "Annual % Change": "17.28%"}, "1992": {"Average Stock Price": "3.5730", "Year Open": "2.7656", "Year High": "4.8438", "Year Low": "2.7425", "Year Close": "4.7025", "Annual % Change": "68.13%"}, "1991": {"Average Stock Price": "2.3322", "Year Open": "1.2113", "Year High": "3.7888", "Year Low": "1.1325", "Year Close": "2.7969", "Annual % Change": "132.47%"}, "1990": {"Average Stock Price": "1.3612", "Year Open": "1.2266", "Year High": "2.1175", "Year Low": "0.8594", "Year Close": "1.2031", "Annual % Change": "-1.92%"}, "1989": {"Average Stock Price": "0.9684", "Year Open": "0.8047", "Year High": "1.3359", "Year Low": "0.7694", "Year Close": "1.2266", "Annual % Change": "54.66%"}, "1988": {"Average Stock Price": "0.7107", "Year Open": "0.4375", "Year High": "0.9256", "Year Low": "0.3791", "Year Close": "0.7931", "Annual % Change": "95.20%"}}}, "market cap": {"value": "$5.16B"}, "income statement": {"Revenue": {"2020-12-31": "4054.37700", "2019-12-31": "5361.78900", "2018-12-31": "5716.87500", "2017-12-31": "5647.22400", "2016-12-31": "5996.45800", "2015-12-31": "5995.40200", "2014-12-31": "6228.50800", "2013-12-31": "5899.87200", "2012-12-31": "5580.50600", "2011-12-31": "5311.71300", "2010-12-31": "4859.33600", "2009-12-31": "4781.90900", "2008-12-31": "5955.38400", "2007-12-31": "6143.04400", "2006-12-31": "6185.57700", "2005-12-31": "5673.83200"}, "Cost Of Goods Sold": {"2020-12-31": "3019.36800", "2019-12-31": "3440.23600", "2018-12-31": "3544.98300", "2017-12-31": "3452.52300", "2016-12-31": "3599.75300", "2015-12-31": "3518.26700", "2014-12-31": "3707.07700", "2013-12-31": "3561.40900", "2012-12-31": "3418.38400", "2011-12-31": "3335.78000", "2010-12-31": "3021.70800", "2009-12-31": "3184.56800", "2008-12-31": "3784.03300", "2007-12-31": "3694.22300", "2006-12-31": "3742.00600", "2005-12-31": "3441.71300"}, "Gross Profit": {"2020-12-31": "1035.00900", "2019-12-31": "1921.55300", "2018-12-31": "2171.89200", "2017-12-31": "2194.70100", "2016-12-31": "2396.70500", "2015-12-31": "2477.13500", "2014-12-31": "2521.43100", "2013-12-31": "2338.46300", "2012-12-31": "2162.12200", "2011-12-31": "1975.93300", "2010-12-31": "1837.62800", "2009-12-31": "1597.34100", "2008-12-31": "2171.35100", "2007-12-31": "2448.82100", "2006-12-31": "2443.57100", "2005-12-31": "2232.11900"}, "Research And Development Expenses": {"2020-12-31": "", "2019-12-31": "", "2018-12-31": "", "2017-12-31": "", "2016-12-31": "", "2015-12-31": "", "2014-12-31": "", "2013-12-31": "", "2012-12-31": "", "2011-12-31": "", "2010-12-31": "", "2009-12-31": "", "2008-12-31": "", "2007-12-31": "", "2006-12-31": "", "2005-12-31": ""}, "SG&A Expenses": {"2020-12-31": "895.32100", "2019-12-31": "1199.05600", "2018-12-31": "1258.09800", "2017-12-31": "1180.17600", "2016-12-31": "1213.79400", "2015-12-31": "1220.09500", "2014-12-31": "1159.50200", "2013-12-31": "1124.75300", "2012-12-31": "1111.23200", "2011-12-31": "1060.94300", "2010-12-31": "1020.37100", "2009-12-31": "979.38400", "2008-12-31": "1060.15400", "2007-12-31": "1012.00800", "2006-12-31": "846.41800", "2005-12-31": "767.15700"}, "Other Operating Income Or Expenses": {"2020-12-31": "", "2019-12-31": "-134.53600", "2018-12-31": "-106.87000", "2017-12-31": "-132.44400", "2016-12-31": "-136.61700", "2015-12-31": "-101.34500", "2014-12-31": "-80.94600", "2013-12-31": "-60.00800", "2012-12-31": "-22.23900", "2011-12-31": "-17.03100", "2010-12-31": "-93.11800", "2009-12-31": "-169.20600", "2008-12-31": "-39.55500", "2007-12-31": "-11.25200", "2006-12-31": "", "2005-12-31": ""}, "Operating Expenses": {"2020-12-31": "4044.69800", "2019-12-31": "4806.18100", "2018-12-31": "5003.35200", "2017-12-31": "4765.14300", "2016-12-31": "4950.16400", "2015-12-31": "4839.70700", "2014-12-31": "4947.52500", "2013-12-31": "4746.17000", "2012-12-31": "4580.33000", "2011-12-31": "4481.74600", "2010-12-31": "4298.70500", "2009-12-31": "4585.82300", "2008-12-31": "4896.21700", "2007-12-31": "4717.48300", "2006-12-31": "4588.42400", "2005-12-31": "4208.87000"}, "Operating Income": {"2020-12-31": "9.67870", "2019-12-31": "555.60790", "2018-12-31": "713.52290", "2017-12-31": "882.08110", "2016-12-31": "1046.29400", "2015-12-31": "1155.69500", "2014-12-31": "1280.98300", "2013-12-31": "1153.70200", "2012-12-31": "1000.17600", "2011-12-31": "829.96680", "2010-12-31": "560.63090", "2009-12-31": "196.08640", "2008-12-31": "1059.16700", "2007-12-31": "1425.56100", "2006-12-31": "1597.15300", "2005-12-31": "1464.96200"}, "Total Non-Operating Income/Expense": {"2020-12-31": "-25.40900", "2019-12-31": "1.80700", "2018-12-31": "-26.89400", "2017-12-31": "-18.24200", "2016-12-31": "-22.38300", "2015-12-31": "-5.53200", "2014-12-31": "2.33700", "2013-12-31": "-39.39700", "2012-12-31": "-38.66400", "2011-12-31": "-37.30300", "2010-12-31": "-170.16200", "2009-12-31": "-17.42600", "2008-12-31": "6.75400", "2007-12-31": "22.25800", "2006-12-31": "27.08700", "2005-12-31": "22.79700"}, "Pre-Tax Income": {"2020-12-31": "-15.73000", "2019-12-31": "557.41500", "2018-12-31": "686.62900", "2017-12-31": "863.83900", "2016-12-31": "1023.91100", "2015-12-31": "1150.16300", "2014-12-31": "1283.32000", "2013-12-31": "1114.30500", "2012-12-31": "961.51200", "2011-12-31": "792.66400", "2010-12-31": "390.46900", "2009-12-31": "178.66000", "2008-12-31": "1065.92100", "2007-12-31": "1447.81900", "2006-12-31": "1624.24000", "2005-12-31": "1487.75900"}, "Income Taxes": {"2020-12-31": "-17.02800", "2019-12-31": "133.78000", "2018-12-31": "155.17800", "2017-12-31": "342.08000", "2016-12-31": "331.74700", "2015-12-31": "397.95600", "2014-12-31": "438.70900", "2013-12-31": "380.31200", "2012-12-31": "337.58700", "2011-12-31": "244.58600", "2010-12-31": "130.80000", "2009-12-31": "108.01900", "2008-12-31": "381.68600", "2007-12-31": "513.97600", "2006-12-31": "581.08700", "2005-12-31": "528.15500"}, "Income After Taxes": {"2020-12-31": "1.29800", "2019-12-31": "423.63500", "2018-12-31": "531.45100", "2017-12-31": "521.75900", "2016-12-31": "692.16400", "2015-12-31": "752.20700", "2014-12-31": "844.61100", "2013-12-31": "733.99300", "2012-12-31": "623.92500", "2011-12-31": "548.07800", "2010-12-31": "259.66900", "2009-12-31": "70.64100", "2008-12-31": "684.23500", "2007-12-31": "933.84300", "2006-12-31": "1043.15300", "2005-12-31": "959.60400"}, "Other Income": {"2020-12-31": "", "2019-12-31": "", "2018-12-31": "", "2017-12-31": "", "2016-12-31": "", "2015-12-31": "", "2014-12-31": "", "2013-12-31": "", "2012-12-31": "", "2011-12-31": "", "2010-12-31": "", "2009-12-31": "", "2008-12-31": "", "2007-12-31": "", "2006-12-31": "", "2005-12-31": ""}, "Income From Continuous Operations": {"2020-12-31": "1.29800", "2019-12-31": "423.63500", "2018-12-31": "531.45100", "2017-12-31": "521.75900", "2016-12-31": "692.16400", "2015-12-31": "752.20700", "2014-12-31": "844.61100", "2013-12-31": "733.99300", "2012-12-31": "623.92500", "2011-12-31": "548.07800", "2010-12-31": "259.66900", "2009-12-31": "70.64100", "2008-12-31": "684.23500", "2007-12-31": "933.84300", "2006-12-31": "1043.15300", "2005-12-31": "959.60400"}, "Income From Discontinued Operations": {"2020-12-31": "", "2019-12-31": "", "2018-12-31": "", "2017-12-31": "", "2016-12-31": "", "2015-12-31": "", "2014-12-31": "", "2013-12-31": "", "2012-12-31": "", "2011-12-31": "51.03600", "2010-12-31": "-113.12400", "2009-12-31": "-125.75700", "2008-12-31": "-29.51700", "2007-12-31": "", "2006-12-31": "", "2005-12-31": ""}, "Net Income": {"2020-12-31": "1.29800", "2019-12-31": "423.63500", "2018-12-31": "531.45100", "2017-12-31": "521.75900", "2016-12-31": "692.16400", "2015-12-31": "752.20700", "2014-12-31": "844.61100", "2013-12-31": "733.99300", "2012-12-31": "623.92500", "2011-12-31": "599.11400", "2010-12-31": "146.54500", "2009-12-31": "-55.11600", "2008-12-31": "654.71800", "2007-12-31": "933.84300", "2006-12-31": "1043.15300", "2005-12-31": "959.60400"}, "EBITDA": {"2020-12-31": "9.67870", "2019-12-31": "874.29390", "2018-12-31": "1068.06800", "2017-12-31": "1195.22500", "2016-12-31": "1351.78200", "2015-12-31": "1457.29000", "2014-12-31": "1563.15400", "2013-12-31": "1416.33100", "2012-12-31": "1257.71500", "2011-12-31": "1099.86000", "2010-12-31": "922.64280", "2009-12-31": "582.76540", "2008-12-31": "1322.66100", "2007-12-31": "1629.73300", "2006-12-31": "1810.92200", "2005-12-31": "1670.66700"}, "EBIT": {"2020-12-31": "9.67870", "2019-12-31": "555.60790", "2018-12-31": "713.52290", "2017-12-31": "882.08110", "2016-12-31": "1046.29400", "2015-12-31": "1155.69500", "2014-12-31": "1280.98300", "2013-12-31": "1153.70200", "2012-12-31": "1000.17600", "2011-12-31": "829.96680", "2010-12-31": "560.63090", "2009-12-31": "196.08640", "2008-12-31": "1059.16700", "2007-12-31": "1425.56100", "2006-12-31": "1597.15300", "2005-12-31": "1464.96200"}, "Basic Shares Outstanding": {"2020-12-31": "153.18600", "2019-12-31": "157.05400", "2018-12-31": "165.67200", "2017-12-31": "171.99500", "2016-12-31": "179.67600", "2015-12-31": "202.68100", "2014-12-31": "216.30500", "2013-12-31": "222.47500", "2012-12-31": "227.11900", "2011-12-31": "232.88900", "2010-12-31": "233.31200", "2009-12-31": "232.57700", "2008-12-31": "234.22500", "2007-12-31": "249.20500", "2006-12-31": "264.45300", "2005-12-31": "280.30300"}, "Shares Outstanding": {"2020-12-31": "153.90800", "2019-12-31": "157.80400", "2018-12-31": "166.50400", "2017-12-31": "172.93200", "2016-12-31": "180.53500", "2015-12-31": "203.68600", "2014-12-31": "217.70600", "2013-12-31": "224.07100", "2012-12-31": "229.22900", "2011-12-31": "234.91800", "2010-12-31": "234.78700", "2009-12-31": "233.57300", "2008-12-31": "234.47700", "2007-12-31": "249.88200", "2006-12-31": "265.27300", "2005-12-31": "281.03500"}, "Basic EPS": {"2020-12-31": "0.01000", "2019-12-31": "2.70000", "2018-12-31": "3.21000", "2017-12-31": "3.03000", "2016-12-31": "3.85000", "2015-12-31": "3.71000", "2014-12-31": "3.90000", "2013-12-31": "3.30000", "2012-12-31": "2.75000", "2011-12-31": "2.57000", "2010-12-31": "0.63000", "2009-12-31": "-0.24000", "2008-12-31": "2.80000", "2007-12-31": "3.75000", "2006-12-31": "3.94000", "2005-12-31": "3.42000"}, "EPS - Earnings Per Share": {"2020-12-31": "0.01000", "2019-12-31": "2.68000", "2018-12-31": "3.19000", "2017-12-31": "3.02000", "2016-12-31": "3.83000", "2015-12-31": "3.69000", "2014-12-31": "3.88000", "2013-12-31": "3.28000", "2012-12-31": "2.72000", "2011-12-31": "2.55000", "2010-12-31": "0.62000", "2009-12-31": "-0.24000", "2008-12-31": "2.79000", "2007-12-31": "3.74000", "2006-12-31": "3.93000", "2005-12-31": "3.41000"}}, "income statement, quarterly": {"Revenue": {"2020-12-31": "725.22200", "2020-09-30": "1165.68400", "2020-06-30": "865.22700", "2020-03-31": "1298.24400", "2019-12-31": "1072.27100", "2019-09-30": "1272.51900", "2019-06-30": "1632.61900", "2019-03-31": "1384.38000", "2018-12-31": "1145.86200", "2018-09-30": "1315.66900", "2018-06-30": "1713.22300", "2018-03-31": "1542.12100", "2017-12-31": "1228.92800", "2017-09-30": "1151.19500", "2017-06-30": "1765.16900", "2017-03-31": "1501.93200", "2016-12-31": "1110.60000", "2016-09-30": "1274.81300", "2016-06-30": "1861.07700", "2016-03-31": "1749.96800", "2015-12-31": "1180.63500", "2015-09-30": "1317.43000", "2015-06-30": "1824.39200", "2015-03-31": "1672.94500", "2014-12-31": "1200.15700", "2014-09-30": "1301.60400", "2014-06-30": "2000.69900", "2014-03-31": "1726.04800", "2013-12-31": "1190.63400", "2013-09-30": "1343.71800", "2013-06-30": "1794.30700", "2013-03-31": "1571.21300", "2012-12-31": "1170.86000", "2012-09-30": "1250.29500", "2012-06-30": "1729.66000", "2012-03-31": "1429.69100", "2011-12-31": "1183.93000", "2011-09-30": "1397.25600", "2011-06-30": "1505.59700", "2011-03-31": "1224.93000", "2010-12-31": "1083.39800", "2010-09-30": "1259.96000", "2010-06-30": "1308.80600", "2010-03-31": "1207.17200", "2009-12-31": "893.65100", "2009-09-30": "1245.45800", "2009-06-30": "1259.70100", "2009-03-31": "1383.09900", "2008-12-31": "1341.57300", "2008-09-30": "1534.80000", "2008-06-30": "1679.40900", "2008-03-31": "1399.60200", "2007-12-31": "1482.58600", "2007-09-30": "1639.87200", "2007-06-30": "1732.54800", "2007-03-31": "1288.03800", "2006-12-31": "1595.71200", "2006-09-30": "1733.26000", "2006-06-30": "1475.61400", "2006-03-31": "1380.99100", "2005-12-31": "1418.39500", "2005-09-30": "1512.59500", "2005-06-30": "1418.56600", "2005-03-31": "1324.27600"}, "Cost Of Goods Sold": {"2020-12-31": "524.28700", "2020-09-30": "744.32900", "2020-06-30": "623.83300", "2020-03-31": "833.34100", "2019-12-31": "705.50710", "2019-09-30": "802.26800", "2019-06-30": "1031.93900", "2019-03-31": "900.52200", "2018-12-31": "740.15380", "2018-09-30": "821.22600", "2018-06-30": "1044.97900", "2018-03-31": "938.62400", "2017-12-31": "772.77330", "2017-09-30": "733.99200", "2017-06-30": "1048.58100", "2017-03-31": "897.17700", "2016-12-31": "694.87000", "2016-09-30": "767.18400", "2016-06-30": "1105.45000", "2016-03-31": "1032.24900", "2015-12-31": "727.18300", "2015-09-30": "787.49600", "2015-06-30": "1044.75700", "2015-03-31": "958.83100", "2014-12-31": "761.67710", "2014-09-30": "776.09900", "2014-06-30": "1150.88700", "2014-03-31": "1018.41400", "2013-12-31": "747.03410", "2013-09-30": "803.91300", "2013-06-30": "1075.10200", "2013-03-31": "935.36000", "2012-12-31": "738.73210", "2012-09-30": "757.59500", "2012-06-30": "1053.94200", "2012-03-31": "868.11500", "2011-12-31": "758.88490", "2011-09-30": "879.21500", "2011-06-30": "928.46700", "2011-03-31": "769.21300", "2010-12-31": "705.39010", "2010-09-30": "770.08900", "2010-06-30": "807.23800", "2010-03-31": "738.99100", "2009-12-31": "680.32000", "2009-09-30": "818.50500", "2009-06-30": "827.65700", "2009-03-31": "858.08600", "2008-12-31": "800.04190", "2008-09-30": "1015.09500", "2008-06-30": "1080.33800", "2008-03-31": "888.55800", "2007-12-31": "826.94610", "2007-09-30": "999.05000", "2007-06-30": "1062.17200", "2007-03-31": "806.05500", "2006-12-31": "977.01390", "2006-09-30": "1025.81500", "2006-06-30": "903.03100", "2006-03-31": "836.14600", "2005-12-31": "864.42000", "2005-09-30": "903.74800", "2005-06-30": "867.11100", "2005-03-31": "806.43400"}, "Gross Profit": {"2020-12-31": "200.93500", "2020-09-30": "421.35490", "2020-06-30": "241.39400", "2020-03-31": "464.90300", "2019-12-31": "366.76380", "2019-09-30": "470.25100", "2019-06-30": "600.68010", "2019-03-31": "483.85800", "2018-12-31": "405.70810", "2018-09-30": "494.44290", "2018-06-30": "668.24400", "2018-03-31": "603.49690", "2017-12-31": "456.15500", "2017-09-30": "417.20290", "2017-06-30": "716.58800", "2017-03-31": "604.75500", "2016-12-31": "415.72990", "2016-09-30": "507.62900", "2016-06-30": "755.62700", "2016-03-31": "717.71900", "2015-12-31": "453.45160", "2015-09-30": "529.93410", "2015-06-30": "779.63500", "2015-03-31": "714.11400", "2014-12-31": "438.47980", "2014-09-30": "525.50500", "2014-06-30": "849.81200", "2014-03-31": "707.63400", "2013-12-31": "443.60000", "2013-09-30": "539.80510", "2013-06-30": "719.20510", "2013-03-31": "635.85300", "2012-12-31": "432.12770", "2012-09-30": "492.70000", "2012-06-30": "675.71800", "2012-03-31": "561.57600", "2011-12-31": "425.04490", "2011-09-30": "518.04100", "2011-06-30": "577.13000", "2011-03-31": "455.71710", "2010-12-31": "378.00780", "2010-09-30": "489.87100", "2010-06-30": "501.56800", "2010-03-31": "468.18100", "2009-12-31": "213.33100", "2009-09-30": "426.95300", "2009-06-30": "432.04410", "2009-03-31": "525.01300", "2008-12-31": "541.53080", "2008-09-30": "519.70500", "2008-06-30": "599.07100", "2008-03-31": "511.04400", "2007-12-31": "655.64000", "2007-09-30": "640.82200", "2007-06-30": "670.37600", "2007-03-31": "481.98300", "2006-12-31": "618.69850", "2006-09-30": "707.44490", "2006-06-30": "572.58300", "2006-03-31": "544.84500", "2005-12-31": "553.97540", "2005-09-30": "608.84690", "2005-06-30": "551.45500", "2005-03-31": "517.84200"}, "Research And Development Expenses": {"2020-12-31": "", "2020-09-30": "", "2020-06-30": "", "2020-03-31": "", "2019-12-31": "", "2019-09-30": "", "2019-06-30": "", "2019-03-31": "", "2018-12-31": "", "2018-09-30": "", "2018-06-30": "", "2018-03-31": "", "2017-12-31": "", "2017-09-30": "", "2017-06-30": "", "2017-03-31": "", "2016-12-31": "", "2016-09-30": "", "2016-06-30": "", "2016-03-31": "", "2015-12-31": "", "2015-09-30": "", "2015-06-30": "", "2015-03-31": "", "2014-12-31": "", "2014-09-30": "", "2014-06-30": "", "2014-03-31": "", "2013-12-31": "", "2013-09-30": "", "2013-06-30": "", "2013-03-31": "", "2012-12-31": "", "2012-09-30": "", "2012-06-30": "", "2012-03-31": "", "2011-12-31": "", "2011-09-30": "", "2011-06-30": "", "2011-03-31": "", "2010-12-31": "", "2010-09-30": "", "2010-06-30": "", "2010-03-31": "", "2009-12-31": "", "2009-09-30": "", "2009-06-30": "", "2009-03-31": "", "2008-12-31": "", "2008-09-30": "", "2008-06-30": "", "2008-03-31": "", "2007-12-31": "", "2007-09-30": "", "2007-06-30": "", "2007-03-31": "", "2006-12-31": "", "2006-09-30": "", "2006-06-30": "", "2006-03-31": "", "2005-12-31": "", "2005-09-30": "", "2005-06-30": "", "2005-03-31": ""}, "SG&A Expenses": {"2020-12-31": "276.40900", "2020-09-30": "231.72100", "2020-06-30": "224.36500", "2020-03-31": "277.97100", "2019-12-31": "313.78300", "2019-09-30": "309.03100", "2019-06-30": "307.61700", "2019-03-31": "268.62500", "2018-12-31": "348.20000", "2018-09-30": "306.66500", "2018-06-30": "313.04700", "2018-03-31": "290.18600", "2017-12-31": "323.57010", "2017-09-30": "293.53800", "2017-06-30": "291.08400", "2017-03-31": "271.98400", "2016-12-31": "309.47200", "2016-09-30": "292.71000", "2016-06-30": "319.84400", "2016-03-31": "291.76800", "2015-12-31": "353.53700", "2015-09-30": "286.86500", "2015-06-30": "301.94400", "2015-03-31": "277.74900", "2014-12-31": "316.99000", "2014-09-30": "279.93500", "2014-06-30": "286.15600", "2014-03-31": "276.42100", "2013-12-31": "298.85400", "2013-09-30": "273.01600", "2013-06-30": "281.38400", "2013-03-31": "271.49900", "2012-12-31": "304.97600", "2012-09-30": "257.35900", "2012-06-30": "283.24400", "2012-03-31": "265.65300", "2011-12-31": "301.66900", "2011-09-30": "256.73500", "2011-06-30": "268.42400", "2011-03-31": "234.11500", "2010-12-31": "299.61590", "2010-09-30": "241.97600", "2010-06-30": "243.42900", "2010-03-31": "235.35000", "2009-12-31": "288.54790", "2009-09-30": "219.45000", "2009-06-30": "229.36400", "2009-03-31": "242.02200", "2008-12-31": "347.72710", "2008-09-30": "250.77700", "2008-06-30": "241.65900", "2008-03-31": "219.99100", "2007-12-31": "358.73300", "2007-09-30": "235.36000", "2007-06-30": "225.17300", "2007-03-31": "192.74200", "2006-12-31": "239.19200", "2006-09-30": "223.45800", "2006-06-30": "198.10900", "2006-03-31": "185.65900", "2005-12-31": "208.37600", "2005-09-30": "197.98500", "2005-06-30": "188.09600", "2005-03-31": "172.70000"}, "Other Operating Income Or Expenses": {"2020-12-31": "", "2020-09-30": "-7.83500", "2020-06-30": "-91.17900", "2020-03-31": "-79.41900", "2019-12-31": "-39.91500", "2019-09-30": "-33.74700", "2019-06-30": "-26.38300", "2019-03-31": "-34.49100", "2018-12-31": "-34.40800", "2018-09-30": "-23.53000", "2018-06-30": "-18.88000", "2018-03-31": "-30.05200", "2017-12-31": "-33.38500", "2017-09-30": "-29.25300", "2017-06-30": "-26.21700", "2017-03-31": "-43.58900", "2016-12-31": "-39.49000", "2016-09-30": "-36.54300", "2016-06-30": "-23.46100", "2016-03-31": "-37.12300", "2015-12-31": "-32.69000", "2015-09-30": "-27.23300", "2015-06-30": "-15.17500", "2015-03-31": "-26.24700", "2014-12-31": "-23.15700", "2014-09-30": "-21.49700", "2014-06-30": "-15.96100", "2014-03-31": "-20.33100", "2013-12-31": "-20.99700", "2013-09-30": "-14.60400", "2013-06-30": "-11.29700", "2013-03-31": "-13.11000", "2012-12-31": "-9.41500", "2012-09-30": "-9.06900", "2012-06-30": "5.25900", "2012-03-31": "-9.01400", "2011-12-31": "-12.02600", "2011-09-30": "-6.18900", "2011-06-30": "6.79000", "2011-03-31": "-5.60600", "2010-12-31": "-24.00100", "2010-09-30": "-28.04900", "2010-06-30": "-9.26200", "2010-03-31": "-31.80600", "2009-12-31": "-31.37500", "2009-09-30": "-56.44500", "2009-06-30": "-75.47500", "2009-03-31": "-5.91100", "2008-12-31": "", "2008-09-30": "", "2008-06-30": "", "2008-03-31": "", "2007-12-31": "", "2007-09-30": "", "2007-06-30": "", "2007-03-31": "", "2006-12-31": "", "2006-09-30": "", "2006-06-30": "", "2006-03-31": "", "2005-12-31": "", "2005-09-30": "", "2005-06-30": "", "2005-03-31": ""}, "Operating Expenses": {"2020-12-31": "844.84100", "2020-09-30": "1027.80000", "2020-06-30": "981.32600", "2020-03-31": "1190.73100", "2019-12-31": "1059.87600", "2019-09-30": "1152.67500", "2019-06-30": "1376.36200", "2019-03-31": "1217.26800", "2018-12-31": "1142.11900", "2018-09-30": "1166.25300", "2018-06-30": "1389.27600", "2018-03-31": "1305.70400", "2017-12-31": "1129.72800", "2017-09-30": "1056.78300", "2017-06-30": "1365.88200", "2017-03-31": "1212.75000", "2016-12-31": "1043.83200", "2016-09-30": "1096.43700", "2016-06-30": "1448.75500", "2016-03-31": "1361.14000", "2015-12-31": "1113.41000", "2015-09-30": "1101.59400", "2015-06-30": "1361.87600", "2015-03-31": "1262.82700", "2014-12-31": "1101.82400", "2014-09-30": "1077.53100", "2014-06-30": "1453.00400", "2014-03-31": "1315.16600", "2013-12-31": "1068.59800", "2013-09-30": "1092.17900", "2013-06-30": "1362.48600", "2013-03-31": "1222.90700", "2012-12-31": "1054.75700", "2012-09-30": "1033.19300", "2012-06-30": "1338.14700", "2012-03-31": "1154.23300", "2011-12-31": "1091.55000", "2011-09-30": "1154.56800", "2011-06-30": "1203.69500", "2011-03-31": "1031.93300", "2010-12-31": "1046.67800", "2010-09-30": "1107.59000", "2010-06-30": "1090.05400", "2010-03-31": "1054.38300", "2009-12-31": "1122.57900", "2009-09-30": "1146.34900", "2009-06-30": "1176.01400", "2009-03-31": "1140.88100", "2008-12-31": "1187.32400", "2008-09-30": "1266.79800", "2008-06-30": "1333.54600", "2008-03-31": "1108.54900", "2007-12-31": "1196.93100", "2007-09-30": "1234.41000", "2007-06-30": "1287.34500", "2007-03-31": "998.79700", "2006-12-31": "1216.20600", "2006-09-30": "1249.27300", "2006-06-30": "1101.14000", "2006-03-31": "1021.80500", "2005-12-31": "1072.79600", "2005-09-30": "1101.73300", "2005-06-30": "1055.20700", "2005-03-31": "979.13400"}, "Operating Income": {"2020-12-31": "-119.61900", "2020-09-30": "137.88390", "2020-06-30": "-116.09900", "2020-03-31": "107.51310", "2019-12-31": "12.39480", "2019-09-30": "119.84400", "2019-06-30": "256.25710", "2019-03-31": "167.11210", "2018-12-31": "3.74280", "2018-09-30": "149.41590", "2018-06-30": "323.94700", "2018-03-31": "236.41690", "2017-12-31": "99.20030", "2017-09-30": "94.41190", "2017-06-30": "399.28700", "2017-03-31": "289.18200", "2016-12-31": "66.76810", "2016-09-30": "178.37600", "2016-06-30": "412.32190", "2016-03-31": "388.82790", "2015-12-31": "67.22450", "2015-09-30": "215.83610", "2015-06-30": "462.51600", "2015-03-31": "410.11800", "2014-12-31": "98.33260", "2014-09-30": "224.07310", "2014-06-30": "547.69490", "2014-03-31": "410.88200", "2013-12-31": "122.03630", "2013-09-30": "251.53910", "2013-06-30": "431.82100", "2013-03-31": "348.30600", "2012-12-31": "116.10270", "2012-09-30": "217.10210", "2012-06-30": "391.51310", "2012-03-31": "275.45790", "2011-12-31": "92.37950", "2011-09-30": "242.68810", "2011-06-30": "301.90200", "2011-03-31": "192.99720", "2010-12-31": "36.71960", "2010-09-30": "152.37000", "2010-06-30": "218.75210", "2010-03-31": "152.78890", "2009-12-31": "-228.92800", "2009-09-30": "99.10910", "2009-06-30": "83.68710", "2009-03-31": "242.21800", "2008-12-31": "154.24880", "2008-09-30": "268.00200", "2008-06-30": "345.86300", "2008-03-31": "291.05300", "2007-12-31": "285.65530", "2007-09-30": "405.46190", "2007-06-30": "445.20300", "2007-03-31": "289.24100", "2006-12-31": "379.50610", "2006-09-30": "483.98690", "2006-06-30": "374.47400", "2006-03-31": "359.18600", "2005-12-31": "345.59920", "2005-09-30": "410.86190", "2005-06-30": "363.35900", "2005-03-31": "345.14200"}, "Total Non-Operating Income/Expense": {"2020-12-31": "-5.65000", "2020-09-30": "-4.95600", "2020-06-30": "-1.85600", "2020-03-31": "-12.94700", "2019-12-31": "1.28400", "2019-09-30": "-2.58800", "2019-06-30": "-0.17600", "2019-03-31": "3.28700", "2018-12-31": "-7.85300", "2018-09-30": "-8.22400", "2018-06-30": "-4.55000", "2018-03-31": "-6.26700", "2017-12-31": "-4.37300", "2017-09-30": "-4.51700", "2017-06-30": "-4.85400", "2017-03-31": "-4.49800", "2016-12-31": "-4.16900", "2016-09-30": "-5.40600", "2016-06-30": "-6.40600", "2016-03-31": "-6.40200", "2015-12-31": "-6.61800", "2015-09-30": "-1.66800", "2015-06-30": "1.44100", "2015-03-31": "1.31300", "2014-12-31": "1.54400", "2014-09-30": "1.43200", "2014-06-30": "1.37900", "2014-03-31": "-2.01800", "2013-12-31": "-9.94500", "2013-09-30": "-10.20800", "2013-06-30": "-9.46800", "2013-03-31": "-9.77600", "2012-12-31": "-9.74700", "2012-09-30": "-9.99100", "2012-06-30": "-9.36400", "2012-03-31": "-9.56200", "2011-12-31": "-8.82700", "2011-09-30": "-8.79100", "2011-06-30": "-9.60200", "2011-03-31": "-10.08300", "2010-12-31": "-103.68000", "2010-09-30": "-21.86300", "2010-06-30": "-22.04000", "2010-03-31": "-22.57900", "2009-12-31": "-9.17500", "2009-09-30": "0.06500", "2009-06-30": "-0.52300", "2009-03-31": "-7.79300", "2008-12-31": "0.94700", "2008-09-30": "1.52500", "2008-06-30": "2.24000", "2008-03-31": "2.04200", "2007-12-31": "2.82600", "2007-09-30": "5.35300", "2007-06-30": "5.16400", "2007-03-31": "8.91500", "2006-12-31": "9.22600", "2006-09-30": "4.65900", "2006-06-30": "5.88500", "2006-03-31": "7.31700", "2005-12-31": "11.05800", "2005-09-30": "-0.07900", "2005-06-30": "4.68900", "2005-03-31": "7.12900"}, "Pre-Tax Income": {"2020-12-31": "-125.26900", "2020-09-30": "132.92800", "2020-06-30": "-117.95500", "2020-03-31": "94.56600", "2019-12-31": "13.67900", "2019-09-30": "117.25600", "2019-06-30": "256.08100", "2019-03-31": "170.39900", "2018-12-31": "-4.11000", "2018-09-30": "141.19200", "2018-06-30": "319.39700", "2018-03-31": "230.15000", "2017-12-31": "94.82700", "2017-09-30": "89.89500", "2017-06-30": "394.43300", "2017-03-31": "284.68400", "2016-12-31": "62.59910", "2016-09-30": "172.97000", "2016-06-30": "405.91600", "2016-03-31": "382.42600", "2015-12-31": "60.60700", "2015-09-30": "214.16800", "2015-06-30": "463.95700", "2015-03-31": "411.43100", "2014-12-31": "99.87700", "2014-09-30": "225.50500", "2014-06-30": "549.07400", "2014-03-31": "408.86400", "2013-12-31": "112.09110", "2013-09-30": "241.33100", "2013-06-30": "422.35300", "2013-03-31": "338.53000", "2012-12-31": "106.35600", "2012-09-30": "207.11100", "2012-06-30": "382.14900", "2012-03-31": "265.89600", "2011-12-31": "83.55300", "2011-09-30": "233.89700", "2011-06-30": "292.30000", "2011-03-31": "182.91400", "2010-12-31": "-66.96000", "2010-09-30": "130.50700", "2010-06-30": "196.71200", "2010-03-31": "130.21000", "2009-12-31": "-238.10300", "2009-09-30": "99.17400", "2009-06-30": "83.16400", "2009-03-31": "234.42500", "2008-12-31": "155.19600", "2008-09-30": "269.52700", "2008-06-30": "348.10300", "2008-03-31": "293.09500", "2007-12-31": "288.48090", "2007-09-30": "410.81500", "2007-06-30": "450.36700", "2007-03-31": "298.15600", "2006-12-31": "388.73200", "2006-09-30": "488.64600", "2006-06-30": "380.35900", "2006-03-31": "366.50300", "2005-12-31": "356.65710", "2005-09-30": "410.78300", "2005-06-30": "368.04800", "2005-03-31": "352.27100"}, "Income Taxes": {"2020-12-31": "-28.87100", "2020-09-30": "12.71000", "2020-06-30": "-25.73800", "2020-03-31": "24.87100", "2019-12-31": "0.18300", "2019-09-30": "30.69300", "2019-06-30": "60.45000", "2019-03-31": "42.45400", "2018-12-31": "-4.60500", "2018-09-30": "27.33700", "2018-06-30": "77.05900", "2018-03-31": "55.38700", "2017-12-31": "86.51300", "2017-09-30": "21.68600", "2017-06-30": "135.56600", "2017-03-31": "98.31500", "2016-12-31": "15.42000", "2016-09-30": "58.90500", "2016-06-30": "125.48500", "2016-03-31": "131.93700", "2015-12-31": "18.41100", "2015-09-30": "73.82100", "2015-06-30": "164.14700", "2015-03-31": "141.57700", "2014-12-31": "25.40200", "2014-09-30": "75.43900", "2014-06-30": "194.92100", "2014-03-31": "142.94700", "2013-12-31": "36.68200", "2013-09-30": "78.61500", "2013-06-30": "150.61400", "2013-03-31": "114.40100", "2012-12-31": "35.71700", "2012-09-30": "73.11000", "2012-06-30": "134.89900", "2012-03-31": "93.86100", "2011-12-31": "28.90900", "2011-09-30": "50.30300", "2011-06-30": "101.72000", "2011-03-31": "63.65400", "2010-12-31": "-24.88400", "2010-09-30": "36.79000", "2010-06-30": "57.42500", "2010-03-31": "61.46900", "2009-12-31": "-90.93300", "2009-09-30": "42.79300", "2009-06-30": "49.78700", "2009-03-31": "106.37200", "2008-12-31": "47.87000", "2008-09-30": "102.98600", "2008-06-30": "125.31600", "2008-03-31": "105.51400", "2007-12-31": "102.40400", "2007-09-30": "145.84900", "2007-06-30": "159.87700", "2007-03-31": "105.84600", "2006-12-31": "136.30600", "2006-09-30": "175.91200", "2006-06-30": "136.92900", "2006-03-31": "131.94000", "2005-12-31": "126.61310", "2005-09-30": "145.82900", "2005-06-30": "130.65700", "2005-03-31": "125.05600"}, "Income After Taxes": {"2020-12-31": "-96.39800", "2020-09-30": "120.21800", "2020-06-30": "-92.21700", "2020-03-31": "69.69500", "2019-12-31": "13.49600", "2019-09-30": "86.56300", "2019-06-30": "195.63100", "2019-03-31": "127.94500", "2018-12-31": "0.49500", "2018-09-30": "113.85500", "2018-06-30": "242.33800", "2018-03-31": "174.76300", "2017-12-31": "8.31410", "2017-09-30": "68.20900", "2017-06-30": "258.86700", "2017-03-31": "186.36900", "2016-12-31": "47.17900", "2016-09-30": "114.06500", "2016-06-30": "280.43100", "2016-03-31": "250.48900", "2015-12-31": "42.19600", "2015-09-30": "140.34700", "2015-06-30": "299.81000", "2015-03-31": "269.85400", "2014-12-31": "74.47500", "2014-09-30": "150.06600", "2014-06-30": "354.15300", "2014-03-31": "265.91700", "2013-12-31": "75.40900", "2013-09-30": "162.71600", "2013-06-30": "271.73900", "2013-03-31": "224.12900", "2012-12-31": "70.63910", "2012-09-30": "134.00100", "2012-06-30": "247.25000", "2012-03-31": "172.03500", "2011-12-31": "54.64400", "2011-09-30": "183.59400", "2011-06-30": "190.58000", "2011-03-31": "119.26000", "2010-12-31": "-42.07600", "2010-09-30": "93.71700", "2010-06-30": "139.28700", "2010-03-31": "68.74100", "2009-12-31": "-147.17000", "2009-09-30": "56.38100", "2009-06-30": "33.37700", "2009-03-31": "128.05300", "2008-12-31": "107.32600", "2008-09-30": "166.54100", "2008-06-30": "222.78700", "2008-03-31": "187.58100", "2007-12-31": "186.07700", "2007-09-30": "264.96600", "2007-06-30": "290.49000", "2007-03-31": "192.31000", "2006-12-31": "252.42610", "2006-09-30": "312.73400", "2006-06-30": "243.43000", "2006-03-31": "234.56300", "2005-12-31": "230.04400", "2005-09-30": "264.95400", "2005-06-30": "237.39100", "2005-03-31": "227.21500"}, "Other Income": {"2020-12-31": "", "2020-09-30": "", "2020-06-30": "", "2020-03-31": "", "2019-12-31": "", "2019-09-30": "", "2019-06-30": "", "2019-03-31": "", "2018-12-31": "", "2018-09-30": "", "2018-06-30": "", "2018-03-31": "", "2017-12-31": "", "2017-09-30": "", "2017-06-30": "", "2017-03-31": "", "2016-12-31": "", "2016-09-30": "", "2016-06-30": "", "2016-03-31": "", "2015-12-31": "", "2015-09-30": "", "2015-06-30": "", "2015-03-31": "", "2014-12-31": "", "2014-09-30": "", "2014-06-30": "", "2014-03-31": "", "2013-12-31": "", "2013-09-30": "", "2013-06-30": "", "2013-03-31": "", "2012-12-31": "", "2012-09-30": "", "2012-06-30": "", "2012-03-31": "", "2011-12-31": "", "2011-09-30": "", "2011-06-30": "", "2011-03-31": "", "2010-12-31": "", "2010-09-30": "", "2010-06-30": "", "2010-03-31": "", "2009-12-31": "", "2009-09-30": "", "2009-06-30": "", "2009-03-31": "", "2008-12-31": "", "2008-09-30": "", "2008-06-30": "", "2008-03-31": "", "2007-12-31": "", "2007-09-30": "", "2007-06-30": "", "2007-03-31": "", "2006-12-31": "", "2006-09-30": "", "2006-06-30": "", "2006-03-31": "", "2005-12-31": "", "2005-09-30": "", "2005-06-30": "", "2005-03-31": ""}, "Income From Continuous Operations": {"2020-12-31": "-96.39800", "2020-09-30": "120.21800", "2020-06-30": "-92.21700", "2020-03-31": "69.69500", "2019-12-31": "13.49600", "2019-09-30": "86.56300", "2019-06-30": "195.63100", "2019-03-31": "127.94500", "2018-12-31": "0.49500", "2018-09-30": "113.85500", "2018-06-30": "242.33800", "2018-03-31": "174.76300", "2017-12-31": "8.31410", "2017-09-30": "68.20900", "2017-06-30": "258.86700", "2017-03-31": "186.36900", "2016-12-31": "47.17900", "2016-09-30": "114.06500", "2016-06-30": "280.43100", "2016-03-31": "250.48900", "2015-12-31": "42.19600", "2015-09-30": "140.34700", "2015-06-30": "299.81000", "2015-03-31": "269.85400", "2014-12-31": "74.47500", "2014-09-30": "150.06600", "2014-06-30": "354.15300", "2014-03-31": "265.91700", "2013-12-31": "75.40900", "2013-09-30": "162.71600", "2013-06-30": "271.73900", "2013-03-31": "224.12900", "2012-12-31": "70.63910", "2012-09-30": "134.00100", "2012-06-30": "247.25000", "2012-03-31": "172.03500", "2011-12-31": "54.64400", "2011-09-30": "183.59400", "2011-06-30": "190.58000", "2011-03-31": "119.26000", "2010-12-31": "-42.07600", "2010-09-30": "93.71700", "2010-06-30": "139.28700", "2010-03-31": "68.74100", "2009-12-31": "-147.17000", "2009-09-30": "56.38100", "2009-06-30": "33.37700", "2009-03-31": "128.05300", "2008-12-31": "107.32600", "2008-09-30": "166.54100", "2008-06-30": "222.78700", "2008-03-31": "187.58100", "2007-12-31": "186.07700", "2007-09-30": "264.96600", "2007-06-30": "290.49000", "2007-03-31": "192.31000", "2006-12-31": "252.42610", "2006-09-30": "312.73400", "2006-06-30": "243.43000", "2006-03-31": "234.56300", "2005-12-31": "230.04400", "2005-09-30": "264.95400", "2005-06-30": "237.39100", "2005-03-31": "227.21500"}, "Income From Discontinued Operations": {"2020-12-31": "", "2020-09-30": "", "2020-06-30": "", "2020-03-31": "", "2019-12-31": "", "2019-09-30": "", "2019-06-30": "", "2019-03-31": "", "2018-12-31": "", "2018-09-30": "", "2018-06-30": "", "2018-03-31": "", "2017-12-31": "", "2017-09-30": "", "2017-06-30": "", "2017-03-31": "", "2016-12-31": "", "2016-09-30": "", "2016-06-30": "", "2016-03-31": "", "2015-12-31": "", "2015-09-30": "", "2015-06-30": "", "2015-03-31": "", "2014-12-31": "", "2014-09-30": "", "2014-06-30": "", "2014-03-31": "", "2013-12-31": "", "2013-09-30": "", "2013-06-30": "", "2013-03-31": "", "2012-12-31": "", "2012-09-30": "", "2012-06-30": "", "2012-03-31": "", "2011-12-31": "", "2011-09-30": "", "2011-06-30": "", "2011-03-31": "0.00000", "2010-12-31": "-4.69000", "2010-09-30": "-4.88800", "2010-06-30": "-68.13000", "2010-03-31": "-35.41600", "2009-12-31": "-71.52600", "2009-09-30": "-29.89800", "2009-06-30": "-13.62700", "2009-03-31": "-10.70600", "2008-12-31": "", "2008-09-30": "", "2008-06-30": "", "2008-03-31": "", "2007-12-31": "", "2007-09-30": "", "2007-06-30": "", "2007-03-31": "", "2006-12-31": "", "2006-09-30": "", "2006-06-30": "", "2006-03-31": "", "2005-12-31": "", "2005-09-30": "", "2005-06-30": "", "2005-03-31": ""}, "Net Income": {"2020-12-31": "-96.39800", "2020-09-30": "120.21800", "2020-06-30": "-92.21700", "2020-03-31": "69.69500", "2019-12-31": "13.49600", "2019-09-30": "86.56300", "2019-06-30": "195.63100", "2019-03-31": "127.94500", "2018-12-31": "0.49500", "2018-09-30": "113.85500", "2018-06-30": "242.33800", "2018-03-31": "174.76300", "2017-12-31": "8.31400", "2017-09-30": "68.20900", "2017-06-30": "258.86700", "2017-03-31": "186.36900", "2016-12-31": "47.17900", "2016-09-30": "114.06500", "2016-06-30": "280.43100", "2016-03-31": "250.48900", "2015-12-31": "42.19600", "2015-09-30": "140.34700", "2015-06-30": "299.81000", "2015-03-31": "269.85400", "2014-12-31": "74.47500", "2014-09-30": "150.06600", "2014-06-30": "354.15300", "2014-03-31": "265.91700", "2013-12-31": "75.40900", "2013-09-30": "162.71600", "2013-06-30": "271.73900", "2013-03-31": "224.12900", "2012-12-31": "70.63900", "2012-09-30": "134.00100", "2012-06-30": "247.25000", "2012-03-31": "172.03500", "2011-12-31": "105.68000", "2011-09-30": "183.59400", "2011-06-30": "190.58000", "2011-03-31": "119.26000", "2010-12-31": "-46.76600", "2010-09-30": "88.82900", "2010-06-30": "71.15700", "2010-03-31": "33.32500", "2009-12-31": "-218.69600", "2009-09-30": "26.48300", "2009-06-30": "19.75000", "2009-03-31": "117.34700", "2008-12-31": "77.80900", "2008-09-30": "166.54100", "2008-06-30": "222.78700", "2008-03-31": "187.58100", "2007-12-31": "186.07700", "2007-09-30": "264.96600", "2007-06-30": "290.49000", "2007-03-31": "192.31000", "2006-12-31": "252.42590", "2006-09-30": "312.73400", "2006-06-30": "243.43000", "2006-03-31": "234.56300", "2005-12-31": "230.04400", "2005-09-30": "264.95400", "2005-06-30": "237.39100", "2005-03-31": "227.21500"}, "EBITDA": {"2020-12-31": "", "2020-09-30": "205.03190", "2020-06-30": "-47.35300", "2020-03-31": "174.67810", "2019-12-31": "92.13680", "2019-09-30": "190.84400", "2019-06-30": "338.66710", "2019-03-31": "252.64610", "2018-12-31": "94.40680", "2018-09-30": "239.70690", "2018-06-30": "412.92000", "2018-03-31": "321.03390", "2017-12-31": "180.20630", "2017-09-30": "174.12190", "2017-06-30": "474.66100", "2017-03-31": "366.23600", "2016-12-31": "145.03400", "2016-09-30": "255.94100", "2016-06-30": "487.60390", "2016-03-31": "463.20290", "2015-12-31": "148.45250", "2015-09-30": "290.21910", "2015-06-30": "537.32500", "2015-03-31": "481.29300", "2014-12-31": "173.08070", "2014-09-30": "294.37610", "2014-06-30": "617.23100", "2014-03-31": "478.46590", "2013-12-31": "191.46530", "2013-09-30": "315.75110", "2013-06-30": "496.00200", "2013-03-31": "413.11300", "2012-12-31": "180.29870", "2012-09-30": "281.35210", "2012-06-30": "456.11310", "2012-03-31": "339.95090", "2011-12-31": "162.89150", "2011-09-30": "307.63910", "2011-06-30": "370.94900", "2011-03-31": "258.38020", "2010-12-31": "115.60760", "2010-09-30": "240.27900", "2010-06-30": "314.99210", "2010-03-31": "251.76390", "2009-12-31": "-66.42500", "2009-09-30": "171.04610", "2009-06-30": "180.95810", "2009-03-31": "297.18600", "2008-12-31": "246.79380", "2008-09-30": "336.33200", "2008-06-30": "398.76000", "2008-03-31": "340.77500", "2007-12-31": "336.86130", "2007-09-30": "452.61890", "2007-06-30": "499.54800", "2007-03-31": "340.70500", "2006-12-31": "428.55310", "2006-09-30": "540.69200", "2006-06-30": "428.25900", "2006-03-31": "413.41800", "2005-12-31": "391.53130", "2005-09-30": "464.16090", "2005-06-30": "416.50800", "2005-03-31": "398.46700"}, "EBIT": {"2020-12-31": "-119.61900", "2020-09-30": "137.88390", "2020-06-30": "-116.09900", "2020-03-31": "107.51310", "2019-12-31": "12.39480", "2019-09-30": "119.84400", "2019-06-30": "256.25710", "2019-03-31": "167.11210", "2018-12-31": "3.74320", "2018-09-30": "149.41590", "2018-06-30": "323.94700", "2018-03-31": "236.41690", "2017-12-31": "99.20020", "2017-09-30": "94.41190", "2017-06-30": "399.28700", "2017-03-31": "289.18200", "2016-12-31": "66.76820", "2016-09-30": "178.37600", "2016-06-30": "412.32190", "2016-03-31": "388.82790", "2015-12-31": "67.22470", "2015-09-30": "215.83610", "2015-06-30": "462.51600", "2015-03-31": "410.11800", "2014-12-31": "98.33290", "2014-09-30": "224.07310", "2014-06-30": "547.69490", "2014-03-31": "410.88200", "2013-12-31": "122.03600", "2013-09-30": "251.53910", "2013-06-30": "431.82100", "2013-03-31": "348.30600", "2012-12-31": "116.10280", "2012-09-30": "217.10210", "2012-06-30": "391.51310", "2012-03-31": "275.45790", "2011-12-31": "92.37950", "2011-09-30": "242.68810", "2011-06-30": "301.90200", "2011-03-31": "192.99720", "2010-12-31": "36.71990", "2010-09-30": "152.37000", "2010-06-30": "218.75210", "2010-03-31": "152.78890", "2009-12-31": "-228.92790", "2009-09-30": "99.10910", "2009-06-30": "83.68710", "2009-03-31": "242.21800", "2008-12-31": "154.24850", "2008-09-30": "268.00200", "2008-06-30": "345.86300", "2008-03-31": "291.05300", "2007-12-31": "285.65520", "2007-09-30": "405.46190", "2007-06-30": "445.20300", "2007-03-31": "289.24100", "2006-12-31": "379.50590", "2006-09-30": "483.98690", "2006-06-30": "374.47400", "2006-03-31": "359.18600", "2005-12-31": "345.59900", "2005-09-30": "410.86190", "2005-06-30": "363.35900", "2005-03-31": "345.14200"}, "Basic Shares Outstanding": {"2020-12-31": "153.28100", "2020-09-30": "153.25200", "2020-06-30": "153.19900", "2020-03-31": "153.00400", "2019-12-31": "157.05400", "2019-09-30": "156.23900", "2019-06-30": "158.81300", "2019-03-31": "159.31100", "2018-12-31": "165.67200", "2018-09-30": "165.92700", "2018-06-30": "166.58900", "2018-03-31": "168.13900", "2017-12-31": "171.99500", "2017-09-30": "169.85000", "2017-06-30": "174.40900", "2017-03-31": "176.00100", "2016-12-31": "179.67600", "2016-09-30": "178.43800", "2016-06-30": "180.58700", "2016-03-31": "183.42900", "2015-12-31": "202.68100", "2015-09-30": "203.59800", "2015-06-30": "207.65000", "2015-03-31": "210.62900", "2014-12-31": "216.30500", "2014-09-30": "215.57200", "2014-06-30": "217.76200", "2014-03-31": "218.98600", "2013-12-31": "222.47500", "2013-09-30": "221.93600", "2013-06-30": "223.05200", "2013-03-31": "224.42900", "2012-12-31": "227.11900", "2012-09-30": "226.02000", "2012-06-30": "228.83800", "2012-03-31": "228.98800", "2011-12-31": "232.88900", "2011-09-30": "233.80000", "2011-06-30": "234.33600", "2011-03-31": "233.82000", "2010-12-31": "233.31200", "2010-09-30": "233.50400", "2010-06-30": "233.31400", "2010-03-31": "232.86400", "2009-12-31": "232.57700", "2009-09-30": "232.67700", "2009-06-30": "232.61600", "2009-03-31": "232.26300", "2008-12-31": "234.22500", "2008-09-30": "233.08100", "2008-06-30": "235.06700", "2008-03-31": "237.07800", "2007-12-31": "249.20500", "2007-09-30": "247.05700", "2007-06-30": "253.15500", "2007-03-31": "257.32600", "2006-12-31": "264.45300", "2006-09-30": "260.27000", "2006-06-30": "267.48700", "2006-03-31": "272.96600", "2005-12-31": "280.30300", "2005-09-30": "274.41500", "2005-06-30": "280.57700", "2005-03-31": "293.14800"}, "Shares Outstanding": {"2020-12-31": "153.28100", "2020-09-30": "153.91500", "2020-06-30": "153.19900", "2020-03-31": "153.74400", "2019-12-31": "157.80400", "2019-09-30": "156.94400", "2019-06-30": "159.42500", "2019-03-31": "160.02600", "2018-12-31": "166.50400", "2018-09-30": "166.66400", "2018-06-30": "167.20400", "2018-03-31": "169.17400", "2017-12-31": "172.93200", "2017-09-30": "170.68800", "2017-06-30": "175.32400", "2017-03-31": "177.07000", "2016-12-31": "180.53500", "2016-09-30": "179.32000", "2016-06-30": "181.33900", "2016-03-31": "184.20400", "2015-12-31": "203.68600", "2015-09-30": "204.58000", "2015-06-30": "208.59000", "2015-03-31": "211.78800", "2014-12-31": "217.70600", "2014-09-30": "216.89300", "2014-06-30": "219.16100", "2014-03-31": "220.49300", "2013-12-31": "224.07100", "2013-09-30": "223.48600", "2013-06-30": "224.47000", "2013-03-31": "226.14800", "2012-12-31": "229.22900", "2012-09-30": "227.98900", "2012-06-30": "230.92300", "2012-03-31": "231.28400", "2011-12-31": "234.91800", "2011-09-30": "235.86100", "2011-06-30": "236.16800", "2011-03-31": "235.90300", "2010-12-31": "234.78700", "2010-09-30": "234.78600", "2010-06-30": "234.85300", "2010-03-31": "234.22800", "2009-12-31": "233.57300", "2009-09-30": "233.87500", "2009-06-30": "233.52000", "2009-03-31": "232.65000", "2008-12-31": "234.47700", "2008-09-30": "233.42000", "2008-06-30": "235.31400", "2008-03-31": "237.25000", "2007-12-31": "249.88200", "2007-09-30": "247.61400", "2007-06-30": "254.01700", "2007-03-31": "258.15800", "2006-12-31": "265.27300", "2006-09-30": "261.22900", "2006-06-30": "268.13000", "2006-03-31": "273.62300", "2005-12-31": "281.03500", "2005-09-30": "275.46000", "2005-06-30": "281.18100", "2005-03-31": "294.16100"}, "Basic EPS": {"2020-12-31": "-0.63000", "2020-09-30": "0.78000", "2020-06-30": "-0.60000", "2020-03-31": "0.46000", "2019-12-31": "0.12000", "2019-09-30": "0.55000", "2019-06-30": "1.23000", "2019-03-31": "0.80000", "2018-12-31": "0.03000", "2018-09-30": "0.69000", "2018-06-30": "1.45000", "2018-03-31": "1.04000", "2017-12-31": "0.09000", "2017-09-30": "0.40000", "2017-06-30": "1.48000", "2017-03-31": "1.06000", "2016-12-31": "0.29000", "2016-09-30": "0.64000", "2016-06-30": "1.55000", "2016-03-31": "1.37000", "2015-12-31": "0.30000", "2015-09-30": "0.69000", "2015-06-30": "1.44000", "2015-03-31": "1.28000", "2014-12-31": "0.36000", "2014-09-30": "0.70000", "2014-06-30": "1.63000", "2014-03-31": "1.21000", "2013-12-31": "0.35000", "2013-09-30": "0.73000", "2013-06-30": "1.22000", "2013-03-31": "1.00000", "2012-12-31": "0.33000", "2012-09-30": "0.59000", "2012-06-30": "1.08000", "2012-03-31": "0.75000", "2011-12-31": "0.46000", "2011-09-30": "0.79000", "2011-06-30": "0.81000", "2011-03-31": "0.51000", "2010-12-31": "-0.19000", "2010-09-30": "0.38000", "2010-06-30": "0.30000", "2010-03-31": "0.14000", "2009-12-31": "-0.94000", "2009-09-30": "0.11000", "2009-06-30": "0.08000", "2009-03-31": "0.51000", "2008-12-31": "0.35000", "2008-09-30": "0.71000", "2008-06-30": "0.95000", "2008-03-31": "0.79000", "2007-12-31": "0.78000", "2007-09-30": "1.07000", "2007-06-30": "1.15000", "2007-03-31": "0.75000", "2006-12-31": "0.97000", "2006-09-30": "1.20000", "2006-06-30": "0.91000", "2006-03-31": "0.86000", "2005-12-31": "0.82000", "2005-09-30": "0.97000", "2005-06-30": "0.85000", "2005-03-31": "0.78000"}, "EPS - Earnings Per Share": {"2020-12-31": "-0.63000", "2020-09-30": "0.78000", "2020-06-30": "-0.60000", "2020-03-31": "0.45000", "2019-12-31": "0.10000", "2019-09-30": "0.55000", "2019-06-30": "1.23000", "2019-03-31": "0.80000", "2018-12-31": "0.03000", "2018-09-30": "0.68000", "2018-06-30": "1.45000", "2018-03-31": "1.03000", "2017-12-31": "0.09000", "2017-09-30": "0.40000", "2017-06-30": "1.48000", "2017-03-31": "1.05000", "2016-12-31": "0.28000", "2016-09-30": "0.64000", "2016-06-30": "1.55000", "2016-03-31": "1.36000", "2015-12-31": "0.29000", "2015-09-30": "0.69000", "2015-06-30": "1.44000", "2015-03-31": "1.27000", "2014-12-31": "0.36000", "2014-09-30": "0.69000", "2014-06-30": "1.62000", "2014-03-31": "1.21000", "2013-12-31": "0.35000", "2013-09-30": "0.73000", "2013-06-30": "1.21000", "2013-03-31": "0.99000", "2012-12-31": "0.32000", "2012-09-30": "0.59000", "2012-06-30": "1.07000", "2012-03-31": "0.74000", "2011-12-31": "0.45000", "2011-09-30": "0.78000", "2011-06-30": "0.81000", "2011-03-31": "0.51000", "2010-12-31": "-0.20000", "2010-09-30": "0.38000", "2010-06-30": "0.30000", "2010-03-31": "0.14000", "2009-12-31": "-0.93000", "2009-09-30": "0.11000", "2009-06-30": "0.08000", "2009-03-31": "0.50000", "2008-12-31": "0.34000", "2008-09-30": "0.71000", "2008-06-30": "0.95000", "2008-03-31": "0.79000", "2007-12-31": "0.79000", "2007-09-30": "1.07000", "2007-06-30": "1.14000", "2007-03-31": "0.74000", "2006-12-31": "0.96000", "2006-09-30": "1.20000", "2006-06-30": "0.91000", "2006-03-31": "0.86000", "2005-12-31": "0.84000", "2005-09-30": "0.96000", "2005-06-30": "0.84000", "2005-03-31": "0.77000"}}, "balance sheet": {"Cash On Hand": {"2020-12-31": "3388.84500", "2019-12-31": "898.42200", "2018-12-31": "1263.04800", "2017-12-31": "735.03900", "2016-12-31": "818.07700", "2015-12-31": "855.66800", "2014-12-31": "1062.63200", "2013-12-31": "1310.42800", "2012-12-31": "1391.78000", "2011-12-31": "1909.98500", "2010-12-31": "1450.93800", "2009-12-31": "1670.11800", "2008-12-31": "568.89400", "2007-12-31": "405.32900", "2006-12-31": "896.53000", "2005-12-31": "1046.17200"}, "Receivables": {"2020-12-31": "143.08200", "2019-12-31": "2531.85600", "2018-12-31": "2520.89800", "2017-12-31": "2435.64800", "2016-12-31": "2361.36700", "2015-12-31": "247.40500", "2014-12-31": "2164.25600", "2013-12-31": "2034.75100", "2012-12-31": "230.07900", "2011-12-31": "219.03900", "2010-12-31": "961.40800", "2009-12-31": "269.37100", "2008-12-31": "2709.28400", "2007-12-31": "962.49700", "2006-12-31": "690.15500", "2005-12-31": "421.46000"}, "Inventory": {"2020-12-31": "523.49700", "2019-12-31": "603.57100", "2018-12-31": "556.12800", "2017-12-31": "538.20200", "2016-12-31": "499.91700", "2015-12-31": "585.90700", "2014-12-31": "448.87100", "2013-12-31": "424.50700", "2012-12-31": "393.52400", "2011-12-31": "418.00600", "2010-12-31": "326.44600", "2009-12-31": "323.02900", "2008-12-31": "379.14100", "2007-12-31": "349.69700", "2006-12-31": "287.79800", "2005-12-31": "221.41800"}, "Pre-Paid Expenses": {"2020-12-31": "", "2019-12-31": "", "2018-12-31": "", "2017-12-31": "", "2016-12-31": "", "2015-12-31": "", "2014-12-31": "", "2013-12-31": "", "2012-12-31": "", "2011-12-31": "", "2010-12-31": "", "2009-12-31": "", "2008-12-31": "128.73000", "2007-12-31": "71.23000", "2006-12-31": "48.50100", "2005-12-31": "52.50900"}, "Other Current Assets": {"2020-12-31": "280.47000", "2019-12-31": "168.97400", "2018-12-31": "144.36800", "2017-12-31": "175.85300", "2016-12-31": "174.49100", "2015-12-31": "132.55200", "2014-12-31": "182.42000", "2013-12-31": "115.49200", "2012-12-31": "181.65500", "2011-12-31": "102.37800", "2010-12-31": "100.99100", "2009-12-31": "282.42100", "2008-12-31": "", "2007-12-31": "", "2006-12-31": "", "2005-12-31": ""}, "Total Current Assets": {"2020-12-31": "5845.43300", "2019-12-31": "4202.82300", "2018-12-31": "4484.44200", "2017-12-31": "3884.74200", "2016-12-31": "3853.85200", "2015-12-31": "3977.88300", "2014-12-31": "3948.09500", "2013-12-31": "3988.80300", "2012-12-31": "4050.93600", "2011-12-31": "4542.20600", "2010-12-31": "4066.62600", "2009-12-31": "4341.94900", "2008-12-31": "5526.55200", "2007-12-31": "3467.31400", "2006-12-31": "3550.63300", "2005-12-31": "3145.23700"}, "Property, Plant, And Equipment": {"2020-12-31": "", "2019-12-31": "847.38200", "2018-12-31": "904.13200", "2017-12-31": "967.78100", "2016-12-31": "981.59300", "2015-12-31": "942.41800", "2014-12-31": "883.07700", "2013-12-31": "842.47700", "2012-12-31": "815.46400", "2011-12-31": "809.45900", "2010-12-31": "815.11200", "2009-12-31": "906.90600", "2008-12-31": "1056.92800", "2007-12-31": "1060.59000", "2006-12-31": "1024.46900", "2005-12-31": "1011.61200"}, "Long-Term Investments": {"2020-12-31": "", "2019-12-31": "", "2018-12-31": "", "2017-12-31": "", "2016-12-31": "", "2015-12-31": "", "2014-12-31": "", "2013-12-31": "", "2012-12-31": "", "2011-12-31": "", "2010-12-31": "", "2009-12-31": "", "2008-12-31": "", "2007-12-31": "", "2006-12-31": "", "2005-12-31": ""}, "Goodwill And Intangible Assets": {"2020-12-31": "", "2019-12-31": "64.16000", "2018-12-31": "55.04800", "2017-12-31": "55.94700", "2016-12-31": "53.39100", "2015-12-31": "54.18200", "2014-12-31": "27.75200", "2013-12-31": "30.45200", "2012-12-31": "29.53000", "2011-12-31": "29.08100", "2010-12-31": "29.59000", "2009-12-31": "31.40000", "2008-12-31": "60.13100", "2007-12-31": "61.40100", "2006-12-31": "58.80000", "2005-12-31": "56.56300"}, "Other Long-Term Assets": {"2020-12-31": "1231.69900", "2019-12-31": "93.11400", "2018-12-31": "73.07100", "2017-12-31": "75.88900", "2016-12-31": "74.47800", "2015-12-31": "84.30900", "2014-12-31": "75.09200", "2013-12-31": "69.22100", "2012-12-31": "64.19100", "2011-12-31": "64.76500", "2010-12-31": "67.31200", "2009-12-31": "76.71100", "2008-12-31": "79.67200", "2007-12-31": "78.00000", "2006-12-31": "73.95400", "2005-12-31": "72.80100"}, "Total Long-Term Assets": {"2020-12-31": "6165.16800", "2019-12-31": "6325.33600", "2018-12-31": "6181.22100", "2017-12-31": "6087.93000", "2016-12-31": "6036.38800", "2015-12-31": "5995.09400", "2014-12-31": "5580.00200", "2013-12-31": "5416.23700", "2012-12-31": "5119.83700", "2011-12-31": "5131.95800", "2010-12-31": "5364.11300", "2009-12-31": "4813.56900", "2008-12-31": "2302.07300", "2007-12-31": "2189.29200", "2006-12-31": "1981.51700", "2005-12-31": "2109.97200"}, "Total Assets": {"2020-12-31": "12010.60000", "2019-12-31": "10528.16000", "2018-12-31": "10665.66000", "2017-12-31": "9972.67200", "2016-12-31": "9890.24000", "2015-12-31": "9972.97700", "2014-12-31": "9528.09700", "2013-12-31": "9405.04000", "2012-12-31": "9170.77300", "2011-12-31": "9674.16400", "2010-12-31": "9430.74000", "2009-12-31": "9155.51800", "2008-12-31": "7828.62500", "2007-12-31": "5656.60600", "2006-12-31": "5532.15000", "2005-12-31": "5255.20900"}, "Total Current Liabilities": {"2020-12-31": "3981.95400", "2019-12-31": "3196.77200", "2018-12-31": "3597.60000", "2017-12-31": "3158.17000", "2016-12-31": "2862.56200", "2015-12-31": "2747.30700", "2014-12-31": "2389.28600", "2013-12-31": "2509.58600", "2012-12-31": "1503.08200", "2011-12-31": "2698.61800", "2010-12-31": "2013.78200", "2009-12-31": "2268.22400", "2008-12-31": "2623.33300", "2007-12-31": "1905.07900", "2006-12-31": "1595.67700", "2005-12-31": "873.11200"}, "Long Term Debt": {"2020-12-31": "5932.93300", "2019-12-31": "5124.82600", "2018-12-31": "4887.66700", "2017-12-31": "4587.25800", "2016-12-31": "4666.97500", "2015-12-31": "4832.46900", "2014-12-31": "3761.52800", "2013-12-31": "3416.71300", "2012-12-31": "4370.54400", "2011-12-31": "3843.88600", "2010-12-31": "4520.59100", "2009-12-31": "4114.03900", "2008-12-31": "2176.23800", "2007-12-31": "980.00000", "2006-12-31": "870.00000", "2005-12-31": "1000.00000"}, "Other Non-Current Liabilities": {"2020-12-31": "372.92900", "2019-12-31": "221.32900", "2018-12-31": "204.21900", "2017-12-31": "209.60800", "2016-12-31": "182.83600", "2015-12-31": "195.00000", "2014-12-31": "188.80500", "2013-12-31": "167.22000", "2012-12-31": "131.16700", "2011-12-31": "140.33900", "2010-12-31": "152.65400", "2009-12-31": "155.33300", "2008-12-31": "155.04000", "2007-12-31": "151.95400", "2006-12-31": "60.69400", "2005-12-31": "53.60300"}, "Total Long Term Liabilities": {"2020-12-31": "6305.86200", "2019-12-31": "5527.38800", "2018-12-31": "5294.11500", "2017-12-31": "4970.22500", "2016-12-31": "5107.52000", "2015-12-31": "5386.01600", "2014-12-31": "4229.52500", "2013-12-31": "3885.96800", "2012-12-31": "5110.06700", "2011-12-31": "4555.29000", "2010-12-31": "5210.09200", "2009-12-31": "4779.17600", "2008-12-31": "3089.68900", "2007-12-31": "1376.03600", "2006-12-31": "1179.73600", "2005-12-31": "1298.49200"}, "Total Liabilities": {"2020-12-31": "10287.82000", "2019-12-31": "8724.16000", "2018-12-31": "8891.71500", "2017-12-31": "8128.39500", "2016-12-31": "7970.08200", "2015-12-31": "8133.32300", "2014-12-31": "6618.81100", "2013-12-31": "6395.55400", "2012-12-31": "6613.14900", "2011-12-31": "7253.90800", "2010-12-31": "7223.87400", "2009-12-31": "7047.40000", "2008-12-31": "5713.02200", "2007-12-31": "3281.11500", "2006-12-31": "2775.41300", "2005-12-31": "2171.60400"}, "Common Stock Net": {"2020-12-31": "", "2019-12-31": "1.82800", "2018-12-31": "1.81900", "2017-12-31": "1.81300", "2016-12-31": "1.80600", "2015-12-31": "3.44900", "2014-12-31": "3.44200", "2013-12-31": "3.43200", "2012-12-31": "3.41300", "2011-12-31": "3.39100", "2010-12-31": "3.38200", "2009-12-31": "3.36800", "2008-12-31": "3.35700", "2007-12-31": "3.35200", "2006-12-31": "3.34300", "2005-12-31": "3.31000"}, "Retained Earnings (Accumulated Deficit)": {"2020-12-31": "", "2019-12-31": "2193.99700", "2018-12-31": "2007.58300", "2017-12-31": "1607.57000", "2016-12-31": "1337.67300", "2015-12-31": "8961.98500", "2014-12-31": "8459.04000", "2013-12-31": "7852.72900", "2012-12-31": "7306.42400", "2011-12-31": "6824.18000", "2010-12-31": "6336.07700", "2009-12-31": "6324.26800", "2008-12-31": "6458.77800", "2007-12-31": "6117.56700", "2006-12-31": "5460.62900", "2005-12-31": "4630.39000"}, "Comprehensive Income": {"2020-12-31": "", "2019-12-31": "-536.94900", "2018-12-31": "-629.68400", "2017-12-31": "-500.04900", "2016-12-31": "-565.38100", "2015-12-31": "-615.20500", "2014-12-31": "-514.94300", "2013-12-31": "-332.67600", "2012-12-31": "-607.67800", "2011-12-31": "-476.73300", "2010-12-31": "-366.22200", "2009-12-31": "-417.89800", "2008-12-31": "-522.52600", "2007-12-31": "-137.25800", "2006-12-31": "-206.66200", "2005-12-31": "58.65300"}, "Other Share Holders Equity": {"2020-12-31": "", "2019-12-31": "", "2018-12-31": "", "2017-12-31": "", "2016-12-31": "", "2015-12-31": "", "2014-12-31": "", "2013-12-31": "", "2012-12-31": "", "2011-12-31": "", "2010-12-31": "", "2009-12-31": "", "2008-12-31": "", "2007-12-31": "", "2006-12-31": "", "2005-12-31": ""}, "Share Holder Equity": {"2020-12-31": "1722.78500", "2019-12-31": "1803.99900", "2018-12-31": "1773.94900", "2017-12-31": "1844.27700", "2016-12-31": "1920.15800", "2015-12-31": "1839.65400", "2014-12-31": "2909.28600", "2013-12-31": "3009.48600", "2012-12-31": "2557.62400", "2011-12-31": "2420.25600", "2010-12-31": "2206.86600", "2009-12-31": "2108.11800", "2008-12-31": "2115.60300", "2007-12-31": "2375.49100", "2006-12-31": "2756.73700", "2005-12-31": "3083.60500"}, "Total Liabilities And Share Holders Equity": {"2020-12-31": "12010.60000", "2019-12-31": "10528.16000", "2018-12-31": "10665.66000", "2017-12-31": "9972.67200", "2016-12-31": "9890.24000", "2015-12-31": "9972.97700", "2014-12-31": "9528.09700", "2013-12-31": "9405.04000", "2012-12-31": "9170.77300", "2011-12-31": "9674.16400", "2010-12-31": "9430.74000", "2009-12-31": "9155.51800", "2008-12-31": "7828.62500", "2007-12-31": "5656.60600", "2006-12-31": "5532.15000", "2005-12-31": "5255.20900"}}, "balance sheet, quarterly": {"Cash On Hand": {"2020-12-31": "3388.84500", "2020-09-30": "3721.10500", "2020-06-30": "4046.30900", "2020-03-31": "1564.96400", "2019-12-31": "898.42200", "2019-09-30": "941.49600", "2019-06-30": "1006.88600", "2019-03-31": "803.07400", "2018-12-31": "1263.04800", "2018-09-30": "973.47400", "2018-06-30": "1023.13500", "2018-03-31": "808.08600", "2017-12-31": "735.03900", "2017-09-30": "735.34300", "2017-06-30": "1051.70100", "2017-03-31": "920.40910", "2016-12-31": "818.07700", "2016-09-30": "860.41000", "2016-06-30": "947.81800", "2016-03-31": "832.32700", "2015-12-31": "855.66800", "2015-09-30": "1529.41100", "2015-06-30": "1436.85500", "2015-03-31": "1346.37100", "2014-12-31": "1062.63200", "2014-09-30": "1179.73100", "2014-06-30": "1211.84100", "2014-03-31": "1146.64300", "2013-12-31": "1310.42800", "2013-09-30": "1346.51800", "2013-06-30": "1646.32500", "2013-03-31": "1351.03000", "2012-12-31": "1391.78000", "2012-09-30": "2148.91700", "2012-06-30": "1395.90800", "2012-03-31": "1658.27800", "2011-12-31": "1909.98500", "2011-09-30": "1846.24600", "2011-06-30": "1462.09300", "2011-03-31": "1342.62700", "2010-12-31": "1450.93800", "2010-09-30": "1837.14300", "2010-06-30": "1846.02500", "2010-03-31": "1883.48900", "2009-12-31": "1670.11800", "2009-09-30": "1518.79900", "2009-06-30": "1023.40100", "2009-03-31": "884.62300", "2008-12-31": "568.89400", "2008-09-30": "504.90900", "2008-06-30": "803.92400", "2008-03-31": "333.16300", "2007-12-31": "405.32900", "2007-09-30": "456.74000", "2007-06-30": "723.43100", "2007-03-31": "928.51200", "2006-12-31": "896.53000", "2006-09-30": "952.68200", "2006-06-30": "1004.47500", "2006-03-31": "1111.89800", "2005-12-31": "1046.17200", "2005-09-30": "1017.83300", "2005-06-30": "735.92200", "2005-03-31": "1384.52700"}, "Receivables": {"2020-12-31": "143.08200", "2020-09-30": "232.84500", "2020-06-30": "271.43100", "2020-03-31": "299.14800", "2019-12-31": "259.33400", "2019-09-30": "307.61600", "2019-06-30": "325.30600", "2019-03-31": "353.54100", "2018-12-31": "2520.89800", "2018-09-30": "2448.69500", "2018-06-30": "335.59400", "2018-03-31": "2697.02500", "2017-12-31": "2435.64800", "2017-09-30": "2401.29200", "2017-06-30": "2669.46600", "2017-03-31": "2689.67300", "2016-12-31": "2361.36700", "2016-09-30": "2551.82000", "2016-06-30": "2769.93000", "2016-03-31": "2876.56800", "2015-12-31": "247.40500", "2015-09-30": "2362.92700", "2015-06-30": "2609.29200", "2015-03-31": "2638.49000", "2014-12-31": "2164.25600", "2014-09-30": "2298.72200", "2014-06-30": "2571.45200", "2014-03-31": "2548.17800", "2013-12-31": "2034.75100", "2013-09-30": "2119.77000", "2013-06-30": "2264.79300", "2013-03-31": "2333.70900", "2012-12-31": "230.07900", "2012-09-30": "1982.25400", "2012-06-30": "2105.10600", "2012-03-31": "264.27200", "2011-12-31": "219.03900", "2011-09-30": "871.47600", "2011-06-30": "838.87100", "2011-03-31": "935.43100", "2010-12-31": "961.40800", "2010-09-30": "980.45590", "2010-06-30": "992.31700", "2010-03-31": "1096.29700", "2009-12-31": "269.37100", "2009-09-30": "304.41000", "2009-06-30": "253.54400", "2009-03-31": "2371.77300", "2008-12-31": "2709.28400", "2008-09-30": "2576.40300", "2008-06-30": "1907.95600", "2008-03-31": "1059.96100", "2007-12-31": "962.49700", "2007-09-30": "617.05100", "2007-06-30": "545.29600", "2007-03-31": "445.61700", "2006-12-31": "690.15500", "2006-09-30": "250.06000", "2006-06-30": "383.69300", "2006-03-31": "279.95000", "2005-12-31": "421.46000", "2005-09-30": "139.75900", "2005-06-30": "351.24900", "2005-03-31": "369.00100"}, "Inventory": {"2020-12-31": "523.49700", "2020-09-30": "322.37500", "2020-06-30": "429.33900", "2020-03-31": "610.92400", "2019-12-31": "603.57100", "2019-09-30": "489.09800", "2019-06-30": "470.61000", "2019-03-31": "595.80600", "2018-12-31": "556.12800", "2018-09-30": "516.24700", "2018-06-30": "465.37300", "2018-03-31": "564.57100", "2017-12-31": "538.20200", "2017-09-30": "469.09100", "2017-06-30": "372.01200", "2017-03-31": "485.47600", "2016-12-31": "499.91700", "2016-09-30": "426.54700", "2016-06-30": "371.19600", "2016-03-31": "553.75000", "2015-12-31": "585.90700", "2015-09-30": "466.65700", "2015-06-30": "395.04400", "2015-03-31": "480.94100", "2014-12-31": "448.87100", "2014-09-30": "460.95800", "2014-06-30": "371.59700", "2014-03-31": "449.04400", "2013-12-31": "424.50700", "2013-09-30": "401.19900", "2013-06-30": "307.71700", "2013-03-31": "416.05000", "2012-12-31": "393.52400", "2012-09-30": "379.12900", "2012-06-30": "323.04600", "2012-03-31": "467.94100", "2011-12-31": "418.00600", "2011-09-30": "345.96300", "2011-06-30": "337.47200", "2011-03-31": "372.32300", "2010-12-31": "326.44600", "2010-09-30": "319.10100", "2010-06-30": "296.92000", "2010-03-31": "322.23800", "2009-12-31": "323.02900", "2009-09-30": "398.85200", "2009-06-30": "403.52400", "2009-03-31": "421.57700", "2008-12-31": "379.14100", "2008-09-30": "401.27700", "2008-06-30": "341.39600", "2008-03-31": "441.20500", "2007-12-31": "349.69700", "2007-09-30": "376.95000", "2007-06-30": "344.96900", "2007-03-31": "369.41800", "2006-12-31": "287.79800", "2006-09-30": "281.53600", "2006-06-30": "292.75700", "2006-03-31": "256.78800", "2005-12-31": "221.41800", "2005-09-30": "232.24000", "2005-06-30": "225.77800", "2005-03-31": "246.87500"}, "Pre-Paid Expenses": {"2020-12-31": "", "2020-09-30": "", "2020-06-30": "", "2020-03-31": "", "2019-12-31": "", "2019-09-30": "", "2019-06-30": "", "2019-03-31": "", "2018-12-31": "", "2018-09-30": "", "2018-06-30": "", "2018-03-31": "", "2017-12-31": "", "2017-09-30": "", "2017-06-30": "", "2017-03-31": "", "2016-12-31": "", "2016-09-30": "", "2016-06-30": "", "2016-03-31": "", "2015-12-31": "", "2015-09-30": "", "2015-06-30": "", "2015-03-31": "", "2014-12-31": "", "2014-09-30": "", "2014-06-30": "", "2014-03-31": "", "2013-12-31": "", "2013-09-30": "", "2013-06-30": "", "2013-03-31": "", "2012-12-31": "", "2012-09-30": "", "2012-06-30": "", "2012-03-31": "", "2011-12-31": "", "2011-09-30": "", "2011-06-30": "", "2011-03-31": "", "2010-12-31": "", "2010-09-30": "", "2010-06-30": "", "2010-03-31": "", "2009-12-31": "", "2009-09-30": "", "2009-06-30": "", "2009-03-31": "", "2008-12-31": "128.73000", "2008-09-30": "222.89000", "2008-06-30": "206.62400", "2008-03-31": "187.43600", "2007-12-31": "71.23000", "2007-09-30": "130.12600", "2007-06-30": "122.34200", "2007-03-31": "122.62700", "2006-12-31": "48.50100", "2006-09-30": "124.83700", "2006-06-30": "114.61300", "2006-03-31": "", "2005-12-31": "52.50900", "2005-09-30": "", "2005-06-30": "", "2005-03-31": ""}, "Other Current Assets": {"2020-12-31": "280.47000", "2020-09-30": "178.93100", "2020-06-30": "163.13500", "2020-03-31": "142.35700", "2019-12-31": "168.97400", "2019-09-30": "140.78600", "2019-06-30": "147.23400", "2019-03-31": "177.76100", "2018-12-31": "144.36800", "2018-09-30": "151.04200", "2018-06-30": "166.36200", "2018-03-31": "150.47200", "2017-12-31": "175.85300", "2017-09-30": "182.41600", "2017-06-30": "151.42300", "2017-03-31": "142.36200", "2016-12-31": "174.49100", "2016-09-30": "139.95800", "2016-06-30": "153.86600", "2016-03-31": "113.52000", "2015-12-31": "132.55200", "2015-09-30": "150.66700", "2015-06-30": "154.00900", "2015-03-31": "158.17400", "2014-12-31": "182.42000", "2014-09-30": "208.10500", "2014-06-30": "128.46000", "2014-03-31": "127.53600", "2013-12-31": "115.49200", "2013-09-30": "111.82100", "2013-06-30": "126.83000", "2013-03-31": "124.36200", "2012-12-31": "181.65500", "2012-09-30": "237.39600", "2012-06-30": "245.80700", "2012-03-31": "237.55000", "2011-12-31": "102.37800", "2011-09-30": "217.44500", "2011-06-30": "217.65600", "2011-03-31": "243.42700", "2010-12-31": "100.99100", "2010-09-30": "297.15700", "2010-06-30": "304.01500", "2010-03-31": "315.89000", "2009-12-31": "282.42100", "2009-09-30": "410.85300", "2009-06-30": "346.29900", "2009-03-31": "243.05400", "2008-12-31": "", "2008-09-30": "", "2008-06-30": "", "2008-03-31": "", "2007-12-31": "", "2007-09-30": "", "2007-06-30": "", "2007-03-31": "", "2006-12-31": "", "2006-09-30": "", "2006-06-30": "", "2006-03-31": "103.95300", "2005-12-31": "", "2005-09-30": "114.56800", "2005-06-30": "102.57800", "2005-03-31": "93.21600"}, "Total Current Assets": {"2020-12-31": "5845.43300", "2020-09-30": "6156.73400", "2020-06-30": "6811.83400", "2020-03-31": "4976.38200", "2019-12-31": "4202.82300", "2019-09-30": "4088.99700", "2019-06-30": "4312.16100", "2019-03-31": "4374.08100", "2018-12-31": "4484.44200", "2018-09-30": "4089.45800", "2018-06-30": "4243.42000", "2018-03-31": "4220.15400", "2017-12-31": "3884.74200", "2017-09-30": "3788.14200", "2017-06-30": "4244.60200", "2017-03-31": "4237.92000", "2016-12-31": "3853.85200", "2016-09-30": "4102.34400", "2016-06-30": "4359.02400", "2016-03-31": "4491.75000", "2015-12-31": "3977.88300", "2015-09-30": "4610.22000", "2015-06-30": "4689.97800", "2015-03-31": "4707.49500", "2014-12-31": "3948.09500", "2014-09-30": "4202.47800", "2014-06-30": "4373.69800", "2014-03-31": "4360.47100", "2013-12-31": "3988.80300", "2013-09-30": "4092.67500", "2013-06-30": "4454.47100", "2013-03-31": "4332.97900", "2012-12-31": "4050.93600", "2012-09-30": "4747.69600", "2012-06-30": "4069.86700", "2012-03-31": "4513.53000", "2011-12-31": "4542.20600", "2011-09-30": "4385.18600", "2011-06-30": "4000.97800", "2011-03-31": "4170.58800", "2010-12-31": "4066.62600", "2010-09-30": "4498.96000", "2010-06-30": "4586.00100", "2010-03-31": "5021.50900", "2009-12-31": "4341.94900", "2009-09-30": "4391.41700", "2009-06-30": "3922.39300", "2009-03-31": "5829.80300", "2008-12-31": "5526.55200", "2008-09-30": "4820.51400", "2008-06-30": "4506.22500", "2008-03-31": "3586.78700", "2007-12-31": "3467.31400", "2007-09-30": "2856.45700", "2007-06-30": "3054.06300", "2007-03-31": "3416.17500", "2006-12-31": "3550.63300", "2006-09-30": "2882.95600", "2006-06-30": "2897.12500", "2006-03-31": "3299.00600", "2005-12-31": "3145.23700", "2005-09-30": "2665.68900", "2005-06-30": "2437.01700", "2005-03-31": "3480.28400"}, "Property, Plant, And Equipment": {"2020-12-31": "", "2020-09-30": "785.16500", "2020-06-30": "816.98900", "2020-03-31": "826.84500", "2019-12-31": "847.38200", "2019-09-30": "844.44600", "2019-06-30": "855.99800", "2019-03-31": "876.00300", "2018-12-31": "904.13200", "2018-09-30": "884.96000", "2018-06-30": "904.11300", "2018-03-31": "934.64500", "2017-12-31": "967.78100", "2017-09-30": "934.61500", "2017-06-30": "946.32600", "2017-03-31": "953.04400", "2016-12-31": "981.59300", "2016-09-30": "954.47500", "2016-06-30": "951.30900", "2016-03-31": "932.83600", "2015-12-31": "942.41800", "2015-09-30": "877.78700", "2015-06-30": "873.00700", "2015-03-31": "873.51800", "2014-12-31": "883.07700", "2014-09-30": "826.76400", "2014-06-30": "826.46700", "2014-03-31": "823.06100", "2013-12-31": "842.47700", "2013-09-30": "795.23500", "2013-06-30": "790.56300", "2013-03-31": "790.24500", "2012-12-31": "815.46400", "2012-09-30": "764.83500", "2012-06-30": "776.79300", "2012-03-31": "791.06400", "2011-12-31": "809.45900", "2011-09-30": "775.21300", "2011-06-30": "788.94300", "2011-03-31": "799.09100", "2010-12-31": "815.11200", "2010-09-30": "779.99100", "2010-06-30": "810.10400", "2010-03-31": "847.48000", "2009-12-31": "906.90600", "2009-09-30": "939.44600", "2009-06-30": "983.05000", "2009-03-31": "1016.04300", "2008-12-31": "1056.92800", "2008-09-30": "1088.17900", "2008-06-30": "1059.89700", "2008-03-31": "1056.07600", "2007-12-31": "1060.59000", "2007-09-30": "1009.07500", "2007-06-30": "1004.86300", "2007-03-31": "1013.10400", "2006-12-31": "1024.46900", "2006-09-30": "982.20400", "2006-06-30": "992.27100", "2006-03-31": "992.32800", "2005-12-31": "1011.61200", "2005-09-30": "981.84800", "2005-06-30": "990.45300", "2005-03-31": "1008.59100"}, "Long-Term Investments": {"2020-12-31": "", "2020-09-30": "", "2020-06-30": "", "2020-03-31": "", "2019-12-31": "", "2019-09-30": "", "2019-06-30": "", "2019-03-31": "", "2018-12-31": "", "2018-09-30": "", "2018-06-30": "", "2018-03-31": "", "2017-12-31": "", "2017-09-30": "", "2017-06-30": "", "2017-03-31": "", "2016-12-31": "", "2016-09-30": "", "2016-06-30": "", "2016-03-31": "", "2015-12-31": "", "2015-09-30": "", "2015-06-30": "", "2015-03-31": "", "2014-12-31": "", "2014-09-30": "", "2014-06-30": "", "2014-03-31": "", "2013-12-31": "", "2013-09-30": "", "2013-06-30": "", "2013-03-31": "", "2012-12-31": "", "2012-09-30": "", "2012-06-30": "", "2012-03-31": "", "2011-12-31": "", "2011-09-30": "", "2011-06-30": "", "2011-03-31": "", "2010-12-31": "", "2010-09-30": "", "2010-06-30": "", "2010-03-31": "", "2009-12-31": "", "2009-09-30": "", "2009-06-30": "", "2009-03-31": "", "2008-12-31": "", "2008-09-30": "", "2008-06-30": "", "2008-03-31": "", "2007-12-31": "", "2007-09-30": "", "2007-06-30": "", "2007-03-31": "", "2006-12-31": "", "2006-09-30": "", "2006-06-30": "", "2006-03-31": "", "2005-12-31": "", "2005-09-30": "", "2005-06-30": "", "2005-03-31": ""}, "Goodwill And Intangible Assets": {"2020-12-31": "", "2020-09-30": "64.88400", "2020-06-30": "64.19200", "2020-03-31": "64.06300", "2019-12-31": "64.16000", "2019-09-30": "63.72700", "2019-06-30": "64.44900", "2019-03-31": "64.13100", "2018-12-31": "55.04800", "2018-09-30": "55.31800", "2018-06-30": "55.45100", "2018-03-31": "56.52400", "2017-12-31": "55.94700", "2017-09-30": "55.89800", "2017-06-30": "54.63000", "2017-03-31": "53.96700", "2016-12-31": "53.39100", "2016-09-30": "54.66300", "2016-06-30": "54.54200", "2016-03-31": "54.58500", "2015-12-31": "54.18200", "2015-09-30": "54.26700", "2015-06-30": "26.10500", "2015-03-31": "25.63200", "2014-12-31": "27.75200", "2014-09-30": "28.63800", "2014-06-30": "30.25200", "2014-03-31": "30.42700", "2013-12-31": "30.45200", "2013-09-30": "30.04100", "2013-06-30": "29.18300", "2013-03-31": "28.86100", "2012-12-31": "29.53000", "2012-09-30": "28.92800", "2012-06-30": "28.60400", "2012-03-31": "29.74000", "2011-12-31": "29.08100", "2011-09-30": "30.00400", "2011-06-30": "31.15600", "2011-03-31": "30.98800", "2010-12-31": "29.59000", "2010-09-30": "29.99200", "2010-06-30": "28.11000", "2010-03-31": "29.81800", "2009-12-31": "31.40000", "2009-09-30": "32.49800", "2009-06-30": "31.89200", "2009-03-31": "59.04600", "2008-12-31": "60.13100", "2008-09-30": "144.67800", "2008-06-30": "63.10300", "2008-03-31": "63.20400", "2007-12-31": "61.40100", "2007-09-30": "60.51900", "2007-06-30": "59.37200", "2007-03-31": "59.03500", "2006-12-31": "58.80000", "2006-09-30": "58.15100", "2006-06-30": "57.68700", "2006-03-31": "56.89200", "2005-12-31": "56.56300", "2005-09-30": "56.90900", "2005-06-30": "57.00500", "2005-03-31": "58.43700"}, "Other Long-Term Assets": {"2020-12-31": "1231.69900", "2020-09-30": "115.54100", "2020-06-30": "116.58000", "2020-03-31": "90.08500", "2019-12-31": "93.11400", "2019-09-30": "85.55700", "2019-06-30": "85.87600", "2019-03-31": "83.41200", "2018-12-31": "73.07100", "2018-09-30": "82.56600", "2018-06-30": "83.79000", "2018-03-31": "81.92000", "2017-12-31": "75.88900", "2017-09-30": "86.27200", "2017-06-30": "77.85300", "2017-03-31": "79.70100", "2016-12-31": "74.47800", "2016-09-30": "75.59100", "2016-06-30": "76.44700", "2016-03-31": "94.35400", "2015-12-31": "84.30900", "2015-09-30": "88.33500", "2015-06-30": "76.57700", "2015-03-31": "78.44000", "2014-12-31": "75.09200", "2014-09-30": "50.05000", "2014-06-30": "49.28000", "2014-03-31": "47.73800", "2013-12-31": "69.22100", "2013-09-30": "67.73200", "2013-06-30": "68.48900", "2013-03-31": "66.81400", "2012-12-31": "64.19100", "2012-09-30": "284.11800", "2012-06-30": "279.78900", "2012-03-31": "279.09900", "2011-12-31": "64.76500", "2011-09-30": "298.32800", "2011-06-30": "295.55600", "2011-03-31": "293.59200", "2010-12-31": "67.31200", "2010-09-30": "260.98000", "2010-06-30": "231.35000", "2010-03-31": "230.29200", "2009-12-31": "76.71100", "2009-09-30": "336.72000", "2009-06-30": "355.02600", "2009-03-31": "337.23400", "2008-12-31": "79.67200", "2008-09-30": "165.06800", "2008-06-30": "142.18500", "2008-03-31": "138.33700", "2007-12-31": "78.00000", "2007-09-30": "139.74700", "2007-06-30": "138.55500", "2007-03-31": "139.12300", "2006-12-31": "73.95400", "2006-09-30": "69.01200", "2006-06-30": "71.89000", "2006-03-31": "69.16600", "2005-12-31": "72.80100", "2005-09-30": "205.23700", "2005-06-30": "75.41800", "2005-03-31": "75.33400"}, "Total Long-Term Assets": {"2020-12-31": "6165.16800", "2020-09-30": "6375.54100", "2020-06-30": "6344.31800", "2020-03-31": "6163.56500", "2019-12-31": "6325.33600", "2019-09-30": "6487.23300", "2019-06-30": "6428.15500", "2019-03-31": "6206.53200", "2018-12-31": "6181.22100", "2018-09-30": "6414.34200", "2018-06-30": "6302.60200", "2018-03-31": "6057.46700", "2017-12-31": "6087.93000", "2017-09-30": "6300.21700", "2017-06-30": "6243.16900", "2017-03-31": "6043.93500", "2016-12-31": "6036.38800", "2016-09-30": "6109.88200", "2016-06-30": "5989.41600", "2016-03-31": "5975.92100", "2015-12-31": "5995.09400", "2015-09-30": "6101.81400", "2015-06-30": "5859.21600", "2015-03-31": "5540.36500", "2014-12-31": "5580.00200", "2014-09-30": "5823.02800", "2014-06-30": "5702.59700", "2014-03-31": "5369.32000", "2013-12-31": "5416.23700", "2013-09-30": "5391.33300", "2013-06-30": "5252.72700", "2013-03-31": "5002.14200", "2012-12-31": "5119.83700", "2012-09-30": "5267.48700", "2012-06-30": "5246.91700", "2012-03-31": "5091.81700", "2011-12-31": "5131.95800", "2011-09-30": "5319.17300", "2011-06-30": "5361.00100", "2011-03-31": "5234.55300", "2010-12-31": "5364.11300", "2010-09-30": "5542.00000", "2010-06-30": "5637.89200", "2010-03-31": "5681.39400", "2009-12-31": "4813.56900", "2009-09-30": "4961.65100", "2009-06-30": "4842.29300", "2009-03-31": "2789.79100", "2008-12-31": "2302.07300", "2008-09-30": "2379.22300", "2008-06-30": "2277.52800", "2008-03-31": "2277.61200", "2007-12-31": "2189.29200", "2007-09-30": "2114.50300", "2007-06-30": "2067.53100", "2007-03-31": "2030.32300", "2006-12-31": "1981.51700", "2006-09-30": "2150.10600", "2006-06-30": "2146.20400", "2006-03-31": "2100.84100", "2005-12-31": "2109.97200", "2005-09-30": "2028.77900", "2005-06-30": "1829.04100", "2005-03-31": "1825.48900"}, "Total Assets": {"2020-12-31": "12010.60000", "2020-09-30": "12532.28000", "2020-06-30": "13156.15000", "2020-03-31": "11139.95000", "2019-12-31": "10528.16000", "2019-09-30": "10576.23000", "2019-06-30": "10740.32000", "2019-03-31": "10580.61000", "2018-12-31": "10665.66000", "2018-09-30": "10503.80000", "2018-06-30": "10546.02000", "2018-03-31": "10277.62000", "2017-12-31": "9972.67200", "2017-09-30": "10088.36000", "2017-06-30": "10487.77000", "2017-03-31": "10281.86000", "2016-12-31": "9890.24000", "2016-09-30": "10212.23000", "2016-06-30": "10348.44000", "2016-03-31": "10467.67000", "2015-12-31": "9972.97700", "2015-09-30": "10712.03000", "2015-06-30": "10549.19000", "2015-03-31": "10247.86000", "2014-12-31": "9528.09700", "2014-09-30": "10025.51000", "2014-06-30": "10076.30000", "2014-03-31": "9729.79100", "2013-12-31": "9405.04000", "2013-09-30": "9484.00800", "2013-06-30": "9707.19800", "2013-03-31": "9335.12100", "2012-12-31": "9170.77300", "2012-09-30": "10015.18000", "2012-06-30": "9316.78400", "2012-03-31": "9605.34700", "2011-12-31": "9674.16400", "2011-09-30": "9704.35900", "2011-06-30": "9361.97900", "2011-03-31": "9405.14200", "2010-12-31": "9430.74000", "2010-09-30": "10040.96000", "2010-06-30": "10223.89000", "2010-03-31": "10702.90000", "2009-12-31": "9155.51800", "2009-09-30": "9353.06800", "2009-06-30": "8764.68600", "2009-03-31": "8619.59400", "2008-12-31": "7828.62500", "2008-09-30": "7199.73700", "2008-06-30": "6783.75300", "2008-03-31": "5864.39900", "2007-12-31": "5656.60600", "2007-09-30": "4970.96000", "2007-06-30": "5121.59400", "2007-03-31": "5446.49800", "2006-12-31": "5532.15000", "2006-09-30": "5033.06200", "2006-06-30": "5043.32900", "2006-03-31": "5399.84700", "2005-12-31": "5255.20900", "2005-09-30": "4694.46800", "2005-06-30": "4266.05800", "2005-03-31": "5305.77300"}, "Total Current Liabilities": {"2020-12-31": "3981.95400", "2020-09-30": "4217.43100", "2020-06-30": "4655.09700", "2020-03-31": "4580.07000", "2019-12-31": "3196.77200", "2019-09-30": "3698.75100", "2019-06-30": "3742.25200", "2019-03-31": "3590.06400", "2018-12-31": "3597.60000", "2018-09-30": "3775.81400", "2018-06-30": "3132.42400", "2018-03-31": "3795.10300", "2017-12-31": "3158.17000", "2017-09-30": "3216.35100", "2017-06-30": "3354.76100", "2017-03-31": "2556.73900", "2016-12-31": "2862.56200", "2016-09-30": "2553.70700", "2016-06-30": "2512.76700", "2016-03-31": "2588.00600", "2015-12-31": "2747.30700", "2015-09-30": "2657.18400", "2015-06-30": "2516.31200", "2015-03-31": "2502.57700", "2014-12-31": "2389.28600", "2014-09-30": "2707.04400", "2014-06-30": "2453.64800", "2014-03-31": "2844.11400", "2013-12-31": "2509.58600", "2013-09-30": "1981.71600", "2013-06-30": "2096.68900", "2013-03-31": "2227.18300", "2012-12-31": "1503.08200", "2012-09-30": "2301.67500", "2012-06-30": "2540.59300", "2012-03-31": "2583.22700", "2011-12-31": "2698.61800", "2011-09-30": "2441.18300", "2011-06-30": "2197.23200", "2011-03-31": "1987.33100", "2010-12-31": "2013.78200", "2010-09-30": "2455.89100", "2010-06-30": "2377.40000", "2010-03-31": "2383.39200", "2009-12-31": "2268.22400", "2009-09-30": "2961.70900", "2009-06-30": "2559.48100", "2009-03-31": "2730.91200", "2008-12-31": "2623.33300", "2008-09-30": "2209.75200", "2008-06-30": "1769.19700", "2008-03-31": "2036.05000", "2007-12-31": "1905.07900", "2007-09-30": "1212.41800", "2007-06-30": "1077.10000", "2007-03-31": "1317.99400", "2006-12-31": "1595.67700", "2006-09-30": "976.66800", "2006-06-30": "774.11500", "2006-03-31": "935.28600", "2005-12-31": "873.11200", "2005-09-30": "863.21000", "2005-06-30": "636.68900", "2005-03-31": "1065.88500"}, "Long Term Debt": {"2020-12-31": "5932.93300", "2020-09-30": "6171.67600", "2020-06-30": "6488.49900", "2020-03-31": "4478.07800", "2019-12-31": "5124.82600", "2019-09-30": "4607.04100", "2019-06-30": "4650.17600", "2019-03-31": "4744.69400", "2018-12-31": "4887.66700", "2018-09-30": "4196.51700", "2018-06-30": "4868.34600", "2018-03-31": "4108.51100", "2017-12-31": "4587.25800", "2017-09-30": "4607.79100", "2017-06-30": "4678.35000", "2017-03-31": "5320.79700", "2016-12-31": "4666.97500", "2016-09-30": "5170.60900", "2016-06-30": "5308.06300", "2016-03-31": "5460.55300", "2015-12-31": "4832.46900", "2015-09-30": "5040.64400", "2015-06-30": "4551.08300", "2015-03-31": "4347.88400", "2014-12-31": "3761.52800", "2014-09-30": "3573.11800", "2014-06-30": "3794.39600", "2014-03-31": "3271.64800", "2013-12-31": "3416.71300", "2013-09-30": "4067.73300", "2013-06-30": "4234.35200", "2013-03-31": "3892.46900", "2012-12-31": "4370.54400", "2012-09-30": "4472.41300", "2012-06-30": "3576.99400", "2012-03-31": "3918.38400", "2011-12-31": "3843.88600", "2011-09-30": "4154.89900", "2011-06-30": "4111.24000", "2011-03-31": "4566.95900", "2010-12-31": "4520.59100", "2010-09-30": "4615.93700", "2010-06-30": "5052.35900", "2010-03-31": "5570.47300", "2009-12-31": "4114.03900", "2009-09-30": "3176.64800", "2009-06-30": "3038.38700", "2009-03-31": "2757.18500", "2008-12-31": "2176.23800", "2008-09-30": "2033.00000", "2008-06-30": "2050.00000", "2008-03-31": "980.00000", "2007-12-31": "980.00000", "2007-09-30": "980.00000", "2007-06-30": "975.00000", "2007-03-31": "890.00000", "2006-12-31": "870.00000", "2006-09-30": "900.00000", "2006-06-30": "1000.00000", "2006-03-31": "1000.00000", "2005-12-31": "1000.00000", "2005-09-30": "776.62600", "2005-06-30": "800.00000", "2005-03-31": "800.00000"}, "Other Non-Current Liabilities": {"2020-12-31": "372.92900", "2020-09-30": "215.81300", "2020-06-30": "225.46000", "2020-03-31": "221.70900", "2019-12-31": "229.46400", "2019-09-30": "223.21800", "2019-06-30": "213.59300", "2019-03-31": "215.96900", "2018-12-31": "204.21900", "2018-09-30": "211.56100", "2018-06-30": "214.44300", "2018-03-31": "210.10600", "2017-12-31": "209.60800", "2017-09-30": "192.00100", "2017-06-30": "190.67300", "2017-03-31": "187.20800", "2016-12-31": "182.83600", "2016-09-30": "192.22300", "2016-06-30": "188.29200", "2016-03-31": "199.90900", "2015-12-31": "195.00000", "2015-09-30": "199.66900", "2015-06-30": "195.01700", "2015-03-31": "190.65100", "2014-12-31": "188.80500", "2014-09-30": "175.17100", "2014-06-30": "175.58700", "2014-03-31": "168.07300", "2013-12-31": "167.22000", "2013-09-30": "140.23000", "2013-06-30": "134.82200", "2013-03-31": "131.69200", "2012-12-31": "131.16700", "2012-09-30": "150.50400", "2012-06-30": "147.01900", "2012-03-31": "144.99400", "2011-12-31": "140.33900", "2011-09-30": "138.12600", "2011-06-30": "159.71900", "2011-03-31": "156.47200", "2010-12-31": "152.65400", "2010-09-30": "153.05400", "2010-06-30": "147.68900", "2010-03-31": "157.07700", "2009-12-31": "155.33300", "2009-09-30": "156.26500", "2009-06-30": "159.30200", "2009-03-31": "154.22500", "2008-12-31": "155.04000", "2008-09-30": "180.66700", "2008-06-30": "161.79100", "2008-03-31": "157.09400", "2007-12-31": "151.95400", "2007-09-30": "148.01300", "2007-06-30": "150.85100", "2007-03-31": "147.38100", "2006-12-31": "60.69400", "2006-09-30": "204.20600", "2006-06-30": "199.25500", "2006-03-31": "201.75700", "2005-12-31": "53.60300", "2005-09-30": "134.78600", "2005-06-30": "140.43300", "2005-03-31": "117.75400"}, "Total Long Term Liabilities": {"2020-12-31": "6305.86200", "2020-09-30": "6544.94600", "2020-06-30": "6877.35000", "2020-03-31": "4867.89500", "2019-12-31": "5527.38800", "2019-09-30": "5041.26000", "2019-06-30": "5087.42300", "2019-03-31": "5192.93800", "2018-12-31": "5294.11500", "2018-09-30": "4575.01400", "2018-06-30": "5252.07200", "2018-03-31": "4486.56900", "2017-12-31": "4970.22500", "2017-09-30": "5015.18800", "2017-06-30": "5086.84300", "2017-03-31": "5731.70700", "2016-12-31": "5107.52000", "2016-09-30": "5666.15100", "2016-06-30": "5814.66600", "2016-03-31": "5986.84500", "2015-12-31": "5386.01600", "2015-09-30": "5495.17700", "2015-06-30": "5009.25500", "2015-03-31": "4809.44300", "2014-12-31": "4229.52500", "2014-09-30": "4034.09900", "2014-06-30": "4256.38800", "2014-03-31": "3725.84200", "2013-12-31": "3885.96800", "2013-09-30": "4620.44500", "2013-06-30": "4789.27000", "2013-03-31": "4450.89000", "2012-12-31": "5110.06700", "2012-09-30": "5010.14500", "2012-06-30": "4109.80400", "2012-03-31": "4447.46100", "2011-12-31": "4555.29000", "2011-09-30": "4661.91600", "2011-06-30": "4633.35100", "2011-03-31": "5077.56300", "2010-12-31": "5210.09200", "2010-09-30": "5395.11900", "2010-06-30": "5709.48900", "2010-03-31": "6232.11200", "2009-12-31": "4779.17600", "2009-09-30": "4101.38700", "2009-06-30": "3952.42200", "2009-03-31": "3655.86900", "2008-12-31": "3089.68900", "2008-09-30": "2489.62600", "2008-06-30": "2481.71900", "2008-03-31": "1396.92400", "2007-12-31": "1376.03600", "2007-09-30": "1395.53900", "2007-06-30": "1386.65000", "2007-03-31": "1293.01700", "2006-12-31": "1179.73600", "2006-09-30": "1210.02300", "2006-06-30": "1301.38100", "2006-03-31": "1299.97300", "2005-12-31": "1298.49200", "2005-09-30": "969.14400", "2005-06-30": "995.08500", "2005-03-31": "969.05100"}, "Total Liabilities": {"2020-12-31": "10287.82000", "2020-09-30": "10762.38000", "2020-06-30": "11532.45000", "2020-03-31": "9447.96400", "2019-12-31": "8724.16100", "2019-09-30": "8740.01100", "2019-06-30": "8829.67900", "2019-03-31": "8783.00200", "2018-12-31": "8891.71500", "2018-09-30": "8350.82800", "2018-06-30": "8384.49600", "2018-03-31": "8281.67200", "2017-12-31": "8128.39500", "2017-09-30": "8231.53900", "2017-06-30": "8441.60400", "2017-03-31": "8288.44600", "2016-12-31": "7970.08200", "2016-09-30": "8219.85800", "2016-06-30": "8327.43300", "2016-03-31": "8574.85100", "2015-12-31": "8133.32300", "2015-09-30": "8152.36100", "2015-06-30": "7525.56700", "2015-03-31": "7312.02000", "2014-12-31": "6618.81100", "2014-09-30": "6741.14300", "2014-06-30": "6710.03600", "2014-03-31": "6569.95600", "2013-12-31": "6395.55400", "2013-09-30": "6602.16100", "2013-06-30": "6885.95900", "2013-03-31": "6678.07300", "2012-12-31": "6613.14900", "2012-09-30": "7311.82000", "2012-06-30": "6650.39700", "2012-03-31": "7030.68800", "2011-12-31": "7253.90800", "2011-09-30": "7103.09900", "2011-06-30": "6830.58300", "2011-03-31": "7064.89400", "2010-12-31": "7223.87400", "2010-09-30": "7851.01000", "2010-06-30": "8086.88900", "2010-03-31": "8615.50400", "2009-12-31": "7047.40000", "2009-09-30": "7063.09600", "2009-06-30": "6511.90300", "2009-03-31": "6386.78100", "2008-12-31": "5713.02200", "2008-09-30": "4699.37800", "2008-06-30": "4250.91600", "2008-03-31": "3432.97400", "2007-12-31": "3281.11500", "2007-09-30": "2607.95700", "2007-06-30": "2463.75000", "2007-03-31": "2611.01100", "2006-12-31": "2775.41300", "2006-09-30": "2186.69100", "2006-06-30": "2075.49600", "2006-03-31": "2235.25900", "2005-12-31": "2171.60400", "2005-09-30": "1832.35400", "2005-06-30": "1631.77400", "2005-03-31": "2034.93600"}, "Common Stock Net": {"2020-12-31": "", "2020-09-30": "1.83500", "2020-06-30": "1.83400", "2020-03-31": "1.83400", "2019-12-31": "1.82800", "2019-09-30": "1.82700", "2019-06-30": "1.82700", "2019-03-31": "1.82600", "2018-12-31": "1.81900", "2018-09-30": "1.81900", "2018-06-30": "1.81800", "2018-03-31": "1.81800", "2017-12-31": "1.81300", "2017-09-30": "1.81300", "2017-06-30": "1.81300", "2017-03-31": "1.81300", "2016-12-31": "1.80600", "2016-09-30": "3.45400", "2016-06-30": "3.45300", "2016-03-31": "3.45200", "2015-12-31": "3.44900", "2015-09-30": "3.44800", "2015-06-30": "3.44800", "2015-03-31": "3.44500", "2014-12-31": "3.44200", "2014-09-30": "3.43900", "2014-06-30": "3.43900", "2014-03-31": "3.43500", "2013-12-31": "3.43200", "2013-09-30": "3.42900", "2013-06-30": "3.41400", "2013-03-31": "3.42300", "2012-12-31": "3.41300", "2012-09-30": "3.40900", "2012-06-30": "3.40800", "2012-03-31": "", "2011-12-31": "3.39100", "2011-09-30": "", "2011-06-30": "", "2011-03-31": "", "2010-12-31": "3.38200", "2010-09-30": "", "2010-06-30": "", "2010-03-31": "", "2009-12-31": "3.36800", "2009-09-30": "", "2009-06-30": "", "2009-03-31": "", "2008-12-31": "3.35700", "2008-09-30": "", "2008-06-30": "", "2008-03-31": "", "2007-12-31": "3.35200", "2007-09-30": "", "2007-06-30": "", "2007-03-31": "", "2006-12-31": "3.34300", "2006-09-30": "", "2006-06-30": "", "2006-03-31": "", "2005-12-31": "3.31000", "2005-09-30": "", "2005-06-30": "", "2005-03-31": ""}, "Retained Earnings (Accumulated Deficit)": {"2020-12-31": "", "2020-09-30": "2148.46200", "2020-06-30": "2031.32900", "2020-03-31": "2126.64600", "2019-12-31": "2193.99700", "2019-09-30": "2238.31300", "2019-06-30": "2210.31800", "2019-03-31": "2074.66900", "2018-12-31": "2007.58300", "2018-09-30": "1958.44500", "2018-06-30": "1906.01500", "2018-03-31": "1725.62600", "2017-12-31": "1607.57000", "2017-09-30": "1660.99700", "2017-06-30": "1654.45700", "2017-03-31": "1459.43100", "2016-12-31": "1337.67300", "2016-09-30": "9416.58300", "2016-06-30": "9365.10500", "2016-03-31": "9148.01700", "2015-12-31": "8961.98500", "2015-09-30": "8977.60000", "2015-06-30": "8898.95900", "2015-03-31": "8663.42700", "2014-12-31": "8459.04000", "2014-09-30": "8443.00500", "2014-06-30": "8352.16800", "2014-03-31": "8058.11900", "2013-12-31": "7852.72900", "2013-09-30": "7824.23600", "2013-06-30": "7708.23800", "2013-03-31": "7483.24800", "2012-12-31": "7306.42400", "2012-09-30": "7270.90600", "2012-06-30": "7171.82000", "2012-03-31": "", "2011-12-31": "6824.18000", "2011-09-30": "", "2011-06-30": "", "2011-03-31": "", "2010-12-31": "6336.07700", "2010-09-30": "", "2010-06-30": "", "2010-03-31": "", "2009-12-31": "6324.26800", "2009-09-30": "", "2009-06-30": "", "2009-03-31": "", "2008-12-31": "6458.77800", "2008-09-30": "", "2008-06-30": "", "2008-03-31": "", "2007-12-31": "6117.56700", "2007-09-30": "", "2007-06-30": "", "2007-03-31": "", "2006-12-31": "5460.62900", "2006-09-30": "", "2006-06-30": "", "2006-03-31": "", "2005-12-31": "4630.39000", "2005-09-30": "", "2005-06-30": "", "2005-03-31": ""}, "Comprehensive Income": {"2020-12-31": "", "2020-09-30": "-529.60300", "2020-06-30": "-552.19800", "2020-03-31": "-579.29000", "2019-12-31": "-536.94900", "2019-09-30": "-616.25400", "2019-06-30": "-614.96100", "2019-03-31": "-622.05100", "2018-12-31": "-629.68400", "2018-09-30": "-386.45200", "2018-06-30": "-396.76400", "2018-03-31": "-406.60400", "2017-12-31": "-500.04900", "2017-09-30": "-529.08200", "2017-06-30": "-543.94500", "2017-03-31": "-551.63000", "2016-12-31": "-565.38100", "2016-09-30": "-580.77800", "2016-06-30": "-590.16100", "2016-03-31": "-603.33800", "2015-12-31": "-615.20500", "2015-09-30": "-538.95700", "2015-06-30": "-522.52600", "2015-03-31": "-522.16100", "2014-12-31": "-514.94300", "2014-09-30": "-323.06400", "2014-06-30": "-309.05100", "2014-03-31": "-323.92900", "2013-12-31": "-332.67600", "2013-09-30": "-586.40600", "2013-06-30": "-599.19000", "2013-03-31": "-597.65200", "2012-12-31": "-607.67800", "2012-09-30": "-457.41900", "2012-06-30": "-469.55600", "2012-03-31": "", "2011-12-31": "-476.73300", "2011-09-30": "", "2011-06-30": "", "2011-03-31": "", "2010-12-31": "-366.22200", "2010-09-30": "", "2010-06-30": "", "2010-03-31": "", "2009-12-31": "-417.89800", "2009-09-30": "", "2009-06-30": "", "2009-03-31": "", "2008-12-31": "-522.52600", "2008-09-30": "", "2008-06-30": "", "2008-03-31": "", "2007-12-31": "-137.25800", "2007-09-30": "", "2007-06-30": "", "2007-03-31": "", "2006-12-31": "-206.66200", "2006-09-30": "", "2006-06-30": "", "2006-03-31": "", "2005-12-31": "58.65300", "2005-09-30": "", "2005-06-30": "", "2005-03-31": ""}, "Other Share Holders Equity": {"2020-12-31": "", "2020-09-30": "", "2020-06-30": "", "2020-03-31": "", "2019-12-31": "", "2019-09-30": "", "2019-06-30": "", "2019-03-31": "", "2018-12-31": "", "2018-09-30": "", "2018-06-30": "", "2018-03-31": "", "2017-12-31": "", "2017-09-30": "", "2017-06-30": "", "2017-03-31": "", "2016-12-31": "", "2016-09-30": "", "2016-06-30": "", "2016-03-31": "", "2015-12-31": "", "2015-09-30": "", "2015-06-30": "", "2015-03-31": "", "2014-12-31": "", "2014-09-30": "", "2014-06-30": "", "2014-03-31": "", "2013-12-31": "", "2013-09-30": "", "2013-06-30": "", "2013-03-31": "", "2012-12-31": "", "2012-09-30": "", "2012-06-30": "", "2012-03-31": "", "2011-12-31": "", "2011-09-30": "", "2011-06-30": "", "2011-03-31": "", "2010-12-31": "", "2010-09-30": "", "2010-06-30": "", "2010-03-31": "", "2009-12-31": "", "2009-09-30": "", "2009-06-30": "", "2009-03-31": "", "2008-12-31": "", "2008-09-30": "", "2008-06-30": "", "2008-03-31": "", "2007-12-31": "", "2007-09-30": "", "2007-06-30": "", "2007-03-31": "", "2006-12-31": "", "2006-09-30": "", "2006-06-30": "", "2006-03-31": "", "2005-12-31": "", "2005-09-30": "", "2005-06-30": "", "2005-03-31": ""}, "Share Holder Equity": {"2020-12-31": "1722.78500", "2020-09-30": "1769.89800", "2020-06-30": "1623.70500", "2020-03-31": "1691.98300", "2019-12-31": "1803.99900", "2019-09-30": "1836.21900", "2019-06-30": "1910.64100", "2019-03-31": "1797.61100", "2018-12-31": "1773.94900", "2018-09-30": "2152.97200", "2018-06-30": "2161.52600", "2018-03-31": "1995.94900", "2017-12-31": "1844.27700", "2017-09-30": "1856.82000", "2017-06-30": "2046.16700", "2017-03-31": "1993.40900", "2016-12-31": "1920.15800", "2016-09-30": "1992.36800", "2016-06-30": "2021.00700", "2016-03-31": "1892.82000", "2015-12-31": "1839.65400", "2015-09-30": "2559.67300", "2015-06-30": "3023.62700", "2015-03-31": "2935.84000", "2014-12-31": "2909.28600", "2014-09-30": "3284.36300", "2014-06-30": "3366.26000", "2014-03-31": "3159.83500", "2013-12-31": "3009.48600", "2013-09-30": "2881.84700", "2013-06-30": "2821.23900", "2013-03-31": "2657.04800", "2012-12-31": "2557.62400", "2012-09-30": "2703.36300", "2012-06-30": "2666.38700", "2012-03-31": "2574.65900", "2011-12-31": "2420.25600", "2011-09-30": "2601.26000", "2011-06-30": "2531.39600", "2011-03-31": "2340.24800", "2010-12-31": "2206.86600", "2010-09-30": "2189.95000", "2010-06-30": "2137.00400", "2010-03-31": "2087.39900", "2009-12-31": "2108.11800", "2009-09-30": "2289.97200", "2009-06-30": "2252.78300", "2009-03-31": "2232.81300", "2008-12-31": "2115.60300", "2008-09-30": "2500.35900", "2008-06-30": "2532.83700", "2008-03-31": "2431.42500", "2007-12-31": "2375.49100", "2007-09-30": "2363.00300", "2007-06-30": "2657.84400", "2007-03-31": "2835.48700", "2006-12-31": "2756.73700", "2006-09-30": "2846.37100", "2006-06-30": "2967.83300", "2006-03-31": "3164.58800", "2005-12-31": "3083.60500", "2005-09-30": "2862.11400", "2005-06-30": "2634.28400", "2005-03-31": "3270.83700"}, "Total Liabilities And Share Holders Equity": {"2020-12-31": "12010.60000", "2020-09-30": "12532.28000", "2020-06-30": "13156.15000", "2020-03-31": "11139.95000", "2019-12-31": "10528.16000", "2019-09-30": "10576.23000", "2019-06-30": "10740.32000", "2019-03-31": "10580.61000", "2018-12-31": "10665.66000", "2018-09-30": "10503.80000", "2018-06-30": "10546.02000", "2018-03-31": "10277.62000", "2017-12-31": "9972.67200", "2017-09-30": "10088.36000", "2017-06-30": "10487.77000", "2017-03-31": "10281.86000", "2016-12-31": "9890.24000", "2016-09-30": "10212.23000", "2016-06-30": "10348.44000", "2016-03-31": "10467.67000", "2015-12-31": "9972.97700", "2015-09-30": "10712.03000", "2015-06-30": "10549.19000", "2015-03-31": "10247.86000", "2014-12-31": "9528.09700", "2014-09-30": "10025.51000", "2014-06-30": "10076.30000", "2014-03-31": "9729.79100", "2013-12-31": "9405.04000", "2013-09-30": "9484.00800", "2013-06-30": "9707.19800", "2013-03-31": "9335.12100", "2012-12-31": "9170.77300", "2012-09-30": "10015.18000", "2012-06-30": "9316.78400", "2012-03-31": "9605.34700", "2011-12-31": "9674.16400", "2011-09-30": "9704.35900", "2011-06-30": "9361.97900", "2011-03-31": "9405.14200", "2010-12-31": "9430.74000", "2010-09-30": "10040.96000", "2010-06-30": "10223.89000", "2010-03-31": "10702.90000", "2009-12-31": "9155.51800", "2009-09-30": "9353.06800", "2009-06-30": "8764.68600", "2009-03-31": "8619.59400", "2008-12-31": "7828.62500", "2008-09-30": "7199.73700", "2008-06-30": "6783.75300", "2008-03-31": "5864.39900", "2007-12-31": "5656.60600", "2007-09-30": "4970.96000", "2007-06-30": "5121.59400", "2007-03-31": "5446.49800", "2006-12-31": "5532.15000", "2006-09-30": "5033.06200", "2006-06-30": "5043.32900", "2006-03-31": "5399.84700", "2005-12-31": "5255.20900", "2005-09-30": "4694.46800", "2005-06-30": "4266.05800", "2005-03-31": "5305.77300"}}, "cash flow statement": {"Net Income/Loss": {"2020-12-31": "0.00000", "2019-12-31": "423.63500", "2018-12-31": "531.45100", "2017-12-31": "521.75900", "2016-12-31": "692.16400", "2015-12-31": "752.20700", "2014-12-31": "844.61100", "2013-12-31": "733.99300", "2012-12-31": "623.92500", "2011-12-31": "599.11400", "2010-12-31": "146.54500", "2009-12-31": "-55.11600", "2008-12-31": "654.71800", "2007-12-31": "933.84300", "2006-12-31": "1043.15300", "2005-12-31": "959.60400"}, "Total Depreciation And Amortization - Cash Flow": {"2020-12-31": "", "2019-12-31": "318.68600", "2018-12-31": "354.54500", "2017-12-31": "313.14400", "2016-12-31": "305.48800", "2015-12-31": "301.59500", "2014-12-31": "282.17100", "2013-12-31": "262.62900", "2012-12-31": "257.53900", "2011-12-31": "269.89300", "2010-12-31": "362.01200", "2009-12-31": "386.67900", "2008-12-31": "263.49400", "2007-12-31": "204.17200", "2006-12-31": "213.76900", "2005-12-31": "205.70500"}, "Other Non-Cash Items": {"2020-12-31": "", "2019-12-31": "190.20200", "2018-12-31": "171.91900", "2017-12-31": "190.97200", "2016-12-31": "135.19400", "2015-12-31": "168.64000", "2014-12-31": "139.69200", "2013-12-31": "47.25200", "2012-12-31": "31.55900", "2011-12-31": "-63.47900", "2010-12-31": "448.34900", "2009-12-31": "243.14300", "2008-12-31": "206.91000", "2007-12-31": "15.12300", "2006-12-31": "40.58900", "2005-12-31": "-150.15600"}, "Total Non-Cash Items": {"2020-12-31": "", "2019-12-31": "508.88800", "2018-12-31": "526.46400", "2017-12-31": "504.11600", "2016-12-31": "440.68190", "2015-12-31": "470.23500", "2014-12-31": "421.86300", "2013-12-31": "309.88100", "2012-12-31": "289.09800", "2011-12-31": "206.41400", "2010-12-31": "810.36100", "2009-12-31": "629.82200", "2008-12-31": "470.40400", "2007-12-31": "219.29500", "2006-12-31": "254.35800", "2005-12-31": "55.54900"}, "Change In Accounts Receivable": {"2020-12-31": "", "2019-12-31": "44.90200", "2018-12-31": "9.14300", "2017-12-31": "-18.14900", "2016-12-31": "-45.93400", "2015-12-31": "-13.66500", "2014-12-31": "-9.80900", "2013-12-31": "-36.65300", "2012-12-31": "-13.69000", "2011-12-31": "43.05000", "2010-12-31": "2.90500", "2009-12-31": "8.80900", "2008-12-31": "2.71000", "2007-12-31": "-26.39900", "2006-12-31": "-16.36100", "2005-12-31": "-11.55600"}, "Change In Inventories": {"2020-12-31": "", "2019-12-31": "-47.57600", "2018-12-31": "-31.05900", "2017-12-31": "-20.58400", "2016-12-31": "85.07200", "2015-12-31": "-155.22200", "2014-12-31": "-50.88600", "2013-12-31": "-46.47400", "2012-12-31": "21.45900", "2011-12-31": "-94.95700", "2010-12-31": "2.51600", "2009-12-31": "85.47200", "2008-12-31": "-42.26300", "2007-12-31": "-48.01900", "2006-12-31": "-54.35200", "2005-12-31": "-6.36600"}, "Change In Accounts Payable": {"2020-12-31": "", "2019-12-31": "", "2018-12-31": "", "2017-12-31": "", "2016-12-31": "", "2015-12-31": "", "2014-12-31": "", "2013-12-31": "", "2012-12-31": "", "2011-12-31": "", "2010-12-31": "", "2009-12-31": "", "2008-12-31": "", "2007-12-31": "", "2006-12-31": "", "2005-12-31": ""}, "Change In Assets/Liabilities": {"2020-12-31": "", "2019-12-31": "-43.11500", "2018-12-31": "-26.27000", "2017-12-31": "7.79100", "2016-12-31": "-35.88200", "2015-12-31": "-92.26000", "2014-12-31": "-80.41100", "2013-12-31": "95.01100", "2012-12-31": "-108.53600", "2011-12-31": "11.37900", "2010-12-31": "-13.92200", "2009-12-31": "141.21800", "2008-12-31": "-1739.59600", "2007-12-31": "-321.78400", "2006-12-31": "-541.07600", "2005-12-31": "-59.42700"}, "Total Change In Assets/Liabilities": {"2020-12-31": "", "2019-12-31": "-64.25100", "2018-12-31": "148.00600", "2017-12-31": "-20.81400", "2016-12-31": "41.49300", "2015-12-31": "-122.32400", "2014-12-31": "-119.79700", "2013-12-31": "-66.78100", "2012-12-31": "-111.56500", "2011-12-31": "79.76300", "2010-12-31": "206.51200", "2009-12-31": "34.30400", "2008-12-31": "-1733.15100", "2007-12-31": "-354.99200", "2006-12-31": "-535.73100", "2005-12-31": "-52.53900"}, "Cash Flow From Operating Activities": {"2020-12-31": "1177.89000", "2019-12-31": "868.27200", "2018-12-31": "1205.92100", "2017-12-31": "1005.06100", "2016-12-31": "1174.33900", "2015-12-31": "1100.11800", "2014-12-31": "1146.67700", "2013-12-31": "977.09300", "2012-12-31": "801.45800", "2011-12-31": "885.29100", "2010-12-31": "1163.41800", "2009-12-31": "609.01000", "2008-12-31": "-608.02900", "2007-12-31": "798.14600", "2006-12-31": "761.78000", "2005-12-31": "962.61400"}, "Net Change In Property, Plant, And Equipment": {"2020-12-31": "-131.05000", "2019-12-31": "-181.44000", "2018-12-31": "-213.51600", "2017-12-31": "-206.29400", "2016-12-31": "-256.26300", "2015-12-31": "-259.97400", "2014-12-31": "-232.31900", "2013-12-31": "-208.32100", "2012-12-31": "-189.00200", "2011-12-31": "-189.03500", "2010-12-31": "-170.84500", "2009-12-31": "-116.74800", "2008-12-31": "-228.95900", "2007-12-31": "-242.11300", "2006-12-31": "-219.60200", "2005-12-31": "-198.38900"}, "Net Change In Intangible Assets": {"2020-12-31": "", "2019-12-31": "", "2018-12-31": "", "2017-12-31": "", "2016-12-31": "", "2015-12-31": "", "2014-12-31": "", "2013-12-31": "", "2012-12-31": "", "2011-12-31": "", "2010-12-31": "", "2009-12-31": "", "2008-12-31": "", "2007-12-31": "", "2006-12-31": "", "2005-12-31": ""}, "Net Acquisitions/Divestitures": {"2020-12-31": "", "2019-12-31": "-7.00000", "2018-12-31": "", "2017-12-31": "", "2016-12-31": "", "2015-12-31": "-59.91000", "2014-12-31": "", "2013-12-31": "", "2012-12-31": "", "2011-12-31": "", "2010-12-31": "", "2009-12-31": "", "2008-12-31": "", "2007-12-31": "", "2006-12-31": "", "2005-12-31": ""}, "Net Change In Short-term Investments": {"2020-12-31": "", "2019-12-31": "10.00700", "2018-12-31": "-10.00700", "2017-12-31": "6.91600", "2016-12-31": "40.01400", "2015-12-31": "11.50700", "2014-12-31": "41.01000", "2013-12-31": "35.11000", "2012-12-31": "18.30300", "2011-12-31": "-12.53200", "2010-12-31": "-100.14800", "2009-12-31": "-39.68500", "2008-12-31": "2.54300", "2007-12-31": "657.73500", "2006-12-31": "253.51200", "2005-12-31": "431.07500"}, "Net Change In Long-Term Investments": {"2020-12-31": "", "2019-12-31": "", "2018-12-31": "", "2017-12-31": "", "2016-12-31": "", "2015-12-31": "", "2014-12-31": "", "2013-12-31": "", "2012-12-31": "", "2011-12-31": "", "2010-12-31": "", "2009-12-31": "", "2008-12-31": "", "2007-12-31": "", "2006-12-31": "", "2005-12-31": ""}, "Net Change In Investments - Total": {"2020-12-31": "", "2019-12-31": "10.00700", "2018-12-31": "-10.00700", "2017-12-31": "6.91600", "2016-12-31": "40.01400", "2015-12-31": "11.50700", "2014-12-31": "41.01000", "2013-12-31": "35.11000", "2012-12-31": "18.30300", "2011-12-31": "-12.53200", "2010-12-31": "-100.14800", "2009-12-31": "-39.68500", "2008-12-31": "2.54300", "2007-12-31": "657.73500", "2006-12-31": "253.51200", "2005-12-31": "431.07500"}, "Investing Activities - Other": {"2020-12-31": "64.26700", "2019-12-31": "-329.69290", "2018-12-31": "-438.74600", "2017-12-31": "-363.08990", "2016-12-31": "-176.48200", "2015-12-31": "-607.47090", "2014-12-31": "-553.34090", "2013-12-31": "-395.65590", "2012-12-31": "-90.61190", "2011-12-31": "138.02510", "2010-12-31": "416.43000", "2009-12-31": "-707.05400", "2008-12-31": "-68.45900", "2007-12-31": "-24.41700", "2006-12-31": "-69.16900", "2005-12-31": "-38.84600"}, "Cash Flow From Investing Activities": {"2020-12-31": "-66.78300", "2019-12-31": "-508.12600", "2018-12-31": "-662.26900", "2017-12-31": "-562.46800", "2016-12-31": "-392.73100", "2015-12-31": "-915.84800", "2014-12-31": "-744.65000", "2013-12-31": "-568.86700", "2012-12-31": "-261.31100", "2011-12-31": "-63.54200", "2010-12-31": "145.43700", "2009-12-31": "-863.48700", "2008-12-31": "-294.87500", "2007-12-31": "391.20500", "2006-12-31": "-35.25900", "2005-12-31": "193.84000"}, "Net Long-Term Debt": {"2020-12-31": "1019.30100", "2019-12-31": "521.43800", "2018-12-31": "456.47110", "2017-12-31": "-351.00300", "2016-12-31": "76.66000", "2015-12-31": "912.97300", "2014-12-31": "174.67410", "2013-12-31": "-220.72900", "2012-12-31": "-68.83700", "2011-12-31": "-284.10400", "2010-12-31": "-1879.23500", "2009-12-31": "3241.64900", "2008-12-31": "593.55000", "2007-12-31": "368.14400", "2006-12-31": "", "2005-12-31": "199.97400"}, "Net Current Debt": {"2020-12-31": "350.73900", "2019-12-31": "-703.50900", "2018-12-31": "161.65700", "2017-12-31": "506.51400", "2016-12-31": "-154.91600", "2015-12-31": "484.18800", "2014-12-31": "71.05200", "2013-12-31": "380.77600", "2012-12-31": "-568.60800", "2011-12-31": "237.34400", "2010-12-31": "29.73000", "2009-12-31": "-1596.49900", "2008-12-31": "1251.06500", "2007-12-31": "-16.24700", "2006-12-31": "493.12500", "2005-12-31": "-280.69400"}, "Debt Issuance/Retirement Net - Total": {"2020-12-31": "1370.04000", "2019-12-31": "-182.07100", "2018-12-31": "618.12810", "2017-12-31": "155.51100", "2016-12-31": "-78.25600", "2015-12-31": "1397.16100", "2014-12-31": "245.72610", "2013-12-31": "160.04700", "2012-12-31": "-637.44510", "2011-12-31": "-46.76000", "2010-12-31": "-1849.50500", "2009-12-31": "1645.15000", "2008-12-31": "1844.61500", "2007-12-31": "351.89700", "2006-12-31": "493.12500", "2005-12-31": "-80.72000"}, "Net Common Equity Issued/Repurchased": {"2020-12-31": "-7.91700", "2019-12-31": "-292.93100", "2018-12-31": "-387.08100", "2017-12-31": "-453.91000", "2016-12-31": "-449.55900", "2015-12-31": "-1516.84100", "2014-12-31": "-577.81700", "2013-12-31": "-428.66400", "2012-12-31": "-265.65900", "2011-12-31": "-216.70800", "2010-12-31": "6.13900", "2009-12-31": "-1.90900", "2008-12-31": "-249.23100", "2007-12-31": "-1131.96100", "2006-12-31": "-936.16700", "2005-12-31": "-1023.35100"}, "Net Total Equity Issued/Repurchased": {"2020-12-31": "-7.91700", "2019-12-31": "-292.93100", "2018-12-31": "-387.08100", "2017-12-31": "-453.91000", "2016-12-31": "-449.55900", "2015-12-31": "-1516.84100", "2014-12-31": "-577.81700", "2013-12-31": "-428.66400", "2012-12-31": "-265.65900", "2011-12-31": "-216.70800", "2010-12-31": "6.13900", "2009-12-31": "-1.90900", "2008-12-31": "-249.23100", "2007-12-31": "-1131.96100", "2006-12-31": "-936.16700", "2005-12-31": "-1023.35100"}, "Total Common And Preferred Stock Dividends Paid": {"2020-12-31": "-68.08700", "2019-12-31": "-237.22100", "2018-12-31": "-245.81000", "2017-12-31": "-251.86200", "2016-12-31": "-252.32100", "2015-12-31": "-249.26200", "2014-12-31": "-238.30000", "2013-12-31": "-187.68800", "2012-12-31": "-141.68100", "2011-12-31": "-111.01100", "2010-12-31": "-94.14500", "2009-12-31": "-93.80700", "2008-12-31": "-302.31400", "2007-12-31": "-260.80500", "2006-12-31": "-212.91400", "2005-12-31": "-173.78500"}, "Financial Activities - Other": {"2020-12-31": "79.94700", "2019-12-31": "", "2018-12-31": "", "2017-12-31": "", "2016-12-31": "2.25100", "2015-12-31": "14.87800", "2014-12-31": "34.29500", "2013-12-31": "63.09600", "2012-12-31": "54.71200", "2011-12-31": "65.53500", "2010-12-31": "81.42100", "2009-12-31": "-167.49700", "2008-12-31": "0.32000", "2007-12-31": "3.06600", "2006-12-31": "18.93300", "2005-12-31": "6.06500"}, "Cash Flow From Financial Activities": {"2020-12-31": "1373.98300", "2019-12-31": "-712.22300", "2018-12-31": "-14.76300", "2017-12-31": "-550.26100", "2016-12-31": "-777.88500", "2015-12-31": "-354.06400", "2014-12-31": "-536.09600", "2013-12-31": "-393.20900", "2012-12-31": "-990.07300", "2011-12-31": "-308.94400", "2010-12-31": "-1856.09000", "2009-12-31": "1381.93700", "2008-12-31": "1293.39000", "2007-12-31": "-1037.80300", "2006-12-31": "-637.02300", "2005-12-31": "-1271.79100"}, "Net Cash Flow": {"2020-12-31": "2503.80200", "2019-12-31": "-354.38200", "2018-12-31": "513.53800", "2017-12-31": "-80.92100", "2016-12-31": "-5.72000", "2015-12-31": "-184.47100", "2014-12-31": "-159.93200", "2013-12-31": "-1.52600", "2012-12-31": "-458.81200", "2011-12-31": "505.01700", "2010-12-31": "-614.56300", "2009-12-31": "1042.93800", "2008-12-31": "190.70400", "2007-12-31": "164.45700", "2006-12-31": "97.42200", "2005-12-31": "-134.18400"}, "Stock-Based Compensation": {"2020-12-31": "", "2019-12-31": "33.73300", "2018-12-31": "35.53900", "2017-12-31": "32.49100", "2016-12-31": "32.33600", "2015-12-31": "29.43300", "2014-12-31": "37.92900", "2013-12-31": "41.24400", "2012-12-31": "40.81500", "2011-12-31": "38.19200", "2010-12-31": "30.43100", "2009-12-31": "17.57600", "2008-12-31": "24.47300", "2007-12-31": "20.97400", "2006-12-31": "21.44600", "2005-12-31": "22.97400"}, "Common Stock Dividends Paid": {"2020-12-31": "-68.08700", "2019-12-31": "-237.22100", "2018-12-31": "-245.81000", "2017-12-31": "-251.86200", "2016-12-31": "-252.32100", "2015-12-31": "-249.26200", "2014-12-31": "-238.30000", "2013-12-31": "-187.68800", "2012-12-31": "-141.68100", "2011-12-31": "-111.01100", "2010-12-31": "-94.14500", "2009-12-31": "-93.80700", "2008-12-31": "-302.31400", "2007-12-31": "-260.80500", "2006-12-31": "-212.91400", "2005-12-31": "-173.78500"}}, "cash flow statement, quarterly": {"Net Income/Loss": {"2020-12-31": -97.696, "2020-09-30": 120.218, "2020-06-30": -92.217, "2020-03-31": "69.69500", "2019-12-31": 13.496, "2019-09-30": 86.563, "2019-06-30": 195.631, "2019-03-31": "127.94500", "2018-12-31": 0.495, "2018-09-30": 113.855, "2018-06-30": 242.338, "2018-03-31": "174.76300", "2017-12-31": 8.314, "2017-09-30": 68.209, "2017-06-30": 258.867, "2017-03-31": "186.36900", "2016-12-31": 47.179, "2016-09-30": 114.065, "2016-06-30": 280.431, "2016-03-31": "250.48900", "2015-12-31": 42.196, "2015-09-30": 140.347, "2015-06-30": 299.81, "2015-03-31": "269.85400", "2014-12-31": 74.475, "2014-09-30": 150.066, "2014-06-30": 354.153, "2014-03-31": "265.91700", "2013-12-31": 75.409, "2013-09-30": 162.716, "2013-06-30": 271.739, "2013-03-31": "224.12900", "2012-12-31": 70.639, "2012-09-30": 134.001, "2012-06-30": 247.25, "2012-03-31": "172.03500", "2011-12-31": 105.68, "2011-09-30": 183.594, "2011-06-30": 190.58, "2011-03-31": "119.26000", "2010-12-31": -46.766, "2010-09-30": 88.829, "2010-06-30": 71.157, "2010-03-31": "33.32500", "2009-12-31": -218.696, "2009-09-30": 26.483, "2009-06-30": 19.75, "2009-03-31": "117.34700", "2008-12-31": 77.809, "2008-09-30": 166.541, "2008-06-30": 222.787, "2008-03-31": "187.58100", "2007-12-31": 186.077, "2007-09-30": 264.966, "2007-06-30": 290.49, "2007-03-31": "192.31000", "2006-12-31": 252.426, "2006-09-30": 312.734, "2006-06-30": 243.431, "2006-03-31": "234.56200", "2005-12-31": 230.044, "2005-09-30": 264.954, "2005-06-30": 237.391, "2005-03-31": "227.21500"}, "Total Depreciation And Amortization - Cash Flow": {"2020-12-31": -203.059, "2020-09-30": 67.148, "2020-06-30": 68.746, "2020-03-31": "67.16500", "2019-12-31": 79.742, "2019-09-30": 71, "2019-06-30": 82.41, "2019-03-31": "85.53400", "2018-12-31": 90.664, "2018-09-30": 90.291, "2018-06-30": 88.973, "2018-03-31": "84.61700", "2017-12-31": 81.006, "2017-09-30": 79.71, "2017-06-30": 75.374, "2017-03-31": "77.05400", "2016-12-31": 78.266, "2016-09-30": 77.565, "2016-06-30": 75.282, "2016-03-31": "74.37500", "2015-12-31": 81.228, "2015-09-30": 74.383, "2015-06-30": 74.809, "2015-03-31": "71.17500", "2014-12-31": 74.748, "2014-09-30": 70.303, "2014-06-30": 69.536, "2014-03-31": "67.58400", "2013-12-31": 69.429, "2013-09-30": 64.212, "2013-06-30": 64.181, "2013-03-31": "64.80700", "2012-12-31": 64.196, "2012-09-30": 64.25, "2012-06-30": 64.6, "2012-03-31": "64.49300", "2011-12-31": 70.512, "2011-09-30": 64.951, "2011-06-30": 69.047, "2011-03-31": "65.38300", "2010-12-31": 78.888, "2010-09-30": 87.909, "2010-06-30": 96.24, "2010-03-31": "98.97500", "2009-12-31": 162.503, "2009-09-30": 71.937, "2009-06-30": 97.271, "2009-03-31": "54.96800", "2008-12-31": 92.545, "2008-09-30": 68.33, "2008-06-30": 52.897, "2008-03-31": "49.72200", "2007-12-31": 51.206, "2007-09-30": 47.157, "2007-06-30": 54.345, "2007-03-31": "51.46400", "2006-12-31": 49.047, "2006-09-30": 56.705, "2006-06-30": 53.785, "2006-03-31": "54.23200", "2005-12-31": 45.932, "2005-09-30": 53.299, "2005-06-30": 53.149, "2005-03-31": "53.32500"}, "Other Non-Cash Items": {"2020-12-31": -180.312, "2020-09-30": 21.875, "2020-06-30": 69.102, "2020-03-31": "89.33500", "2019-12-31": 59.162, "2019-09-30": 54.691, "2019-06-30": 25.96, "2019-03-31": "50.38900", "2018-12-31": 22.411, "2018-09-30": 46.554, "2018-06-30": 59.393, "2018-03-31": "43.56100", "2017-12-31": 103.238, "2017-09-30": 26.773, "2017-06-30": 34.207, "2017-03-31": "26.75400", "2016-12-31": 75.99, "2016-09-30": 32.332, "2016-06-30": 6.5, "2016-03-31": "20.37200", "2015-12-31": 40.919, "2015-09-30": 49.773, "2015-06-30": 19.497, "2015-03-31": "58.45100", "2014-12-31": 37.69, "2014-09-30": 40.624, "2014-06-30": 31.853, "2014-03-31": "29.52500", "2013-12-31": 106.538, "2013-09-30": 27.504, "2013-06-30": 37.856, "2013-03-31": "-124.64600", "2012-12-31": 140.731, "2012-09-30": 30.63, "2012-06-30": 30.385, "2012-03-31": "-170.18700", "2011-12-31": 28.722, "2011-09-30": 34.839, "2011-06-30": 33.077, "2011-03-31": "-160.11700", "2010-12-31": 169.09, "2010-09-30": -20.823, "2010-06-30": 198.329, "2010-03-31": "101.75300", "2009-12-31": -102.109, "2009-09-30": 156.339, "2009-06-30": 100.933, "2009-03-31": "87.98000", "2008-12-31": 75.201, "2008-09-30": 69.144, "2008-06-30": 40.929, "2008-03-31": "21.63600", "2007-12-31": -19.947, "2007-09-30": 5.348, "2007-06-30": 7.905, "2007-03-31": "21.81700", "2006-12-31": -10.107, "2006-09-30": 17.733, "2006-06-30": 12.499, "2006-03-31": "20.46400", "2005-12-31": -79.463, "2005-09-30": 11.763, "2005-06-30": 26.613, "2005-03-31": "-109.06900"}, "Total Non-Cash Items": {"2020-12-31": -383.371, "2020-09-30": 89.023, "2020-06-30": 137.848, "2020-03-31": "156.50000", "2019-12-31": 138.904, "2019-09-30": 125.691, "2019-06-30": 108.37, "2019-03-31": "135.92300", "2018-12-31": 113.075, "2018-09-30": 136.845, "2018-06-30": 148.366, "2018-03-31": "128.17800", "2017-12-31": 184.244, "2017-09-30": 106.483, "2017-06-30": 109.581, "2017-03-31": "103.80800", "2016-12-31": 154.2559, "2016-09-30": 109.897, "2016-06-30": 81.782, "2016-03-31": "94.74700", "2015-12-31": 122.147, "2015-09-30": 124.156, "2015-06-30": 94.306, "2015-03-31": "129.62600", "2014-12-31": 112.438, "2014-09-30": 110.927, "2014-06-30": 101.389, "2014-03-31": "97.10900", "2013-12-31": 175.967, "2013-09-30": 91.716, "2013-06-30": 102.037, "2013-03-31": "-59.83900", "2012-12-31": 204.927, "2012-09-30": 94.88, "2012-06-30": 94.985, "2012-03-31": "-105.69400", "2011-12-31": 99.234, "2011-09-30": 99.79, "2011-06-30": 102.124, "2011-03-31": "-94.73400", "2010-12-31": 247.9781, "2010-09-30": 67.0859, "2010-06-30": 294.569, "2010-03-31": "200.72800", "2009-12-31": 60.394, "2009-09-30": 228.276, "2009-06-30": 198.204, "2009-03-31": "142.94800", "2008-12-31": 167.746, "2008-09-30": 137.474, "2008-06-30": 93.826, "2008-03-31": "71.35800", "2007-12-31": 31.259, "2007-09-30": 52.505, "2007-06-30": 62.25, "2007-03-31": "73.28100", "2006-12-31": 38.94, "2006-09-30": 74.438, "2006-06-30": 66.284, "2006-03-31": "74.69600", "2005-12-31": -33.531, "2005-09-30": 65.062, "2005-06-30": 79.762, "2005-03-31": "-55.74400"}, "Change In Accounts Receivable": {"2020-12-31": -29.63, "2020-09-30": 45.377, "2020-06-30": 31.525, "2020-03-31": "-47.27200", "2019-12-31": 52.735, "2019-09-30": 9.759, "2019-06-30": 32.154, "2019-03-31": "-49.74600", "2018-12-31": 23.927, "2018-09-30": 0.098, "2018-06-30": 2.806, "2018-03-31": "-17.68800", "2017-12-31": 11.018, "2017-09-30": -0.928, "2017-06-30": 10.991, "2017-03-31": "-39.23000", "2016-12-31": 40.862, "2016-09-30": -31.687, "2016-06-30": 2.776, "2016-03-31": "-57.88500", "2015-12-31": 47.022, "2015-09-30": -17.378, "2015-06-30": 6.627, "2015-03-31": "-49.93600", "2014-12-31": 30.206, "2014-09-30": -14.372, "2014-06-30": 35.574, "2014-03-31": "-61.21700", "2013-12-31": 29.182, "2013-09-30": -31.048, "2013-06-30": 1.378, "2013-03-31": "-36.16500", "2012-12-31": 24.214, "2012-09-30": -2.927, "2012-06-30": 8.768, "2012-03-31": "-43.74500", "2011-12-31": 62.523, "2011-09-30": -27.774, "2011-06-30": 35.349, "2011-03-31": "-27.04800", "2010-12-31": 41.508, "2010-09-30": -40.13, "2010-06-30": 28.183, "2010-03-31": "-26.65600", "2009-12-31": 33.043, "2009-09-30": -38.634, "2009-06-30": 44.687, "2009-03-31": "-30.28700", "2008-12-31": 42.231, "2008-09-30": -27.151, "2008-06-30": 38.226, "2008-03-31": "-50.59600", "2007-12-31": 7.177, "2007-09-30": -15.334, "2007-06-30": -15.101, "2007-03-31": "-3.14100", "2006-12-31": 8.039, "2006-09-30": 1.481, "2006-06-30": -0.171, "2006-03-31": "-25.71000", "2005-12-31": 6.87, "2005-09-30": -1.345, "2005-06-30": -17.081, "2005-03-31": ""}, "Change In Inventories": {"2020-12-31": -273.668, "2020-09-30": 109.968, "2020-06-30": 187.643, "2020-03-31": "-23.94300", "2019-12-31": -110.446, "2019-09-30": -25.276, "2019-06-30": 128.746, "2019-03-31": "-40.60000", "2018-12-31": -39.329, "2018-09-30": -55.687, "2018-06-30": 85.499, "2018-03-31": "-21.54200", "2017-12-31": -70.6, "2017-09-30": -88.926, "2017-06-30": 115.466, "2017-03-31": "23.47600", "2016-12-31": -88.903, "2016-09-30": -51.611, "2016-06-30": 185.047, "2016-03-31": "40.53900", "2015-12-31": -119.113, "2015-09-30": -74.121, "2015-06-30": 89.946, "2015-03-31": "-51.93400", "2014-12-31": -2.791, "2014-09-30": -106.836, "2014-06-30": 79.058, "2014-03-31": "-20.31700", "2013-12-31": -27.241, "2013-09-30": -88.708, "2013-06-30": 98.088, "2013-03-31": "-28.61300", "2012-12-31": -15.004, "2012-09-30": -52.699, "2012-06-30": 136.33, "2012-03-31": "-47.16800", "2011-12-31": -75.506, "2011-09-30": -18.921, "2011-06-30": 37.67, "2011-03-31": "-38.20000", "2010-12-31": -3.425, "2010-09-30": -5.136, "2010-06-30": 18.235, "2010-03-31": "-7.15800", "2009-12-31": 75.114, "2009-09-30": 20.172, "2009-06-30": 39.683, "2009-03-31": "-49.49700", "2008-12-31": -9.345, "2008-09-30": -54.259, "2008-06-30": 101.371, "2008-03-31": "-80.03000", "2007-12-31": 30.756, "2007-09-30": -25.423, "2007-06-30": 26.462, "2007-03-31": "-79.81400", "2006-12-31": 0.664, "2006-09-30": 12.613, "2006-06-30": -33.78, "2006-03-31": "-33.84900", "2005-12-31": -1.019, "2005-09-30": -6.464, "2005-06-30": 1.117, "2005-03-31": ""}, "Change In Accounts Payable": {"2020-12-31": 0, "2020-09-30": 0, "2020-06-30": 0, "2020-03-31": "", "2019-12-31": 0, "2019-09-30": 0, "2019-06-30": 0, "2019-03-31": "", "2018-12-31": 0, "2018-09-30": 0, "2018-06-30": 0, "2018-03-31": "", "2017-12-31": 0, "2017-09-30": 0, "2017-06-30": 0, "2017-03-31": "", "2016-12-31": 0, "2016-09-30": 0, "2016-06-30": 0, "2016-03-31": "", "2015-12-31": 0, "2015-09-30": 0, "2015-06-30": 0, "2015-03-31": "", "2014-12-31": 0, "2014-09-30": 0, "2014-06-30": 0, "2014-03-31": "", "2013-12-31": 0, "2013-09-30": 0, "2013-06-30": 0, "2013-03-31": "", "2012-12-31": 0, "2012-09-30": 0, "2012-06-30": 0, "2012-03-31": "", "2011-12-31": 0, "2011-09-30": 0, "2011-06-30": 0, "2011-03-31": "", "2010-12-31": 0, "2010-09-30": 0, "2010-06-30": 0, "2010-03-31": "", "2009-12-31": 0, "2009-09-30": 0, "2009-06-30": 0, "2009-03-31": "", "2008-12-31": 0, "2008-09-30": 0, "2008-06-30": 0, "2008-03-31": "", "2007-12-31": 0, "2007-09-30": 0, "2007-06-30": 0, "2007-03-31": "", "2006-12-31": 0, "2006-09-30": 0, "2006-06-30": 0, "2006-03-31": "", "2005-12-31": 0, "2005-09-30": 0, "2005-06-30": 0, "2005-03-31": ""}, "Change In Assets/Liabilities": {"2020-12-31": -367.625, "2020-09-30": 187.865, "2020-06-30": 353.884, "2020-03-31": "-174.12400", "2019-12-31": -43.466, "2019-09-30": 176.912, "2019-06-30": 88.265, "2019-03-31": "-264.82600", "2018-12-31": -27.388, "2018-09-30": 169.08, "2018-06-30": 53.078, "2018-03-31": "-221.04000", "2017-12-31": 1.64, "2017-09-30": 281.531, "2017-06-30": 22.032, "2017-03-31": "-297.41200", "2016-12-31": 152.089, "2016-09-30": 287.455, "2016-06-30": 34.133, "2016-03-31": "-509.55900", "2015-12-31": 59.131, "2015-09-30": 255.321, "2015-06-30": 21.3, "2015-03-31": "-428.01200", "2014-12-31": 135.526, "2014-09-30": 291.37, "2014-06-30": -72.971, "2014-03-31": "-434.33600", "2013-12-31": 119.615, "2013-09-30": 229.194, "2013-06-30": 34.064, "2013-03-31": "-287.86200", "2012-12-31": -85.376, "2012-09-30": 139.073, "2012-06-30": 4.271, "2012-03-31": "-166.50400", "2011-12-31": -71.159, "2011-09-30": 68.415, "2011-06-30": 177.279, "2011-03-31": "-163.15600", "2010-12-31": -154.219, "2010-09-30": 161.059, "2010-06-30": 155.515, "2010-03-31": "-176.27700", "2009-12-31": 315.513, "2009-09-30": 369.953, "2009-06-30": -54.068, "2009-03-31": "-490.18000", "2008-12-31": -500.206, "2008-09-30": -541.513, "2008-06-30": -581.7691, "2008-03-31": "-116.10790", "2007-12-31": -645.494, "2007-09-30": -44.9351, "2007-06-30": 164.4481, "2007-03-31": "204.19700", "2006-12-31": -689.3411, "2006-09-30": -91.709, "2006-06-30": 291.5421, "2006-03-31": "-51.56800", "2005-12-31": -264.3019, "2005-09-30": -150.3111, "2005-06-30": 249.295, "2005-03-31": "105.89100"}, "Total Change In Assets/Liabilities": {"2020-12-31": -654.001, "2020-09-30": 315.624, "2020-06-30": 573.154, "2020-03-31": "-234.77700", "2019-12-31": -132.777, "2019-09-30": 140.163, "2019-06-30": 159.56, "2019-03-31": "-231.19700", "2018-12-31": -30.204, "2018-09-30": 135.996, "2018-06-30": 153.561, "2018-03-31": "-111.34700", "2017-12-31": -136.572, "2017-09-30": 147.315, "2017-06-30": 98.681, "2017-03-31": "-130.23800", "2016-12-31": 45.095, "2016-09-30": 247.557, "2016-06-30": 52.946, "2016-03-31": "-304.10500", "2015-12-31": -85.182, "2015-09-30": 142.51, "2015-06-30": 45.128, "2015-03-31": "-224.78000", "2014-12-31": -7.104, "2014-09-30": 135.283, "2014-06-30": -88.536, "2014-03-31": "-159.44000", "2013-12-31": -99.386, "2013-09-30": 180.994, "2013-06-30": 124.39, "2013-03-31": "-272.77900", "2012-12-31": -186.606, "2012-09-30": 195.375, "2012-06-30": 19.623, "2012-03-31": "-139.95700", "2011-12-31": -221.224, "2011-09-30": 145.255, "2011-06-30": 285.176, "2011-03-31": "-129.44400", "2010-12-31": -207.296, "2010-09-30": 287.577, "2010-06-30": 159.442, "2010-03-31": "-33.21100", "2009-12-31": 205.974, "2009-09-30": 431.541, "2009-06-30": -115.89, "2009-03-31": "-487.32100", "2008-12-31": -632.362, "2008-09-30": -486.221, "2008-06-30": -502.407, "2008-03-31": "-112.16100", "2007-12-31": -787.447, "2007-09-30": -11.6691, "2007-06-30": 190.0911, "2007-03-31": "254.03300", "2006-12-31": -813.1661, "2006-09-30": 70.789, "2006-06-30": 150.1901, "2006-03-31": "56.45600", "2005-12-31": -420.8019, "2005-09-30": 71.5369, "2005-06-30": 190.835, "2005-03-31": "105.89100"}, "Cash Flow From Operating Activities": {"2020-12-31": 42.822, "2020-09-30": 524.865, "2020-06-30": 618.785, "2020-03-31": "-8.58200", "2019-12-31": 19.623, "2019-09-30": 352.417, "2019-06-30": 463.561, "2019-03-31": "32.67100", "2018-12-31": 83.366, "2018-09-30": 386.696, "2018-06-30": 544.265, "2018-03-31": "191.59400", "2017-12-31": 55.986, "2017-09-30": 322.007, "2017-06-30": 467.129, "2017-03-31": "159.93900", "2016-12-31": 246.53, "2016-09-30": 471.519, "2016-06-30": 415.159, "2016-03-31": "41.13100", "2015-12-31": 79.161, "2015-09-30": 407.013, "2015-06-30": 439.244, "2015-03-31": "174.70000", "2014-12-31": 179.809, "2014-09-30": 396.276, "2014-06-30": 367.006, "2014-03-31": "203.58600", "2013-12-31": 151.99, "2013-09-30": 435.426, "2013-06-30": 498.166, "2013-03-31": "-108.48900", "2012-12-31": 88.96, "2012-09-30": 424.256, "2012-06-30": 361.858, "2012-03-31": "-73.61600", "2011-12-31": -16.31, "2011-09-30": 428.639, "2011-06-30": 577.88, "2011-03-31": "-104.91800", "2010-12-31": -6.084, "2010-09-30": 443.492, "2010-06-30": 525.168, "2010-03-31": "200.84200", "2009-12-31": 47.672, "2009-09-30": 686.3, "2009-06-30": 102.064, "2009-03-31": "-227.02600", "2008-12-31": -386.807, "2008-09-30": -182.206, "2008-06-30": -185.794, "2008-03-31": "146.77800", "2007-12-31": -570.111, "2007-09-30": 305.802, "2007-06-30": 542.831, "2007-03-31": "519.62400", "2006-12-31": -521.8, "2006-09-30": 457.961, "2006-06-30": 459.905, "2006-03-31": "365.71400", "2005-12-31": -224.289, "2005-09-30": 401.553, "2005-06-30": 507.988, "2005-03-31": "277.36200"}, "Net Change In Property, Plant, And Equipment": {"2020-12-31": -38.755, "2020-09-30": -25.269, "2020-06-30": -34.098, "2020-03-31": "-32.92800", "2019-12-31": -60.279, "2019-09-30": -37.932, "2019-06-30": -47.974, "2019-03-31": "-35.25500", "2018-12-31": -93.671, "2018-09-30": -50.552, "2018-06-30": -40.857, "2018-03-31": "-28.43600", "2017-12-31": -92.272, "2017-09-30": -44.206, "2017-06-30": -45.849, "2017-03-31": "-23.96700", "2016-12-31": -93.537, "2016-09-30": -55.195, "2016-06-30": -68.52, "2016-03-31": "-39.01100", "2015-12-31": -120.92, "2015-09-30": -53.874, "2015-06-30": -47.111, "2015-03-31": "-38.06900", "2014-12-31": -112.003, "2014-09-30": -45.793, "2014-06-30": -48.642, "2014-03-31": "-25.88100", "2013-12-31": -96.631, "2013-09-30": -45.101, "2013-06-30": -44.328, "2013-03-31": "-22.26100", "2012-12-31": -93.673, "2012-09-30": -35.251, "2012-06-30": -35.398, "2012-03-31": "-24.68000", "2011-12-31": -82.92, "2011-09-30": -36.848, "2011-06-30": -41.563, "2011-03-31": "-27.70400", "2010-12-31": -93.286, "2010-09-30": -31.805, "2010-06-30": -31.196, "2010-03-31": "-14.55800", "2009-12-31": -40.147, "2009-09-30": -27.488, "2009-06-30": -29.104, "2009-03-31": "-20.00900", "2008-12-31": -75.272, "2008-09-30": -54.09, "2008-06-30": -56.358, "2008-03-31": "-43.23900", "2007-12-31": -102.676, "2007-09-30": -53.421, "2007-06-30": -45.241, "2007-03-31": "-40.77500", "2006-12-31": -82.134, "2006-09-30": -48.344, "2006-06-30": -53.107, "2006-03-31": "-36.01700", "2005-12-31": -76.261, "2005-09-30": -46.698, "2005-06-30": -36.405, "2005-03-31": "-39.02500"}, "Net Change In Intangible Assets": {"2020-12-31": 0, "2020-09-30": 0, "2020-06-30": 0, "2020-03-31": "", "2019-12-31": 0, "2019-09-30": 0, "2019-06-30": 0, "2019-03-31": "", "2018-12-31": 0, "2018-09-30": 0, "2018-06-30": 0, "2018-03-31": "", "2017-12-31": 0, "2017-09-30": 0, "2017-06-30": 0, "2017-03-31": "", "2016-12-31": 0, "2016-09-30": 0, "2016-06-30": 0, "2016-03-31": "", "2015-12-31": 0, "2015-09-30": 0, "2015-06-30": 0, "2015-03-31": "", "2014-12-31": 0, "2014-09-30": 0, "2014-06-30": 0, "2014-03-31": "", "2013-12-31": 0, "2013-09-30": 0, "2013-06-30": 0, "2013-03-31": "", "2012-12-31": 0, "2012-09-30": 0, "2012-06-30": 0, "2012-03-31": "", "2011-12-31": 0, "2011-09-30": 0, "2011-06-30": 0, "2011-03-31": "", "2010-12-31": 0, "2010-09-30": 0, "2010-06-30": 0, "2010-03-31": "", "2009-12-31": 0, "2009-09-30": 0, "2009-06-30": 0, "2009-03-31": "", "2008-12-31": 0, "2008-09-30": 0, "2008-06-30": 0, "2008-03-31": "", "2007-12-31": 0, "2007-09-30": 0, "2007-06-30": 0, "2007-03-31": "", "2006-12-31": 0, "2006-09-30": 0, "2006-06-30": 0, "2006-03-31": "", "2005-12-31": 0, "2005-09-30": 0, "2005-06-30": 0, "2005-03-31": ""}, "Net Acquisitions/Divestitures": {"2020-12-31": 0, "2020-09-30": 0, "2020-06-30": 0, "2020-03-31": "", "2019-12-31": 0, "2019-09-30": 0, "2019-06-30": 0, "2019-03-31": "-7.00000", "2018-12-31": 0, "2018-09-30": 0, "2018-06-30": 0, "2018-03-31": "", "2017-12-31": 0, "2017-09-30": 0, "2017-06-30": 0, "2017-03-31": "", "2016-12-31": 0, "2016-09-30": 0, "2016-06-30": 0, "2016-03-31": "", "2015-12-31": 0, "2015-09-30": -59.91, "2015-06-30": 0, "2015-03-31": "", "2014-12-31": 0, "2014-09-30": 0, "2014-06-30": 0, "2014-03-31": "", "2013-12-31": 0, "2013-09-30": 0, "2013-06-30": 0, "2013-03-31": "", "2012-12-31": 0, "2012-09-30": 0, "2012-06-30": 0, "2012-03-31": "", "2011-12-31": 0, "2011-09-30": 0, "2011-06-30": 0, "2011-03-31": "", "2010-12-31": 0, "2010-09-30": 0, "2010-06-30": 0, "2010-03-31": "", "2009-12-31": 0, "2009-09-30": 0, "2009-06-30": 0, "2009-03-31": "", "2008-12-31": 95.224, "2008-09-30": -95.224, "2008-06-30": 0, "2008-03-31": "", "2007-12-31": 0, "2007-09-30": 0, "2007-06-30": 0, "2007-03-31": "", "2006-12-31": 0, "2006-09-30": 0, "2006-06-30": 0, "2006-03-31": "", "2005-12-31": 0, "2005-09-30": 0, "2005-06-30": 0, "2005-03-31": ""}, "Net Change In Short-term Investments": {"2020-12-31": 0, "2020-09-30": 0, "2020-06-30": 0, "2020-03-31": "", "2019-12-31": 0, "2019-09-30": 0, "2019-06-30": 10.007, "2019-03-31": "", "2018-12-31": -10.007, "2018-09-30": 0, "2018-06-30": 0, "2018-03-31": "", "2017-12-31": 6.916, "2017-09-30": 0, "2017-06-30": 0, "2017-03-31": "", "2016-12-31": 0, "2016-09-30": 0.014, "2016-06-30": 40, "2016-03-31": "", "2015-12-31": 2.007, "2015-09-30": 5, "2015-06-30": 4.5, "2015-03-31": "", "2014-12-31": 0, "2014-09-30": 0, "2014-06-30": 35.009, "2014-03-31": "6.00100", "2013-12-31": 23.003, "2013-09-30": 11.102, "2013-06-30": 1.005, "2013-03-31": "0.00000", "2012-12-31": 0.25, "2012-09-30": 0, "2012-06-30": -1.989, "2012-03-31": "20.04200", "2011-12-31": 25.146, "2011-09-30": 65.009, "2011-06-30": -127.661, "2011-03-31": "24.97400", "2010-12-31": -86.23, "2010-09-30": 33.226, "2010-06-30": -47.144, "2010-03-31": "0.00000", "2009-12-31": -39.685, "2009-09-30": 0, "2009-06-30": 0, "2009-03-31": "", "2008-12-31": 0.524, "2008-09-30": 0, "2008-06-30": 0, "2008-03-31": "2.01900", "2007-12-31": 52.808, "2007-09-30": 252.45, "2007-06-30": 311.855, "2007-03-31": "40.62200", "2006-12-31": -211.129, "2006-09-30": 171.018, "2006-06-30": 303.249, "2006-03-31": "-9.62600", "2005-12-31": -324.193, "2005-09-30": -165.271, "2005-06-30": 770.694, "2005-03-31": "149.84500"}, "Net Change In Long-Term Investments": {"2020-12-31": 0, "2020-09-30": 0, "2020-06-30": 0, "2020-03-31": "", "2019-12-31": 0, "2019-09-30": 0, "2019-06-30": 0, "2019-03-31": "", "2018-12-31": 0, "2018-09-30": 0, "2018-06-30": 0, "2018-03-31": "", "2017-12-31": 0, "2017-09-30": 0, "2017-06-30": 0, "2017-03-31": "", "2016-12-31": 0, "2016-09-30": 0, "2016-06-30": 0, "2016-03-31": "", "2015-12-31": 0, "2015-09-30": 0, "2015-06-30": 0, "2015-03-31": "", "2014-12-31": 0, "2014-09-30": 0, "2014-06-30": 0, "2014-03-31": "", "2013-12-31": 0, "2013-09-30": 0, "2013-06-30": 0, "2013-03-31": "", "2012-12-31": 0, "2012-09-30": 0, "2012-06-30": 0, "2012-03-31": "", "2011-12-31": 0, "2011-09-30": 0, "2011-06-30": 0, "2011-03-31": "", "2010-12-31": 0, "2010-09-30": 0, "2010-06-30": 0, "2010-03-31": "", "2009-12-31": 0, "2009-09-30": 0, "2009-06-30": 0, "2009-03-31": "", "2008-12-31": 0, "2008-09-30": 0, "2008-06-30": 0, "2008-03-31": "", "2007-12-31": 0, "2007-09-30": 0, "2007-06-30": 0, "2007-03-31": "", "2006-12-31": 0, "2006-09-30": 0, "2006-06-30": 0, "2006-03-31": "", "2005-12-31": 0, "2005-09-30": 0, "2005-06-30": 0, "2005-03-31": ""}, "Net Change In Investments - Total": {"2020-12-31": 0, "2020-09-30": 0, "2020-06-30": 0, "2020-03-31": "", "2019-12-31": 0, "2019-09-30": 0, "2019-06-30": 10.007, "2019-03-31": "", "2018-12-31": -10.007, "2018-09-30": 0, "2018-06-30": 0, "2018-03-31": "", "2017-12-31": 6.916, "2017-09-30": 0, "2017-06-30": 0, "2017-03-31": "", "2016-12-31": 0, "2016-09-30": 0.014, "2016-06-30": 40, "2016-03-31": "", "2015-12-31": 2.007, "2015-09-30": 5, "2015-06-30": 4.5, "2015-03-31": "", "2014-12-31": 0, "2014-09-30": 0, "2014-06-30": 35.009, "2014-03-31": "6.00100", "2013-12-31": 23.003, "2013-09-30": 11.102, "2013-06-30": 1.005, "2013-03-31": "", "2012-12-31": 0.25, "2012-09-30": 0, "2012-06-30": -1.989, "2012-03-31": "20.04200", "2011-12-31": 25.146, "2011-09-30": 65.009, "2011-06-30": -127.661, "2011-03-31": "24.97400", "2010-12-31": -86.23, "2010-09-30": 33.226, "2010-06-30": -47.144, "2010-03-31": "", "2009-12-31": -39.685, "2009-09-30": 0, "2009-06-30": 0, "2009-03-31": "", "2008-12-31": 0.524, "2008-09-30": 0, "2008-06-30": 0, "2008-03-31": "2.01900", "2007-12-31": 52.808, "2007-09-30": 252.45, "2007-06-30": 311.855, "2007-03-31": "40.62200", "2006-12-31": -211.129, "2006-09-30": 171.018, "2006-06-30": 303.249, "2006-03-31": "-9.62600", "2005-12-31": -324.193, "2005-09-30": -165.271, "2005-06-30": 770.694, "2005-03-31": "149.84500"}, "Investing Activities - Other": {"2020-12-31": 207.026, "2020-09-30": -58.507, "2020-06-30": -145.468, "2020-03-31": "61.21600", "2019-12-31": 103.6271, "2019-09-30": -148.9671, "2019-06-30": -249.4079, "2019-03-31": "-34.94500", "2018-12-31": 57.4721, "2018-09-30": -197.5582, "2018-06-30": -305.4449, "2018-03-31": "6.78500", "2017-12-31": 76.8882, "2017-09-30": -116.9691, "2017-06-30": -259.523, "2017-03-31": "-63.48600", "2016-12-31": 79.709, "2016-09-30": -207.757, "2016-06-30": -4.742, "2016-03-31": "-43.69200", "2015-12-31": 106.8291, "2015-09-30": -313.279, "2015-06-30": -378.292, "2015-03-31": "-22.72900", "2014-12-31": 57.0281, "2014-09-30": -224.123, "2014-06-30": -335.763, "2014-03-31": "-50.48300", "2013-12-31": 43.804, "2013-09-30": -215.583, "2013-06-30": -273.6799, "2013-03-31": "49.80300", "2012-12-31": 107.0162, "2012-09-30": -49.8461, "2012-06-30": -184.439, "2012-03-31": "36.65700", "2011-12-31": 171.8001, "2011-09-30": -15.7779, "2011-06-30": -145.7491, "2011-03-31": "127.75200", "2010-12-31": 215.857, "2010-09-30": 38.197, "2010-06-30": -35.728, "2010-03-31": "198.10400", "2009-12-31": -232.981, "2009-09-30": -474.878, "2009-06-30": -12.214, "2009-03-31": "13.01900", "2008-12-31": -31.396, "2008-09-30": 16.502, "2008-06-30": -41.137, "2008-03-31": "-12.42800", "2007-12-31": -21.793, "2007-09-30": 20.681, "2007-06-30": -29.403, "2007-03-31": "6.09800", "2006-12-31": -69.945, "2006-09-30": 27.315, "2006-06-30": -18.035, "2006-03-31": "-8.50400", "2005-12-31": -0.628, "2005-09-30": -4.961, "2005-06-30": 19.628, "2005-03-31": "-52.88500"}, "Cash Flow From Investing Activities": {"2020-12-31": 168.271, "2020-09-30": -83.776, "2020-06-30": -179.566, "2020-03-31": "28.28800", "2019-12-31": 43.348, "2019-09-30": -186.899, "2019-06-30": -287.375, "2019-03-31": "-77.20000", "2018-12-31": -46.206, "2018-09-30": -248.11, "2018-06-30": -346.302, "2018-03-31": "-21.65100", "2017-12-31": -8.468, "2017-09-30": -161.175, "2017-06-30": -305.372, "2017-03-31": "-87.45300", "2016-12-31": -13.828, "2016-09-30": -262.938, "2016-06-30": -33.262, "2016-03-31": "-82.70300", "2015-12-31": -12.084, "2015-09-30": -422.063, "2015-06-30": -420.903, "2015-03-31": "-60.79800", "2014-12-31": -54.975, "2014-09-30": -269.916, "2014-06-30": -349.396, "2014-03-31": "-70.36300", "2013-12-31": -29.824, "2013-09-30": -249.582, "2013-06-30": -317.003, "2013-03-31": "27.54200", "2012-12-31": 13.593, "2012-09-30": -85.097, "2012-06-30": -221.826, "2012-03-31": "32.01900", "2011-12-31": 114.026, "2011-09-30": 12.383, "2011-06-30": -314.973, "2011-03-31": "125.02200", "2010-12-31": 36.341, "2010-09-30": 39.618, "2010-06-30": -114.068, "2010-03-31": "183.54600", "2009-12-31": -312.813, "2009-09-30": -502.366, "2009-06-30": -41.318, "2009-03-31": "-6.99000", "2008-12-31": -10.92, "2008-09-30": -132.812, "2008-06-30": -97.495, "2008-03-31": "-53.64800", "2007-12-31": -71.661, "2007-09-30": 219.71, "2007-06-30": 237.211, "2007-03-31": "5.94500", "2006-12-31": -363.208, "2006-09-30": 149.989, "2006-06-30": 232.107, "2006-03-31": "-54.14700", "2005-12-31": -401.082, "2005-09-30": -216.93, "2005-06-30": 753.917, "2005-03-31": "57.93500"}, "Net Long-Term Debt": {"2020-12-31": -305.866, "2020-09-30": -1197.626, "2020-06-30": 2731.0171, "2020-03-31": "-208.22410", "2019-12-31": 547.6799, "2019-09-30": -1.838, "2019-06-30": 255.4461, "2019-03-31": "-279.85000", "2018-12-31": 414.4481, "2018-09-30": -41.054, "2018-06-30": -196.521, "2018-03-31": "279.59800", "2017-12-31": -477.3731, "2017-09-30": -91.6389, "2017-06-30": 231.962, "2017-03-31": "-13.95300", "2016-12-31": -129.784, "2016-09-30": -151.115, "2016-06-30": -212.474, "2016-03-31": "570.03300", "2015-12-31": -254.121, "2015-09-30": -169.628, "2015-06-30": 244.44, "2015-03-31": "1092.28200", "2014-12-31": -325.3609, "2014-09-30": 356.784, "2014-06-30": 606.189, "2014-03-31": "-462.93800", "2013-12-31": -189.963, "2013-09-30": -226.969, "2013-06-30": 375.126, "2013-03-31": "-178.92300", "2012-12-31": -664.8769, "2012-09-30": 947.0379, "2012-06-30": -415.349, "2012-03-31": "64.35100", "2011-12-31": 83.884, "2011-09-30": 86.787, "2011-06-30": -471.38, "2011-03-31": "16.60500", "2010-12-31": -360.707, "2010-09-30": -511.257, "2010-06-30": -562.056, "2010-03-31": "-445.21500", "2009-12-31": 1563.84, "2009-09-30": 604.69, "2009-06-30": 477.388, "2009-03-31": "595.73100", "2008-12-31": -400, "2008-09-30": 0, "2008-06-30": 993.55, "2008-03-31": "", "2007-12-31": 368.144, "2007-09-30": 0, "2007-06-30": 0, "2007-03-31": "", "2006-12-31": 0, "2006-09-30": 0, "2006-06-30": 0, "2006-03-31": "", "2005-12-31": 199.974, "2005-09-30": 0, "2005-06-30": 0, "2005-03-31": ""}, "Net Current Debt": {"2020-12-31": -297.58, "2020-09-30": 416.438, "2020-06-30": -697.705, "2020-03-31": "929.58600", "2019-12-31": -520.744, "2019-09-30": -50.852, "2019-06-30": -118.039, "2019-03-31": "-13.87400", "2018-12-31": 94.858, "2018-09-30": -9.724, "2018-06-30": 321.071, "2018-03-31": "-244.54800", "2017-12-31": 489.989, "2017-09-30": -118.581, "2017-06-30": -39.018, "2017-03-31": "174.12400", "2016-12-31": 13.154, "2016-09-30": 14.75, "2016-06-30": 158.196, "2016-03-31": "-341.01600", "2015-12-31": 211.387, "2015-09-30": 884.908, "2015-06-30": 48.0801, "2015-03-31": "-660.18710", "2014-12-31": 387.378, "2014-09-30": -267.675, "2014-06-30": -353.219, "2014-03-31": "304.56800", "2013-12-31": 270.795, "2013-09-30": -130.199, "2013-06-30": -135.321, "2013-03-31": "375.50100", "2012-12-31": -109.3269, "2012-09-30": -412.6521, "2012-06-30": 177.879, "2012-03-31": "-224.50800", "2011-12-31": 55.769, "2011-09-30": 50.536, "2011-06-30": 227.213, "2011-03-31": "-96.17400", "2010-12-31": -115.112, "2010-09-30": 106.607, "2010-06-30": 88.938, "2010-03-31": "-50.70300", "2009-12-31": -1097.089, "2009-09-30": -194.75, "2009-06-30": -285.908, "2009-03-31": "-18.75200", "2008-12-31": 1162.527, "2008-09-30": 205.159, "2008-06-30": -107.229, "2008-03-31": "-9.39200", "2007-12-31": 490.691, "2007-09-30": 29.052, "2007-06-30": -182.45, "2007-03-31": "-353.54000", "2006-12-31": 702.121, "2006-09-30": -47.559, "2006-06-30": -55.73, "2006-03-31": "-105.70700", "2005-12-31": 230.026, "2005-09-30": -25.635, "2005-06-30": -262.443, "2005-03-31": "-222.64200"}, "Debt Issuance/Retirement Net - Total": {"2020-12-31": -603.446, "2020-09-30": -781.188, "2020-06-30": 2033.3121, "2020-03-31": "721.36190", "2019-12-31": 26.9359, "2019-09-30": -52.69, "2019-06-30": 137.4071, "2019-03-31": "-293.72400", "2018-12-31": 509.3062, "2018-09-30": -50.7781, "2018-06-30": 124.55, "2018-03-31": "35.05000", "2017-12-31": 12.6159, "2017-09-30": -210.22, "2017-06-30": 192.9441, "2017-03-31": "160.17100", "2016-12-31": -116.63, "2016-09-30": -136.365, "2016-06-30": -54.278, "2016-03-31": "229.01700", "2015-12-31": -42.734, "2015-09-30": 715.2801, "2015-06-30": 292.52, "2015-03-31": "432.09490", "2014-12-31": 62.0171, "2014-09-30": 89.109, "2014-06-30": 252.97, "2014-03-31": "-158.37000", "2013-12-31": 80.832, "2013-09-30": -357.168, "2013-06-30": 239.805, "2013-03-31": "196.57800", "2012-12-31": -774.204, "2012-09-30": 534.3859, "2012-06-30": -237.47, "2012-03-31": "-160.15700", "2011-12-31": 139.653, "2011-09-30": 137.323, "2011-06-30": -244.167, "2011-03-31": "-79.56900", "2010-12-31": -475.819, "2010-09-30": -404.65, "2010-06-30": -473.118, "2010-03-31": "-495.91800", "2009-12-31": 466.751, "2009-09-30": 409.94, "2009-06-30": 191.48, "2009-03-31": "576.97900", "2008-12-31": 762.527, "2008-09-30": 205.159, "2008-06-30": 886.321, "2008-03-31": "-9.39200", "2007-12-31": 858.835, "2007-09-30": 29.052, "2007-06-30": -182.45, "2007-03-31": "-353.54000", "2006-12-31": 702.121, "2006-09-30": -47.559, "2006-06-30": -55.73, "2006-03-31": "-105.70700", "2005-12-31": 430, "2005-09-30": -25.635, "2005-06-30": -262.443, "2005-03-31": "-222.64200"}, "Net Common Equity Issued/Repurchased": {"2020-12-31": -0.118, "2020-09-30": -0.684, "2020-06-30": -0.078, "2020-03-31": "-7.03700", "2019-12-31": -77.657, "2019-09-30": -111.486, "2019-06-30": -42.692, "2019-03-31": "-61.09600", "2018-12-31": -194.24, "2018-09-30": -83.579, "2018-06-30": -38.013, "2018-03-31": "-71.24900", "2017-12-31": 3.373, "2017-09-30": -221.66, "2017-06-30": -163.206, "2017-03-31": "-72.41700", "2016-12-31": -81.769, "2016-09-30": -100.746, "2016-06-30": -116.951, "2016-03-31": "-150.09300", "2015-12-31": -639.031, "2015-09-30": -535.049, "2015-06-30": -159.666, "2015-03-31": "-183.09500", "2014-12-31": -213.208, "2014-09-30": -168.78, "2014-06-30": -117.033, "2014-03-31": "-78.79600", "2013-12-31": -165.613, "2013-09-30": -79.029, "2013-06-30": -71.498, "2013-03-31": "-112.52400", "2012-12-31": -44.02, "2012-09-30": -84.234, "2012-06-30": -132.941, "2012-03-31": "-4.46400", "2011-12-31": -127.015, "2011-09-30": -88.549, "2011-06-30": -0.306, "2011-03-31": "-0.83800", "2010-12-31": 0.36, "2010-09-30": -0.214, "2010-06-30": 6.083, "2010-03-31": "-0.09000", "2009-12-31": -1.624, "2009-09-30": 0.001, "2009-06-30": -0.296, "2009-03-31": "0.01000", "2008-12-31": -0.402, "2008-09-30": -99.431, "2008-06-30": -49.886, "2008-03-31": "-99.51200", "2007-12-31": -153.257, "2007-09-30": -508.222, "2007-06-30": -422.184, "2007-03-31": "-48.29800", "2006-12-31": -51.092, "2006-09-30": -393.708, "2006-06-30": -389.366, "2006-03-31": "-102.00100", "2005-12-31": -33.105, "2005-09-30": 2.995, "2005-06-30": -836.648, "2005-03-31": "-156.59300"}, "Net Total Equity Issued/Repurchased": {"2020-12-31": -0.118, "2020-09-30": -0.684, "2020-06-30": -0.078, "2020-03-31": "-7.03700", "2019-12-31": -77.657, "2019-09-30": -111.486, "2019-06-30": -42.692, "2019-03-31": "-61.09600", "2018-12-31": -194.24, "2018-09-30": -83.579, "2018-06-30": -38.013, "2018-03-31": "-71.24900", "2017-12-31": 3.373, "2017-09-30": -221.66, "2017-06-30": -163.206, "2017-03-31": "-72.41700", "2016-12-31": -81.769, "2016-09-30": -100.746, "2016-06-30": -116.951, "2016-03-31": "-150.09300", "2015-12-31": -639.031, "2015-09-30": -535.049, "2015-06-30": -159.666, "2015-03-31": "-183.09500", "2014-12-31": -213.208, "2014-09-30": -168.78, "2014-06-30": -117.033, "2014-03-31": "-78.79600", "2013-12-31": -165.613, "2013-09-30": -79.029, "2013-06-30": -71.498, "2013-03-31": "-112.52400", "2012-12-31": -44.02, "2012-09-30": -84.234, "2012-06-30": -132.941, "2012-03-31": "-4.46400", "2011-12-31": -127.015, "2011-09-30": -88.549, "2011-06-30": -0.306, "2011-03-31": "-0.83800", "2010-12-31": 0.36, "2010-09-30": -0.214, "2010-06-30": 6.083, "2010-03-31": "-0.09000", "2009-12-31": -1.624, "2009-09-30": 0.001, "2009-06-30": -0.296, "2009-03-31": "0.01000", "2008-12-31": -0.402, "2008-09-30": -99.431, "2008-06-30": -49.886, "2008-03-31": "-99.51200", "2007-12-31": -153.257, "2007-09-30": -508.222, "2007-06-30": -422.184, "2007-03-31": "-48.29800", "2006-12-31": -51.092, "2006-09-30": -393.708, "2006-06-30": -389.366, "2006-03-31": "-102.00100", "2005-12-31": -33.105, "2005-09-30": 2.995, "2005-06-30": -836.648, "2005-03-31": "-156.59300"}, "Total Common And Preferred Stock Dividends Paid": {"2020-12-31": -3.085, "2020-09-30": -3.085, "2020-06-30": -3.1, "2020-03-31": "-58.81700", "2019-12-31": -57.812, "2019-09-30": -58.568, "2019-06-30": -59.982, "2019-03-31": "-60.85900", "2018-12-31": -59.705, "2018-09-30": -61.425, "2018-06-30": -61.949, "2018-03-31": "-62.73100", "2017-12-31": -61.741, "2017-09-30": -61.669, "2017-06-30": -63.841, "2017-03-31": "-64.61100", "2016-12-31": -61.934, "2016-09-30": -62.587, "2016-06-30": -63.343, "2016-03-31": "-64.45700", "2015-12-31": -57.811, "2015-09-30": -61.706, "2015-06-30": -64.278, "2015-03-31": "-65.46700", "2014-12-31": -58.44, "2014-09-30": -59.229, "2014-06-30": -60.104, "2014-03-31": "-60.52700", "2013-12-31": -46.916, "2013-09-30": -46.559, "2013-06-30": -46.905, "2013-03-31": "-47.30800", "2012-12-31": -35.121, "2012-09-30": -34.915, "2012-06-30": -35.702, "2012-03-31": "-35.94300", "2011-12-31": -28.454, "2011-09-30": -29.405, "2011-06-30": -29.509, "2011-03-31": "-23.64300", "2010-12-31": -23.665, "2010-09-30": -23.447, "2010-06-30": -23.545, "2010-03-31": "-23.48800", "2009-12-31": -23.478, "2009-09-30": -23.416, "2009-06-30": -23.458, "2009-03-31": "-23.45500", "2008-12-31": -77.071, "2008-09-30": -76.652, "2008-06-30": -77.568, "2008-03-31": "-71.02300", "2007-12-31": -71.712, "2007-09-30": -72.443, "2007-06-30": -62.547, "2007-03-31": "-54.10300", "2006-12-31": -54.176, "2006-09-30": -54.244, "2006-06-30": -55.539, "2006-03-31": "-48.95500", "2005-12-31": -49.455, "2005-09-30": -43.844, "2005-06-30": -43.945, "2005-03-31": "-36.54100"}, "Financial Activities - Other": {"2020-12-31": 49.955, "2020-09-30": 11.997, "2020-06-30": 17.995, "2020-03-31": "", "2019-12-31": 0, "2019-09-30": 0, "2019-06-30": 0, "2019-03-31": "", "2018-12-31": 0, "2018-09-30": 0, "2018-06-30": 0, "2018-03-31": "", "2017-12-31": 0, "2017-09-30": 0, "2017-06-30": 0, "2017-03-31": "", "2016-12-31": -30.021, "2016-09-30": 13.949, "2016-06-30": 22.495, "2016-03-31": "-4.17200", "2015-12-31": 27.165, "2015-09-30": 25.471, "2015-06-30": -11.386, "2015-03-31": "-26.37200", "2014-12-31": 22.901, "2014-09-30": 12.616, "2014-06-30": -32.909, "2014-03-31": "31.68700", "2013-12-31": 50.973, "2013-09-30": 19.781, "2013-06-30": -13.109, "2013-03-31": "5.45100", "2012-12-31": 26.067, "2012-09-30": -28.176, "2012-06-30": 66.199, "2012-03-31": "-9.37800", "2011-12-31": 12.154, "2011-09-30": 5.078, "2011-06-30": 51.057, "2011-03-31": "-2.75400", "2010-12-31": -1.097, "2010-09-30": 57.172, "2010-06-30": 60.046, "2010-03-31": "-34.70000", "2009-12-31": -40.183, "2009-09-30": -50.803, "2009-06-30": -76.658, "2009-03-31": "0.14700", "2008-12-31": 0.019, "2008-09-30": 0.049, "2008-06-30": -0.06, "2008-03-31": "0.31200", "2007-12-31": 0.009, "2007-09-30": 0.125, "2007-06-30": 1.775, "2007-03-31": "1.15700", "2006-12-31": 15.383, "2006-09-30": 2.003, "2006-06-30": 0.449, "2006-03-31": "1.09800", "2005-12-31": 0.746, "2005-09-30": -0.852, "2005-06-30": 0.472, "2005-03-31": "5.69900"}, "Cash Flow From Financial Activities": {"2020-12-31": -556.694, "2020-09-30": -772.96, "2020-06-30": 2048.129, "2020-03-31": "655.50800", "2019-12-31": -108.533, "2019-09-30": -222.744, "2019-06-30": 34.733, "2019-03-31": "-415.67900", "2018-12-31": 255.361, "2018-09-30": -195.782, "2018-06-30": 24.588, "2018-03-31": "-98.93000", "2017-12-31": -45.752, "2017-09-30": -493.549, "2017-06-30": -34.103, "2017-03-31": "23.14300", "2016-12-31": -290.354, "2016-09-30": -285.749, "2016-06-30": -212.077, "2016-03-31": "10.29500", "2015-12-31": -712.411, "2015-09-30": 143.996, "2015-06-30": 57.19, "2015-03-31": "157.16100", "2014-12-31": -186.73, "2014-09-30": -126.284, "2014-06-30": 42.924, "2014-03-31": "-266.00600", "2013-12-31": -80.724, "2013-09-30": -462.975, "2013-06-30": 108.293, "2013-03-31": "42.19700", "2012-12-31": -827.278, "2012-09-30": 387.061, "2012-06-30": -339.914, "2012-03-31": "-209.94200", "2011-12-31": -3.662, "2011-09-30": 24.447, "2011-06-30": -222.925, "2011-03-31": "-106.80400", "2010-12-31": -500.221, "2010-09-30": -371.139, "2010-06-30": -430.534, "2010-03-31": "-554.19600", "2009-12-31": 401.466, "2009-09-30": 335.722, "2009-06-30": 91.068, "2009-03-31": "553.68100", "2008-12-31": 685.073, "2008-09-30": 29.125, "2008-06-30": 758.807, "2008-03-31": "-179.61500", "2007-12-31": 633.875, "2007-09-30": -551.488, "2007-06-30": -665.406, "2007-03-31": "-454.78400", "2006-12-31": 612.236, "2006-09-30": -493.508, "2006-06-30": -500.186, "2006-03-31": "-255.56500", "2005-12-31": 348.186, "2005-09-30": -67.336, "2005-06-30": -1142.564, "2005-03-31": "-410.07700"}, "Net Cash Flow": {"2020-12-31": -332.96, "2020-09-30": -325.418, "2020-06-30": 2492.698, "2020-03-31": "669.48200", "2019-12-31": -43.757, "2019-09-30": -64.775, "2019-06-30": 214.767, "2019-03-31": "-460.61700", "2018-12-31": 289.737, "2018-09-30": -59.672, "2018-06-30": 210.426, "2018-03-31": "73.04700", "2017-12-31": -0.304, "2017-09-30": -316.357, "2017-06-30": 132.892, "2017-03-31": "102.84800", "2016-12-31": -73.795, "2016-09-30": -74.386, "2016-06-30": 170.657, "2016-03-31": "-28.19600", "2015-12-31": -646.345, "2015-09-30": 120.975, "2015-06-30": 78.855, "2015-03-31": "262.04400", "2014-12-31": -73.186, "2014-09-30": -19.48, "2014-06-30": 63.526, "2014-03-31": "-130.79200", "2013-12-31": 36.657, "2013-09-30": -270.735, "2013-06-30": 281.931, "2013-03-31": "-49.37900", "2012-12-31": -727.003, "2012-09-30": 723.645, "2012-06-30": -204.841, "2012-03-31": "-250.61300", "2011-12-31": 98.197, "2011-09-30": 455.275, "2011-06-30": 40.963, "2011-03-31": "-89.41800", "2010-12-31": -472.368, "2010-09-30": 73.326, "2010-06-30": -21.823, "2010-03-31": "-193.69800", "2009-12-31": 93.033, "2009-09-30": 512.269, "2009-06-30": 131.896, "2009-03-31": "305.74000", "2008-12-31": 89.173, "2008-09-30": -299.015, "2008-06-30": 470.761, "2008-03-31": "-70.21500", "2007-12-31": 1.469, "2007-09-30": -14.699, "2007-06-30": 106.074, "2007-03-31": "71.61300", "2006-12-31": -267.742, "2006-09-30": 114.172, "2006-06-30": 195.503, "2006-03-31": "55.48900", "2005-12-31": -296.032, "2005-09-30": 117.287, "2005-06-30": 119.341, "2005-03-31": "-74.78000"}, "Stock-Based Compensation": {"2020-12-31": -12.076, "2020-09-30": 7.508, "2020-06-30": 0.672, "2020-03-31": "3.89600", "2019-12-31": 8.41, "2019-09-30": 8.038, "2019-06-30": 10.748, "2019-03-31": "6.53700", "2018-12-31": 6.417, "2018-09-30": 10.041, "2018-06-30": 11.119, "2018-03-31": "7.96200", "2017-12-31": 6.91, "2017-09-30": 8.084, "2017-06-30": 10.505, "2017-03-31": "6.99200", "2016-12-31": 7.427, "2016-09-30": 9.112, "2016-06-30": 8.744, "2016-03-31": "7.05300", "2015-12-31": 5.701, "2015-09-30": 6.998, "2015-06-30": 8.688, "2015-03-31": "8.04600", "2014-12-31": 10.067, "2014-09-30": 7.094, "2014-06-30": 11.529, "2014-03-31": "9.23900", "2013-12-31": 10.214, "2013-09-30": 9.969, "2013-06-30": 9.965, "2013-03-31": "11.09600", "2012-12-31": 10.528, "2012-09-30": 8.168, "2012-06-30": 10.375, "2012-03-31": "11.74400", "2011-12-31": 9.876, "2011-09-30": 7.779, "2011-06-30": 11.384, "2011-03-31": "9.15300", "2010-12-31": 8.945, "2010-09-30": 7.551, "2010-06-30": 7.812, "2010-03-31": "6.12300", "2009-12-31": 4.887, "2009-09-30": 6.067, "2009-06-30": 0.563, "2009-03-31": "6.05900", "2008-12-31": 6.012, "2008-09-30": 6.351, "2008-06-30": 6.706, "2008-03-31": "5.40400", "2007-12-31": 5.475, "2007-09-30": 4.553, "2007-06-30": 6.118, "2007-03-31": "4.82800", "2006-12-31": 4.863, "2006-09-30": 5.043, "2006-06-30": 6.251, "2006-03-31": "5.28900", "2005-12-31": 3.741, "2005-09-30": 5.085, "2005-06-30": 14.148, "2005-03-31": ""}, "Common Stock Dividends Paid": {"2020-12-31": -3.085, "2020-09-30": -3.085, "2020-06-30": -3.1, "2020-03-31": "-58.81700", "2019-12-31": -57.812, "2019-09-30": -58.568, "2019-06-30": -59.982, "2019-03-31": "-60.85900", "2018-12-31": -59.705, "2018-09-30": -61.425, "2018-06-30": -61.949, "2018-03-31": "-62.73100", "2017-12-31": -61.741, "2017-09-30": -61.669, "2017-06-30": -63.841, "2017-03-31": "-64.61100", "2016-12-31": -61.934, "2016-09-30": -62.587, "2016-06-30": -63.343, "2016-03-31": "-64.45700", "2015-12-31": -57.811, "2015-09-30": -61.706, "2015-06-30": -64.278, "2015-03-31": "-65.46700", "2014-12-31": -58.44, "2014-09-30": -59.229, "2014-06-30": -60.104, "2014-03-31": "-60.52700", "2013-12-31": -46.916, "2013-09-30": -46.559, "2013-06-30": -46.905, "2013-03-31": "-47.30800", "2012-12-31": -35.121, "2012-09-30": -34.915, "2012-06-30": -35.702, "2012-03-31": "-35.94300", "2011-12-31": -28.454, "2011-09-30": -29.405, "2011-06-30": -29.509, "2011-03-31": "-23.64300", "2010-12-31": -23.665, "2010-09-30": -23.447, "2010-06-30": -23.545, "2010-03-31": "-23.48800", "2009-12-31": -23.478, "2009-09-30": -23.416, "2009-06-30": -23.458, "2009-03-31": "-23.45500", "2008-12-31": -77.071, "2008-09-30": -76.652, "2008-06-30": -77.568, "2008-03-31": "-71.02300", "2007-12-31": -71.712, "2007-09-30": -72.443, "2007-06-30": -62.547, "2007-03-31": "-54.10300", "2006-12-31": -54.176, "2006-09-30": -54.244, "2006-06-30": -55.539, "2006-03-31": "-48.95500", "2005-12-31": -49.455, "2005-09-30": -43.844, "2005-06-30": -43.945, "2005-03-31": "-36.54100"}}, "financial ratios": {"Current Ratio": {"2019-12-31": "1.31470", "2018-12-31": "1.24650", "2017-12-31": "1.23010", "2016-12-31": "1.34630", "2015-12-31": "1.44790", "2014-12-31": "1.65240", "2013-12-31": "1.58940", "2012-12-31": "2.69510", "2011-12-31": "1.68320", "2010-12-31": "2.01940", "2009-12-31": "1.91430", "2008-12-31": "2.10670", "2007-12-31": "1.82000", "2006-12-31": "2.22520", "2005-12-31": "3.60230"}, "Long-term Debt / Capital": {"2019-12-31": "0.73960", "2018-12-31": "0.73370", "2017-12-31": "0.71320", "2016-12-31": "0.70850", "2015-12-31": "0.72430", "2014-12-31": "0.56390", "2013-12-31": "0.53170", "2012-12-31": "0.63080", "2011-12-31": "0.61360", "2010-12-31": "0.67200", "2009-12-31": "0.66120", "2008-12-31": "0.50710", "2007-12-31": "0.29210", "2006-12-31": "0.23990", "2005-12-31": "0.24490"}, "Debt/Equity Ratio": {"2019-12-31": "4.12690", "2018-12-31": "4.28380", "2017-12-31": "3.78900", "2016-12-31": "3.54530", "2015-12-31": "3.73560", "2014-12-31": "1.89210", "2013-12-31": "1.74750", "2012-12-31": "1.99510", "2011-12-31": "2.36450", "2010-12-31": "2.60660", "2009-12-31": "2.67350", "2008-12-31": "1.85050", "2007-12-31": "0.88400", "2006-12-31": "0.61760", "2005-12-31": "0.39080"}, "Gross Margin": {"2019-12-31": "35.83790", "2018-12-31": "37.99090", "2017-12-31": "38.86340", "2016-12-31": "39.96870", "2015-12-31": "41.31730", "2014-12-31": "40.48210", "2013-12-31": "39.63580", "2012-12-31": "38.74420", "2011-12-31": "37.19960", "2010-12-31": "37.81640", "2009-12-31": "33.40380", "2008-12-31": "36.46030", "2007-12-31": "39.86330", "2006-12-31": "39.50430", "2005-12-31": "39.34060"}, "Operating Margin": {"2019-12-31": "10.36240", "2018-12-31": "12.48100", "2017-12-31": "15.61970", "2016-12-31": "17.44850", "2015-12-31": "19.27640", "2014-12-31": "20.56650", "2013-12-31": "19.55470", "2012-12-31": "17.92270", "2011-12-31": "15.62520", "2010-12-31": "11.53720", "2009-12-31": "4.10060", "2008-12-31": "17.78500", "2007-12-31": "23.20610", "2006-12-31": "25.82060", "2005-12-31": "25.81960"}, "EBIT Margin": {"2019-12-31": "10.36240", "2018-12-31": "12.48100", "2017-12-31": "15.61970", "2016-12-31": "17.44850", "2015-12-31": "19.27640", "2014-12-31": "20.56650", "2013-12-31": "19.55470", "2012-12-31": "17.92270", "2011-12-31": "15.62520", "2010-12-31": "11.53720", "2009-12-31": "4.10060", "2008-12-31": "17.78500", "2007-12-31": "23.20610", "2006-12-31": "25.82060", "2005-12-31": "25.81960"}, "EBITDA Margin": {"2019-12-31": "16.30600", "2018-12-31": "18.68270", "2017-12-31": "21.16480", "2016-12-31": "22.54300", "2015-12-31": "24.30680", "2014-12-31": "25.09680", "2013-12-31": "24.00610", "2012-12-31": "22.53770", "2011-12-31": "20.70630", "2010-12-31": "18.98700", "2009-12-31": "12.18690", "2008-12-31": "22.20950", "2007-12-31": "26.52970", "2006-12-31": "29.27650", "2005-12-31": "29.44510"}, "Pre-Tax Profit Margin": {"2019-12-31": "10.39610", "2018-12-31": "12.01060", "2017-12-31": "15.29670", "2016-12-31": "17.07530", "2015-12-31": "19.18410", "2014-12-31": "20.60400", "2013-12-31": "18.88690", "2012-12-31": "17.22980", "2011-12-31": "14.92300", "2010-12-31": "8.03540", "2009-12-31": "3.73620", "2008-12-31": "17.89840", "2007-12-31": "23.56840", "2006-12-31": "26.25850", "2005-12-31": "26.22140"}, "Net Profit Margin": {"2019-12-31": "7.90100", "2018-12-31": "9.29620", "2017-12-31": "9.23920", "2016-12-31": "11.54290", "2015-12-31": "12.54640", "2014-12-31": "13.56040", "2013-12-31": "12.44080", "2012-12-31": "11.18040", "2011-12-31": "11.27910", "2010-12-31": "3.01570", "2009-12-31": "-1.15260", "2008-12-31": "10.99370", "2007-12-31": "15.20160", "2006-12-31": "16.86430", "2005-12-31": "16.91280"}, "Asset Turnover": {"2019-12-31": "0.50930", "2018-12-31": "0.53600", "2017-12-31": "0.56630", "2016-12-31": "0.60630", "2015-12-31": "0.60120", "2014-12-31": "0.65370", "2013-12-31": "0.62730", "2012-12-31": "0.60850", "2011-12-31": "0.54910", "2010-12-31": "0.51530", "2009-12-31": "0.52230", "2008-12-31": "0.76070", "2007-12-31": "1.08600", "2006-12-31": "1.11810", "2005-12-31": "1.07970"}, "Inventory Turnover Ratio": {"2019-12-31": "5.69980", "2018-12-31": "6.37440", "2017-12-31": "6.41490", "2016-12-31": "7.20070", "2015-12-31": "6.00480", "2014-12-31": "8.25870", "2013-12-31": "8.38950", "2012-12-31": "8.68660", "2011-12-31": "7.98020", "2010-12-31": "9.25640", "2009-12-31": "9.85850", "2008-12-31": "9.98050", "2007-12-31": "10.56410", "2006-12-31": "13.00220", "2005-12-31": "15.54400"}, "Receiveable Turnover": {"2019-12-31": "2.11770", "2018-12-31": "2.26780", "2017-12-31": "2.31860", "2016-12-31": "2.53940", "2015-12-31": "24.23320", "2014-12-31": "2.87790", "2013-12-31": "2.89960", "2012-12-31": "24.25470", "2011-12-31": "24.25010", "2010-12-31": "5.05440", "2009-12-31": "17.75210", "2008-12-31": "2.19810", "2007-12-31": "6.38240", "2006-12-31": "8.96260", "2005-12-31": "13.46230"}, "Days Sales In Receivables": {"2019-12-31": "172.35430", "2018-12-31": "160.94940", "2017-12-31": "157.42450", "2016-12-31": "143.73470", "2015-12-31": "15.06200", "2014-12-31": "126.82870", "2013-12-31": "125.88140", "2012-12-31": "15.04860", "2011-12-31": "15.05150", "2010-12-31": "72.21440", "2009-12-31": "20.56090", "2008-12-31": "166.04950", "2007-12-31": "57.18850", "2006-12-31": "40.72480", "2005-12-31": "27.11270"}, "ROE - Return On Equity": {"2019-12-31": "23.48310", "2018-12-31": "29.95870", "2017-12-31": "28.29070", "2016-12-31": "36.04720", "2015-12-31": "40.88850", "2014-12-31": "29.03160", "2013-12-31": "24.38930", "2012-12-31": "24.39470", "2011-12-31": "22.64550", "2010-12-31": "11.76640", "2009-12-31": "3.35090", "2008-12-31": "32.34230", "2007-12-31": "39.31160", "2006-12-31": "37.84010", "2005-12-31": "31.11960"}, "Return On Tangible Equity": {"2019-12-31": "24.34910", "2018-12-31": "30.91810", "2017-12-31": "29.17580", "2016-12-31": "37.07820", "2015-12-31": "42.12930", "2014-12-31": "29.31120", "2013-12-31": "24.63860", "2012-12-31": "24.67970", "2011-12-31": "22.92090", "2010-12-31": "11.92630", "2009-12-31": "3.40160", "2008-12-31": "33.28850", "2007-12-31": "40.35470", "2006-12-31": "38.66480", "2005-12-31": "31.70110"}, "ROA - Return On Assets": {"2019-12-31": "4.02380", "2018-12-31": "4.98280", "2017-12-31": "5.23190", "2016-12-31": "6.99850", "2015-12-31": "7.54250", "2014-12-31": "8.86440", "2013-12-31": "7.80430", "2012-12-31": "6.80340", "2011-12-31": "5.66540", "2010-12-31": "2.75340", "2009-12-31": "0.77160", "2008-12-31": "8.74020", "2007-12-31": "16.50890", "2006-12-31": "18.85620", "2005-12-31": "18.26010"}, "ROI - Return On Investment": {"2019-12-31": "6.11410", "2018-12-31": "7.97780", "2017-12-31": "8.11250", "2016-12-31": "10.50780", "2015-12-31": "11.27390", "2014-12-31": "12.66130", "2013-12-31": "11.42190", "2012-12-31": "9.00560", "2011-12-31": "8.74950", "2010-12-31": "3.85980", "2009-12-31": "1.13530", "2008-12-31": "15.94270", "2007-12-31": "27.83030", "2006-12-31": "28.76290", "2005-12-31": "23.49890"}, "Book Value Per Share": {"2019-12-31": "11.83200", "2018-12-31": "11.11090", "2017-12-31": "10.97190", "2016-12-31": "10.91320", "2015-12-31": "9.95840", "2014-12-31": "13.73100", "2013-12-31": "13.68200", "2012-12-31": "11.31190", "2011-12-31": "10.49820", "2010-12-31": "9.37010", "2009-12-31": "8.99700", "2008-12-31": "9.08910", "2007-12-31": "9.96070", "2006-12-31": "10.68290", "2005-12-31": "11.25400"}, "Operating Cash Flow Per Share": {"2019-12-31": -1.7404, "2018-12-31": 1.4307, "2017-12-31": -0.6929, "2016-12-31": 1.1038, "2015-12-31": 0.1339, "2014-12-31": 0.9065, "2013-12-31": 0.8643, "2012-12-31": -0.2722, "2011-12-31": -1.1867, "2010-12-31": 2.3478, "2009-12-31": 5.2005, "2008-12-31": -5.7872, "2007-12-31": 0.3224, "2006-12-31": -0.5535, "2005-12-31": 3.4252}, "Free Cash Flow Per Share": {"2019-12-31": -1.6078, "2018-12-31": 1.3412, "2017-12-31": -0.4663, "2016-12-31": 0.9606, "2015-12-31": -0.0753, "2014-12-31": 0.7691, "2013-12-31": 0.7591, "2012-12-31": -0.292, "2011-12-31": -1.2637, "2010-12-31": 2.12, "2009-12-31": 5.6771, "2008-12-31": -5.7948, "2007-12-31": 0.1814, "2006-12-31": -0.6755, "2005-12-31": 2.7193}}, "financial ratios, quarterly": {"Current Ratio": {"2020-09-30": "1.45980", "2020-06-30": "1.46330", "2020-03-31": "1.08650", "2019-12-31": "1.31470", "2019-09-30": "1.10550", "2019-06-30": "1.15230", "2019-03-31": "1.21840", "2018-12-31": "1.24650", "2018-09-30": "1.08310", "2018-06-30": "1.35470", "2018-03-31": "1.11200", "2017-12-31": "1.23010", "2017-09-30": "1.17780", "2017-06-30": "1.26520", "2017-03-31": "1.65750", "2016-12-31": "1.34630", "2016-09-30": "1.60640", "2016-06-30": "1.73480", "2016-03-31": "1.73560", "2015-12-31": "1.44790", "2015-09-30": "1.73500", "2015-06-30": "1.86380", "2015-03-31": "1.88110", "2014-12-31": "1.65240", "2014-09-30": "1.55240", "2014-06-30": "1.78250", "2014-03-31": "1.53320", "2013-12-31": "1.58940", "2013-09-30": "2.06520", "2013-06-30": "2.12450", "2013-03-31": "1.94550", "2012-12-31": "2.69510", "2012-09-30": "2.06270", "2012-06-30": "1.60190", "2012-03-31": "1.74720", "2011-12-31": "1.68320", "2011-09-30": "1.79630", "2011-06-30": "1.82090", "2011-03-31": "2.09860", "2010-12-31": "2.01940", "2010-09-30": "1.83190", "2010-06-30": "1.92900", "2010-03-31": "2.10690", "2009-12-31": "1.91430", "2009-09-30": "1.48270", "2009-06-30": "1.53250", "2009-03-31": "2.13470", "2008-12-31": "2.10670", "2008-09-30": "2.18150", "2008-06-30": "2.54700", "2008-03-31": "1.76160", "2007-12-31": "1.82000", "2007-09-30": "2.35600", "2007-06-30": "2.83550", "2007-03-31": "2.59200", "2006-12-31": "2.22520", "2006-09-30": "2.95180", "2006-06-30": "3.74250", "2006-03-31": "3.52730", "2005-12-31": "3.60230", "2005-09-30": "3.08810", "2005-06-30": "3.82760", "2005-03-31": "3.26520"}, "Long-term Debt / Capital": {"2020-09-30": "0.77710", "2020-06-30": "0.79980", "2020-03-31": "0.72580", "2019-12-31": "0.73960", "2019-09-30": "0.71500", "2019-06-30": "0.70880", "2019-03-31": "0.72520", "2018-12-31": "0.73370", "2018-09-30": "0.66090", "2018-06-30": "0.69250", "2018-03-31": "0.67300", "2017-12-31": "0.71320", "2017-09-30": "0.71280", "2017-06-30": "0.69570", "2017-03-31": "0.72750", "2016-12-31": "0.70850", "2016-09-30": "0.72190", "2016-06-30": "0.72420", "2016-03-31": "0.74260", "2015-12-31": "0.72430", "2015-09-30": "0.66320", "2015-06-30": "0.60080", "2015-03-31": "0.59690", "2014-12-31": "0.56390", "2014-09-30": "0.52110", "2014-06-30": "0.52990", "2014-03-31": "0.50870", "2013-12-31": "0.53170", "2013-09-30": "0.58530", "2013-06-30": "0.60010", "2013-03-31": "0.59430", "2012-12-31": "0.63080", "2012-09-30": "0.62330", "2012-06-30": "0.57290", "2012-03-31": "0.60350", "2011-12-31": "0.61360", "2011-09-30": "0.61500", "2011-06-30": "0.61890", "2011-03-31": "0.66120", "2010-12-31": "0.67200", "2010-09-30": "0.67820", "2010-06-30": "0.70280", "2010-03-31": "0.72740", "2009-12-31": "0.66120", "2009-09-30": "0.58110", "2009-06-30": "0.57420", "2009-03-31": "0.55250", "2008-12-31": "0.50710", "2008-09-30": "0.44850", "2008-06-30": "0.44730", "2008-03-31": "0.28730", "2007-12-31": "0.29210", "2007-09-30": "0.29310", "2007-06-30": "0.26840", "2007-03-31": "0.23890", "2006-12-31": "0.23990", "2006-09-30": "0.24020", "2006-06-30": "0.25200", "2006-03-31": "0.24010", "2005-12-31": "0.24490", "2005-09-30": "0.21340", "2005-06-30": "0.23290", "2005-03-31": "0.19650"}, "Debt/Equity Ratio": {"2020-09-30": "5.37250", "2020-06-30": "6.29540", "2020-03-31": "4.81100", "2019-12-31": "4.12690", "2019-09-30": "4.02990", "2019-06-30": "3.90030", "2019-03-31": "4.06630", "2018-12-31": "4.28380", "2018-09-30": "3.29620", "2018-06-30": "3.30370", "2018-03-31": "3.51620", "2017-12-31": "3.78900", "2017-09-30": "3.75540", "2017-06-30": "3.50530", "2017-03-31": "3.49710", "2016-12-31": "3.54530", "2016-09-30": "3.47640", "2016-06-30": "3.49400", "2016-03-31": "3.75780", "2015-12-31": "3.73560", "2015-09-30": "2.70210", "2015-06-30": "2.05420", "2015-03-31": "2.01390", "2014-12-31": "1.89210", "2014-09-30": "1.65750", "2014-06-30": "1.59200", "2014-03-31": "1.61230", "2013-12-31": "1.74750", "2013-09-30": "1.79870", "2013-06-30": "1.96240", "2013-03-31": "1.99290", "2012-12-31": "1.99510", "2012-09-30": "2.17300", "2012-06-30": "1.99910", "2012-03-31": "2.16270", "2011-12-31": "2.36450", "2011-09-30": "2.14310", "2011-06-30": "2.14940", "2011-03-31": "2.42770", "2010-12-31": "2.60660", "2010-09-30": "2.80240", "2010-06-30": "3.05770", "2010-03-31": "3.36610", "2009-12-31": "2.67350", "2009-09-30": "2.25770", "2009-06-30": "2.09930", "2009-03-31": "2.00710", "2008-12-31": "1.85050", "2008-09-30": "1.26860", "2008-06-30": "1.17570", "2008-03-31": "0.86000", "2007-12-31": "0.88400", "2007-09-30": "0.52060", "2007-06-30": "0.44390", "2007-03-31": "0.47740", "2006-12-31": "0.61760", "2006-09-30": "0.35010", "2006-06-30": "0.34860", "2006-03-31": "0.34560", "2005-12-31": "0.39080", "2005-09-30": "0.27130", "2005-06-30": "0.30670", "2005-03-31": "0.32540"}, "Gross Margin": {"2020-09-30": "36.14660", "2020-06-30": "27.89950", "2020-03-31": "35.81010", "2019-12-31": "34.20440", "2019-09-30": "36.95430", "2019-06-30": "36.79240", "2019-03-31": "34.95120", "2018-12-31": "35.40640", "2018-09-30": "37.58110", "2018-06-30": "39.00510", "2018-03-31": "39.13420", "2017-12-31": "37.11810", "2017-09-30": "36.24090", "2017-06-30": "40.59600", "2017-03-31": "40.26510", "2016-12-31": "37.43290", "2016-09-30": "39.81990", "2016-06-30": "40.60160", "2016-03-31": "41.01330", "2015-12-31": "38.40750", "2015-09-30": "40.22480", "2015-06-30": "42.73400", "2015-03-31": "42.68610", "2014-12-31": "36.53520", "2014-09-30": "40.37370", "2014-06-30": "42.47580", "2014-03-31": "40.99740", "2013-12-31": "37.25750", "2013-09-30": "40.17250", "2013-06-30": "40.08260", "2013-03-31": "40.46890", "2012-12-31": "36.90690", "2012-09-30": "39.40670", "2012-06-30": "39.06650", "2012-03-31": "39.27950", "2011-12-31": "35.90120", "2011-09-30": "37.07560", "2011-06-30": "38.33230", "2011-03-31": "37.20350", "2010-12-31": "34.89100", "2010-09-30": "38.87990", "2010-06-30": "38.32260", "2010-03-31": "38.78330", "2009-12-31": "23.87180", "2009-09-30": "34.28080", "2009-06-30": "34.29730", "2009-03-31": "37.95920", "2008-12-31": "40.36540", "2008-09-30": "33.86140", "2008-06-30": "35.67150", "2008-03-31": "36.51350", "2007-12-31": "44.22270", "2007-09-30": "39.07760", "2007-06-30": "38.69310", "2007-03-31": "37.41990", "2006-12-31": "38.77250", "2006-09-30": "40.81590", "2006-06-30": "38.80300", "2006-03-31": "39.45320", "2005-12-31": "39.05650", "2005-09-30": "40.25180", "2005-06-30": "38.87410", "2005-03-31": "39.10380"}, "Operating Margin": {"2020-09-30": "11.82860", "2020-06-30": "-13.41830", "2020-03-31": "8.28140", "2019-12-31": "1.15590", "2019-09-30": "9.41790", "2019-06-30": "15.69610", "2019-03-31": "12.07130", "2018-12-31": "0.32660", "2018-09-30": "11.35670", "2018-06-30": "18.90860", "2018-03-31": "15.33060", "2017-12-31": "8.07210", "2017-09-30": "8.20120", "2017-06-30": "22.62030", "2017-03-31": "19.25400", "2016-12-31": "6.01190", "2016-09-30": "13.99230", "2016-06-30": "22.15500", "2016-03-31": "22.21910", "2015-12-31": "5.69390", "2015-09-30": "16.38310", "2015-06-30": "25.35180", "2015-03-31": "24.51470", "2014-12-31": "8.19330", "2014-09-30": "17.21520", "2014-06-30": "27.37520", "2014-03-31": "23.80480", "2013-12-31": "10.24970", "2013-09-30": "18.71960", "2013-06-30": "24.06620", "2013-03-31": "22.16800", "2012-12-31": "9.91600", "2012-09-30": "17.36410", "2012-06-30": "22.63530", "2012-03-31": "19.26700", "2011-12-31": "7.80280", "2011-09-30": "17.36890", "2011-06-30": "20.05200", "2011-03-31": "15.75580", "2010-12-31": "3.38930", "2010-09-30": "12.09320", "2010-06-30": "16.71390", "2010-03-31": "12.65680", "2009-12-31": "-25.61720", "2009-09-30": "7.95760", "2009-06-30": "6.64340", "2009-03-31": "17.51270", "2008-12-31": "11.49760", "2008-09-30": "17.46170", "2008-06-30": "20.59430", "2008-03-31": "20.79540", "2007-12-31": "19.26740", "2007-09-30": "24.72520", "2007-06-30": "25.69640", "2007-03-31": "22.45590", "2006-12-31": "23.78290", "2006-09-30": "27.92350", "2006-06-30": "25.37750", "2006-03-31": "26.00930", "2005-12-31": "24.36550", "2005-09-30": "27.16270", "2005-06-30": "25.61450", "2005-03-31": "26.06270"}, "EBIT Margin": {"2020-09-30": "11.82860", "2020-06-30": "-13.41830", "2020-03-31": "8.28140", "2019-12-31": "1.15590", "2019-09-30": "9.41790", "2019-06-30": "15.69610", "2019-03-31": "12.07130", "2018-12-31": "0.32670", "2018-09-30": "11.35670", "2018-06-30": "18.90860", "2018-03-31": "15.33060", "2017-12-31": "8.07210", "2017-09-30": "8.20120", "2017-06-30": "22.62030", "2017-03-31": "19.25400", "2016-12-31": "6.01190", "2016-09-30": "13.99230", "2016-06-30": "22.15500", "2016-03-31": "22.21910", "2015-12-31": "5.69390", "2015-09-30": "16.38310", "2015-06-30": "25.35180", "2015-03-31": "24.51470", "2014-12-31": "8.19330", "2014-09-30": "17.21520", "2014-06-30": "27.37520", "2014-03-31": "23.80480", "2013-12-31": "10.24970", "2013-09-30": "18.71960", "2013-06-30": "24.06620", "2013-03-31": "22.16800", "2012-12-31": "9.91600", "2012-09-30": "17.36410", "2012-06-30": "22.63530", "2012-03-31": "19.26700", "2011-12-31": "7.80280", "2011-09-30": "17.36890", "2011-06-30": "20.05200", "2011-03-31": "15.75580", "2010-12-31": "3.38930", "2010-09-30": "12.09320", "2010-06-30": "16.71390", "2010-03-31": "12.65680", "2009-12-31": "-25.61710", "2009-09-30": "7.95760", "2009-06-30": "6.64340", "2009-03-31": "17.51270", "2008-12-31": "11.49760", "2008-09-30": "17.46170", "2008-06-30": "20.59430", "2008-03-31": "20.79540", "2007-12-31": "19.26740", "2007-09-30": "24.72520", "2007-06-30": "25.69640", "2007-03-31": "22.45590", "2006-12-31": "23.78290", "2006-09-30": "27.92350", "2006-06-30": "25.37750", "2006-03-31": "26.00930", "2005-12-31": "24.36550", "2005-09-30": "27.16270", "2005-06-30": "25.61450", "2005-03-31": "26.06270"}, "EBITDA Margin": {"2020-09-30": "", "2020-06-30": "", "2020-03-31": "", "2019-12-31": "", "2019-09-30": "", "2019-06-30": "", "2019-03-31": "", "2018-12-31": "", "2018-09-30": "", "2018-06-30": "", "2018-03-31": "", "2017-12-31": "", "2017-09-30": "", "2017-06-30": "", "2017-03-31": "", "2016-12-31": "", "2016-09-30": "", "2016-06-30": "", "2016-03-31": "", "2015-12-31": "", "2015-09-30": "", "2015-06-30": "", "2015-03-31": "", "2014-12-31": "", "2014-09-30": "", "2014-06-30": "", "2014-03-31": "", "2013-12-31": "", "2013-09-30": "", "2013-06-30": "", "2013-03-31": "", "2012-12-31": "", "2012-09-30": "", "2012-06-30": "", "2012-03-31": "", "2011-12-31": "", "2011-09-30": "", "2011-06-30": "", "2011-03-31": "", "2010-12-31": "", "2010-09-30": "", "2010-06-30": "", "2010-03-31": "", "2009-12-31": "", "2009-09-30": "", "2009-06-30": "", "2009-03-31": "", "2008-12-31": "", "2008-09-30": "", "2008-06-30": "", "2008-03-31": "", "2007-12-31": "", "2007-09-30": "", "2007-06-30": "", "2007-03-31": "", "2006-12-31": "", "2006-09-30": "", "2006-06-30": "", "2006-03-31": "", "2005-12-31": "", "2005-09-30": "", "2005-06-30": "", "2005-03-31": ""}, "Pre-Tax Profit Margin": {"2020-09-30": "11.40340", "2020-06-30": "-13.63280", "2020-03-31": "7.28410", "2019-12-31": "1.27570", "2019-09-30": "9.21450", "2019-06-30": "15.68530", "2019-03-31": "12.30870", "2018-12-31": "-0.35870", "2018-09-30": "10.73160", "2018-06-30": "18.64310", "2018-03-31": "14.92430", "2017-12-31": "7.71620", "2017-09-30": "7.80880", "2017-06-30": "22.34530", "2017-03-31": "18.95450", "2016-12-31": "5.63650", "2016-09-30": "13.56830", "2016-06-30": "21.81080", "2016-03-31": "21.85330", "2015-12-31": "5.13340", "2015-09-30": "16.25650", "2015-06-30": "25.43080", "2015-03-31": "24.59320", "2014-12-31": "8.32200", "2014-09-30": "17.32520", "2014-06-30": "27.44410", "2014-03-31": "23.68790", "2013-12-31": "9.41440", "2013-09-30": "17.95990", "2013-06-30": "23.53850", "2013-03-31": "21.54580", "2012-12-31": "9.08360", "2012-09-30": "16.56500", "2012-06-30": "22.09390", "2012-03-31": "18.59810", "2011-12-31": "7.05730", "2011-09-30": "16.73970", "2011-06-30": "19.41420", "2011-03-31": "14.93260", "2010-12-31": "-6.18060", "2010-09-30": "10.35800", "2010-06-30": "15.02990", "2010-03-31": "10.78640", "2009-12-31": "-26.64380", "2009-09-30": "7.96290", "2009-06-30": "6.60190", "2009-03-31": "16.94930", "2008-12-31": "11.56820", "2008-09-30": "17.56110", "2008-06-30": "20.72770", "2008-03-31": "20.94130", "2007-12-31": "19.45800", "2007-09-30": "25.05170", "2007-06-30": "25.99450", "2007-03-31": "23.14810", "2006-12-31": "24.36100", "2006-09-30": "28.19230", "2006-06-30": "25.77630", "2006-03-31": "26.53910", "2005-12-31": "25.14510", "2005-09-30": "27.15750", "2005-06-30": "25.94510", "2005-03-31": "26.60100"}, "Net Profit Margin": {"2020-09-30": "10.31310", "2020-06-30": "-10.65810", "2020-03-31": "5.36840", "2019-12-31": "1.25860", "2019-09-30": "6.80250", "2019-06-30": "11.98270", "2019-03-31": "9.24200", "2018-12-31": "0.04320", "2018-09-30": "8.65380", "2018-06-30": "14.14520", "2018-03-31": "11.33260", "2017-12-31": "0.67650", "2017-09-30": "5.92510", "2017-06-30": "14.66530", "2017-03-31": "12.40860", "2016-12-31": "4.24810", "2016-09-30": "8.94760", "2016-06-30": "15.06820", "2016-03-31": "14.31390", "2015-12-31": "3.57400", "2015-09-30": "10.65310", "2015-06-30": "16.43340", "2015-03-31": "16.13050", "2014-12-31": "6.20540", "2014-09-30": "11.52930", "2014-06-30": "17.70150", "2014-03-31": "15.40610", "2013-12-31": "6.33350", "2013-09-30": "12.10940", "2013-06-30": "15.14450", "2013-03-31": "14.26470", "2012-12-31": "6.03310", "2012-09-30": "10.71760", "2012-06-30": "14.29470", "2012-03-31": "12.03300", "2011-12-31": "8.92620", "2011-09-30": "13.13960", "2011-06-30": "12.65810", "2011-03-31": "9.73610", "2010-12-31": "-4.31660", "2010-09-30": "7.05010", "2010-06-30": "5.43680", "2010-03-31": "2.76060", "2009-12-31": "-24.47220", "2009-09-30": "2.12640", "2009-06-30": "1.56780", "2009-03-31": "8.48440", "2008-12-31": "5.79980", "2008-09-30": "10.85100", "2008-06-30": "13.26580", "2008-03-31": "13.40250", "2007-12-31": "12.55080", "2007-09-30": "16.15770", "2007-06-30": "16.76660", "2007-03-31": "14.93050", "2006-12-31": "15.81900", "2006-09-30": "18.04310", "2006-06-30": "16.49690", "2006-03-31": "16.98510", "2005-12-31": "16.21860", "2005-09-30": "17.51650", "2005-06-30": "16.73460", "2005-03-31": "17.15770"}, "Asset Turnover": {"2020-09-30": "0.09300", "2020-06-30": "0.06580", "2020-03-31": "0.11650", "2019-12-31": "0.10180", "2019-09-30": "0.12030", "2019-06-30": "0.15200", "2019-03-31": "0.13080", "2018-12-31": "0.10740", "2018-09-30": "0.12530", "2018-06-30": "0.16250", "2018-03-31": "0.15000", "2017-12-31": "0.12320", "2017-09-30": "0.11410", "2017-06-30": "0.16830", "2017-03-31": "0.14610", "2016-12-31": "0.11230", "2016-09-30": "0.12480", "2016-06-30": "0.17980", "2016-03-31": "0.16720", "2015-12-31": "0.11840", "2015-09-30": "0.12300", "2015-06-30": "0.17290", "2015-03-31": "0.16320", "2014-12-31": "0.12600", "2014-09-30": "0.12980", "2014-06-30": "0.19860", "2014-03-31": "0.17740", "2013-12-31": "0.12660", "2013-09-30": "0.14170", "2013-06-30": "0.18480", "2013-03-31": "0.16830", "2012-12-31": "0.12770", "2012-09-30": "0.12480", "2012-06-30": "0.18560", "2012-03-31": "0.14880", "2011-12-31": "0.12240", "2011-09-30": "0.14400", "2011-06-30": "0.16080", "2011-03-31": "0.13020", "2010-12-31": "0.11490", "2010-09-30": "0.12550", "2010-06-30": "0.12800", "2010-03-31": "0.11280", "2009-12-31": "0.09760", "2009-09-30": "0.13320", "2009-06-30": "0.14370", "2009-03-31": "0.16050", "2008-12-31": "0.17140", "2008-09-30": "0.21320", "2008-06-30": "0.24760", "2008-03-31": "0.23870", "2007-12-31": "0.26210", "2007-09-30": "0.32990", "2007-06-30": "0.33830", "2007-03-31": "0.23650", "2006-12-31": "0.28840", "2006-09-30": "0.34440", "2006-06-30": "0.29260", "2006-03-31": "0.25570", "2005-12-31": "0.26990", "2005-09-30": "0.32220", "2005-06-30": "0.33250", "2005-03-31": "0.24960"}, "Inventory Turnover Ratio": {"2020-09-30": "2.30890", "2020-06-30": "1.45300", "2020-03-31": "1.36410", "2019-12-31": "1.16890", "2019-09-30": "1.64030", "2019-06-30": "2.19280", "2019-03-31": "1.51140", "2018-12-31": "1.33090", "2018-09-30": "1.59080", "2018-06-30": "2.24550", "2018-03-31": "1.66250", "2017-12-31": "1.43580", "2017-09-30": "1.56470", "2017-06-30": "2.81870", "2017-03-31": "1.84800", "2016-12-31": "1.39000", "2016-09-30": "1.79860", "2016-06-30": "2.97810", "2016-03-31": "1.86410", "2015-12-31": "1.24110", "2015-09-30": "1.68750", "2015-06-30": "2.64470", "2015-03-31": "1.99370", "2014-12-31": "1.69690", "2014-09-30": "1.68370", "2014-06-30": "3.09710", "2014-03-31": "2.26800", "2013-12-31": "1.75980", "2013-09-30": "2.00380", "2013-06-30": "3.49380", "2013-03-31": "2.24820", "2012-12-31": "1.87720", "2012-09-30": "1.99830", "2012-06-30": "3.26250", "2012-03-31": "1.85520", "2011-12-31": "1.81550", "2011-09-30": "2.54140", "2011-06-30": "2.75120", "2011-03-31": "2.06600", "2010-12-31": "2.16080", "2010-09-30": "2.41330", "2010-06-30": "2.71870", "2010-03-31": "2.29330", "2009-12-31": "2.10610", "2009-09-30": "2.05220", "2009-06-30": "2.05110", "2009-03-31": "2.03540", "2008-12-31": "2.11010", "2008-09-30": "2.52970", "2008-06-30": "3.16450", "2008-03-31": "2.01390", "2007-12-31": "2.36480", "2007-09-30": "2.65040", "2007-06-30": "3.07900", "2007-03-31": "2.18200", "2006-12-31": "3.39480", "2006-09-30": "3.64360", "2006-06-30": "3.08460", "2006-03-31": "3.25620", "2005-12-31": "3.90400", "2005-09-30": "3.89140", "2005-06-30": "3.84050", "2005-03-31": "3.26660"}, "Receiveable Turnover": {"2020-09-30": "5.00630", "2020-06-30": "3.18770", "2020-03-31": "4.33980", "2019-12-31": "4.13470", "2019-09-30": "4.13670", "2019-06-30": "5.01870", "2019-03-31": "3.91580", "2018-12-31": "0.45450", "2018-09-30": "0.53730", "2018-06-30": "5.10500", "2018-03-31": "0.57180", "2017-12-31": "0.50460", "2017-09-30": "0.47940", "2017-06-30": "0.66120", "2017-03-31": "0.55840", "2016-12-31": "0.47030", "2016-09-30": "0.49960", "2016-06-30": "0.67190", "2016-03-31": "0.60840", "2015-12-31": "4.77210", "2015-09-30": "0.55750", "2015-06-30": "0.69920", "2015-03-31": "0.63410", "2014-12-31": "0.55450", "2014-09-30": "0.56620", "2014-06-30": "0.77800", "2014-03-31": "0.67740", "2013-12-31": "0.58510", "2013-09-30": "0.63390", "2013-06-30": "0.79230", "2013-03-31": "0.67330", "2012-12-31": "5.08890", "2012-09-30": "0.63070", "2012-06-30": "0.82160", "2012-03-31": "5.40990", "2011-12-31": "5.40510", "2011-09-30": "1.60330", "2011-06-30": "1.79480", "2011-03-31": "1.30950", "2010-12-31": "1.12690", "2010-09-30": "1.28510", "2010-06-30": "1.31890", "2010-03-31": "1.10110", "2009-12-31": "3.31750", "2009-09-30": "4.09140", "2009-06-30": "4.96840", "2009-03-31": "0.58310", "2008-12-31": "0.49520", "2008-09-30": "0.59570", "2008-06-30": "0.88020", "2008-03-31": "1.32040", "2007-12-31": "1.54040", "2007-09-30": "2.65760", "2007-06-30": "3.17730", "2007-03-31": "2.89050", "2006-12-31": "2.31210", "2006-09-30": "6.93140", "2006-06-30": "3.84580", "2006-03-31": "4.93300", "2005-12-31": "3.36540", "2005-09-30": "10.82290", "2005-06-30": "4.03860", "2005-03-31": "3.58880"}, "Days Sales In Receivables": {"2020-09-30": "17.97750", "2020-06-30": "28.23400", "2020-03-31": "20.73830", "2019-12-31": "21.76690", "2019-09-30": "21.75640", "2019-06-30": "17.93290", "2019-03-31": "22.98410", "2018-12-31": "198.00010", "2018-09-30": "167.50610", "2018-06-30": "17.62960", "2018-03-31": "157.40160", "2017-12-31": "178.37360", "2017-09-30": "187.73210", "2017-06-30": "136.10710", "2017-03-31": "161.17280", "2016-12-31": "191.35880", "2016-09-30": "180.15490", "2016-06-30": "133.95130", "2016-03-31": "147.94050", "2015-12-31": "18.85970", "2015-09-30": "161.42290", "2015-06-30": "128.72030", "2015-03-31": "141.94380", "2014-12-31": "162.29800", "2014-09-30": "158.94620", "2014-06-30": "115.67490", "2014-03-31": "132.86770", "2013-12-31": "153.80680", "2013-09-30": "141.97870", "2013-06-30": "113.59890", "2013-03-31": "133.67620", "2012-12-31": "17.68540", "2012-09-30": "142.68860", "2012-06-30": "109.53570", "2012-03-31": "16.63610", "2011-12-31": "16.65090", "2011-09-30": "56.13350", "2011-06-30": "50.14520", "2011-03-31": "68.72950", "2010-12-31": "79.86610", "2010-09-30": "70.03480", "2010-06-30": "68.23660", "2010-03-31": "81.73380", "2009-12-31": "27.12850", "2009-09-30": "21.99750", "2009-06-30": "18.11460", "2009-03-31": "154.33430", "2008-12-31": "181.75350", "2008-09-30": "151.07910", "2008-06-30": "102.24790", "2008-03-31": "68.15970", "2007-12-31": "58.42810", "2007-09-30": "33.86520", "2007-06-30": "28.32630", "2007-03-31": "31.13690", "2006-12-31": "38.92550", "2006-09-30": "12.98440", "2006-06-30": "23.40200", "2006-03-31": "18.24450", "2005-12-31": "26.74250", "2005-09-30": "8.31570", "2005-06-30": "22.28480", "2005-03-31": "25.07790"}, "ROE - Return On Equity": {"2020-09-30": "6.79240", "2020-06-30": "-5.67940", "2020-03-31": "4.11910", "2019-12-31": "0.74810", "2019-09-30": "4.71420", "2019-06-30": "10.23900", "2019-03-31": "7.11750", "2018-12-31": "0.02790", "2018-09-30": "5.28830", "2018-06-30": "11.21140", "2018-03-31": "8.75590", "2017-12-31": "0.45080", "2017-09-30": "3.67340", "2017-06-30": "12.65130", "2017-03-31": "9.34930", "2016-12-31": "2.45700", "2016-09-30": "5.72510", "2016-06-30": "13.87580", "2016-03-31": "13.23360", "2015-12-31": "2.29370", "2015-09-30": "5.48300", "2015-06-30": "9.91560", "2015-03-31": "9.19170", "2014-12-31": "2.55990", "2014-09-30": "4.56910", "2014-06-30": "10.52070", "2014-03-31": "8.41550", "2013-12-31": "2.50570", "2013-09-30": "5.64620", "2013-06-30": "9.63190", "2013-03-31": "8.43530", "2012-12-31": "2.76190", "2012-09-30": "4.95680", "2012-06-30": "9.27280", "2012-03-31": "", "2011-12-31": "2.25780", "2011-09-30": "", "2011-06-30": "", "2011-03-31": "", "2010-12-31": "-1.90660", "2010-09-30": "", "2010-06-30": "", "2010-03-31": "", "2009-12-31": "-6.98110", "2009-09-30": "", "2009-06-30": "", "2009-03-31": "", "2008-12-31": "5.07310", "2008-09-30": "", "2008-06-30": "", "2008-03-31": "", "2007-12-31": "7.83320", "2007-09-30": "", "2007-06-30": "", "2007-03-31": "", "2006-12-31": "9.15670", "2006-09-30": "", "2006-06-30": "", "2006-03-31": "", "2005-12-31": "7.46020", "2005-09-30": "", "2005-06-30": "", "2005-03-31": ""}, "Return On Tangible Equity": {"2020-09-30": "7.05090", "2020-06-30": "-5.91320", "2020-03-31": "4.28120", "2019-12-31": "0.77570", "2019-09-30": "4.88370", "2019-06-30": "10.59650", "2019-03-31": "7.38080", "2018-12-31": "0.02880", "2018-09-30": "5.42770", "2018-06-30": "11.50660", "2018-03-31": "9.01110", "2017-12-31": "0.46490", "2017-09-30": "3.78740", "2017-06-30": "12.99840", "2017-03-31": "9.60940", "2016-12-31": "2.52730", "2016-09-30": "5.88660", "2016-06-30": "14.26070", "2016-03-31": "13.62660", "2015-12-31": "2.36330", "2015-09-30": "5.60180", "2015-06-30": "10.00190", "2015-03-31": "9.27270", "2014-12-31": "2.58460", "2014-09-30": "4.60930", "2014-06-30": "10.61610", "2014-03-31": "8.49740", "2013-12-31": "2.53130", "2013-09-30": "5.70570", "2013-06-30": "9.73260", "2013-03-31": "8.52790", "2012-12-31": "2.79420", "2012-09-30": "5.01040", "2012-06-30": "9.37340", "2012-03-31": "6.75990", "2011-12-31": "2.28520", "2011-09-30": "7.14020", "2011-06-30": "7.62250", "2011-03-31": "5.16440", "2010-12-31": "-1.93250", "2010-09-30": "4.33880", "2010-06-30": "6.60470", "2010-03-31": "3.34090", "2009-12-31": "-7.08670", "2009-09-30": "2.49750", "2009-06-30": "1.50290", "2009-03-31": "5.89080", "2008-12-31": "5.22150", "2008-09-30": "7.06980", "2008-06-30": "9.02070", "2008-03-31": "7.92080", "2007-12-31": "8.04100", "2007-09-30": "11.50780", "2007-06-30": "11.17930", "2007-03-31": "6.92650", "2006-12-31": "9.35630", "2006-09-30": "11.21630", "2006-06-30": "8.36490", "2006-03-31": "7.54780", "2005-12-31": "7.59960", "2005-09-30": "9.44510", "2005-06-30": "9.21090", "2005-03-31": "7.07310"}, "ROA - Return On Assets": {"2020-09-30": "0.95930", "2020-06-30": "-0.70090", "2020-03-31": "0.62560", "2019-12-31": "0.12820", "2019-09-30": "0.81850", "2019-06-30": "1.82150", "2019-03-31": "1.20920", "2018-12-31": "0.00460", "2018-09-30": "1.08390", "2018-06-30": "2.29790", "2018-03-31": "1.70040", "2017-12-31": "0.08340", "2017-09-30": "0.67610", "2017-06-30": "2.46830", "2017-03-31": "1.81260", "2016-12-31": "0.47700", "2016-09-30": "1.11690", "2016-06-30": "2.70990", "2016-03-31": "2.39300", "2015-12-31": "0.42310", "2015-09-30": "1.31020", "2015-06-30": "2.84200", "2015-03-31": "2.63330", "2014-12-31": "0.78160", "2014-09-30": "1.49680", "2014-06-30": "3.51470", "2014-03-31": "2.73300", "2013-12-31": "0.80180", "2013-09-30": "1.71570", "2013-06-30": "2.79940", "2013-03-31": "2.40090", "2012-12-31": "0.77030", "2012-09-30": "1.33800", "2012-06-30": "2.65380", "2012-03-31": "1.79100", "2011-12-31": "0.56480", "2011-09-30": "1.89190", "2011-06-30": "2.03570", "2011-03-31": "1.26800", "2010-12-31": "-0.44620", "2010-09-30": "0.93330", "2010-06-30": "1.36240", "2010-03-31": "0.64230", "2009-12-31": "-1.60740", "2009-09-30": "0.60280", "2009-06-30": "0.38080", "2009-03-31": "1.48560", "2008-12-31": "1.37090", "2008-09-30": "2.31320", "2008-06-30": "3.28410", "2008-03-31": "3.19860", "2007-12-31": "3.28960", "2007-09-30": "5.33030", "2007-06-30": "5.67190", "2007-03-31": "3.53090", "2006-12-31": "4.56290", "2006-09-30": "6.21360", "2006-06-30": "4.82680", "2006-03-31": "4.34390", "2005-12-31": "4.37740", "2005-09-30": "5.64400", "2005-06-30": "5.56460", "2005-03-31": "4.28240"}, "ROI - Return On Investment": {"2020-09-30": "1.51380", "2020-06-30": "-1.13680", "2020-03-31": "1.12960", "2019-12-31": "0.19480", "2019-09-30": "1.34350", "2019-06-30": "2.98180", "2019-03-31": "1.95570", "2018-12-31": "0.00740", "2018-09-30": "1.79310", "2018-06-30": "3.44730", "2018-03-31": "2.86290", "2017-12-31": "0.12930", "2017-09-30": "1.05510", "2017-06-30": "3.84960", "2017-03-31": "2.54800", "2016-12-31": "0.71620", "2016-09-30": "1.59240", "2016-06-30": "3.82630", "2016-03-31": "3.40650", "2015-12-31": "0.63240", "2015-09-30": "1.84660", "2015-06-30": "3.95800", "2015-03-31": "3.70490", "2014-12-31": "1.11640", "2014-09-30": "2.18840", "2014-06-30": "4.94580", "2014-03-31": "4.13460", "2013-12-31": "1.17350", "2013-09-30": "2.34140", "2013-06-30": "3.85140", "2013-03-31": "3.42210", "2012-12-31": "1.01960", "2012-09-30": "1.86740", "2012-06-30": "3.96020", "2012-03-31": "2.64950", "2011-12-31": "0.87230", "2011-09-30": "2.71740", "2011-06-30": "2.86900", "2011-03-31": "1.72660", "2010-12-31": "-0.62540", "2010-09-30": "1.37700", "2010-06-30": "1.93740", "2010-03-31": "0.89770", "2009-12-31": "-2.36530", "2009-09-30": "1.03140", "2009-06-30": "0.63080", "2009-03-31": "2.56620", "2008-12-31": "2.50070", "2008-09-30": "3.67370", "2008-06-30": "4.86130", "2008-03-31": "5.49860", "2007-12-31": "5.54540", "2007-09-30": "7.92600", "2007-06-30": "7.99620", "2007-03-31": "5.16200", "2006-12-31": "6.96010", "2006-09-30": "8.34770", "2006-06-30": "6.13510", "2006-03-31": "5.63230", "2005-12-31": "5.63340", "2005-09-30": "7.28150", "2005-06-30": "6.91240", "2005-03-31": "5.58150"}, "Book Value Per Share": {"2020-09-30": "11.54690", "2020-06-30": "10.59580", "2020-03-31": "11.04620", "2019-12-31": "11.83200", "2019-09-30": "11.90090", "2019-06-30": "11.97560", "2019-03-31": "11.30050", "2018-12-31": "11.11090", "2018-09-30": "13.22200", "2018-06-30": "12.97790", "2018-03-31": "11.99220", "2017-12-31": "10.97190", "2017-09-30": "11.03310", "2017-06-30": "11.99430", "2017-03-31": "11.38840", "2016-12-31": "10.91320", "2016-09-30": "11.27080", "2016-06-30": "11.30340", "2016-03-31": "10.45240", "2015-12-31": "9.95840", "2015-09-30": "13.34140", "2015-06-30": "14.68020", "2015-03-31": "14.10550", "2014-12-31": "13.73100", "2014-09-30": "15.32830", "2014-06-30": "15.47960", "2014-03-31": "14.47040", "2013-12-31": "13.68200", "2013-09-30": "13.03370", "2013-06-30": "12.64760", "2013-03-31": "11.85450", "2012-12-31": "11.31190", "2012-09-30": "11.94810", "2012-06-30": "11.69980", "2012-03-31": "11.12070", "2011-12-31": "10.49820", "2011-09-30": "11.19440", "2011-06-30": "10.70760", "2011-03-31": "9.90490", "2010-12-31": "9.37010", "2010-09-30": "9.29770", "2010-06-30": "9.07440", "2010-03-31": "8.86550", "2009-12-31": "8.99700", "2009-09-30": "9.76770", "2009-06-30": "9.60380", "2009-03-31": "9.52350", "2008-12-31": "9.08910", "2008-09-30": "10.73930", "2008-06-30": "10.76310", "2008-03-31": "10.27840", "2007-12-31": "9.96070", "2007-09-30": "9.78620", "2007-06-30": "10.32040", "2007-03-31": "11.01020", "2006-12-31": "10.68290", "2006-09-30": "10.98420", "2006-06-30": "11.31820", "2006-03-31": "11.77970", "2005-12-31": "11.25400", "2005-09-30": "10.42220", "2005-06-30": "9.59970", "2005-03-31": "11.49020"}, "Operating Cash Flow Per Share": {"2020-09-30": 3.3915, "2020-06-30": 4.0389, "2020-03-31": "-0.05580", "2019-12-31": 0.0949, "2019-09-30": 2.2947, "2019-06-30": 2.9084, "2019-03-31": "0.20420", "2018-12-31": 0.5072, "2018-09-30": 2.3344, "2018-06-30": 3.2685, "2018-03-31": "1.13250", "2017-12-31": 0.2516, "2017-09-30": 1.9837, "2017-06-30": 2.6733, "2017-03-31": "0.90330", "2016-12-31": 1.3308, "2016-09-30": 2.6578, "2016-06-30": 2.2929, "2016-03-31": "0.22330", "2015-12-31": 0.4105, "2015-09-30": 2.0472, "2015-06-30": 2.1184, "2015-03-31": "0.82490", "2014-12-31": 0.8093, "2014-09-30": 1.8543, "2014-06-30": 1.6802, "2014-03-31": "0.92330", "2013-12-31": 0.6686, "2013-09-30": 1.956, "2013-06-30": 2.2157, "2013-03-31": "-0.47970", "2012-12-31": 0.3712, "2012-09-30": 1.8769, "2012-06-30": 1.5665, "2012-03-31": "-0.31830", "2011-12-31": -0.0541, "2011-09-30": 1.8199, "2011-06-30": 2.4475, "2011-03-31": "-0.44480", "2010-12-31": -0.0259, "2010-09-30": 1.8898, "2010-06-30": 2.2338, "2010-03-31": "0.85750", "2009-12-31": 0.2072, "2009-09-30": 2.9353, "2009-06-30": 0.4407, "2009-03-31": "-0.97580", "2008-12-31": -1.6454, "2008-09-30": -0.7819, "2008-06-30": -0.7845, "2008-03-31": "0.61870", "2007-12-31": -2.3317, "2007-09-30": 1.3432, "2007-06-30": 2.1698, "2007-03-31": "2.01280", "2006-12-31": -2.0419, "2006-09-30": 1.8344, "2006-06-30": 1.7426, "2006-03-31": "1.33660", "2005-12-31": -0.8836, "2005-09-30": 1.5158, "2005-06-30": 1.8501, "2005-03-31": "0.94290"}, "Free Cash Flow Per Share": {"2020-09-30": 3.2294, "2020-06-30": 3.8156, "2020-03-31": "-0.27000", "2019-12-31": -0.2829, "2019-09-30": 2.0447, "2019-06-30": 2.6067, "2019-03-31": "-0.01610", "2018-12-31": -0.0562, "2018-09-30": 2.0299, "2018-06-30": 3.0221, "2018-03-31": "0.96440", "2017-12-31": -0.2733, "2017-09-30": 1.7139, "2017-06-30": 2.4105, "2017-03-31": "0.76790", "2016-12-31": 0.8187, "2016-09-30": 2.3434, "2016-06-30": 1.9117, "2016-03-31": "0.01150", "2015-12-31": -0.1861, "2015-09-30": 1.7759, "2015-06-30": 1.8898, "2015-03-31": "0.64510", "2014-12-31": 0.2969, "2014-09-30": 1.6396, "2014-06-30": 1.4576, "2014-03-31": "0.80590", "2013-12-31": 0.2387, "2013-09-30": 1.7529, "2013-06-30": 2.0175, "2013-03-31": "-0.57820", "2012-12-31": -0.0352, "2012-09-30": 1.7189, "2012-06-30": 1.4131, "2012-03-31": "-0.42500", "2011-12-31": -0.4089, "2011-09-30": 1.6633, "2011-06-30": 2.2716, "2011-03-31": "-0.56220", "2010-12-31": -0.4233, "2010-09-30": 1.7543, "2010-06-30": 2.1012, "2010-03-31": "0.79530", "2009-12-31": 0.0349, "2009-09-30": 2.818, "2009-06-30": 0.3164, "2009-03-31": "-1.06180", "2008-12-31": -1.9634, "2008-09-30": -1.0171, "2008-06-30": -1.0255, "2008-03-31": "0.43640", "2007-12-31": -2.7374, "2007-09-30": 1.1186, "2007-06-30": 1.9891, "2007-03-31": "1.85490", "2006-12-31": -2.3436, "2006-09-30": 1.6406, "2006-06-30": 1.5419, "2006-03-31": "1.20490", "2005-12-31": -1.1461, "2005-09-30": 1.3406, "2005-06-30": 1.7146, "2005-03-31": "0.81020"}}, "revenue": {"Harley-Davidson Annual Revenue (Millions of US $)": {"2020": "$4,054", "2019": "$5,362", "2018": "$5,717", "2017": "$5,647", "2016": "$5,996", "2015": "$5,995", "2014": "$6,229", "2013": "$5,900", "2012": "$5,581", "2011": "$5,312", "2010": "$4,859", "2009": "$4,782", "2008": "$5,955", "2007": "$6,143", "2006": "$6,186", "2005": "$5,674"}, "Harley-Davidson Quarterly Revenue (Millions of US $)": {"2020-12-31": "$725", "2020-09-30": "$1,166", "2020-06-30": "$865", "2020-03-31": "$1,298", "2019-12-31": "$1,072", "2019-09-30": "$1,273", "2019-06-30": "$1,633", "2019-03-31": "$1,384", "2018-12-31": "$1,146", "2018-09-30": "$1,316", "2018-06-30": "$1,713", "2018-03-31": "$1,542", "2017-12-31": "$1,229", "2017-09-30": "$1,151", "2017-06-30": "$1,765", "2017-03-31": "$1,502", "2016-12-31": "$1,111", "2016-09-30": "$1,275", "2016-06-30": "$1,861", "2016-03-31": "$1,750", "2015-12-31": "$1,181", "2015-09-30": "$1,317", "2015-06-30": "$1,824", "2015-03-31": "$1,673", "2014-12-31": "$1,200", "2014-09-30": "$1,302", "2014-06-30": "$2,001", "2014-03-31": "$1,726", "2013-12-31": "$1,191", "2013-09-30": "$1,344", "2013-06-30": "$1,794", "2013-03-31": "$1,571", "2012-12-31": "$1,171", "2012-09-30": "$1,250", "2012-06-30": "$1,730", "2012-03-31": "$1,430", "2011-12-31": "$1,184", "2011-09-30": "$1,397", "2011-06-30": "$1,506", "2011-03-31": "$1,225", "2010-12-31": "$1,083", "2010-09-30": "$1,260", "2010-06-30": "$1,309", "2010-03-31": "$1,207", "2009-12-31": "$894", "2009-09-30": "$1,245", "2009-06-30": "$1,260", "2009-03-31": "$1,383", "2008-12-31": "$1,342", "2008-09-30": "$1,535", "2008-06-30": "$1,679", "2008-03-31": "$1,400", "2007-12-31": "$1,483", "2007-09-30": "$1,640", "2007-06-30": "$1,733", "2007-03-31": "$1,288", "2006-12-31": "$1,596", "2006-09-30": "$1,733", "2006-06-30": "$1,476", "2006-03-31": "$1,381", "2005-12-31": "$1,418", "2005-09-30": "$1,513", "2005-06-30": "$1,419", "2005-03-31": "$1,324"}}, "gross-profit": {"Harley-Davidson Annual Gross Profit (Millions of US $)": {"2020": "$1,035", "2019": "$1,922", "2018": "$2,172", "2017": "$2,195", "2016": "$2,397", "2015": "$2,477", "2014": "$2,521", "2013": "$2,338", "2012": "$2,162", "2011": "$1,976", "2010": "$1,838", "2009": "$1,597", "2008": "$2,171", "2007": "$2,449", "2006": "$2,444", "2005": "$2,232"}, "Harley-Davidson Quarterly Gross Profit (Millions of US $)": {"2020-12-31": "$201", "2020-09-30": "$421", "2020-06-30": "$241", "2020-03-31": "$465", "2019-12-31": "$367", "2019-09-30": "$470", "2019-06-30": "$601", "2019-03-31": "$484", "2018-12-31": "$406", "2018-09-30": "$494", "2018-06-30": "$668", "2018-03-31": "$603", "2017-12-31": "$456", "2017-09-30": "$417", "2017-06-30": "$717", "2017-03-31": "$605", "2016-12-31": "$416", "2016-09-30": "$508", "2016-06-30": "$756", "2016-03-31": "$718", "2015-12-31": "$453", "2015-09-30": "$530", "2015-06-30": "$780", "2015-03-31": "$714", "2014-12-31": "$438", "2014-09-30": "$526", "2014-06-30": "$850", "2014-03-31": "$708", "2013-12-31": "$444", "2013-09-30": "$540", "2013-06-30": "$719", "2013-03-31": "$636", "2012-12-31": "$432", "2012-09-30": "$493", "2012-06-30": "$676", "2012-03-31": "$562", "2011-12-31": "$425", "2011-09-30": "$518", "2011-06-30": "$577", "2011-03-31": "$456", "2010-12-31": "$378", "2010-09-30": "$490", "2010-06-30": "$502", "2010-03-31": "$468", "2009-12-31": "$213", "2009-09-30": "$427", "2009-06-30": "$432", "2009-03-31": "$525", "2008-12-31": "$542", "2008-09-30": "$520", "2008-06-30": "$599", "2008-03-31": "$511", "2007-12-31": "$656", "2007-09-30": "$641", "2007-06-30": "$670", "2007-03-31": "$482", "2006-12-31": "$619", "2006-09-30": "$707", "2006-06-30": "$573", "2006-03-31": "$545", "2005-12-31": "$554", "2005-09-30": "$609", "2005-06-30": "$551", "2005-03-31": "$518"}}, "operating-income": {"Harley-Davidson Annual Operating Income (Millions of US $)": {"2020": "$10", "2019": "$556", "2018": "$714", "2017": "$882", "2016": "$1,046", "2015": "$1,156", "2014": "$1,281", "2013": "$1,154", "2012": "$1,000", "2011": "$830", "2010": "$561", "2009": "$196", "2008": "$1,059", "2007": "$1,426", "2006": "$1,597", "2005": "$1,465"}, "Harley-Davidson Quarterly Operating Income (Millions of US $)": {"2020-12-31": "$-120", "2020-09-30": "$138", "2020-06-30": "$-116", "2020-03-31": "$108", "2019-12-31": "$12", "2019-09-30": "$120", "2019-06-30": "$256", "2019-03-31": "$167", "2018-12-31": "$4", "2018-09-30": "$149", "2018-06-30": "$324", "2018-03-31": "$236", "2017-12-31": "$99", "2017-09-30": "$94", "2017-06-30": "$399", "2017-03-31": "$289", "2016-12-31": "$67", "2016-09-30": "$178", "2016-06-30": "$412", "2016-03-31": "$389", "2015-12-31": "$67", "2015-09-30": "$216", "2015-06-30": "$463", "2015-03-31": "$410", "2014-12-31": "$98", "2014-09-30": "$224", "2014-06-30": "$548", "2014-03-31": "$411", "2013-12-31": "$122", "2013-09-30": "$252", "2013-06-30": "$432", "2013-03-31": "$348", "2012-12-31": "$116", "2012-09-30": "$217", "2012-06-30": "$392", "2012-03-31": "$275", "2011-12-31": "$92", "2011-09-30": "$243", "2011-06-30": "$302", "2011-03-31": "$193", "2010-12-31": "$37", "2010-09-30": "$152", "2010-06-30": "$219", "2010-03-31": "$153", "2009-12-31": "$-229", "2009-09-30": "$99", "2009-06-30": "$84", "2009-03-31": "$242", "2008-12-31": "$154", "2008-09-30": "$268", "2008-06-30": "$346", "2008-03-31": "$291", "2007-12-31": "$286", "2007-09-30": "$405", "2007-06-30": "$445", "2007-03-31": "$289", "2006-12-31": "$380", "2006-09-30": "$484", "2006-06-30": "$374", "2006-03-31": "$359", "2005-12-31": "$346", "2005-09-30": "$411", "2005-06-30": "$363", "2005-03-31": "$345"}}, "ebitda": {"Harley-Davidson Annual EBITDA (Millions of US $)": {"2019": "$874", "2018": "$1,068", "2017": "$1,195", "2016": "$1,352", "2015": "$1,457", "2014": "$1,563", "2013": "$1,416", "2012": "$1,258", "2011": "$1,100", "2010": "$923", "2009": "$583", "2008": "$1,323", "2007": "$1,630", "2006": "$1,811", "2005": "$1,671"}, "Harley-Davidson Quarterly EBITDA (Millions of US $)": {"2020-09-30": "$205", "2020-06-30": "$-47", "2020-03-31": "$175", "2019-12-31": "$92", "2019-09-30": "$191", "2019-06-30": "$339", "2019-03-31": "$253", "2018-12-31": "$94", "2018-09-30": "$240", "2018-06-30": "$413", "2018-03-31": "$321", "2017-12-31": "$180", "2017-09-30": "$174", "2017-06-30": "$475", "2017-03-31": "$366", "2016-12-31": "$145", "2016-09-30": "$256", "2016-06-30": "$488", "2016-03-31": "$463", "2015-12-31": "$148", "2015-09-30": "$290", "2015-06-30": "$537", "2015-03-31": "$481", "2014-12-31": "$173", "2014-09-30": "$294", "2014-06-30": "$617", "2014-03-31": "$478", "2013-12-31": "$191", "2013-09-30": "$316", "2013-06-30": "$496", "2013-03-31": "$413", "2012-12-31": "$180", "2012-09-30": "$281", "2012-06-30": "$456", "2012-03-31": "$340", "2011-12-31": "$163", "2011-09-30": "$308", "2011-06-30": "$371", "2011-03-31": "$258", "2010-12-31": "$116", "2010-09-30": "$240", "2010-06-30": "$315", "2010-03-31": "$252", "2009-12-31": "$-66", "2009-09-30": "$171", "2009-06-30": "$181", "2009-03-31": "$297", "2008-12-31": "$247", "2008-09-30": "$336", "2008-06-30": "$399", "2008-03-31": "$341", "2007-12-31": "$337", "2007-09-30": "$453", "2007-06-30": "$500", "2007-03-31": "$341", "2006-12-31": "$429", "2006-09-30": "$541", "2006-06-30": "$428", "2006-03-31": "$413", "2005-12-31": "$392", "2005-09-30": "$464", "2005-06-30": "$417", "2005-03-31": "$398"}}, "net-income": {"Harley-Davidson Annual Net Income (Millions of US $)": {"2020": "$1", "2019": "$424", "2018": "$531", "2017": "$522", "2016": "$692", "2015": "$752", "2014": "$845", "2013": "$734", "2012": "$624", "2011": "$599", "2010": "$147", "2009": "$-55", "2008": "$655", "2007": "$934", "2006": "$1,043", "2005": "$960"}, "Harley-Davidson Quarterly Net Income (Millions of US $)": {"2020-12-31": "$-96", "2020-09-30": "$120", "2020-06-30": "$-92", "2020-03-31": "$70", "2019-12-31": "$13", "2019-09-30": "$87", "2019-06-30": "$196", "2019-03-31": "$128", "2018-12-31": "$0", "2018-09-30": "$114", "2018-06-30": "$242", "2018-03-31": "$175", "2017-12-31": "$8", "2017-09-30": "$68", "2017-06-30": "$259", "2017-03-31": "$186", "2016-12-31": "$47", "2016-09-30": "$114", "2016-06-30": "$280", "2016-03-31": "$250", "2015-12-31": "$42", "2015-09-30": "$140", "2015-06-30": "$300", "2015-03-31": "$270", "2014-12-31": "$74", "2014-09-30": "$150", "2014-06-30": "$354", "2014-03-31": "$266", "2013-12-31": "$75", "2013-09-30": "$163", "2013-06-30": "$272", "2013-03-31": "$224", "2012-12-31": "$71", "2012-09-30": "$134", "2012-06-30": "$247", "2012-03-31": "$172", "2011-12-31": "$106", "2011-09-30": "$184", "2011-06-30": "$191", "2011-03-31": "$119", "2010-12-31": "$-47", "2010-09-30": "$89", "2010-06-30": "$71", "2010-03-31": "$33", "2009-12-31": "$-219", "2009-09-30": "$26", "2009-06-30": "$20", "2009-03-31": "$117", "2008-12-31": "$78", "2008-09-30": "$167", "2008-06-30": "$223", "2008-03-31": "$188", "2007-12-31": "$186", "2007-09-30": "$265", "2007-06-30": "$290", "2007-03-31": "$192", "2006-12-31": "$252", "2006-09-30": "$313", "2006-06-30": "$243", "2006-03-31": "$235", "2005-12-31": "$230", "2005-09-30": "$265", "2005-06-30": "$237", "2005-03-31": "$227"}}, "eps-earnings-per-share-diluted": {"Harley-Davidson Annual EPS": {"2020": "$0.01", "2019": "$2.68", "2018": "$3.19", "2017": "$3.02", "2016": "$3.83", "2015": "$3.69", "2014": "$3.88", "2013": "$3.28", "2012": "$2.72", "2011": "$2.55", "2010": "$0.62", "2009": "$-0.24", "2008": "$2.79", "2007": "$3.74", "2006": "$3.93", "2005": "$3.41"}, "Harley-Davidson Quarterly EPS": {"2020-12-31": "$-0.63", "2020-09-30": "$0.78", "2020-06-30": "$-0.60", "2020-03-31": "$0.45", "2019-12-31": "$0.10", "2019-09-30": "$0.55", "2019-06-30": "$1.23", "2019-03-31": "$0.80", "2018-12-31": "$0.03", "2018-09-30": "$0.68", "2018-06-30": "$1.45", "2018-03-31": "$1.03", "2017-12-31": "$0.09", "2017-09-30": "$0.40", "2017-06-30": "$1.48", "2017-03-31": "$1.05", "2016-12-31": "$0.28", "2016-09-30": "$0.64", "2016-06-30": "$1.55", "2016-03-31": "$1.36", "2015-12-31": "$0.29", "2015-09-30": "$0.69", "2015-06-30": "$1.44", "2015-03-31": "$1.27", "2014-12-31": "$0.36", "2014-09-30": "$0.69", "2014-06-30": "$1.62", "2014-03-31": "$1.21", "2013-12-31": "$0.35", "2013-09-30": "$0.73", "2013-06-30": "$1.21", "2013-03-31": "$0.99", "2012-12-31": "$0.32", "2012-09-30": "$0.59", "2012-06-30": "$1.07", "2012-03-31": "$0.74", "2011-12-31": "$0.45", "2011-09-30": "$0.78", "2011-06-30": "$0.81", "2011-03-31": "$0.51", "2010-12-31": "$-0.20", "2010-09-30": "$0.38", "2010-06-30": "$0.30", "2010-03-31": "$0.14", "2009-12-31": "$-0.93", "2009-09-30": "$0.11", "2009-06-30": "$0.08", "2009-03-31": "$0.50", "2008-12-31": "$0.34", "2008-09-30": "$0.71", "2008-06-30": "$0.95", "2008-03-31": "$0.79", "2007-12-31": "$0.79", "2007-09-30": "$1.07", "2007-06-30": "$1.14", "2007-03-31": "$0.74", "2006-12-31": "$0.96", "2006-09-30": "$1.20", "2006-06-30": "$0.91", "2006-03-31": "$0.86", "2005-12-31": "$0.84", "2005-09-30": "$0.96", "2005-06-30": "$0.84", "2005-03-31": "$0.77"}}, "shares-outstanding": {"Harley-Davidson Annual Shares Outstanding (Millions of Shares)": {"2020": "154", "2019": "158", "2018": "167", "2017": "173", "2016": "181", "2015": "204", "2014": "218", "2013": "224", "2012": "229", "2011": "235", "2010": "235", "2009": "234", "2008": "234", "2007": "250", "2006": "265", "2005": "281"}, "Harley-Davidson Quarterly Shares Outstanding (Millions of Shares)": {"2020-12-31": "153", "2020-09-30": "154", "2020-06-30": "153", "2020-03-31": "154", "2019-12-31": "158", "2019-09-30": "157", "2019-06-30": "159", "2019-03-31": "160", "2018-12-31": "167", "2018-09-30": "167", "2018-06-30": "167", "2018-03-31": "169", "2017-12-31": "173", "2017-09-30": "171", "2017-06-30": "175", "2017-03-31": "177", "2016-12-31": "181", "2016-09-30": "179", "2016-06-30": "181", "2016-03-31": "184", "2015-12-31": "204", "2015-09-30": "205", "2015-06-30": "209", "2015-03-31": "212", "2014-12-31": "218", "2014-09-30": "217", "2014-06-30": "219", "2014-03-31": "220", "2013-12-31": "224", "2013-09-30": "223", "2013-06-30": "224", "2013-03-31": "226", "2012-12-31": "229", "2012-09-30": "228", "2012-06-30": "231", "2012-03-31": "231", "2011-12-31": "235", "2011-09-30": "236", "2011-06-30": "236", "2011-03-31": "236", "2010-12-31": "235", "2010-09-30": "235", "2010-06-30": "235", "2010-03-31": "234", "2009-12-31": "234", "2009-09-30": "234", "2009-06-30": "234", "2009-03-31": "233", "2008-12-31": "234", "2008-09-30": "233", "2008-06-30": "235", "2008-03-31": "237", "2007-12-31": "250", "2007-09-30": "248", "2007-06-30": "254", "2007-03-31": "258", "2006-12-31": "265", "2006-09-30": "261", "2006-06-30": "268", "2006-03-31": "274", "2005-12-31": "281", "2005-09-30": "275", "2005-06-30": "281", "2005-03-31": "294"}}, "total-assets": {"Harley-Davidson Annual Total Assets (Millions of US $)": {"2019": "$10,528", "2018": "$10,666", "2017": "$9,973", "2016": "$9,890", "2015": "$9,973", "2014": "$9,528", "2013": "$9,405", "2012": "$9,171", "2011": "$9,674", "2010": "$9,431", "2009": "$9,156", "2008": "$7,829", "2007": "$5,657", "2006": "$5,532", "2005": "$5,255"}, "Harley-Davidson Quarterly Total Assets (Millions of US $)": {"2020-09-30": "$12,532", "2020-06-30": "$13,156", "2020-03-31": "$11,140", "2019-12-31": "$10,528", "2019-09-30": "$10,576", "2019-06-30": "$10,740", "2019-03-31": "$10,581", "2018-12-31": "$10,666", "2018-09-30": "$10,504", "2018-06-30": "$10,546", "2018-03-31": "$10,278", "2017-12-31": "$9,973", "2017-09-30": "$10,088", "2017-06-30": "$10,488", "2017-03-31": "$10,282", "2016-12-31": "$9,890", "2016-09-30": "$10,212", "2016-06-30": "$10,348", "2016-03-31": "$10,468", "2015-12-31": "$9,973", "2015-09-30": "$10,712", "2015-06-30": "$10,549", "2015-03-31": "$10,248", "2014-12-31": "$9,528", "2014-09-30": "$10,026", "2014-06-30": "$10,076", "2014-03-31": "$9,730", "2013-12-31": "$9,405", "2013-09-30": "$9,484", "2013-06-30": "$9,707", "2013-03-31": "$9,335", "2012-12-31": "$9,171", "2012-09-30": "$10,015", "2012-06-30": "$9,317", "2012-03-31": "$9,605", "2011-12-31": "$9,674", "2011-09-30": "$9,704", "2011-06-30": "$9,362", "2011-03-31": "$9,405", "2010-12-31": "$9,431", "2010-09-30": "$10,041", "2010-06-30": "$10,224", "2010-03-31": "$10,703", "2009-12-31": "$9,156", "2009-09-30": "$9,353", "2009-06-30": "$8,765", "2009-03-31": "$8,620", "2008-12-31": "$7,829", "2008-09-30": "$7,200", "2008-06-30": "$6,784", "2008-03-31": "$5,864", "2007-12-31": "$5,657", "2007-09-30": "$4,971", "2007-06-30": "$5,122", "2007-03-31": "$5,446", "2006-12-31": "$5,532", "2006-09-30": "$5,033", "2006-06-30": "$5,043", "2006-03-31": "$5,400", "2005-12-31": "$5,255", "2005-09-30": "$4,694", "2005-06-30": "$4,266", "2005-03-31": "$5,306"}}, "cash-on-hand": {"Harley-Davidson Annual Cash on Hand (Millions of US $)": {"2019": "$898", "2018": "$1,263", "2017": "$735", "2016": "$818", "2015": "$856", "2014": "$1,063", "2013": "$1,310", "2012": "$1,392", "2011": "$1,910", "2010": "$1,451", "2009": "$1,670", "2008": "$569", "2007": "$405", "2006": "$897", "2005": "$1,046"}, "Harley-Davidson Quarterly Cash on Hand (Millions of US $)": {"2020-09-30": "$3,721", "2020-06-30": "$4,046", "2020-03-31": "$1,565", "2019-12-31": "$898", "2019-09-30": "$941", "2019-06-30": "$1,007", "2019-03-31": "$803", "2018-12-31": "$1,263", "2018-09-30": "$973", "2018-06-30": "$1,023", "2018-03-31": "$808", "2017-12-31": "$735", "2017-09-30": "$735", "2017-06-30": "$1,052", "2017-03-31": "$920", "2016-12-31": "$818", "2016-09-30": "$860", "2016-06-30": "$948", "2016-03-31": "$832", "2015-12-31": "$856", "2015-09-30": "$1,529", "2015-06-30": "$1,437", "2015-03-31": "$1,346", "2014-12-31": "$1,063", "2014-09-30": "$1,180", "2014-06-30": "$1,212", "2014-03-31": "$1,147", "2013-12-31": "$1,310", "2013-09-30": "$1,347", "2013-06-30": "$1,646", "2013-03-31": "$1,351", "2012-12-31": "$1,392", "2012-09-30": "$2,149", "2012-06-30": "$1,396", "2012-03-31": "$1,658", "2011-12-31": "$1,910", "2011-09-30": "$1,846", "2011-06-30": "$1,462", "2011-03-31": "$1,343", "2010-12-31": "$1,451", "2010-09-30": "$1,837", "2010-06-30": "$1,846", "2010-03-31": "$1,883", "2009-12-31": "$1,670", "2009-09-30": "$1,519", "2009-06-30": "$1,023", "2009-03-31": "$885", "2008-12-31": "$569", "2008-09-30": "$505", "2008-06-30": "$804", "2008-03-31": "$333", "2007-12-31": "$405", "2007-09-30": "$457", "2007-06-30": "$723", "2007-03-31": "$929", "2006-12-31": "$897", "2006-09-30": "$953", "2006-06-30": "$1,004", "2006-03-31": "$1,112", "2005-12-31": "$1,046", "2005-09-30": "$1,018", "2005-06-30": "$736", "2005-03-31": "$1,385"}}, "long-term-debt": {"Harley-Davidson Annual Long Term Debt (Millions of US $)": {"2019": "$5,125", "2018": "$4,888", "2017": "$4,587", "2016": "$4,667", "2015": "$4,832", "2014": "$3,762", "2013": "$3,417", "2012": "$4,371", "2011": "$3,844", "2010": "$4,521", "2009": "$4,114", "2008": "$2,176", "2007": "$980", "2006": "$870", "2005": "$1,000"}, "Harley-Davidson Quarterly Long Term Debt (Millions of US $)": {"2020-09-30": "$6,172", "2020-06-30": "$6,488", "2020-03-31": "$4,478", "2019-12-31": "$5,125", "2019-09-30": "$4,607", "2019-06-30": "$4,650", "2019-03-31": "$4,745", "2018-12-31": "$4,888", "2018-09-30": "$4,197", "2018-06-30": "$4,868", "2018-03-31": "$4,109", "2017-12-31": "$4,587", "2017-09-30": "$4,608", "2017-06-30": "$4,678", "2017-03-31": "$5,321", "2016-12-31": "$4,667", "2016-09-30": "$5,171", "2016-06-30": "$5,308", "2016-03-31": "$5,461", "2015-12-31": "$4,832", "2015-09-30": "$5,041", "2015-06-30": "$4,551", "2015-03-31": "$4,348", "2014-12-31": "$3,762", "2014-09-30": "$3,573", "2014-06-30": "$3,794", "2014-03-31": "$3,272", "2013-12-31": "$3,417", "2013-09-30": "$4,068", "2013-06-30": "$4,234", "2013-03-31": "$3,892", "2012-12-31": "$4,371", "2012-09-30": "$4,472", "2012-06-30": "$3,577", "2012-03-31": "$3,918", "2011-12-31": "$3,844", "2011-09-30": "$4,155", "2011-06-30": "$4,111", "2011-03-31": "$4,567", "2010-12-31": "$4,521", "2010-09-30": "$4,616", "2010-06-30": "$5,052", "2010-03-31": "$5,570", "2009-12-31": "$4,114", "2009-09-30": "$3,177", "2009-06-30": "$3,038", "2009-03-31": "$2,757", "2008-12-31": "$2,176", "2008-09-30": "$2,033", "2008-06-30": "$2,050", "2008-03-31": "$980", "2007-12-31": "$980", "2007-09-30": "$980", "2007-06-30": "$975", "2007-03-31": "$890", "2006-12-31": "$870", "2006-09-30": "$900", "2006-06-30": "$1,000", "2006-03-31": "$1,000", "2005-12-31": "$1,000", "2005-09-30": "$777", "2005-06-30": "$800", "2005-03-31": "$800"}}, "total-liabilities": {"Harley-Davidson Annual Total Liabilities (Millions of US $)": {"2019": "$8,724", "2018": "$8,892", "2017": "$8,128", "2016": "$7,970", "2015": "$8,133", "2014": "$6,619", "2013": "$6,396", "2012": "$6,613", "2011": "$7,254", "2010": "$7,224", "2009": "$7,047", "2008": "$5,713", "2007": "$3,281", "2006": "$2,775", "2005": "$2,172"}, "Harley-Davidson Quarterly Total Liabilities (Millions of US $)": {"2020-09-30": "$10,762", "2020-06-30": "$11,532", "2020-03-31": "$9,448", "2019-12-31": "$8,724", "2019-09-30": "$8,740", "2019-06-30": "$8,830", "2019-03-31": "$8,783", "2018-12-31": "$8,892", "2018-09-30": "$8,351", "2018-06-30": "$8,384", "2018-03-31": "$8,282", "2017-12-31": "$8,128", "2017-09-30": "$8,232", "2017-06-30": "$8,442", "2017-03-31": "$8,288", "2016-12-31": "$7,970", "2016-09-30": "$8,220", "2016-06-30": "$8,327", "2016-03-31": "$8,575", "2015-12-31": "$8,133", "2015-09-30": "$8,152", "2015-06-30": "$7,526", "2015-03-31": "$7,312", "2014-12-31": "$6,619", "2014-09-30": "$6,741", "2014-06-30": "$6,710", "2014-03-31": "$6,570", "2013-12-31": "$6,396", "2013-09-30": "$6,602", "2013-06-30": "$6,886", "2013-03-31": "$6,678", "2012-12-31": "$6,613", "2012-09-30": "$7,312", "2012-06-30": "$6,650", "2012-03-31": "$7,031", "2011-12-31": "$7,254", "2011-09-30": "$7,103", "2011-06-30": "$6,831", "2011-03-31": "$7,065", "2010-12-31": "$7,224", "2010-09-30": "$7,851", "2010-06-30": "$8,087", "2010-03-31": "$8,616", "2009-12-31": "$7,047", "2009-09-30": "$7,063", "2009-06-30": "$6,512", "2009-03-31": "$6,387", "2008-12-31": "$5,713", "2008-09-30": "$4,699", "2008-06-30": "$4,251", "2008-03-31": "$3,433", "2007-12-31": "$3,281", "2007-09-30": "$2,608", "2007-06-30": "$2,464", "2007-03-31": "$2,611", "2006-12-31": "$2,775", "2006-09-30": "$2,187", "2006-06-30": "$2,075", "2006-03-31": "$2,235", "2005-12-31": "$2,172", "2005-09-30": "$1,832", "2005-06-30": "$1,632", "2005-03-31": "$2,035"}}, "total-share-holder-equity": {"Harley-Davidson Annual Share Holder Equity (Millions of US $)": {"2019": "$1,804", "2018": "$1,774", "2017": "$1,844", "2016": "$1,920", "2015": "$1,840", "2014": "$2,909", "2013": "$3,009", "2012": "$2,558", "2011": "$2,420", "2010": "$2,207", "2009": "$2,108", "2008": "$2,116", "2007": "$2,375", "2006": "$2,757", "2005": "$3,084"}, "Harley-Davidson Quarterly Share Holder Equity (Millions of US $)": {"2020-09-30": "$1,770", "2020-06-30": "$1,624", "2020-03-31": "$1,692", "2019-12-31": "$1,804", "2019-09-30": "$1,836", "2019-06-30": "$1,911", "2019-03-31": "$1,798", "2018-12-31": "$1,774", "2018-09-30": "$2,153", "2018-06-30": "$2,162", "2018-03-31": "$1,996", "2017-12-31": "$1,844", "2017-09-30": "$1,857", "2017-06-30": "$2,046", "2017-03-31": "$1,993", "2016-12-31": "$1,920", "2016-09-30": "$1,992", "2016-06-30": "$2,021", "2016-03-31": "$1,893", "2015-12-31": "$1,840", "2015-09-30": "$2,560", "2015-06-30": "$3,024", "2015-03-31": "$2,936", "2014-12-31": "$2,909", "2014-09-30": "$3,284", "2014-06-30": "$3,366", "2014-03-31": "$3,160", "2013-12-31": "$3,009", "2013-09-30": "$2,882", "2013-06-30": "$2,821", "2013-03-31": "$2,657", "2012-12-31": "$2,558", "2012-09-30": "$2,703", "2012-06-30": "$2,666", "2012-03-31": "$2,575", "2011-12-31": "$2,420", "2011-09-30": "$2,601", "2011-06-30": "$2,531", "2011-03-31": "$2,340", "2010-12-31": "$2,207", "2010-09-30": "$2,190", "2010-06-30": "$2,137", "2010-03-31": "$2,087", "2009-12-31": "$2,108", "2009-09-30": "$2,290", "2009-06-30": "$2,253", "2009-03-31": "$2,233", "2008-12-31": "$2,116", "2008-09-30": "$2,500", "2008-06-30": "$2,533", "2008-03-31": "$2,431", "2007-12-31": "$2,375", "2007-09-30": "$2,363", "2007-06-30": "$2,658", "2007-03-31": "$2,835", "2006-12-31": "$2,757", "2006-09-30": "$2,846", "2006-06-30": "$2,968", "2006-03-31": "$3,165", "2005-12-31": "$3,084", "2005-09-30": "$2,862", "2005-06-30": "$2,634", "2005-03-31": "$3,271"}}, "profit-margins": {"current": "0.03%"}, "gross margin": {"2020-12-31": "32.76%", "2020-09-30": "33.95%", "2020-06-30": "34.23%", "2020-03-31": "36.07%", "2019-12-31": "35.84%", "2019-09-30": "36.07%", "2019-06-30": "36.23%", "2019-03-31": "36.91%", "2018-12-31": "37.97%", "2018-09-30": "38.29%", "2018-06-30": "38.05%", "2018-03-31": "38.56%", "2017-12-31": "38.87%", "2017-09-30": "38.98%", "2017-06-30": "39.73%", "2017-03-31": "39.75%", "2016-12-31": "39.99%", "2016-09-30": "40.14%", "2016-06-30": "40.22%", "2016-03-31": "40.86%", "2015-12-31": "41.32%", "2015-09-30": "40.94%", "2015-06-30": "40.97%", "2015-03-31": "40.93%", "2014-12-31": "40.49%", "2014-09-30": "40.64%", "2014-06-30": "40.59%", "2014-03-31": "39.82%", "2013-12-31": "39.64%", "2013-09-30": "39.57%", "2013-06-30": "39.41%", "2013-03-31": "39.09%", "2012-12-31": "38.76%", "2012-09-30": "38.54%", "2012-06-30": "37.99%", "2012-03-31": "37.74%", "2011-12-31": "37.20%", "2011-09-30": "37.02%", "2011-06-30": "37.47%", "2011-03-31": "37.44%", "2010-12-31": "37.83%", "2010-09-30": "35.82%", "2010-06-30": "34.59%", "2010-03-31": "33.43%", "2009-12-31": "33.40%", "2009-09-30": "36.83%", "2009-06-30": "36.58%", "2009-03-31": "36.81%", "2008-12-31": "36.47%", "2008-09-30": "37.49%", "2008-06-30": "38.81%", "2008-03-31": "39.61%", "2007-12-31": "39.86%", "2007-09-30": "38.55%", "2007-06-30": "39.02%", "2007-03-31": "39.08%", "2006-12-31": "39.51%", "2006-09-30": "39.60%", "2006-06-30": "39.41%", "2006-03-31": "39.42%", "2005-12-31": "39.34%"}, "operating margin": {"2020-12-31": "0.25%", "2020-09-30": "3.23%", "2020-06-30": "2.75%", "2020-03-31": "9.40%", "2019-12-31": "10.35%", "2019-09-30": "10.06%", "2019-06-30": "10.51%", "2019-03-31": "11.58%", "2018-12-31": "12.47%", "2018-09-30": "13.93%", "2018-06-30": "13.36%", "2018-03-31": "14.56%", "2017-12-31": "15.60%", "2017-09-30": "15.36%", "2017-06-30": "16.50%", "2017-03-31": "16.46%", "2016-12-31": "17.44%", "2016-09-30": "17.24%", "2016-06-30": "17.74%", "2016-03-31": "18.69%", "2015-12-31": "19.28%", "2015-09-30": "19.74%", "2015-06-30": "19.92%", "2015-03-31": "20.73%", "2014-12-31": "20.57%", "2014-09-30": "20.98%", "2014-06-30": "21.29%", "2014-03-31": "20.10%", "2013-12-31": "19.56%", "2013-09-30": "19.52%", "2013-06-30": "19.24%", "2013-03-31": "18.75%", "2012-12-31": "17.92%", "2012-09-30": "17.45%", "2012-06-30": "17.45%", "2012-03-31": "16.53%", "2011-12-31": "15.63%", "2011-09-30": "14.87%", "2011-06-30": "13.48%", "2011-03-31": "12.32%", "2010-12-31": "11.55%", "2010-09-30": "6.32%", "2010-06-30": "5.20%", "2010-03-31": "2.32%", "2009-12-31": "4.10%", "2009-09-30": "11.07%", "2009-06-30": "13.55%", "2009-03-31": "17.01%", "2008-12-31": "17.78%", "2008-09-30": "19.53%", "2008-06-30": "21.41%", "2008-03-31": "22.81%", "2007-12-31": "23.19%", "2007-09-30": "24.28%", "2007-06-30": "25.17%", "2007-03-31": "25.06%", "2006-12-31": "25.82%", "2006-09-30": "26.02%", "2006-06-30": "25.74%", "2006-03-31": "25.81%", "2005-12-31": "25.82%"}, "ebitda margin": {"2020-09-30": "9.66%", "2020-06-30": "9.12%", "2020-03-31": "15.11%", "2019-12-31": "16.32%", "2019-09-30": "16.13%", "2019-06-30": "16.90%", "2019-03-31": "17.99%", "2018-12-31": "18.68%", "2018-09-30": "19.90%", "2018-06-30": "19.31%", "2018-03-31": "20.22%", "2017-12-31": "21.16%", "2017-09-30": "20.98%", "2017-06-30": "21.97%", "2017-03-31": "21.83%", "2016-12-31": "22.54%", "2016-09-30": "22.33%", "2016-06-30": "22.74%", "2016-03-31": "23.68%", "2015-12-31": "24.29%", "2015-09-30": "24.63%", "2015-06-30": "24.75%", "2015-03-31": "25.34%", "2014-12-31": "25.08%", "2014-09-30": "25.40%", "2014-06-30": "25.58%", "2014-03-31": "24.46%", "2013-12-31": "24.00%", "2013-09-30": "23.89%", "2013-06-30": "23.68%", "2013-03-31": "23.24%", "2012-12-31": "22.52%", "2012-09-30": "22.17%", "2012-06-30": "22.07%", "2012-03-31": "21.42%", "2011-12-31": "20.71%", "2011-09-30": "20.21%", "2011-06-30": "19.41%", "2011-03-31": "19.05%", "2010-12-31": "19.00%", "2010-09-30": "15.87%", "2010-06-30": "14.44%", "2010-03-31": "11.68%", "2009-12-31": "12.19%", "2009-09-30": "17.13%", "2009-06-30": "19.22%", "2009-03-31": "21.54%", "2008-12-31": "22.21%", "2008-09-30": "23.18%", "2008-06-30": "24.67%", "2008-03-31": "26.07%", "2007-12-31": "26.55%", "2007-09-30": "27.54%", "2007-06-30": "28.52%", "2007-03-31": "28.54%", "2006-12-31": "29.28%", "2006-09-30": "29.53%", "2006-06-30": "29.32%", "2006-03-31": "29.42%", "2005-12-31": "29.45%"}, "pre tax profit margin": {"2020-12-31": "-0.37%", "2020-09-30": "2.82%", "2020-06-30": "2.40%", "2020-03-31": "9.14%", "2019-12-31": "10.39%", "2019-09-30": "9.92%", "2019-06-30": "10.28%", "2019-03-31": "11.26%", "2018-12-31": "12.00%", "2018-09-30": "13.53%", "2018-06-30": "13.03%", "2018-03-31": "14.23%", "2017-12-31": "15.30%", "2017-09-30": "15.05%", "2017-06-30": "16.19%", "2017-03-31": "16.12%", "2016-12-31": "17.08%", "2016-09-30": "16.85%", "2016-06-30": "17.40%", "2016-03-31": "18.46%", "2015-12-31": "19.18%", "2015-09-30": "19.77%", "2015-06-30": "20.02%", "2015-03-31": "20.82%", "2014-12-31": "20.61%", "2014-09-30": "20.84%", "2014-06-30": "20.94%", "2014-03-31": "19.55%", "2013-12-31": "18.88%", "2013-09-30": "18.84%", "2013-06-30": "18.56%", "2013-03-31": "18.07%", "2012-12-31": "17.22%", "2012-09-30": "16.79%", "2012-06-30": "16.83%", "2012-03-31": "15.88%", "2011-12-31": "14.93%", "2011-09-30": "12.32%", "2011-06-30": "10.62%", "2011-03-31": "9.10%", "2010-12-31": "8.05%", "2010-09-30": "4.71%", "2010-06-30": "4.04%", "2010-03-31": "1.61%", "2009-12-31": "3.72%", "2009-09-30": "10.92%", "2009-06-30": "13.44%", "2009-03-31": "16.96%", "2008-12-31": "17.90%", "2008-09-30": "19.67%", "2008-06-30": "21.61%", "2008-03-31": "23.05%", "2007-12-31": "23.55%", "2007-09-30": "24.74%", "2007-06-30": "25.61%", "2007-03-31": "25.54%", "2006-12-31": "26.27%", "2006-09-30": "26.51%", "2006-06-30": "26.17%", "2006-03-31": "26.23%", "2005-12-31": "26.22%"}, "net profit margin": {"2020-12-31": "0.05%", "2020-09-30": "2.52%", "2020-06-30": "1.73%", "2020-03-31": "6.94%", "2019-12-31": "7.91%", "2019-09-30": "7.56%", "2019-06-30": "7.99%", "2019-03-31": "8.71%", "2018-12-31": "9.29%", "2018-09-30": "9.29%", "2018-06-30": "8.75%", "2018-03-31": "8.97%", "2017-12-31": "9.23%", "2017-09-30": "10.13%", "2017-06-30": "10.72%", "2017-03-31": "10.91%", "2016-12-31": "11.52%", "2016-09-30": "11.31%", "2016-06-30": "11.65%", "2016-03-31": "12.06%", "2015-12-31": "12.54%", "2015-09-30": "13.04%", "2015-06-30": "13.24%", "2015-03-31": "13.73%", "2014-12-31": "13.55%", "2014-09-30": "13.59%", "2014-06-30": "13.70%", "2014-03-31": "12.82%", "2013-12-31": "12.44%", "2013-09-30": "12.41%", "2013-06-30": "12.12%", "2013-03-31": "11.81%", "2012-12-31": "11.18%", "2012-09-30": "11.78%", "2012-06-30": "12.35%", "2012-03-31": "11.84%", "2011-12-31": "11.30%", "2011-09-30": "8.58%", "2011-06-30": "6.94%", "2011-03-31": "4.76%", "2010-12-31": "3.00%", "2010-09-30": "-0.56%", "2010-06-30": "-1.91%", "2010-03-31": "-3.04%", "2009-12-31": "-1.17%", "2009-09-30": "4.61%", "2009-06-30": "6.92%", "2009-03-31": "9.85%", "2008-12-31": "11.01%", "2008-09-30": "12.53%", "2008-06-30": "13.90%", "2008-03-31": "14.85%", "2007-12-31": "15.19%", "2007-09-30": "15.97%", "2007-06-30": "16.49%", "2007-03-31": "16.41%", "2006-12-31": "16.86%", "2006-09-30": "16.99%", "2006-06-30": "16.81%", "2006-03-31": "16.87%", "2005-12-31": "16.90%"}, "pe ratio": {"current": "43.75", "2021-02-05": "53.48", "2020-12-31": "58.25", "2020-09-30": "34.07", "2020-06-30": "48.45", "2020-03-31": "8.14", "2019-12-31": "13.73", "2019-09-30": "13.60", "2019-06-30": "12.77", "2019-03-31": "11.62", "2018-12-31": "10.21", "2018-09-30": "13.20", "2018-06-30": "13.32", "2018-03-31": "13.32", "2017-12-31": "15.58", "2017-09-30": "13.65", "2017-06-30": "14.11", "2017-03-31": "15.39", "2016-12-31": "13.55", "2016-09-30": "12.30", "2016-06-30": "10.39", "2016-03-31": "12.02", "2015-12-31": "10.80", "2015-09-30": "12.52", "2015-06-30": "12.78", "2015-03-31": "13.07", "2014-12-31": "14.34", "2014-09-30": "12.64", "2014-06-30": "14.95", "2014-03-31": "15.87", "2013-12-31": "17.53", "2013-09-30": "16.37", "2013-06-30": "14.55", "2013-03-31": "14.76", "2012-12-31": "14.71", "2012-09-30": "12.06", "2012-06-30": "12.16", "2012-03-31": "14.22", "2011-12-31": "12.23", "2011-09-30": "14.50", "2011-06-30": "21.85", "2011-03-31": "34.22", "2010-12-31": "44.48", "2010-09-30": "0.00", "2010-06-30": "0.00", "2010-03-31": "0.00", "2009-12-31": "0.00", "2009-09-30": "17.45", "2009-06-30": "7.74", "2009-03-31": "4.15", "2008-12-31": "4.66", "2008-09-30": "8.67", "2008-06-30": "7.52", "2008-03-31": "7.33", "2007-12-31": "9.17", "2007-09-30": "8.58", "2007-06-30": "10.64", "2007-03-31": "11.08", "2006-12-31": "12.84"}, "price sales": {"2021-02-05": "1.28", "2020-12-31": "1.39", "2020-09-30": "0.86", "2020-06-30": "0.82", "2020-03-31": "0.56", "2019-12-31": "1.08", "2019-09-30": "1.04", "2019-06-30": "1.03", "2019-03-31": "1.01", "2018-12-31": "0.94", "2018-09-30": "1.23", "2018-06-30": "1.18", "2018-03-31": "1.19", "2017-12-31": "1.43", "2017-09-30": "1.39", "2017-06-30": "1.53", "2017-03-31": "1.69", "2016-12-31": "1.57", "2016-09-30": "1.42", "2016-06-30": "1.24", "2016-03-31": "1.46", "2015-12-31": "1.35", "2015-09-30": "1.64", "2015-06-30": "1.70", "2015-03-31": "1.80", "2014-12-31": "1.95", "2014-09-30": "1.73", "2014-06-30": "2.06", "2014-03-31": "2.04", "2013-12-31": "2.18", "2013-09-30": "2.03", "2013-06-30": "1.77", "2013-03-31": "1.75", "2012-12-31": "1.64", "2012-09-30": "1.43", "2012-06-30": "1.51", "2012-03-31": "1.69", "2011-12-31": "1.39", "2011-09-30": "1.25", "2011-06-30": "1.52", "2011-03-31": "1.63", "2010-12-31": "1.33", "2010-09-30": "1.13", "2010-06-30": "0.88", "2010-03-31": "1.12", "2009-12-31": "0.96", "2009-09-30": "0.80", "2009-06-30": "0.53", "2009-03-31": "0.41", "2008-12-31": "0.51", "2008-09-30": "1.10", "2008-06-30": "1.05", "2008-03-31": "1.10", "2007-12-31": "1.40", "2007-09-30": "1.38", "2007-06-30": "1.76", "2007-03-31": "1.83", "2006-12-31": "2.18"}, "price book": {"current": "3.00", "2021-02-05": "2.92", "2020-09-30": "2.12", "2020-06-30": "2.24", "2020-03-31": "1.71", "2019-12-31": "3.10", "2019-09-30": "2.95", "2019-06-30": "2.89", "2019-03-31": "3.01", "2018-12-31": "2.90", "2018-09-30": "3.20", "2018-06-30": "3.01", "2018-03-31": "3.29", "2017-12-31": "4.23", "2017-09-30": "3.96", "2017-06-30": "4.05", "2017-03-31": "4.74", "2016-12-31": "4.74", "2016-09-30": "4.11", "2016-06-30": "3.51", "2016-03-31": "4.27", "2015-12-31": "3.93", "2015-09-30": "3.52", "2015-06-30": "3.27", "2015-03-31": "3.64", "2014-12-31": "4.04", "2014-09-30": "3.18", "2014-06-30": "3.77", "2014-03-31": "3.83", "2013-12-31": "4.19", "2013-09-30": "4.07", "2013-06-30": "3.57", "2013-03-31": "3.69", "2012-12-31": "3.52", "2012-09-30": "2.89", "2012-06-30": "3.17", "2012-03-31": "3.57", "2011-12-31": "2.98", "2011-09-30": "2.46", "2011-06-30": "3.06", "2011-03-31": "3.42", "2010-12-31": "2.94", "2010-09-30": "2.43", "2010-06-30": "1.94", "2010-03-31": "2.49", "2009-12-31": "2.20", "2009-09-30": "1.84", "2009-06-30": "1.31", "2009-03-31": "1.09", "2008-12-31": "1.43", "2008-09-30": "2.61", "2008-06-30": "2.51", "2008-03-31": "2.69", "2007-12-31": "3.44", "2007-09-30": "3.44", "2007-06-30": "4.18", "2007-03-31": "3.84", "2006-12-31": "4.74", "2006-09-30": "4.09", "2006-06-30": "3.46", "2006-03-31": "3.13"}, "price fcf": {"2021-02-05": "", "2020-09-30": "$6.49", "2020-06-30": "$5.31", "2020-03-31": "$4.10", "2019-12-31": "$4.35", "2019-09-30": "$4.58", "2019-06-30": "$4.56", "2019-03-31": "$4.98", "2018-12-31": "$5.96", "2018-09-30": "$5.74", "2018-06-30": "$5.43", "2018-03-31": "$4.82", "2017-12-31": "$4.62", "2017-09-30": "$5.71", "2017-06-30": "$6.34", "2017-03-31": "$5.84", "2016-12-31": "$5.09", "2016-09-30": "$4.08", "2016-06-30": "$3.51", "2016-03-31": "$3.49", "2015-12-31": "$4.12", "2015-09-30": "$4.61", "2015-06-30": "$4.47", "2015-03-31": "$4.04", "2014-12-31": "$4.20", "2014-09-30": "$4.14", "2014-06-30": "$4.26", "2014-03-31": "$4.82", "2013-12-31": "$3.43", "2013-09-30": "$3.16", "2013-06-30": "$3.12", "2013-03-31": "$2.52", "2012-12-31": "$2.67", "2012-09-30": "$2.30", "2012-06-30": "$2.24", "2012-03-31": "$3.10", "2011-12-31": "$2.96", "2011-09-30": "$2.95", "2011-06-30": "$3.04", "2011-03-31": "$2.87", "2010-12-31": "$4.23", "2010-09-30": "$4.69", "2010-06-30": "$5.75", "2010-03-31": "$3.96", "2009-12-31": "$2.11", "2009-09-30": "$0.11", "2009-06-30": "$-3.73", "2009-03-31": "$-5.07", "2008-12-31": "$-3.57", "2008-09-30": "$-4.34", "2008-06-30": "$-2.21", "2008-03-31": "$0.81", "2007-12-31": "$2.23", "2007-09-30": "$2.62", "2007-06-30": "$3.14", "2007-03-31": "$2.69", "2006-12-31": "$2.04"}, "net worth": {"value": "$5.16B"}, "current ratio": {"2020-12-31": "1.47", "2020-09-30": "1.46", "2020-06-30": "1.46", "2020-03-31": "1.09", "2019-12-31": "1.32", "2019-09-30": "1.11", "2019-06-30": "1.15", "2019-03-31": "1.22", "2018-12-31": "1.25", "2018-09-30": "1.08", "2018-06-30": "1.36", "2018-03-31": "1.11", "2017-12-31": "1.23", "2017-09-30": "1.18", "2017-06-30": "1.27", "2017-03-31": "1.66", "2016-12-31": "1.35", "2016-09-30": "1.61", "2016-06-30": "1.74", "2016-03-31": "1.74", "2015-12-31": "1.45", "2015-09-30": "1.74", "2015-06-30": "1.86", "2015-03-31": "1.88", "2014-12-31": "1.65", "2014-09-30": "1.55", "2014-06-30": "1.78", "2014-03-31": "1.53", "2013-12-31": "1.59", "2013-09-30": "2.07", "2013-06-30": "2.13", "2013-03-31": "1.95", "2012-12-31": "2.70", "2012-09-30": "2.06", "2012-06-30": "1.60", "2012-03-31": "1.75", "2011-12-31": "1.68", "2011-09-30": "1.80", "2011-06-30": "1.82", "2011-03-31": "2.10", "2010-12-31": "2.02", "2010-09-30": "1.83", "2010-06-30": "1.93", "2010-03-31": "2.11", "2009-12-31": "1.91", "2009-09-30": "1.48", "2009-06-30": "1.53", "2009-03-31": "2.14", "2008-12-31": "2.11", "2008-09-30": "2.18", "2008-06-30": "2.55", "2008-03-31": "1.76", "2007-12-31": "1.82", "2007-09-30": "2.36", "2007-06-30": "2.84", "2007-03-31": "2.59", "2006-12-31": "2.23", "2006-09-30": "2.95", "2006-06-30": "3.74", "2006-03-31": "3.53", "2005-12-31": "3.60", "2005-09-30": "3.09", "2005-06-30": "3.83", "2005-03-31": "3.27"}, "quick ratio": {"2020-12-31": "1.34", "2020-09-30": "1.38", "2020-06-30": "1.37", "2020-03-31": "0.95", "2019-12-31": "1.13", "2019-09-30": "0.97", "2019-06-30": "1.03", "2019-03-31": "1.05", "2018-12-31": "1.09", "2018-09-30": "0.95", "2018-06-30": "1.21", "2018-03-31": "0.96", "2017-12-31": "1.06", "2017-09-30": "1.03", "2017-06-30": "1.15", "2017-03-31": "1.47", "2016-12-31": "1.17", "2016-09-30": "1.44", "2016-06-30": "1.59", "2016-03-31": "1.52", "2015-12-31": "1.24", "2015-09-30": "1.56", "2015-06-30": "1.71", "2015-03-31": "1.69", "2014-12-31": "1.47", "2014-09-30": "1.38", "2014-06-30": "1.63", "2014-03-31": "1.38", "2013-12-31": "1.42", "2013-09-30": "1.86", "2013-06-30": "1.98", "2013-03-31": "1.76", "2012-12-31": "2.43", "2012-09-30": "1.90", "2012-06-30": "1.48", "2012-03-31": "1.57", "2011-12-31": "1.53", "2011-09-30": "1.66", "2011-06-30": "1.67", "2011-03-31": "1.91", "2010-12-31": "1.86", "2010-09-30": "1.70", "2010-06-30": "1.80", "2010-03-31": "1.97", "2009-12-31": "1.77", "2009-09-30": "1.35", "2009-06-30": "1.38", "2009-03-31": "1.98", "2008-12-31": "1.96", "2008-09-30": "2.00", "2008-06-30": "2.35", "2008-03-31": "1.55", "2007-12-31": "1.64", "2007-09-30": "2.05", "2007-06-30": "2.52", "2007-03-31": "2.31", "2006-12-31": "2.05", "2006-09-30": "2.66", "2006-06-30": "3.36", "2006-03-31": "3.25", "2005-12-31": "3.35", "2005-09-30": "2.82", "2005-06-30": "3.47", "2005-03-31": "3.03"}, "debt equity ratio": {"current": "3.44", "2020-12-31": "5.97", "2020-09-30": "6.08", "2020-06-30": "7.10", "2020-03-31": "5.58", "2019-12-31": "4.84", "2019-09-30": "4.76", "2019-06-30": "4.62", "2019-03-31": "4.89", "2018-12-31": "5.01", "2018-09-30": "3.88", "2018-06-30": "3.88", "2018-03-31": "4.15", "2017-12-31": "4.41", "2017-09-30": "4.43", "2017-06-30": "4.13", "2017-03-31": "4.16", "2016-12-31": "4.15", "2016-09-30": "4.13", "2016-06-30": "4.12", "2016-03-31": "4.53", "2015-12-31": "4.42", "2015-09-30": "3.19", "2015-06-30": "2.49", "2015-03-31": "2.49", "2014-12-31": "2.28", "2014-09-30": "2.05", "2014-06-30": "1.99", "2014-03-31": "2.08", "2013-12-31": "2.13", "2013-09-30": "2.29", "2013-06-30": "2.44", "2013-03-31": "2.51", "2012-12-31": "2.59", "2012-09-30": "2.71", "2012-06-30": "2.49", "2012-03-31": "2.73", "2011-12-31": "3.00", "2011-09-30": "2.73", "2011-06-30": "2.70", "2011-03-31": "3.02", "2010-12-31": "3.27", "2010-09-30": "3.59", "2010-06-30": "3.78", "2010-03-31": "4.13", "2009-12-31": "3.34", "2009-09-30": "3.08", "2009-06-30": "2.89", "2009-03-31": "2.86", "2008-12-31": "2.70", "2008-09-30": "1.88", "2008-06-30": "1.68", "2008-03-31": "1.41", "2007-12-31": "1.38", "2007-09-30": "1.10", "2007-06-30": "0.93", "2007-03-31": "0.92", "2006-12-31": "1.01", "2006-09-30": "0.77", "2006-06-30": "0.70", "2006-03-31": "0.71", "2005-12-31": "0.70", "2005-09-30": "0.64", "2005-06-30": "0.62", "2005-03-31": "0.62"}, "return on equity": {"2020-12-31": "0.12%", "2020-09-30": "6.44%", "2020-06-30": "4.49%", "2020-03-31": "20.21%", "2019-12-31": "23.08%", "2019-09-30": "22.46%", "2019-06-30": "22.94%", "2019-03-31": "24.55%", "2018-12-31": "26.27%", "2018-09-30": "26.44%", "2018-06-30": "25.09%", "2018-03-31": "26.35%", "2017-12-31": "26.93%", "2017-09-30": "28.66%", "2017-06-30": "30.49%", "2017-03-31": "31.64%", "2016-12-31": "35.32%", "2016-09-30": "35.42%", "2016-06-30": "34.26%", "2016-03-31": "31.43%", "2015-12-31": "29.03%", "2015-09-30": "27.44%", "2015-06-30": "26.13%", "2015-03-31": "27.15%", "2014-12-31": "26.54%", "2014-09-30": "26.37%", "2014-06-30": "27.64%", "2014-03-31": "26.15%", "2013-12-31": "25.82%", "2013-09-30": "26.74%", "2013-06-30": "26.11%", "2013-03-31": "25.55%", "2012-12-31": "23.77%", "2012-09-30": "25.43%", "2012-06-30": "27.64%", "2012-03-31": "25.79%", "2011-12-31": "24.26%", "2011-09-30": "18.47%", "2011-06-30": "15.19%", "2011-03-31": "10.46%", "2010-12-31": "6.77%", "2010-09-30": "-1.22%", "2010-06-30": "-4.13%", "2010-03-31": "-6.41%", "2009-12-31": "-2.52%", "2009-09-30": "10.84%", "2009-06-30": "16.79%", "2009-03-31": "24.94%", "2008-12-31": "27.39%", "2008-09-30": "31.06%", "2008-06-30": "35.54%", "2008-03-31": "37.81%", "2007-12-31": "36.48%", "2007-09-30": "37.65%", "2007-06-30": "37.74%", "2007-03-31": "35.07%", "2006-12-31": "35.55%", "2006-09-30": "33.86%", "2006-06-30": "32.22%", "2006-03-31": "32.93%", "2005-12-31": "32.37%"}, "return on assets": {"2020-12-31": "0.02%", "2020-09-30": "0.94%", "2020-06-30": "0.69%", "2020-03-31": "3.41%", "2019-12-31": "4.00%", "2019-09-30": "3.86%", "2019-06-30": "4.12%", "2019-03-31": "4.58%", "2018-12-31": "5.06%", "2018-09-30": "5.22%", "2018-06-30": "4.82%", "2018-03-31": "5.00%", "2017-12-31": "5.10%", "2017-09-30": "5.50%", "2017-06-30": "5.93%", "2017-03-31": "6.16%", "2016-12-31": "6.75%", "2016-09-30": "6.69%", "2016-06-30": "6.86%", "2016-03-31": "7.02%", "2015-12-31": "7.25%", "2015-09-30": "7.64%", "2015-06-30": "7.87%", "2015-03-31": "8.51%", "2014-12-31": "8.58%", "2014-09-30": "8.61%", "2014-06-30": "8.87%", "2014-03-31": "8.10%", "2013-12-31": "7.74%", "2013-09-30": "7.75%", "2013-06-30": "7.33%", "2013-03-31": "7.15%", "2012-12-31": "6.55%", "2012-09-30": "6.83%", "2012-06-30": "7.40%", "2012-03-31": "6.81%", "2011-12-31": "6.29%", "2011-09-30": "4.72%", "2011-06-30": "3.68%", "2011-03-31": "2.37%", "2010-12-31": "1.45%", "2010-09-30": "-0.26%", "2010-06-30": "-0.90%", "2010-03-31": "-1.47%", "2009-12-31": "-0.62%", "2009-09-30": "2.79%", "2009-06-30": "4.71%", "2009-03-31": "7.69%", "2008-12-31": "9.48%", "2008-09-30": "11.98%", "2008-06-30": "14.81%", "2008-03-31": "17.19%", "2007-12-31": "17.61%", "2007-09-30": "18.96%", "2007-06-30": "19.82%", "2007-03-31": "19.00%", "2006-12-31": "19.86%", "2006-09-30": "19.70%", "2006-06-30": "19.09%", "2006-03-31": "19.72%", "2005-12-31": "19.65%"}, "return on investments": {"2020-12-31": "0.13%", "2020-09-30": "1.95%", "2020-06-30": "1.79%", "2020-03-31": "7.60%", "2019-12-31": "8.39%", "2019-09-30": "8.35%", "2019-06-30": "8.82%", "2019-03-31": "9.69%", "2018-12-31": "10.91%", "2018-09-30": "12.47%", "2018-06-30": "11.57%", "2018-03-31": "12.87%", "2017-12-31": "13.08%", "2017-09-30": "12.54%", "2017-06-30": "13.43%", "2017-03-31": "13.33%", "2016-12-31": "14.72%", "2016-09-30": "14.67%", "2016-06-30": "14.98%", "2016-03-31": "15.55%", "2015-12-31": "15.87%", "2015-09-30": "16.30%", "2015-06-30": "16.84%", "2015-03-31": "18.30%", "2014-12-31": "18.89%", "2014-09-30": "19.42%", "2014-06-30": "19.77%", "2014-03-31": "18.12%", "2013-12-31": "17.11%", "2013-09-30": "16.71%", "2013-06-30": "16.07%", "2013-03-31": "15.96%", "2012-12-31": "14.90%", "2012-09-30": "14.91%", "2012-06-30": "15.56%", "2012-03-31": "13.95%", "2011-12-31": "12.50%", "2011-09-30": "11.47%", "2011-06-30": "10.10%", "2011-03-31": "8.70%", "2010-12-31": "7.91%", "2010-09-30": "4.23%", "2010-06-30": "3.65%", "2010-03-31": "1.74%", "2009-12-31": "3.57%", "2009-09-30": "11.56%", "2009-06-30": "15.66%", "2009-03-31": "21.96%", "2008-12-31": "25.19%", "2008-09-30": "30.00%", "2008-06-30": "36.16%", "2008-03-31": "41.54%", "2007-12-31": "40.55%", "2007-09-30": "42.41%", "2007-06-30": "43.39%", "2007-03-31": "40.54%", "2006-12-31": "41.20%", "2006-09-30": "39.17%", "2006-06-30": "37.59%", "2006-03-31": "38.61%", "2005-12-31": "38.48%"}, "return on tangible equity": {"2020-09-30": "6.69%", "2020-06-30": "4.66%", "2020-03-31": "20.96%", "2019-12-31": "23.92%", "2019-09-30": "23.25%", "2019-06-30": "23.69%", "2019-03-31": "25.29%", "2018-12-31": "27.02%", "2018-09-30": "27.18%", "2018-06-30": "25.83%", "2018-03-31": "27.13%", "2017-12-31": "27.71%", "2017-09-30": "29.48%", "2017-06-30": "31.33%", "2017-03-31": "32.53%", "2016-12-31": "36.33%", "2016-09-30": "36.46%", "2016-06-30": "35.19%", "2016-03-31": "32.08%", "2015-12-31": "29.50%", "2015-09-30": "27.76%", "2015-06-30": "26.37%", "2015-03-31": "27.39%", "2014-12-31": "26.79%", "2014-09-30": "26.61%", "2014-06-30": "27.91%", "2014-03-31": "26.41%", "2013-12-31": "26.10%", "2013-09-30": "27.04%", "2013-06-30": "26.40%", "2013-03-31": "25.83%", "2012-12-31": "24.03%", "2012-09-30": "25.72%", "2012-06-30": "27.95%", "2012-03-31": "26.10%", "2011-12-31": "24.56%", "2011-09-30": "18.71%", "2011-06-30": "15.39%", "2011-03-31": "10.60%", "2010-12-31": "6.87%", "2010-09-30": "-1.24%", "2010-06-30": "-4.19%", "2010-03-31": "-6.50%", "2009-12-31": "-2.57%", "2009-09-30": "11.07%", "2009-06-30": "17.35%", "2009-03-31": "25.84%", "2008-12-31": "28.37%", "2008-09-30": "32.14%", "2008-06-30": "36.47%", "2008-03-31": "38.78%", "2007-12-31": "37.36%", "2007-09-30": "38.52%", "2007-06-30": "38.56%", "2007-03-31": "35.80%", "2006-12-31": "36.27%", "2006-09-30": "34.51%", "2006-06-30": "32.84%", "2006-03-31": "33.59%", "2005-12-31": "33.01%"}, "dividend yield history": {"last payout": "$0.08", "last yield": "0.24%"}}