{"ticker": "HAS", "price": {"title": "Hasbro Historical Annual Stock Price Data", "value": 97.28, "historical": {"2021": {"Average Stock Price": "95.9413", "Year Open": "91.9600", "Year High": "99.2500", "Year Low": "91.9600", "Year Close": "97.2800", "Annual % Change": "4.00%"}, "2020": {"Average Stock Price": "81.2572", "Year Open": "105.3300", "Year High": "105.7800", "Year Low": "44.7300", "Year Close": "93.5400", "Annual % Change": "-11.43%"}, "2019": {"Average Stock Price": "101.0673", "Year Open": "79.9800", "Year High": "126.0700", "Year Low": "77.9000", "Year Close": "105.6100", "Annual % Change": "29.98%"}, "2018": {"Average Stock Price": "93.4342", "Year Open": "92.0800", "Year High": "108.9900", "Year Low": "78.0200", "Year Close": "81.2500", "Annual % Change": "-10.61%"}, "2017": {"Average Stock Price": "97.7426", "Year Open": "79.8000", "Year High": "115.9500", "Year Low": "79.8000", "Year Close": "90.8900", "Annual % Change": "16.84%"}, "2016": {"Average Stock Price": "80.7662", "Year Open": "66.9600", "Year High": "87.9400", "Year Low": "66.9600", "Year Close": "77.7900", "Annual % Change": "15.48%"}, "2015": {"Average Stock Price": "70.2226", "Year Open": "54.9700", "Year High": "83.1500", "Year Low": "51.9100", "Year Close": "67.3600", "Annual % Change": "22.49%"}, "2014": {"Average Stock Price": "54.0592", "Year Open": "54.5800", "Year High": "59.2000", "Year Low": "48.0800", "Year Close": "54.9900", "Annual % Change": "-0.04%"}, "2013": {"Average Stock Price": "45.8267", "Year Open": "35.8200", "Year High": "55.0100", "Year Low": "35.3500", "Year Close": "55.0100", "Annual % Change": "53.23%"}, "2012": {"Average Stock Price": "36.0224", "Year Open": "32.1400", "Year High": "39.9600", "Year Low": "31.9000", "Year Close": "35.9000", "Annual % Change": "12.57%"}, "2011": {"Average Stock Price": "41.1181", "Year Open": "46.6300", "Year High": "48.3300", "Year Low": "31.6500", "Year Close": "31.8900", "Annual % Change": "-32.41%"}, "2010": {"Average Stock Price": "41.2997", "Year Open": "32.5400", "Year High": "49.6900", "Year Low": "30.5500", "Year Close": "47.1800", "Annual % Change": "47.16%"}, "2009": {"Average Stock Price": "26.5592", "Year Open": "29.6000", "Year High": "32.4300", "Year Low": "21.3200", "Year Close": "32.0600", "Annual % Change": "9.91%"}, "2008": {"Average Stock Price": "31.6241", "Year Open": "25.0000", "Year High": "40.8000", "Year Low": "21.7300", "Year Close": "29.1700", "Annual % Change": "14.03%"}, "2007": {"Average Stock Price": "29.2327", "Year Open": "27.4900", "Year High": "33.0200", "Year Low": "25.5800", "Year Close": "25.5800", "Annual % Change": "-6.13%"}, "2006": {"Average Stock Price": "21.4292", "Year Open": "20.0000", "Year High": "27.4300", "Year Low": "17.4900", "Year Close": "27.2500", "Annual % Change": "35.03%"}, "2005": {"Average Stock Price": "20.2073", "Year Open": "19.1000", "Year High": "22.1100", "Year Low": "18.5600", "Year Close": "20.1800", "Annual % Change": "4.13%"}, "2004": {"Average Stock Price": "19.4674", "Year Open": "21.0200", "Year High": "23.3300", "Year Low": "17.0000", "Year Close": "19.3800", "Annual % Change": "-8.93%"}, "2003": {"Average Stock Price": "17.1189", "Year Open": "11.6200", "Year High": "22.4800", "Year Low": "11.2900", "Year Close": "21.2800", "Annual % Change": "84.24%"}, "2002": {"Average Stock Price": "13.6344", "Year Open": "16.2000", "Year High": "16.9700", "Year Low": "10.0600", "Year Close": "11.5500", "Annual % Change": "-28.84%"}, "2001": {"Average Stock Price": "14.5906", "Year Open": "10.3100", "Year High": "18.2200", "Year Low": "10.3100", "Year Close": "16.2300", "Annual % Change": "52.82%"}, "2000": {"Average Stock Price": "13.8779", "Year Open": "18.3700", "Year High": "18.3700", "Year Low": "9.1200", "Year Close": "10.6200", "Annual % Change": "-43.69%"}, "1999": {"Average Stock Price": "25.2330", "Year Open": "23.5133", "Year High": "36.1600", "Year Low": "17.1200", "Year Close": "18.8600", "Annual % Change": "-20.62%"}, "1998": {"Average Stock Price": "23.3940", "Year Open": "20.5533", "Year High": "26.9267", "Year Low": "18.7867", "Year Close": "23.7600", "Annual % Change": "14.67%"}, "1997": {"Average Stock Price": "18.4732", "Year Open": "16.7733", "Year High": "23.6000", "Year Low": "15.3733", "Year Close": "20.7200", "Annual % Change": "19.91%"}, "1996": {"Average Stock Price": "16.4107", "Year Open": "13.7200", "Year High": "19.5000", "Year Low": "13.0000", "Year Close": "17.2800", "Annual % Change": "27.10%"}, "1995": {"Average Stock Price": "13.7670", "Year Open": "12.6622", "Year High": "15.4578", "Year Low": "12.4978", "Year Close": "13.5956", "Annual % Change": "6.44%"}, "1994": {"Average Stock Price": "14.0627", "Year Open": "15.5111", "Year High": "16.0044", "Year Low": "12.2800", "Year Close": "12.7733", "Annual % Change": "-19.65%"}, "1993": {"Average Stock Price": "15.4805", "Year Open": "14.2533", "Year High": "17.5422", "Year Low": "12.6622", "Year Close": "15.8978", "Annual % Change": "11.12%"}, "1992": {"Average Stock Price": "12.8493", "Year Open": "11.5852", "Year High": "15.6756", "Year Low": "10.4133", "Year Close": "14.3067", "Annual % Change": "20.83%"}, "1991": {"Average Stock Price": "8.1327", "Year Open": "4.5304", "Year High": "11.8400", "Year Low": "4.4207", "Year Close": "11.8400", "Annual % Change": "159.14%"}, "1990": {"Average Stock Price": "4.9567", "Year Open": "5.9200", "Year High": "6.2489", "Year Low": "3.3244", "Year Close": "4.5689", "Annual % Change": "-16.65%"}, "1989": {"Average Stock Price": "5.7816", "Year Open": "4.5304", "Year High": "7.0519", "Year Low": "4.5304", "Year Close": "5.4815", "Annual % Change": "19.97%"}, "1988": {"Average Stock Price": "4.3315", "Year Open": "3.7630", "Year High": "4.9689", "Year Low": "3.5822", "Year Close": "4.5689", "Annual % Change": "17.98%"}, "1987": {"Average Stock Price": "6.1175", "Year Open": "5.6652", "Year High": "7.6741", "Year Low": "3.1052", "Year Close": "3.8726", "Annual % Change": "-32.07%"}, "1986": {"Average Stock Price": "6.9642", "Year Open": "4.9704", "Year High": "8.7526", "Year Low": "4.8607", "Year Close": "5.7007", "Annual % Change": "12.22%"}, "1985": {"Average Stock Price": "4.6547", "Year Open": "3.2670", "Year High": "5.7556", "Year Low": "3.2670", "Year Close": "5.0800", "Annual % Change": "60.15%"}}}, "market cap": {"value": "$13.33B"}, "income statement": {"Revenue": {"2019-12-31": "4720.22700", "2018-12-31": "4579.64600", "2017-12-31": "5209.78200", "2016-12-31": "5019.82200", "2015-12-31": "4447.50900", "2014-12-31": "4277.20700", "2013-12-31": "4082.15700", "2012-12-31": "4088.98300", "2011-12-31": "4285.58900", "2010-12-31": "4002.16100", "2009-12-31": "4067.94700", "2008-12-31": "4021.52000", "2007-12-31": "3837.55700", "2006-12-31": "3151.48100", "2005-12-31": "3087.62700"}, "Cost Of Goods Sold": {"2019-12-31": "1807.84900", "2018-12-31": "1850.67800", "2017-12-31": "2033.69300", "2016-12-31": "1905.47400", "2015-12-31": "1677.03300", "2014-12-31": "1698.37200", "2013-12-31": "1672.90100", "2012-12-31": "1671.98000", "2011-12-31": "1836.26300", "2010-12-31": "1690.05700", "2009-12-31": "1676.33600", "2008-12-31": "1692.72800", "2007-12-31": "1576.62100", "2006-12-31": "1303.88500", "2005-12-31": "1286.27100"}, "Gross Profit": {"2019-12-31": "2912.37800", "2018-12-31": "2728.96800", "2017-12-31": "3176.08900", "2016-12-31": "3114.34800", "2015-12-31": "2770.47600", "2014-12-31": "2578.83500", "2013-12-31": "2409.25600", "2012-12-31": "2417.00300", "2011-12-31": "2449.32600", "2010-12-31": "2312.10400", "2009-12-31": "2391.61100", "2008-12-31": "2328.79200", "2007-12-31": "2260.93600", "2006-12-31": "1847.59600", "2005-12-31": "1801.35600"}, "Research And Development Expenses": {"2019-12-31": "262.15600", "2018-12-31": "246.16500", "2017-12-31": "269.02000", "2016-12-31": "266.37500", "2015-12-31": "242.94400", "2014-12-31": "222.55600", "2013-12-31": "207.59100", "2012-12-31": "201.19700", "2011-12-31": "197.63800", "2010-12-31": "201.35800", "2009-12-31": "181.19500", "2008-12-31": "191.42400", "2007-12-31": "167.19400", "2006-12-31": "171.35800", "2005-12-31": "150.58600"}, "SG&A Expenses": {"2019-12-31": "1865.32800", "2018-12-31": "2079.14200", "2017-12-31": "2032.09400", "2016-12-31": "1989.23100", "2015-12-31": "1749.42800", "2014-12-31": "1621.11000", "2013-12-31": "1608.69600", "2012-12-31": "1571.65200", "2011-12-31": "1575.26200", "2010-12-31": "1450.41300", "2009-12-31": "1536.78900", "2008-12-31": "1564.80700", "2007-12-31": "1506.67600", "2006-12-31": "1220.94100", "2005-12-31": "1238.21400"}, "Other Operating Income Or Expenses": {"2019-12-31": "", "2018-12-31": "", "2017-12-31": "", "2016-12-31": "", "2015-12-31": "", "2014-12-31": "", "2013-12-31": "", "2012-12-31": "", "2011-12-31": "", "2010-12-31": "", "2009-12-31": "", "2008-12-31": "", "2007-12-31": "", "2006-12-31": "", "2005-12-31": ""}, "Operating Expenses": {"2019-12-31": "4068.17700", "2018-12-31": "4248.59400", "2017-12-31": "4399.42300", "2016-12-31": "4231.77400", "2015-12-31": "3755.57600", "2014-12-31": "3641.83200", "2013-12-31": "3615.06400", "2012-12-31": "3537.19800", "2011-12-31": "3691.60800", "2010-12-31": "3414.30200", "2009-12-31": "3479.34900", "2008-12-31": "3527.22400", "2007-12-31": "3318.20700", "2006-12-31": "2775.11800", "2005-12-31": "2777.10600"}, "Operating Income": {"2019-12-31": "652.04980", "2018-12-31": "331.05220", "2017-12-31": "810.35940", "2016-12-31": "788.04790", "2015-12-31": "691.93290", "2014-12-31": "635.37500", "2013-12-31": "467.09300", "2012-12-31": "551.78490", "2011-12-31": "593.98100", "2010-12-31": "587.85890", "2009-12-31": "588.59790", "2008-12-31": "494.29610", "2007-12-31": "519.34990", "2006-12-31": "376.36280", "2005-12-31": "310.52100"}, "Total Non-Operating Income/Expense": {"2019-12-31": "-57.84000", "2018-12-31": "-60.65000", "2017-12-31": "-24.20900", "2016-12-31": "-95.55900", "2015-12-31": "-88.01800", "2014-12-31": "-95.38700", "2013-12-31": "-115.27100", "2012-12-31": "-98.38300", "2011-12-31": "-107.58800", "2010-12-31": "-80.13900", "2009-12-31": "-58.90100", "2008-12-31": "-53.24100", "2007-12-31": "-56.96800", "2006-12-31": "-34.88900", "2005-12-31": "0.39200"}, "Pre-Tax Income": {"2019-12-31": "594.21000", "2018-12-31": "270.40200", "2017-12-31": "786.15000", "2016-12-31": "692.48900", "2015-12-31": "603.91500", "2014-12-31": "539.98800", "2013-12-31": "351.82200", "2012-12-31": "453.40200", "2011-12-31": "486.39300", "2010-12-31": "507.72000", "2009-12-31": "529.69700", "2008-12-31": "441.05500", "2007-12-31": "462.38200", "2006-12-31": "341.47400", "2005-12-31": "310.91300"}, "Income Taxes": {"2019-12-31": "73.75600", "2018-12-31": "49.96800", "2017-12-31": "389.54300", "2016-12-31": "159.33800", "2015-12-31": "157.04300", "2014-12-31": "126.67800", "2013-12-31": "67.89400", "2012-12-31": "117.40300", "2011-12-31": "101.02600", "2010-12-31": "109.96800", "2009-12-31": "154.76700", "2008-12-31": "134.28900", "2007-12-31": "129.37900", "2006-12-31": "111.41900", "2005-12-31": "98.83800"}, "Income After Taxes": {"2019-12-31": "520.45400", "2018-12-31": "220.43400", "2017-12-31": "396.60700", "2016-12-31": "533.15100", "2015-12-31": "446.87200", "2014-12-31": "413.31000", "2013-12-31": "283.92800", "2012-12-31": "335.99900", "2011-12-31": "385.36700", "2010-12-31": "397.75200", "2009-12-31": "374.93000", "2008-12-31": "306.76600", "2007-12-31": "333.00300", "2006-12-31": "230.05500", "2005-12-31": "212.07500"}, "Other Income": {"2019-12-31": "", "2018-12-31": "", "2017-12-31": "", "2016-12-31": "", "2015-12-31": "", "2014-12-31": "", "2013-12-31": "", "2012-12-31": "", "2011-12-31": "", "2010-12-31": "", "2009-12-31": "", "2008-12-31": "", "2007-12-31": "", "2006-12-31": "", "2005-12-31": ""}, "Income From Continuous Operations": {"2019-12-31": "520.45400", "2018-12-31": "220.43400", "2017-12-31": "396.60700", "2016-12-31": "533.15100", "2015-12-31": "446.87200", "2014-12-31": "413.31000", "2013-12-31": "283.92800", "2012-12-31": "335.99900", "2011-12-31": "385.36700", "2010-12-31": "397.75200", "2009-12-31": "374.93000", "2008-12-31": "306.76600", "2007-12-31": "333.00300", "2006-12-31": "230.05500", "2005-12-31": "212.07500"}, "Income From Discontinued Operations": {"2019-12-31": "", "2018-12-31": "", "2017-12-31": "", "2016-12-31": "", "2015-12-31": "", "2014-12-31": "", "2013-12-31": "", "2012-12-31": "", "2011-12-31": "", "2010-12-31": "", "2009-12-31": "", "2008-12-31": "", "2007-12-31": "", "2006-12-31": "", "2005-12-31": ""}, "Net Income": {"2019-12-31": "520.45400", "2018-12-31": "220.43400", "2017-12-31": "396.60700", "2016-12-31": "551.38000", "2015-12-31": "451.83800", "2014-12-31": "415.93000", "2013-12-31": "286.19800", "2012-12-31": "335.99900", "2011-12-31": "385.36700", "2010-12-31": "397.75200", "2009-12-31": "374.93000", "2008-12-31": "306.76600", "2007-12-31": "333.00300", "2006-12-31": "230.05500", "2005-12-31": "212.07500"}, "EBITDA": {"2019-12-31": "918.42180", "2018-12-31": "660.47230", "2017-12-31": "1017.99300", "2016-12-31": "978.44890", "2015-12-31": "889.70890", "2014-12-31": "840.42700", "2013-12-31": "695.76800", "2012-12-31": "743.87190", "2011-12-31": "790.24690", "2010-12-31": "756.25790", "2009-12-31": "769.56090", "2008-12-31": "660.43410", "2007-12-31": "675.86990", "2006-12-31": "523.06980", "2005-12-31": "490.65300"}, "EBIT": {"2019-12-31": "652.04980", "2018-12-31": "331.05220", "2017-12-31": "810.35940", "2016-12-31": "788.04790", "2015-12-31": "691.93290", "2014-12-31": "635.37500", "2013-12-31": "467.09300", "2012-12-31": "551.78490", "2011-12-31": "593.98100", "2010-12-31": "587.85890", "2009-12-31": "588.59790", "2008-12-31": "494.29610", "2007-12-31": "519.34990", "2006-12-31": "376.36280", "2005-12-31": "310.52100"}, "Basic Shares Outstanding": {"2019-12-31": "127.89600", "2018-12-31": "126.13200", "2017-12-31": "125.03900", "2016-12-31": "125.29200", "2015-12-31": "125.00600", "2014-12-31": "128.41100", "2013-12-31": "130.18600", "2012-12-31": "130.06700", "2011-12-31": "133.82300", "2010-12-31": "139.07900", "2009-12-31": "139.48700", "2008-12-31": "140.87700", "2007-12-31": "156.05400", "2006-12-31": "167.10000", "2005-12-31": "178.30300"}, "Shares Outstanding": {"2019-12-31": "128.49900", "2018-12-31": "126.89000", "2017-12-31": "127.03100", "2016-12-31": "126.96600", "2015-12-31": "126.68800", "2014-12-31": "129.88600", "2013-12-31": "131.78800", "2012-12-31": "131.92600", "2011-12-31": "133.82300", "2010-12-31": "145.67000", "2009-12-31": "152.78000", "2008-12-31": "155.23000", "2007-12-31": "171.20500", "2006-12-31": "181.04300", "2005-12-31": "197.43600"}, "Basic EPS": {"2019-12-31": "4.07000", "2018-12-31": "1.75000", "2017-12-31": "3.17000", "2016-12-31": "4.40000", "2015-12-31": "3.61000", "2014-12-31": "3.24000", "2013-12-31": "2.20000", "2012-12-31": "2.58000", "2011-12-31": "2.88000", "2010-12-31": "2.86000", "2009-12-31": "2.69000", "2008-12-31": "2.18000", "2007-12-31": "2.13000", "2006-12-31": "1.38000", "2005-12-31": "1.19000"}, "EPS - Earnings Per Share": {"2019-12-31": "4.05000", "2018-12-31": "1.74000", "2017-12-31": "3.12000", "2016-12-31": "4.34000", "2015-12-31": "3.57000", "2014-12-31": "3.20000", "2013-12-31": "2.17000", "2012-12-31": "2.55000", "2011-12-31": "2.82000", "2010-12-31": "2.74000", "2009-12-31": "2.48000", "2008-12-31": "2.00000", "2007-12-31": "1.97000", "2006-12-31": "1.29000", "2005-12-31": "1.09000"}}, "income statement, quarterly": {"Revenue": {"2020-09-30": "1776.62300", "2020-06-30": "860.27900", "2020-03-31": "1105.57000", "2019-12-31": "1428.00700", "2019-09-30": "1575.17300", "2019-06-30": "984.53700", "2019-03-31": "732.51000", "2018-12-31": "1389.16100", "2018-09-30": "1569.68600", "2018-06-30": "904.45800", "2018-03-31": "716.34100", "2017-12-31": "1596.11100", "2017-09-30": "1791.50200", "2017-06-30": "972.50600", "2017-03-31": "849.66300", "2016-12-31": "1629.94000", "2016-09-30": "1679.75700", "2016-06-30": "878.94500", "2016-03-31": "831.18000", "2015-12-31": "1465.35400", "2015-09-30": "1470.99700", "2015-06-30": "797.65800", "2015-03-31": "713.50000", "2014-12-31": "1298.59300", "2014-09-30": "1469.89900", "2014-06-30": "829.26200", "2014-03-31": "679.45300", "2013-12-31": "1281.77300", "2013-09-30": "1370.34800", "2013-06-30": "766.34200", "2013-03-31": "663.69400", "2012-12-31": "1283.52900", "2012-09-30": "1345.13700", "2012-06-30": "811.46700", "2012-03-31": "648.85000", "2011-12-31": "1329.33800", "2011-09-30": "1375.81100", "2011-06-30": "908.45400", "2011-03-31": "671.98600", "2010-12-31": "1278.69700", "2010-09-30": "1313.30200", "2010-06-30": "737.79100", "2010-03-31": "672.37100", "2009-12-31": "1375.18400", "2009-09-30": "1279.22100", "2009-06-30": "792.20200", "2009-03-31": "621.34000", "2008-12-31": "1231.05300", "2008-09-30": "1301.96100", "2008-06-30": "784.28600", "2008-03-31": "704.22000", "2007-12-31": "1297.84400", "2007-09-30": "1223.03800", "2007-06-30": "691.40800", "2007-03-31": "625.26700", "2006-12-31": "1116.39800", "2006-09-30": "1039.13800", "2006-06-30": "527.76400", "2006-03-31": "468.18100", "2005-12-31": "1072.24300", "2005-09-30": "988.05200", "2005-06-30": "572.38800", "2005-03-31": "454.94400"}, "Cost Of Goods Sold": {"2020-09-30": "610.10500", "2020-06-30": "253.24500", "2020-03-31": "262.69400", "2019-12-31": "577.04900", "2019-09-30": "627.11900", "2019-06-30": "343.69400", "2019-03-31": "259.98700", "2018-12-31": "601.58800", "2018-09-30": "655.59700", "2018-06-30": "338.30600", "2018-03-31": "255.18700", "2017-12-31": "628.72190", "2017-09-30": "730.65600", "2017-06-30": "368.23300", "2017-03-31": "306.08200", "2016-12-31": "634.57200", "2016-09-30": "658.98600", "2016-06-30": "321.67600", "2016-03-31": "290.24000", "2015-12-31": "554.75010", "2015-09-30": "579.14900", "2015-06-30": "295.39900", "2015-03-31": "247.73500", "2014-12-31": "516.72500", "2014-09-30": "602.76600", "2014-06-30": "320.33600", "2014-03-31": "258.54500", "2013-12-31": "536.17710", "2013-09-30": "568.58200", "2013-06-30": "300.57000", "2013-03-31": "267.57200", "2012-12-31": "516.44400", "2012-09-30": "586.51600", "2012-06-30": "311.98400", "2012-03-31": "257.03600", "2011-12-31": "591.48300", "2011-09-30": "599.52400", "2011-06-30": "378.01000", "2011-03-31": "267.24600", "2010-12-31": "535.45610", "2010-09-30": "591.60000", "2010-06-30": "300.32200", "2010-03-31": "262.67900", "2009-12-31": "562.10500", "2009-09-30": "550.02600", "2009-06-30": "319.45200", "2009-03-31": "244.75300", "2008-12-31": "539.51010", "2008-09-30": "573.83500", "2008-06-30": "308.22200", "2008-03-31": "271.16100", "2007-12-31": "538.93490", "2007-09-30": "521.02200", "2007-06-30": "273.21200", "2007-03-31": "243.45200", "2006-12-31": "445.91300", "2006-09-30": "461.51100", "2006-06-30": "210.36900", "2006-03-31": "186.09200", "2005-12-31": "450.75500", "2005-09-30": "444.77500", "2005-06-30": "224.76600", "2005-03-31": "165.97500"}, "Gross Profit": {"2020-09-30": "1166.51800", "2020-06-30": "607.03400", "2020-03-31": "842.87600", "2019-12-31": "850.95810", "2019-09-30": "948.05400", "2019-06-30": "640.84300", "2019-03-31": "472.52300", "2018-12-31": "787.57290", "2018-09-30": "914.08910", "2018-06-30": "566.15200", "2018-03-31": "461.15400", "2017-12-31": "967.38940", "2017-09-30": "1060.84600", "2017-06-30": "604.27290", "2017-03-31": "543.58110", "2016-12-31": "995.36790", "2016-09-30": "1020.77100", "2016-06-30": "557.26900", "2016-03-31": "540.94000", "2015-12-31": "910.60370", "2015-09-30": "891.84800", "2015-06-30": "502.25900", "2015-03-31": "465.76500", "2014-12-31": "781.86820", "2014-09-30": "867.13310", "2014-06-30": "508.92600", "2014-03-31": "420.90800", "2013-12-31": "745.59590", "2013-09-30": "801.76610", "2013-06-30": "465.77200", "2013-03-31": "396.12200", "2012-12-31": "767.08500", "2012-09-30": "758.62100", "2012-06-30": "499.48300", "2012-03-31": "391.81400", "2011-12-31": "737.85490", "2011-09-30": "776.28700", "2011-06-30": "530.44400", "2011-03-31": "404.74000", "2010-12-31": "743.24080", "2010-09-30": "721.70200", "2010-06-30": "437.46900", "2010-03-31": "409.69200", "2009-12-31": "813.07900", "2009-09-30": "729.19490", "2009-06-30": "472.75000", "2009-03-31": "376.58700", "2008-12-31": "691.54300", "2008-09-30": "728.12600", "2008-06-30": "476.06400", "2008-03-31": "433.05900", "2007-12-31": "758.90910", "2007-09-30": "702.01600", "2007-06-30": "418.19600", "2007-03-31": "381.81500", "2006-12-31": "670.48500", "2006-09-30": "577.62700", "2006-06-30": "317.39500", "2006-03-31": "282.08900", "2005-12-31": "621.48800", "2005-09-30": "543.27700", "2005-06-30": "347.62200", "2005-03-31": "288.96900"}, "Research And Development Expenses": {"2020-09-30": "62.70900", "2020-06-30": "58.32500", "2020-03-31": "53.82900", "2019-12-31": "72.91000", "2019-09-30": "67.35400", "2019-06-30": "65.63200", "2019-03-31": "56.26000", "2018-12-31": "63.11500", "2018-09-30": "65.80700", "2018-06-30": "59.85900", "2018-03-31": "57.38400", "2017-12-31": "76.25500", "2017-09-30": "67.38600", "2017-06-30": "62.79300", "2017-03-31": "62.58600", "2016-12-31": "75.45700", "2016-09-30": "70.08300", "2016-06-30": "63.67100", "2016-03-31": "57.16400", "2015-12-31": "68.64500", "2015-09-30": "64.79300", "2015-06-30": "57.60900", "2015-03-31": "51.89700", "2014-12-31": "65.37200", "2014-09-30": "58.22000", "2014-06-30": "51.70700", "2014-03-31": "47.25700", "2013-12-31": "53.13600", "2013-09-30": "59.36600", "2013-06-30": "47.90400", "2013-03-31": "47.18500", "2012-12-31": "57.68600", "2012-09-30": "48.47200", "2012-06-30": "50.11300", "2012-03-31": "44.92600", "2011-12-31": "47.35100", "2011-09-30": "49.50400", "2011-06-30": "54.96500", "2011-03-31": "45.81800", "2010-12-31": "61.95000", "2010-09-30": "51.61800", "2010-06-30": "47.46600", "2010-03-31": "40.32400", "2009-12-31": "56.66500", "2009-09-30": "43.87000", "2009-06-30": "43.52900", "2009-03-31": "37.13100", "2008-12-31": "54.22900", "2008-09-30": "49.99300", "2008-06-30": "45.43200", "2008-03-31": "41.77000", "2007-12-31": "49.63100", "2007-09-30": "43.46600", "2007-06-30": "38.78700", "2007-03-31": "35.31000", "2006-12-31": "49.14300", "2006-09-30": "44.44500", "2006-06-30": "39.60600", "2006-03-31": "38.16400", "2005-12-31": "43.64400", "2005-09-30": "39.38700", "2005-06-30": "36.51400", "2005-03-31": "31.04100"}, "SG&A Expenses": {"2020-09-30": "639.70600", "2020-06-30": "450.89500", "2020-03-31": "493.59100", "2019-12-31": "548.37390", "2019-09-30": "543.64800", "2019-06-30": "411.56100", "2019-03-31": "361.74500", "2018-12-31": "694.59410", "2018-09-30": "512.01700", "2018-06-30": "406.85400", "2018-03-31": "465.67700", "2017-12-31": "593.83600", "2017-09-30": "620.63000", "2017-06-30": "428.42700", "2017-03-31": "389.20100", "2016-12-31": "637.63390", "2016-09-30": "573.61400", "2016-06-30": "395.00000", "2016-03-31": "382.98300", "2015-12-31": "562.22900", "2015-09-30": "503.00100", "2015-06-30": "348.58200", "2015-03-31": "335.61600", "2014-12-31": "466.99800", "2014-09-30": "485.91600", "2014-06-30": "356.05300", "2014-03-31": "312.14300", "2013-12-31": "454.61210", "2013-09-30": "511.47900", "2013-06-30": "321.43400", "2013-03-31": "321.17100", "2012-12-31": "477.61690", "2012-09-30": "435.09700", "2012-06-30": "341.56900", "2012-03-31": "317.36900", "2011-12-31": "441.94000", "2011-09-30": "459.78300", "2011-06-30": "377.35300", "2011-03-31": "296.18600", "2010-12-31": "451.11190", "2010-09-30": "411.68200", "2010-06-30": "298.96200", "2010-03-31": "288.65700", "2009-12-31": "487.41990", "2009-09-30": "433.66100", "2009-06-30": "337.35600", "2009-03-31": "278.35200", "2008-12-31": "466.26180", "2008-09-30": "442.46800", "2008-06-30": "344.47900", "2008-03-31": "311.59800", "2007-12-31": "494.97500", "2007-09-30": "430.82300", "2007-06-30": "306.05800", "2007-03-31": "274.82000", "2006-12-31": "407.61110", "2006-09-30": "347.48100", "2006-06-30": "238.05000", "2006-03-31": "227.79900", "2005-12-31": "402.07800", "2005-09-30": "347.44500", "2005-06-30": "257.05800", "2005-03-31": "231.63300"}, "Other Operating Income Or Expenses": {"2020-09-30": "", "2020-06-30": "", "2020-03-31": "", "2019-12-31": "", "2019-09-30": "", "2019-06-30": "", "2019-03-31": "", "2018-12-31": "", "2018-09-30": "", "2018-06-30": "", "2018-03-31": "", "2017-12-31": "", "2017-09-30": "", "2017-06-30": "", "2017-03-31": "", "2016-12-31": "", "2016-09-30": "", "2016-06-30": "", "2016-03-31": "", "2015-12-31": "", "2015-09-30": "", "2015-06-30": "", "2015-03-31": "", "2014-12-31": "", "2014-09-30": "", "2014-06-30": "", "2014-03-31": "", "2013-12-31": "", "2013-09-30": "", "2013-06-30": "", "2013-03-31": "", "2012-12-31": "", "2012-09-30": "", "2012-06-30": "", "2012-03-31": "", "2011-12-31": "", "2011-09-30": "", "2011-06-30": "", "2011-03-31": "", "2010-12-31": "", "2010-09-30": "", "2010-06-30": "", "2010-03-31": "", "2009-12-31": "", "2009-09-30": "", "2009-06-30": "", "2009-03-31": "", "2008-12-31": "", "2008-09-30": "", "2008-06-30": "", "2008-03-31": "", "2007-12-31": "", "2007-09-30": "", "2007-06-30": "", "2007-03-31": "", "2006-12-31": "", "2006-09-30": "", "2006-06-30": "", "2006-03-31": "", "2005-12-31": "", "2005-09-30": "", "2005-06-30": "", "2005-03-31": ""}, "Operating Expenses": {"2020-09-30": "1440.06500", "2020-06-30": "858.10410", "2020-03-31": "1128.85300", "2019-12-31": "1237.62700", "2019-09-30": "1277.96300", "2019-06-30": "856.20400", "2019-03-31": "696.38300", "2018-12-31": "1378.61400", "2018-09-30": "1256.35000", "2018-06-30": "816.87000", "2018-03-31": "796.76000", "2017-12-31": "1325.02300", "2017-09-30": "1430.55800", "2017-06-30": "872.52200", "2017-03-31": "771.31990", "2016-12-31": "1374.78300", "2016-09-30": "1317.65600", "2016-06-30": "794.07100", "2016-03-31": "745.26400", "2015-12-31": "1206.65300", "2015-09-30": "1167.47000", "2015-06-30": "722.15800", "2015-03-31": "659.29500", "2014-12-31": "1075.04400", "2014-09-30": "1184.08500", "2014-06-30": "746.69800", "2014-03-31": "636.00500", "2013-12-31": "1098.10100", "2013-09-30": "1171.64200", "2013-06-30": "692.25400", "2013-03-31": "653.06700", "2012-12-31": "1083.37400", "2012-09-30": "1095.51500", "2012-06-30": "725.18510", "2012-03-31": "633.12400", "2011-12-31": "1112.75900", "2011-09-30": "1127.73900", "2011-06-30": "828.04700", "2011-03-31": "623.06300", "2010-12-31": "1077.64800", "2010-09-30": "1075.54500", "2010-06-30": "658.06500", "2010-03-31": "603.04400", "2009-12-31": "1131.58500", "2009-09-30": "1048.51200", "2009-06-30": "719.12900", "2009-03-31": "580.12300", "2008-12-31": "1079.44400", "2008-09-30": "1086.03600", "2008-06-30": "718.77700", "2008-03-31": "642.96700", "2007-12-31": "1097.73500", "2007-09-30": "1013.30100", "2007-06-30": "635.63100", "2007-03-31": "571.54000", "2006-12-31": "923.70520", "2006-09-30": "873.94090", "2006-06-30": "507.16500", "2006-03-31": "470.30700", "2005-12-31": "918.65990", "2005-09-30": "859.77400", "2005-06-30": "545.26800", "2005-03-31": "453.40400"}, "Operating Income": {"2020-09-30": "336.55810", "2020-06-30": "2.17490", "2020-03-31": "-23.28310", "2019-12-31": "190.37960", "2019-09-30": "297.21000", "2019-06-30": "128.33300", "2019-03-31": "36.12700", "2018-12-31": "10.54740", "2018-09-30": "313.33610", "2018-06-30": "87.58800", "2018-03-31": "-80.41900", "2017-12-31": "271.08850", "2017-09-30": "360.94400", "2017-06-30": "99.98400", "2017-03-31": "78.34310", "2016-12-31": "255.15710", "2016-09-30": "362.10100", "2016-06-30": "84.87400", "2016-03-31": "85.91600", "2015-12-31": "258.70080", "2015-09-30": "303.52700", "2015-06-30": "75.50010", "2015-03-31": "54.20500", "2014-12-31": "223.54910", "2014-09-30": "285.81410", "2014-06-30": "82.56400", "2014-03-31": "43.44800", "2013-12-31": "183.67220", "2013-09-30": "198.70590", "2013-06-30": "74.08800", "2013-03-31": "10.62700", "2012-12-31": "200.15490", "2012-09-30": "249.62210", "2012-06-30": "86.28190", "2012-03-31": "15.72600", "2011-12-31": "216.57900", "2011-09-30": "248.07200", "2011-06-30": "80.40700", "2011-03-31": "48.92300", "2010-12-31": "201.04870", "2010-09-30": "237.75710", "2010-06-30": "79.72600", "2010-03-31": "69.32700", "2009-12-31": "243.59900", "2009-09-30": "230.70900", "2009-06-30": "73.07300", "2009-03-31": "41.21700", "2008-12-31": "151.60910", "2008-09-30": "215.92500", "2008-06-30": "65.50900", "2008-03-31": "61.25290", "2007-12-31": "200.10900", "2007-09-30": "209.73700", "2007-06-30": "55.77700", "2007-03-31": "53.72700", "2006-12-31": "192.69290", "2006-09-30": "165.19700", "2006-06-30": "20.59900", "2006-03-31": "-2.12600", "2005-12-31": "153.58310", "2005-09-30": "128.27800", "2005-06-30": "27.12000", "2005-03-31": "1.54000"}, "Total Non-Operating Income/Expense": {"2020-09-30": "-37.36000", "2020-06-30": "-45.90300", "2020-03-31": "-48.59900", "2019-12-31": "108.38100", "2019-09-30": "-37.46400", "2019-06-30": "-122.22500", "2019-03-31": "-6.53200", "2018-12-31": "-15.67500", "2018-09-30": "-17.54200", "2018-06-30": "-19.46400", "2018-03-31": "-7.96900", "2017-12-31": "7.49800", "2017-09-30": "-11.10300", "2017-06-30": "-13.09800", "2017-03-31": "-7.50600", "2016-12-31": "-35.22500", "2016-09-30": "-15.77700", "2016-06-30": "-17.85400", "2016-03-31": "-26.70300", "2015-12-31": "-27.36400", "2015-09-30": "-18.91000", "2015-06-30": "-21.85400", "2015-03-31": "-19.89000", "2014-12-31": "-18.12700", "2014-09-30": "-41.76000", "2014-06-30": "-18.04700", "2014-03-31": "-17.45300", "2013-12-31": "-22.34600", "2013-09-30": "-42.79300", "2013-06-30": "-23.01200", "2013-03-31": "-27.12000", "2012-12-31": "-26.49500", "2012-09-30": "-24.67300", "2012-06-30": "-26.62300", "2012-03-31": "-20.59200", "2011-12-31": "-27.43500", "2011-09-30": "-26.61500", "2011-06-30": "-27.45300", "2011-03-31": "-26.08500", "2010-12-31": "-27.66900", "2010-09-30": "-18.68400", "2010-06-30": "-18.68900", "2010-03-31": "-15.09700", "2009-12-31": "-17.20200", "2009-09-30": "-12.85000", "2009-06-30": "-16.21900", "2009-03-31": "-12.63000", "2008-12-31": "-23.02900", "2008-09-30": "-14.40500", "2008-06-30": "-10.22400", "2008-03-31": "-5.58300", "2007-12-31": "-13.20900", "2007-09-30": "-5.81600", "2007-06-30": "-33.81600", "2007-03-31": "-4.12700", "2006-12-31": "-22.14400", "2006-09-30": "-21.32100", "2006-06-30": "11.90300", "2006-03-31": "-3.32700", "2005-12-31": "1.53900", "2005-09-30": "-1.95200", "2005-06-30": "5.57000", "2005-03-31": "-4.76500"}, "Pre-Tax Income": {"2020-09-30": "299.19800", "2020-06-30": "-43.72800", "2020-03-31": "-71.88200", "2019-12-31": "298.76100", "2019-09-30": "259.74600", "2019-06-30": "6.10800", "2019-03-31": "29.59500", "2018-12-31": "-5.12800", "2018-09-30": "295.79400", "2018-06-30": "68.12400", "2018-03-31": "-88.38800", "2017-12-31": "278.58600", "2017-09-30": "349.84100", "2017-06-30": "86.88600", "2017-03-31": "70.83700", "2016-12-31": "219.93200", "2016-09-30": "346.32400", "2016-06-30": "67.02000", "2016-03-31": "59.21300", "2015-12-31": "231.33700", "2015-09-30": "284.61700", "2015-06-30": "53.64600", "2015-03-31": "34.31500", "2014-12-31": "205.42200", "2014-09-30": "244.05400", "2014-06-30": "64.51700", "2014-03-31": "25.99500", "2013-12-31": "161.32600", "2013-09-30": "155.91300", "2013-06-30": "51.07600", "2013-03-31": "-16.49300", "2012-12-31": "173.66000", "2012-09-30": "224.94900", "2012-06-30": "59.65900", "2012-03-31": "-4.86600", "2011-12-31": "189.14400", "2011-09-30": "221.45700", "2011-06-30": "52.95400", "2011-03-31": "22.83800", "2010-12-31": "173.38000", "2010-09-30": "219.07300", "2010-06-30": "61.03700", "2010-03-31": "54.23000", "2009-12-31": "226.39700", "2009-09-30": "217.85900", "2009-06-30": "56.85400", "2009-03-31": "28.58700", "2008-12-31": "128.58000", "2008-09-30": "201.52000", "2008-06-30": "55.28500", "2008-03-31": "55.67000", "2007-12-31": "186.90000", "2007-09-30": "203.92100", "2007-06-30": "21.96100", "2007-03-31": "49.60000", "2006-12-31": "170.54900", "2006-09-30": "143.87600", "2006-06-30": "32.50200", "2006-03-31": "-5.45300", "2005-12-31": "155.12200", "2005-09-30": "126.32600", "2005-06-30": "32.69000", "2005-03-31": "-3.22500"}, "Income Taxes": {"2020-09-30": "79.21500", "2020-06-30": "-10.83000", "2020-03-31": "-4.07200", "2019-12-31": "31.41600", "2019-09-30": "46.79700", "2019-06-30": "-7.32500", "2019-03-31": "2.86800", "2018-12-31": "-13.89400", "2018-09-30": "31.93300", "2018-06-30": "7.82500", "2018-03-31": "24.10400", "2017-12-31": "283.88400", "2017-09-30": "84.25800", "2017-06-30": "19.16300", "2017-03-31": "2.23800", "2016-12-31": "39.33300", "2016-09-30": "90.16200", "2016-06-30": "17.60100", "2016-03-31": "12.24200", "2015-12-31": "56.94300", "2015-09-30": "78.24200", "2015-06-30": "13.36400", "2015-03-31": "8.49400", "2014-12-31": "36.60100", "2014-09-30": "63.89900", "2014-06-30": "31.69700", "2014-03-31": "-5.51900", "2013-12-31": "33.05000", "2013-09-30": "30.07000", "2013-06-30": "14.59600", "2013-03-31": "-9.82200", "2012-12-31": "43.36100", "2012-09-30": "60.09700", "2012-06-30": "16.23200", "2012-03-31": "-2.28700", "2011-12-31": "50.01400", "2011-09-30": "50.46700", "2011-06-30": "-5.09700", "2011-03-31": "5.64200", "2010-12-31": "33.36600", "2010-09-30": "63.90900", "2010-06-30": "17.40600", "2010-03-31": "-4.71300", "2009-12-31": "60.83400", "2009-09-30": "67.49700", "2009-06-30": "17.57900", "2009-03-31": "8.85700", "2008-12-31": "34.99900", "2008-09-30": "63.29100", "2008-06-30": "17.79900", "2008-03-31": "18.20000", "2007-12-31": "53.16800", "2007-09-30": "42.34100", "2007-06-30": "17.16000", "2007-03-31": "16.71000", "2006-12-31": "62.26700", "2006-09-30": "44.29200", "2006-06-30": "5.41400", "2006-03-31": "-0.55400", "2005-12-31": "60.85100", "2005-09-30": "34.26300", "2005-06-30": "3.23600", "2005-03-31": "0.48800"}, "Income After Taxes": {"2020-09-30": "219.98300", "2020-06-30": "-32.89800", "2020-03-31": "-67.81000", "2019-12-31": "267.34500", "2019-09-30": "212.94900", "2019-06-30": "13.43300", "2019-03-31": "26.72700", "2018-12-31": "8.76600", "2018-09-30": "263.86100", "2018-06-30": "60.29900", "2018-03-31": "-112.49200", "2017-12-31": "-5.29800", "2017-09-30": "265.58300", "2017-06-30": "67.72300", "2017-03-31": "68.59900", "2016-12-31": "180.59900", "2016-09-30": "256.16200", "2016-06-30": "49.41900", "2016-03-31": "46.97100", "2015-12-31": "174.39400", "2015-09-30": "206.37500", "2015-06-30": "40.28200", "2015-03-31": "25.82100", "2014-12-31": "168.82100", "2014-09-30": "180.15500", "2014-06-30": "32.82000", "2014-03-31": "31.51400", "2013-12-31": "128.27600", "2013-09-30": "125.84300", "2013-06-30": "36.48000", "2013-03-31": "-6.67100", "2012-12-31": "130.29900", "2012-09-30": "164.85200", "2012-06-30": "43.42700", "2012-03-31": "-2.57900", "2011-12-31": "139.13000", "2011-09-30": "170.99000", "2011-06-30": "58.05100", "2011-03-31": "17.19600", "2010-12-31": "140.01400", "2010-09-30": "155.16400", "2010-06-30": "43.63100", "2010-03-31": "58.94300", "2009-12-31": "165.56300", "2009-09-30": "150.36200", "2009-06-30": "39.27500", "2009-03-31": "19.73000", "2008-12-31": "93.58100", "2008-09-30": "138.22900", "2008-06-30": "37.48600", "2008-03-31": "37.47000", "2007-12-31": "133.73200", "2007-09-30": "161.58000", "2007-06-30": "4.80100", "2007-03-31": "32.89000", "2006-12-31": "108.28200", "2006-09-30": "99.58400", "2006-06-30": "27.08800", "2006-03-31": "-4.89900", "2005-12-31": "94.27100", "2005-09-30": "92.06300", "2005-06-30": "29.45400", "2005-03-31": "-3.71300"}, "Other Income": {"2020-09-30": "", "2020-06-30": "", "2020-03-31": "", "2019-12-31": "", "2019-09-30": "", "2019-06-30": "", "2019-03-31": "", "2018-12-31": "", "2018-09-30": "", "2018-06-30": "", "2018-03-31": "", "2017-12-31": "", "2017-09-30": "", "2017-06-30": "", "2017-03-31": "", "2016-12-31": "", "2016-09-30": "", "2016-06-30": "", "2016-03-31": "", "2015-12-31": "", "2015-09-30": "", "2015-06-30": "", "2015-03-31": "", "2014-12-31": "", "2014-09-30": "", "2014-06-30": "", "2014-03-31": "", "2013-12-31": "", "2013-09-30": "", "2013-06-30": "", "2013-03-31": "", "2012-12-31": "", "2012-09-30": "", "2012-06-30": "", "2012-03-31": "", "2011-12-31": "", "2011-09-30": "", "2011-06-30": "", "2011-03-31": "", "2010-12-31": "", "2010-09-30": "", "2010-06-30": "", "2010-03-31": "", "2009-12-31": "", "2009-09-30": "", "2009-06-30": "", "2009-03-31": "", "2008-12-31": "", "2008-09-30": "", "2008-06-30": "", "2008-03-31": "", "2007-12-31": "", "2007-09-30": "", "2007-06-30": "", "2007-03-31": "", "2006-12-31": "", "2006-09-30": "", "2006-06-30": "", "2006-03-31": "", "2005-12-31": "", "2005-09-30": "", "2005-06-30": "", "2005-03-31": ""}, "Income From Continuous Operations": {"2020-09-30": "219.98300", "2020-06-30": "-32.89800", "2020-03-31": "-67.81000", "2019-12-31": "267.34500", "2019-09-30": "212.94900", "2019-06-30": "13.43300", "2019-03-31": "26.72700", "2018-12-31": "8.76600", "2018-09-30": "263.86100", "2018-06-30": "60.29900", "2018-03-31": "-112.49200", "2017-12-31": "-5.29800", "2017-09-30": "265.58300", "2017-06-30": "67.72300", "2017-03-31": "68.59900", "2016-12-31": "180.59900", "2016-09-30": "256.16200", "2016-06-30": "49.41900", "2016-03-31": "46.97100", "2015-12-31": "174.39400", "2015-09-30": "206.37500", "2015-06-30": "40.28200", "2015-03-31": "25.82100", "2014-12-31": "168.82100", "2014-09-30": "180.15500", "2014-06-30": "32.82000", "2014-03-31": "31.51400", "2013-12-31": "128.27600", "2013-09-30": "125.84300", "2013-06-30": "36.48000", "2013-03-31": "-6.67100", "2012-12-31": "130.29900", "2012-09-30": "164.85200", "2012-06-30": "43.42700", "2012-03-31": "-2.57900", "2011-12-31": "139.13000", "2011-09-30": "170.99000", "2011-06-30": "58.05100", "2011-03-31": "17.19600", "2010-12-31": "140.01400", "2010-09-30": "155.16400", "2010-06-30": "43.63100", "2010-03-31": "58.94300", "2009-12-31": "165.56300", "2009-09-30": "150.36200", "2009-06-30": "39.27500", "2009-03-31": "19.73000", "2008-12-31": "93.58100", "2008-09-30": "138.22900", "2008-06-30": "37.48600", "2008-03-31": "37.47000", "2007-12-31": "133.73200", "2007-09-30": "161.58000", "2007-06-30": "4.80100", "2007-03-31": "32.89000", "2006-12-31": "108.28200", "2006-09-30": "99.58400", "2006-06-30": "27.08800", "2006-03-31": "-4.89900", "2005-12-31": "94.27100", "2005-09-30": "92.06300", "2005-06-30": "29.45400", "2005-03-31": "-3.71300"}, "Income From Discontinued Operations": {"2020-09-30": "", "2020-06-30": "", "2020-03-31": "", "2019-12-31": "", "2019-09-30": "", "2019-06-30": "", "2019-03-31": "", "2018-12-31": "", "2018-09-30": "", "2018-06-30": "", "2018-03-31": "", "2017-12-31": "", "2017-09-30": "", "2017-06-30": "", "2017-03-31": "", "2016-12-31": "", "2016-09-30": "", "2016-06-30": "", "2016-03-31": "", "2015-12-31": "", "2015-09-30": "", "2015-06-30": "", "2015-03-31": "", "2014-12-31": "", "2014-09-30": "", "2014-06-30": "", "2014-03-31": "", "2013-12-31": "", "2013-09-30": "", "2013-06-30": "", "2013-03-31": "", "2012-12-31": "", "2012-09-30": "", "2012-06-30": "", "2012-03-31": "", "2011-12-31": "", "2011-09-30": "", "2011-06-30": "", "2011-03-31": "", "2010-12-31": "", "2010-09-30": "", "2010-06-30": "", "2010-03-31": "", "2009-12-31": "", "2009-09-30": "", "2009-06-30": "", "2009-03-31": "", "2008-12-31": "", "2008-09-30": "", "2008-06-30": "", "2008-03-31": "", "2007-12-31": "", "2007-09-30": "", "2007-06-30": "", "2007-03-31": "", "2006-12-31": "", "2006-09-30": "", "2006-06-30": "", "2006-03-31": "", "2005-12-31": "", "2005-09-30": "", "2005-06-30": "", "2005-03-31": ""}, "Net Income": {"2020-09-30": "220.89800", "2020-06-30": "-33.91500", "2020-03-31": "-69.63700", "2019-12-31": "267.34500", "2019-09-30": "212.94900", "2019-06-30": "13.43300", "2019-03-31": "26.72700", "2018-12-31": "8.76600", "2018-09-30": "263.86100", "2018-06-30": "60.29900", "2018-03-31": "-112.49200", "2017-12-31": "-5.29800", "2017-09-30": "265.58300", "2017-06-30": "67.72300", "2017-03-31": "68.59900", "2016-12-31": "192.72500", "2016-09-30": "257.79800", "2016-06-30": "52.10600", "2016-03-31": "48.75100", "2015-12-31": "175.76300", "2015-09-30": "207.59900", "2015-06-30": "41.80900", "2015-03-31": "26.66700", "2014-12-31": "169.91100", "2014-09-30": "180.45700", "2014-06-30": "33.47500", "2014-03-31": "32.08700", "2013-12-31": "129.81500", "2013-09-30": "126.57400", "2013-06-30": "36.48000", "2013-03-31": "-6.67100", "2012-12-31": "130.29900", "2012-09-30": "164.85200", "2012-06-30": "43.42700", "2012-03-31": "-2.57900", "2011-12-31": "139.13000", "2011-09-30": "170.99000", "2011-06-30": "58.05100", "2011-03-31": "17.19600", "2010-12-31": "140.01400", "2010-09-30": "155.16400", "2010-06-30": "43.63100", "2010-03-31": "58.94300", "2009-12-31": "165.56300", "2009-09-30": "150.36200", "2009-06-30": "39.27500", "2009-03-31": "19.73000", "2008-12-31": "93.58100", "2008-09-30": "138.22900", "2008-06-30": "37.48600", "2008-03-31": "37.47000", "2007-12-31": "133.73200", "2007-09-30": "161.58000", "2007-06-30": "4.80100", "2007-03-31": "32.89000", "2006-12-31": "108.28200", "2006-09-30": "99.58400", "2006-06-30": "27.08800", "2006-03-31": "-4.89900", "2005-12-31": "94.27100", "2005-09-30": "92.06300", "2005-06-30": "29.45400", "2005-03-31": "-3.71300"}, "EBITDA": {"2020-09-30": "495.66710", "2020-06-30": "120.47290", "2020-03-31": "169.33990", "2019-12-31": "262.18560", "2019-09-30": "375.66000", "2019-06-30": "199.03000", "2019-03-31": "81.54600", "2018-12-31": "181.76040", "2018-09-30": "378.88810", "2018-06-30": "135.51000", "2018-03-31": "-35.68600", "2017-12-31": "332.46350", "2017-09-30": "414.89200", "2017-06-30": "151.14200", "2017-03-31": "119.49610", "2016-12-31": "312.65710", "2016-09-30": "409.30990", "2016-06-30": "130.56300", "2016-03-31": "125.91900", "2015-12-31": "304.94180", "2015-09-30": "359.69800", "2015-06-30": "125.41310", "2015-03-31": "99.65600", "2014-12-31": "272.22010", "2014-09-30": "355.45510", "2014-06-30": "129.73900", "2014-03-31": "83.01300", "2013-12-31": "265.12120", "2013-09-30": "263.26590", "2013-06-30": "120.26400", "2013-03-31": "47.11700", "2012-12-31": "256.38690", "2012-09-30": "306.42610", "2012-06-30": "132.23190", "2012-03-31": "48.82700", "2011-12-31": "277.34600", "2011-09-30": "303.39000", "2011-06-30": "126.45300", "2011-03-31": "83.05800", "2010-12-31": "253.10970", "2010-09-30": "285.90510", "2010-06-30": "118.61600", "2010-03-31": "98.62700", "2009-12-31": "293.92400", "2009-09-30": "282.15800", "2009-06-30": "117.14700", "2009-03-31": "76.33200", "2008-12-31": "194.36510", "2008-09-30": "264.45300", "2008-06-30": "106.61200", "2008-03-31": "95.00390", "2007-12-31": "236.33300", "2007-09-30": "255.87700", "2007-06-30": "95.11500", "2007-03-31": "88.54500", "2006-12-31": "227.53290", "2006-09-30": "207.73600", "2006-06-30": "58.08000", "2006-03-31": "29.72100", "2005-12-31": "196.33810", "2005-09-30": "182.02200", "2005-06-30": "72.63700", "2005-03-31": "39.65600"}, "EBIT": {"2020-09-30": "336.55810", "2020-06-30": "2.17490", "2020-03-31": "-23.28310", "2019-12-31": "190.37980", "2019-09-30": "297.21000", "2019-06-30": "128.33300", "2019-03-31": "36.12700", "2018-12-31": "10.54720", "2018-09-30": "313.33610", "2018-06-30": "87.58800", "2018-03-31": "-80.41900", "2017-12-31": "271.08830", "2017-09-30": "360.94400", "2017-06-30": "99.98400", "2017-03-31": "78.34310", "2016-12-31": "255.15690", "2016-09-30": "362.10100", "2016-06-30": "84.87400", "2016-03-31": "85.91600", "2015-12-31": "258.70090", "2015-09-30": "303.52700", "2015-06-30": "75.50010", "2015-03-31": "54.20500", "2014-12-31": "223.54890", "2014-09-30": "285.81410", "2014-06-30": "82.56400", "2014-03-31": "43.44800", "2013-12-31": "183.67220", "2013-09-30": "198.70590", "2013-06-30": "74.08800", "2013-03-31": "10.62700", "2012-12-31": "200.15500", "2012-09-30": "249.62210", "2012-06-30": "86.28190", "2012-03-31": "15.72600", "2011-12-31": "216.57890", "2011-09-30": "248.07200", "2011-06-30": "80.40700", "2011-03-31": "48.92300", "2010-12-31": "201.04880", "2010-09-30": "237.75710", "2010-06-30": "79.72600", "2010-03-31": "69.32700", "2009-12-31": "243.59890", "2009-09-30": "230.70900", "2009-06-30": "73.07300", "2009-03-31": "41.21700", "2008-12-31": "151.60910", "2008-09-30": "215.92500", "2008-06-30": "65.50900", "2008-03-31": "61.25290", "2007-12-31": "200.10880", "2007-09-30": "209.73700", "2007-06-30": "55.77700", "2007-03-31": "53.72700", "2006-12-31": "192.69280", "2006-09-30": "165.19700", "2006-06-30": "20.59900", "2006-03-31": "-2.12600", "2005-12-31": "153.58300", "2005-09-30": "128.27800", "2005-06-30": "27.12000", "2005-03-31": "1.54000"}, "Basic Shares Outstanding": {"2020-09-30": "137.25800", "2020-06-30": "137.23800", "2020-03-31": "137.14700", "2019-12-31": "127.89600", "2019-09-30": "126.45300", "2019-06-30": "126.32900", "2019-03-31": "126.28700", "2018-12-31": "126.13200", "2018-09-30": "126.45300", "2018-06-30": "125.71100", "2018-03-31": "125.07300", "2017-12-31": "125.03900", "2017-09-30": "125.17000", "2017-06-30": "125.26300", "2017-03-31": "125.18200", "2016-12-31": "125.29200", "2016-09-30": "125.50000", "2016-06-30": "125.47500", "2016-03-31": "125.26600", "2015-12-31": "125.00600", "2015-09-30": "125.10000", "2015-06-30": "125.09300", "2015-03-31": "124.85300", "2014-12-31": "128.41100", "2014-09-30": "126.91700", "2014-06-30": "129.38100", "2014-03-31": "131.23200", "2013-12-31": "130.18600", "2013-09-30": "130.25300", "2013-06-30": "129.38100", "2013-03-31": "129.34000", "2012-12-31": "130.06700", "2012-09-30": "130.61900", "2012-06-30": "130.29400", "2012-03-31": "129.56900", "2011-12-31": "133.82300", "2011-09-30": "132.44800", "2011-06-30": "136.07300", "2011-03-31": "137.64500", "2010-12-31": "139.07900", "2010-09-30": "138.19900", "2010-06-30": "143.80100", "2010-03-31": "137.32000", "2009-12-31": "139.48700", "2009-09-30": "139.81400", "2009-06-30": "139.96700", "2009-03-31": "140.04700", "2008-12-31": "140.87700", "2008-09-30": "141.56700", "2008-06-30": "140.24600", "2008-03-31": "142.31400", "2007-12-31": "156.05400", "2007-09-30": "156.02700", "2007-06-30": "160.39800", "2007-03-31": "160.92400", "2006-12-31": "167.10000", "2006-09-30": "161.30300", "2006-06-30": "169.64800", "2006-03-31": "177.02900", "2005-12-31": "178.30300", "2005-09-30": "178.93100", "2005-06-30": "178.46300", "2005-03-31": "177.76300"}, "Shares Outstanding": {"2020-09-30": "137.49000", "2020-06-30": "137.23800", "2020-03-31": "137.14700", "2019-12-31": "128.49900", "2019-09-30": "127.20400", "2019-06-30": "126.84700", "2019-03-31": "126.81600", "2018-12-31": "126.89000", "2018-09-30": "127.16100", "2018-06-30": "126.33500", "2018-03-31": "125.07300", "2017-12-31": "127.03100", "2017-09-30": "127.15000", "2017-06-30": "127.36700", "2017-03-31": "127.22900", "2016-12-31": "126.96600", "2016-09-30": "125.50000", "2016-06-30": "127.04100", "2016-03-31": "126.94800", "2015-12-31": "126.68800", "2015-09-30": "126.91700", "2015-06-30": "126.80600", "2015-03-31": "126.34200", "2014-12-31": "129.88600", "2014-09-30": "128.70300", "2014-06-30": "130.93000", "2014-03-31": "132.73300", "2013-12-31": "131.78800", "2013-09-30": "131.84500", "2013-06-30": "130.93000", "2013-03-31": "129.34000", "2012-12-31": "131.92600", "2012-09-30": "132.48300", "2012-06-30": "132.11800", "2012-03-31": "129.56900", "2011-12-31": "133.82300", "2011-09-30": "134.92400", "2011-06-30": "139.24100", "2011-03-31": "140.95300", "2010-12-31": "145.67000", "2010-09-30": "141.71500", "2010-06-30": "148.47400", "2010-03-31": "151.28200", "2009-12-31": "152.78000", "2009-09-30": "152.92100", "2009-06-30": "152.97900", "2009-03-31": "152.95600", "2008-12-31": "155.23000", "2008-09-30": "156.18000", "2008-06-30": "155.08100", "2008-03-31": "156.24600", "2007-12-31": "171.20500", "2007-09-30": "170.80700", "2007-06-30": "164.64300", "2007-03-31": "176.66100", "2006-12-31": "181.04300", "2006-09-30": "174.70700", "2006-06-30": "177.37600", "2006-03-31": "177.02900", "2005-12-31": "197.43600", "2005-09-30": "198.29200", "2005-06-30": "197.63000", "2005-03-31": "177.76300"}, "Basic EPS": {"2020-09-30": "1.61000", "2020-06-30": "-0.25000", "2020-03-31": "-0.51000", "2019-12-31": "2.07000", "2019-09-30": "1.68000", "2019-06-30": "0.11000", "2019-03-31": "0.21000", "2018-12-31": "0.09000", "2018-09-30": "2.08000", "2018-06-30": "0.48000", "2018-03-31": "-0.90000", "2017-12-31": "-0.04000", "2017-09-30": "2.12000", "2017-06-30": "0.54000", "2017-03-31": "0.55000", "2016-12-31": "1.54000", "2016-09-30": "2.05000", "2016-06-30": "0.42000", "2016-03-31": "0.39000", "2015-12-31": "1.41000", "2015-09-30": "1.66000", "2015-06-30": "0.33000", "2015-03-31": "0.21000", "2014-12-31": "1.32000", "2014-09-30": "1.42000", "2014-06-30": "0.26000", "2014-03-31": "0.24000", "2013-12-31": "1.00000", "2013-09-30": "0.97000", "2013-06-30": "0.28000", "2013-03-31": "-0.05000", "2012-12-31": "1.01000", "2012-09-30": "1.26000", "2012-06-30": "0.33000", "2012-03-31": "-0.02000", "2011-12-31": "1.04000", "2011-09-30": "1.29000", "2011-06-30": "0.43000", "2011-03-31": "0.12000", "2010-12-31": "1.01000", "2010-09-30": "1.12000", "2010-06-30": "0.30000", "2010-03-31": "0.43000", "2009-12-31": "1.19000", "2009-09-30": "1.08000", "2009-06-30": "0.28000", "2009-03-31": "0.14000", "2008-12-31": "0.67000", "2008-09-30": "0.98000", "2008-06-30": "0.27000", "2008-03-31": "0.26000", "2007-12-31": "0.86000", "2007-09-30": "1.04000", "2007-06-30": "0.03000", "2007-03-31": "0.20000", "2006-12-31": "0.63000", "2006-09-30": "0.62000", "2006-06-30": "0.16000", "2006-03-31": "-0.03000", "2005-12-31": "0.53000", "2005-09-30": "0.51000", "2005-06-30": "0.17000", "2005-03-31": "-0.02000"}, "EPS - Earnings Per Share": {"2020-09-30": "1.61000", "2020-06-30": "-0.25000", "2020-03-31": "-0.51000", "2019-12-31": "2.06000", "2019-09-30": "1.67000", "2019-06-30": "0.11000", "2019-03-31": "0.21000", "2018-12-31": "0.10000", "2018-09-30": "2.06000", "2018-06-30": "0.48000", "2018-03-31": "-0.90000", "2017-12-31": "-0.04000", "2017-09-30": "2.09000", "2017-06-30": "0.53000", "2017-03-31": "0.54000", "2016-12-31": "1.52000", "2016-09-30": "2.03000", "2016-06-30": "0.41000", "2016-03-31": "0.38000", "2015-12-31": "1.39000", "2015-09-30": "1.64000", "2015-06-30": "0.33000", "2015-03-31": "0.21000", "2014-12-31": "1.30000", "2014-09-30": "1.40000", "2014-06-30": "0.26000", "2014-03-31": "0.24000", "2013-12-31": "0.98000", "2013-09-30": "0.96000", "2013-06-30": "0.28000", "2013-03-31": "-0.05000", "2012-12-31": "1.00000", "2012-09-30": "1.24000", "2012-06-30": "0.33000", "2012-03-31": "-0.02000", "2011-12-31": "1.01000", "2011-09-30": "1.27000", "2011-06-30": "0.42000", "2011-03-31": "0.12000", "2010-12-31": "0.96000", "2010-09-30": "1.09000", "2010-06-30": "0.29000", "2010-03-31": "0.40000", "2009-12-31": "1.09000", "2009-09-30": "0.99000", "2009-06-30": "0.26000", "2009-03-31": "0.14000", "2008-12-31": "0.61000", "2008-09-30": "0.89000", "2008-06-30": "0.25000", "2008-03-31": "0.25000", "2007-12-31": "0.80000", "2007-09-30": "0.95000", "2007-06-30": "0.03000", "2007-03-31": "0.19000", "2006-12-31": "0.67000", "2006-09-30": "0.58000", "2006-06-30": "0.07000", "2006-03-31": "-0.03000", "2005-12-31": "0.51000", "2005-09-30": "0.47000", "2005-06-30": "0.13000", "2005-03-31": "-0.02000"}}, "balance sheet": {"Cash On Hand": {"2019-12-31": "4580.36900", "2018-12-31": "1182.37100", "2017-12-31": "1581.23400", "2016-12-31": "1282.28500", "2015-12-31": "976.75000", "2014-12-31": "893.16700", "2013-12-31": "682.44900", "2012-12-31": "849.70100", "2011-12-31": "641.68800", "2010-12-31": "727.79600", "2009-12-31": "636.04500", "2008-12-31": "630.39000", "2007-12-31": "774.45800", "2006-12-31": "715.40000", "2005-12-31": "942.26800"}, "Receivables": {"2019-12-31": "1410.59700", "2018-12-31": "1188.05200", "2017-12-31": "1405.39900", "2016-12-31": "1319.96300", "2015-12-31": "1217.85000", "2014-12-31": "1094.67300", "2013-12-31": "1093.62000", "2012-12-31": "1029.95900", "2011-12-31": "1034.58000", "2010-12-31": "961.25200", "2009-12-31": "1038.80200", "2008-12-31": "611.76600", "2007-12-31": "654.78900", "2006-12-31": "556.28700", "2005-12-31": "523.23200"}, "Inventory": {"2019-12-31": "446.10500", "2018-12-31": "443.38300", "2017-12-31": "433.29300", "2016-12-31": "387.67500", "2015-12-31": "384.49200", "2014-12-31": "339.57200", "2013-12-31": "348.79400", "2012-12-31": "316.04900", "2011-12-31": "333.99300", "2010-12-31": "364.19400", "2009-12-31": "207.89500", "2008-12-31": "300.46300", "2007-12-31": "259.08100", "2006-12-31": "203.33700", "2005-12-31": "179.39800"}, "Pre-Paid Expenses": {"2019-12-31": "310.45000", "2018-12-31": "268.69800", "2017-12-31": "214.00000", "2016-12-31": "237.68400", "2015-12-31": "286.50600", "2014-12-31": "316.09300", "2013-12-31": "355.59400", "2012-12-31": "312.49300", "2011-12-31": "243.43100", "2010-12-31": "167.80700", "2009-12-31": "162.29000", "2008-12-31": "171.38700", "2007-12-31": "199.91200", "2006-12-31": "243.29100", "2005-12-31": "185.29700"}, "Other Current Assets": {"2019-12-31": "", "2018-12-31": "", "2017-12-31": "", "2016-12-31": "", "2015-12-31": "", "2014-12-31": "", "2013-12-31": "", "2012-12-31": "", "2011-12-31": "", "2010-12-31": "", "2009-12-31": "", "2008-12-31": "", "2007-12-31": "", "2006-12-31": "", "2005-12-31": ""}, "Total Current Assets": {"2019-12-31": "6747.52100", "2018-12-31": "3082.50400", "2017-12-31": "3633.92600", "2016-12-31": "3227.60700", "2015-12-31": "2865.59800", "2014-12-31": "2643.50500", "2013-12-31": "2480.45700", "2012-12-31": "2508.20200", "2011-12-31": "2253.69200", "2010-12-31": "2221.04900", "2009-12-31": "2045.03200", "2008-12-31": "1714.00600", "2007-12-31": "1888.24000", "2006-12-31": "1718.31500", "2005-12-31": "1830.19500"}, "Property, Plant, And Equipment": {"2019-12-31": "382.24800", "2018-12-31": "256.47300", "2017-12-31": "259.71000", "2016-12-31": "267.39800", "2015-12-31": "237.52700", "2014-12-31": "237.48900", "2013-12-31": "236.26300", "2012-12-31": "230.41400", "2011-12-31": "218.02100", "2010-12-31": "233.58000", "2009-12-31": "220.70600", "2008-12-31": "211.70700", "2007-12-31": "187.96000", "2006-12-31": "181.72600", "2005-12-31": "164.04500"}, "Long-Term Investments": {"2019-12-31": "", "2018-12-31": "", "2017-12-31": "", "2016-12-31": "", "2015-12-31": "", "2014-12-31": "", "2013-12-31": "", "2012-12-31": "", "2011-12-31": "", "2010-12-31": "", "2009-12-31": "", "2008-12-31": "", "2007-12-31": "", "2006-12-31": "", "2005-12-31": ""}, "Goodwill And Intangible Assets": {"2019-12-31": "1140.88900", "2018-12-31": "1179.72300", "2017-12-31": "790.44500", "2016-12-31": "816.50400", "2015-12-31": "873.50200", "2014-12-31": "917.96600", "2013-12-31": "970.31990", "2012-12-31": "891.58400", "2011-12-31": "942.08500", "2010-12-31": "975.41000", "2009-12-31": "1030.49800", "2008-12-31": "1042.90900", "2007-12-31": "957.40900", "2006-12-31": "1002.19500", "2005-12-31": "1080.49400"}, "Other Long-Term Assets": {"2019-12-31": "584.97000", "2018-12-31": "744.28800", "2017-12-31": "605.90200", "2016-12-31": "779.85700", "2015-12-31": "744.09000", "2014-12-31": "719.14000", "2013-12-31": "715.22700", "2012-12-31": "695.18700", "2011-12-31": "716.97600", "2010-12-31": "663.18700", "2009-12-31": "600.65600", "2008-12-31": "200.17500", "2007-12-31": "203.45400", "2006-12-31": "194.66900", "2005-12-31": "226.40900"}, "Total Long-Term Assets": {"2019-12-31": "2108.10700", "2018-12-31": "2180.48400", "2017-12-31": "1656.05700", "2016-12-31": "1863.75900", "2015-12-31": "1855.11900", "2014-12-31": "1874.59500", "2013-12-31": "1921.81000", "2012-12-31": "1817.18500", "2011-12-31": "1877.08200", "2010-12-31": "1872.17700", "2009-12-31": "1851.86000", "2008-12-31": "1454.79100", "2007-12-31": "1348.82300", "2006-12-31": "1378.59000", "2005-12-31": "1470.94800"}, "Total Assets": {"2019-12-31": "8855.62800", "2018-12-31": "5262.98800", "2017-12-31": "5289.98300", "2016-12-31": "5091.36600", "2015-12-31": "4720.71700", "2014-12-31": "4518.10000", "2013-12-31": "4402.26700", "2012-12-31": "4325.38700", "2011-12-31": "4130.77400", "2010-12-31": "4093.22600", "2009-12-31": "3896.89200", "2008-12-31": "3168.79700", "2007-12-31": "3237.06300", "2006-12-31": "3096.90500", "2005-12-31": "3301.14300"}, "Total Current Liabilities": {"2019-12-31": "1257.08200", "2018-12-31": "1274.32400", "2017-12-31": "1251.69700", "2016-12-31": "1617.85900", "2015-12-31": "1064.64700", "2014-12-31": "1071.68400", "2013-12-31": "1363.28000", "2012-12-31": "960.43500", "2011-12-31": "942.34400", "2010-12-31": "718.80100", "2009-12-31": "815.88800", "2008-12-31": "799.89200", "2007-12-31": "887.67100", "2006-12-31": "905.89300", "2005-12-31": "910.72600"}, "Long Term Debt": {"2019-12-31": "4046.45700", "2018-12-31": "1695.09200", "2017-12-31": "1693.60900", "2016-12-31": "1198.67900", "2015-12-31": "1547.11500", "2014-12-31": "1545.85300", "2013-12-31": "959.89500", "2012-12-31": "1396.42100", "2011-12-31": "1400.87200", "2010-12-31": "1397.68100", "2009-12-31": "1131.99800", "2008-12-31": "709.72300", "2007-12-31": "709.72300", "2006-12-31": "494.91700", "2005-12-31": "495.61900"}, "Other Non-Current Liabilities": {"2019-12-31": "556.55900", "2018-12-31": "539.08600", "2017-12-31": "514.72000", "2016-12-31": "389.38800", "2015-12-31": "404.88300", "2014-12-31": "392.16900", "2013-12-31": "351.30400", "2012-12-31": "461.15200", "2011-12-31": "370.04300", "2010-12-31": "361.32400", "2009-12-31": "354.23400", "2008-12-31": "268.39600", "2007-12-31": "254.57700", "2006-12-31": "158.20500", "2005-12-31": "171.32200"}, "Total Long Term Liabilities": {"2019-12-31": "4603.01600", "2018-12-31": "2234.17800", "2017-12-31": "2208.32900", "2016-12-31": "1610.77100", "2015-12-31": "1992.16800", "2014-12-31": "1980.75200", "2013-12-31": "1356.64400", "2012-12-31": "1857.57300", "2011-12-31": "1770.91500", "2010-12-31": "1759.00500", "2009-12-31": "1486.23200", "2008-12-31": "978.11900", "2007-12-31": "964.30000", "2006-12-31": "653.12200", "2005-12-31": "666.94100"}, "Total Liabilities": {"2019-12-31": "5860.09800", "2018-12-31": "3508.50200", "2017-12-31": "3460.02600", "2016-12-31": "3228.63000", "2015-12-31": "3056.81500", "2014-12-31": "3052.43600", "2013-12-31": "2719.92400", "2012-12-31": "2818.00800", "2011-12-31": "2713.25900", "2010-12-31": "2477.80600", "2009-12-31": "2302.12000", "2008-12-31": "1778.01100", "2007-12-31": "1851.97100", "2006-12-31": "1559.01500", "2005-12-31": "1577.66700"}, "Common Stock Net": {"2019-12-31": "110.14300", "2018-12-31": "104.84700", "2017-12-31": "104.84700", "2016-12-31": "104.84700", "2015-12-31": "104.84700", "2014-12-31": "104.84700", "2013-12-31": "104.84700", "2012-12-31": "104.84700", "2011-12-31": "104.84700", "2010-12-31": "104.84700", "2009-12-31": "104.84700", "2008-12-31": "104.84700", "2007-12-31": "104.84700", "2006-12-31": "104.84700", "2005-12-31": "104.84700"}, "Retained Earnings (Accumulated Deficit)": {"2019-12-31": "4354.61900", "2018-12-31": "4184.37400", "2017-12-31": "4260.22200", "2016-12-31": "4148.72200", "2015-12-31": "3852.32100", "2014-12-31": "3630.07200", "2013-12-31": "3432.17600", "2012-12-31": "3354.54500", "2011-12-31": "3205.42000", "2010-12-31": "2978.31700", "2009-12-31": "2720.54900", "2008-12-31": "2456.65000", "2007-12-31": "2261.56100", "2006-12-31": "2020.34800", "2005-12-31": "1869.00700"}, "Comprehensive Income": {"2019-12-31": "-184.22000", "2018-12-31": "-294.51400", "2017-12-31": "-239.42500", "2016-12-31": "-194.57000", "2015-12-31": "-146.00100", "2014-12-31": "-95.45400", "2013-12-31": "-34.13500", "2012-12-31": "-72.30700", "2011-12-31": "-35.94300", "2010-12-31": "8.14900", "2009-12-31": "58.63100", "2008-12-31": "62.25600", "2007-12-31": "74.93800", "2006-12-31": "11.18600", "2005-12-31": "15.34800"}, "Other Share Holders Equity": {"2019-12-31": "", "2018-12-31": "", "2017-12-31": "", "2016-12-31": "", "2015-12-31": "", "2014-12-31": "", "2013-12-31": "", "2012-12-31": "", "2011-12-31": "", "2010-12-31": "", "2009-12-31": "", "2008-12-31": "", "2007-12-31": "", "2006-12-31": "", "2005-12-31": ""}, "Share Holder Equity": {"2019-12-31": "2995.53000", "2018-12-31": "1754.48600", "2017-12-31": "1829.95700", "2016-12-31": "1862.73600", "2015-12-31": "1663.90200", "2014-12-31": "1465.66400", "2013-12-31": "1682.34300", "2012-12-31": "1507.37900", "2011-12-31": "1417.51500", "2010-12-31": "1615.42000", "2009-12-31": "1594.77200", "2008-12-31": "1390.78600", "2007-12-31": "1385.09200", "2006-12-31": "1537.89000", "2005-12-31": "1723.47600"}, "Total Liabilities And Share Holders Equity": {"2019-12-31": "8855.62800", "2018-12-31": "5262.98800", "2017-12-31": "5289.98300", "2016-12-31": "5091.36600", "2015-12-31": "4720.71700", "2014-12-31": "4518.10000", "2013-12-31": "4402.26700", "2012-12-31": "4325.38700", "2011-12-31": "4130.77400", "2010-12-31": "4093.22600", "2009-12-31": "3896.89200", "2008-12-31": "3168.79700", "2007-12-31": "3237.06300", "2006-12-31": "3096.90500", "2005-12-31": "3301.14300"}}, "balance sheet, quarterly": {"Cash On Hand": {"2020-09-30": "1132.40500", "2020-06-30": "1038.01600", "2020-03-31": "1237.88400", "2019-12-31": "4580.36900", "2019-09-30": "1060.43200", "2019-06-30": "1151.04200", "2019-03-31": "1196.63400", "2018-12-31": "1182.37100", "2018-09-30": "907.10700", "2018-06-30": "1159.07200", "2018-03-31": "1598.94400", "2017-12-31": "1581.23400", "2017-09-30": "1244.77800", "2017-06-30": "1433.50000", "2017-03-31": "1463.08100", "2016-12-31": "1282.28500", "2016-09-30": "830.37200", "2016-06-30": "924.09800", "2016-03-31": "1095.88000", "2015-12-31": "976.75000", "2015-09-30": "551.29200", "2015-06-30": "858.45800", "2015-03-31": "1081.39700", "2014-12-31": "893.16700", "2014-09-30": "452.18400", "2014-06-30": "586.15100", "2014-03-31": "792.24900", "2013-12-31": "682.44900", "2013-09-30": "588.66800", "2013-06-30": "1022.34500", "2013-03-31": "1067.03900", "2012-12-31": "849.70100", "2012-09-30": "696.73300", "2012-06-30": "779.93100", "2012-03-31": "883.82400", "2011-12-31": "641.68800", "2011-09-30": "186.96200", "2011-06-30": "584.77800", "2011-03-31": "927.42200", "2010-12-31": "727.79600", "2010-09-30": "497.90300", "2010-06-30": "872.27500", "2010-03-31": "1259.79900", "2009-12-31": "636.04500", "2009-09-30": "297.35800", "2009-06-30": "392.03400", "2009-03-31": "590.38800", "2008-12-31": "630.39000", "2008-09-30": "356.51200", "2008-06-30": "594.62100", "2008-03-31": "832.18000", "2007-12-31": "774.45800", "2007-09-30": "410.94100", "2007-06-30": "525.57300", "2007-03-31": "703.59400", "2006-12-31": "715.40000", "2006-09-30": "309.10000", "2006-06-30": "489.71200", "2006-03-31": "728.97000", "2005-12-31": "942.26800", "2005-09-30": "570.49900", "2005-06-30": "642.83100", "2005-03-31": "876.89100"}, "Receivables": {"2020-09-30": "1438.36000", "2020-06-30": "911.32000", "2020-03-31": "963.82300", "2019-12-31": "1410.59700", "2019-09-30": "1416.87900", "2019-06-30": "805.28800", "2019-03-31": "638.41700", "2018-12-31": "1188.05200", "2018-09-30": "1391.24200", "2018-06-30": "739.26800", "2018-03-31": "612.69800", "2017-12-31": "1405.39900", "2017-09-30": "1655.75200", "2017-06-30": "846.54700", "2017-03-31": "676.94500", "2016-12-31": "1319.96300", "2016-09-30": "1452.93100", "2016-06-30": "703.82100", "2016-03-31": "670.66300", "2015-12-31": "1217.85000", "2015-09-30": "1390.27400", "2015-06-30": "709.43700", "2015-03-31": "563.30100", "2014-12-31": "1094.67300", "2014-09-30": "1314.02200", "2014-06-30": "738.89900", "2014-03-31": "552.47100", "2013-12-31": "1093.62000", "2013-09-30": "1215.28900", "2013-06-30": "640.50300", "2013-03-31": "509.27600", "2012-12-31": "1029.95900", "2012-09-30": "1195.51700", "2012-06-30": "651.41000", "2012-03-31": "456.58000", "2011-12-31": "1034.58000", "2011-09-30": "1260.52100", "2011-06-30": "837.97200", "2011-03-31": "558.98000", "2010-12-31": "961.25200", "2010-09-30": "1210.46000", "2010-06-30": "663.48400", "2010-03-31": "526.03100", "2009-12-31": "1038.80200", "2009-09-30": "1116.03300", "2009-06-30": "652.55700", "2009-03-31": "365.03700", "2008-12-31": "611.76600", "2008-09-30": "946.92900", "2008-06-30": "562.50200", "2008-03-31": "388.69300", "2007-12-31": "654.78900", "2007-09-30": "892.70800", "2007-06-30": "417.68700", "2007-03-31": "327.12400", "2006-12-31": "556.28700", "2006-09-30": "679.36300", "2006-06-30": "290.48000", "2006-03-31": "221.86000", "2005-12-31": "523.23200", "2005-09-30": "681.46900", "2005-06-30": "348.20000", "2005-03-31": "199.59400"}, "Inventory": {"2020-09-30": "540.03900", "2020-06-30": "564.16800", "2020-03-31": "444.40600", "2019-12-31": "446.10500", "2019-09-30": "589.13200", "2019-06-30": "564.76900", "2019-03-31": "491.75100", "2018-12-31": "443.38300", "2018-09-30": "610.91800", "2018-06-30": "610.24800", "2018-03-31": "517.43900", "2017-12-31": "433.29300", "2017-09-30": "629.12000", "2017-06-30": "557.50700", "2017-03-31": "416.23200", "2016-12-31": "387.67500", "2016-09-30": "607.70100", "2016-06-30": "572.39100", "2016-03-31": "461.73400", "2015-12-31": "384.49200", "2015-09-30": "447.09000", "2015-06-30": "403.78900", "2015-03-31": "340.65400", "2014-12-31": "339.57200", "2014-09-30": "499.15000", "2014-06-30": "492.82200", "2014-03-31": "390.82400", "2013-12-31": "348.79400", "2013-09-30": "447.11300", "2013-06-30": "359.96900", "2013-03-31": "323.75400", "2012-12-31": "316.04900", "2012-09-30": "463.43300", "2012-06-30": "416.90500", "2012-03-31": "396.98100", "2011-12-31": "333.99300", "2011-09-30": "518.86600", "2011-06-30": "426.93000", "2011-03-31": "401.30900", "2010-12-31": "364.19400", "2010-09-30": "467.95300", "2010-06-30": "342.11300", "2010-03-31": "226.78400", "2009-12-31": "207.89500", "2009-09-30": "399.91700", "2009-06-30": "346.81400", "2009-03-31": "295.24800", "2008-12-31": "300.46300", "2008-09-30": "461.60100", "2008-06-30": "375.03300", "2008-03-31": "291.19900", "2007-12-31": "259.08100", "2007-09-30": "395.46600", "2007-06-30": "352.45700", "2007-03-31": "265.40200", "2006-12-31": "203.33700", "2006-09-30": "312.04100", "2006-06-30": "258.50000", "2006-03-31": "213.18300", "2005-12-31": "179.39800", "2005-09-30": "330.77900", "2005-06-30": "262.47100", "2005-03-31": "232.66000"}, "Pre-Paid Expenses": {"2020-09-30": "648.15800", "2020-06-30": "672.16300", "2020-03-31": "672.39000", "2019-12-31": "310.45000", "2019-09-30": "346.68700", "2019-06-30": "308.99600", "2019-03-31": "305.05600", "2018-12-31": "268.69800", "2018-09-30": "283.18300", "2018-06-30": "319.04500", "2018-03-31": "292.75600", "2017-12-31": "214.00000", "2017-09-30": "232.59000", "2017-06-30": "257.25100", "2017-03-31": "243.47500", "2016-12-31": "237.68400", "2016-09-30": "255.98300", "2016-06-30": "323.04600", "2016-03-31": "295.80600", "2015-12-31": "286.50600", "2015-09-30": "320.89500", "2015-06-30": "360.10100", "2015-03-31": "346.72600", "2014-12-31": "316.09300", "2014-09-30": "380.83300", "2014-06-30": "386.33300", "2014-03-31": "406.56100", "2013-12-31": "355.59400", "2013-09-30": "346.21500", "2013-06-30": "343.38500", "2013-03-31": "350.32700", "2012-12-31": "312.49300", "2012-09-30": "263.29700", "2012-06-30": "297.58000", "2012-03-31": "281.51700", "2011-12-31": "243.43100", "2011-09-30": "243.95600", "2011-06-30": "196.42500", "2011-03-31": "173.07000", "2010-12-31": "167.80700", "2010-09-30": "170.39400", "2010-06-30": "201.96200", "2010-03-31": "200.22600", "2009-12-31": "162.29000", "2009-09-30": "178.59700", "2009-06-30": "210.82400", "2009-03-31": "199.14700", "2008-12-31": "171.38700", "2008-09-30": "177.57600", "2008-06-30": "187.20000", "2008-03-31": "210.73900", "2007-12-31": "199.91200", "2007-09-30": "135.02300", "2007-06-30": "159.25100", "2007-03-31": "171.48800", "2006-12-31": "243.29100", "2006-09-30": "163.71600", "2006-06-30": "133.71900", "2006-03-31": "122.12700", "2005-12-31": "185.29700", "2005-09-30": "99.38600", "2005-06-30": "116.68000", "2005-03-31": "138.82800"}, "Other Current Assets": {"2020-09-30": "", "2020-06-30": "", "2020-03-31": "", "2019-12-31": "", "2019-09-30": "", "2019-06-30": "", "2019-03-31": "", "2018-12-31": "", "2018-09-30": "", "2018-06-30": "", "2018-03-31": "", "2017-12-31": "", "2017-09-30": "", "2017-06-30": "", "2017-03-31": "", "2016-12-31": "", "2016-09-30": "", "2016-06-30": "", "2016-03-31": "", "2015-12-31": "", "2015-09-30": "", "2015-06-30": "", "2015-03-31": "", "2014-12-31": "", "2014-09-30": "", "2014-06-30": "", "2014-03-31": "", "2013-12-31": "", "2013-09-30": "", "2013-06-30": "", "2013-03-31": "", "2012-12-31": "", "2012-09-30": "", "2012-06-30": "", "2012-03-31": "", "2011-12-31": "", "2011-09-30": "", "2011-06-30": "", "2011-03-31": "", "2010-12-31": "", "2010-09-30": "", "2010-06-30": "", "2010-03-31": "", "2009-12-31": "", "2009-09-30": "", "2009-06-30": "", "2009-03-31": "", "2008-12-31": "", "2008-09-30": "", "2008-06-30": "", "2008-03-31": "", "2007-12-31": "", "2007-09-30": "", "2007-06-30": "", "2007-03-31": "", "2006-12-31": "", "2006-09-30": "", "2006-06-30": "", "2006-03-31": "", "2005-12-31": "", "2005-09-30": "", "2005-06-30": "", "2005-03-31": ""}, "Total Current Assets": {"2020-09-30": "3758.96200", "2020-06-30": "3185.66700", "2020-03-31": "3318.50300", "2019-12-31": "6747.52100", "2019-09-30": "3413.13000", "2019-06-30": "2830.09500", "2019-03-31": "2631.85800", "2018-12-31": "3082.50400", "2018-09-30": "3192.45000", "2018-06-30": "2827.63300", "2018-03-31": "3021.83700", "2017-12-31": "3633.92600", "2017-09-30": "3762.24000", "2017-06-30": "3094.80500", "2017-03-31": "2799.73300", "2016-12-31": "3227.60700", "2016-09-30": "3146.98700", "2016-06-30": "2523.35600", "2016-03-31": "2524.08300", "2015-12-31": "2865.59800", "2015-09-30": "2709.55100", "2015-06-30": "2331.78500", "2015-03-31": "2332.07800", "2014-12-31": "2643.50500", "2014-09-30": "2646.18900", "2014-06-30": "2204.20500", "2014-03-31": "2142.10500", "2013-12-31": "2480.45700", "2013-09-30": "2597.28500", "2013-06-30": "2366.20200", "2013-03-31": "2250.39600", "2012-12-31": "2508.20200", "2012-09-30": "2618.98000", "2012-06-30": "2145.82600", "2012-03-31": "2018.90200", "2011-12-31": "2253.69200", "2011-09-30": "2210.30500", "2011-06-30": "2046.10500", "2011-03-31": "2060.78100", "2010-12-31": "2221.04900", "2010-09-30": "2346.71000", "2010-06-30": "2079.83400", "2010-03-31": "2212.84000", "2009-12-31": "2045.03200", "2009-09-30": "1991.90500", "2009-06-30": "1602.22900", "2009-03-31": "1449.82000", "2008-12-31": "1714.00600", "2008-09-30": "1942.61800", "2008-06-30": "1719.35600", "2008-03-31": "1722.81100", "2007-12-31": "1888.24000", "2007-09-30": "1907.41800", "2007-06-30": "1533.94600", "2007-03-31": "1548.02800", "2006-12-31": "1718.31500", "2006-09-30": "1560.23900", "2006-06-30": "1268.35400", "2006-03-31": "1379.84300", "2005-12-31": "1830.19500", "2005-09-30": "1778.45400", "2005-06-30": "1462.42300", "2005-03-31": "1542.28000"}, "Property, Plant, And Equipment": {"2020-09-30": "477.15400", "2020-06-30": "482.21500", "2020-03-31": "455.94500", "2019-12-31": "382.24800", "2019-09-30": "371.88100", "2019-06-30": "387.37200", "2019-03-31": "395.62400", "2018-12-31": "256.47300", "2018-09-30": "255.15000", "2018-06-30": "265.90400", "2018-03-31": "262.41800", "2017-12-31": "259.71000", "2017-09-30": "263.86200", "2017-06-30": "268.97300", "2017-03-31": "270.02300", "2016-12-31": "267.39800", "2016-09-30": "247.23100", "2016-06-30": "242.60700", "2016-03-31": "241.25300", "2015-12-31": "237.52700", "2015-09-30": "219.65600", "2015-06-30": "225.91100", "2015-03-31": "243.58900", "2014-12-31": "237.48900", "2014-09-30": "228.01900", "2014-06-30": "236.88100", "2014-03-31": "236.89800", "2013-12-31": "236.26300", "2013-09-30": "231.19900", "2013-06-30": "237.77400", "2013-03-31": "232.90200", "2012-12-31": "230.41400", "2012-09-30": "217.63600", "2012-06-30": "223.38300", "2012-03-31": "222.82100", "2011-12-31": "218.02100", "2011-09-30": "220.41200", "2011-06-30": "239.20100", "2011-03-31": "238.40300", "2010-12-31": "233.58000", "2010-09-30": "221.16500", "2010-06-30": "218.85100", "2010-03-31": "220.52200", "2009-12-31": "220.70600", "2009-09-30": "216.25600", "2009-06-30": "222.93700", "2009-03-31": "217.91900", "2008-12-31": "211.70700", "2008-09-30": "207.79800", "2008-06-30": "210.64100", "2008-03-31": "201.68200", "2007-12-31": "187.96000", "2007-09-30": "181.36900", "2007-06-30": "184.90500", "2007-03-31": "184.27200", "2006-12-31": "181.72600", "2006-09-30": "163.76700", "2006-06-30": "164.05700", "2006-03-31": "162.47900", "2005-12-31": "164.04500", "2005-09-30": "160.39200", "2005-06-30": "171.76200", "2005-03-31": "201.69200"}, "Long-Term Investments": {"2020-09-30": "", "2020-06-30": "", "2020-03-31": "", "2019-12-31": "", "2019-09-30": "", "2019-06-30": "", "2019-03-31": "", "2018-12-31": "", "2018-09-30": "", "2018-06-30": "", "2018-03-31": "", "2017-12-31": "", "2017-09-30": "", "2017-06-30": "", "2017-03-31": "", "2016-12-31": "", "2016-09-30": "", "2016-06-30": "", "2016-03-31": "", "2015-12-31": "", "2015-09-30": "", "2015-06-30": "", "2015-03-31": "", "2014-12-31": "", "2014-09-30": "", "2014-06-30": "", "2014-03-31": "", "2013-12-31": "", "2013-09-30": "", "2013-06-30": "", "2013-03-31": "", "2012-12-31": "", "2012-09-30": "", "2012-06-30": "", "2012-03-31": "", "2011-12-31": "", "2011-09-30": "", "2011-06-30": "", "2011-03-31": "", "2010-12-31": "", "2010-09-30": "", "2010-06-30": "", "2010-03-31": "", "2009-12-31": "", "2009-09-30": "", "2009-06-30": "", "2009-03-31": "", "2008-12-31": "", "2008-09-30": "", "2008-06-30": "", "2008-03-31": "", "2007-12-31": "", "2007-09-30": "", "2007-06-30": "", "2007-03-31": "", "2006-12-31": "", "2006-09-30": "", "2006-06-30": "", "2006-03-31": "", "2005-12-31": "", "2005-09-30": "", "2005-06-30": "", "2005-03-31": ""}, "Goodwill And Intangible Assets": {"2020-09-30": "5190.92800", "2020-06-30": "5225.09500", "2020-03-31": "5188.42800", "2019-12-31": "1140.88900", "2019-09-30": "1143.39200", "2019-06-30": "1155.97900", "2019-03-31": "1167.59100", "2018-12-31": "1179.72300", "2018-09-30": "1304.62200", "2018-06-30": "1313.56400", "2018-03-31": "784.47800", "2017-12-31": "790.44500", "2017-09-30": "796.45700", "2017-06-30": "802.33100", "2017-03-31": "809.00600", "2016-12-31": "816.50400", "2016-09-30": "859.33700", "2016-06-30": "856.23100", "2016-03-31": "864.90910", "2015-12-31": "873.50200", "2015-09-30": "881.98100", "2015-06-30": "891.03300", "2015-03-31": "904.30000", "2014-12-31": "917.96600", "2014-09-30": "931.61300", "2014-06-30": "945.02500", "2014-03-31": "956.96300", "2013-12-31": "970.31990", "2013-09-30": "1008.24100", "2013-06-30": "867.97900", "2013-03-31": "879.96700", "2012-12-31": "891.58400", "2012-09-30": "907.14300", "2012-06-30": "919.68100", "2012-03-31": "931.63100", "2011-12-31": "942.08500", "2011-09-30": "954.86100", "2011-06-30": "964.85800", "2011-03-31": "965.25300", "2010-12-31": "975.41000", "2010-09-30": "987.69800", "2010-06-30": "1005.49400", "2010-03-31": "1017.34300", "2009-12-31": "1030.49800", "2009-09-30": "1056.61100", "2009-06-30": "1077.52200", "2009-03-31": "1022.33500", "2008-12-31": "1042.90900", "2008-09-30": "1068.46600", "2008-06-30": "1089.66400", "2008-03-31": "1017.97200", "2007-12-31": "957.40900", "2007-09-30": "971.86400", "2007-06-30": "968.05800", "2007-03-31": "984.44400", "2006-12-31": "1002.19500", "2006-09-30": "1025.74000", "2006-06-30": "1046.01300", "2006-03-31": "1062.45100", "2005-12-31": "1080.49400", "2005-09-30": "1102.73800", "2005-06-30": "1120.24700", "2005-03-31": "1082.91800"}, "Other Long-Term Assets": {"2020-09-30": "1276.13300", "2020-06-30": "1329.07300", "2020-03-31": "1461.48300", "2019-12-31": "584.97000", "2019-09-30": "626.22100", "2019-06-30": "665.16400", "2019-03-31": "739.70000", "2018-12-31": "744.28800", "2018-09-30": "743.10700", "2018-06-30": "706.75500", "2018-03-31": "660.33900", "2017-12-31": "605.90200", "2017-09-30": "722.08900", "2017-06-30": "746.63400", "2017-03-31": "767.10800", "2016-12-31": "779.85700", "2016-09-30": "701.59200", "2016-06-30": "722.19100", "2016-03-31": "734.45000", "2015-12-31": "744.09000", "2015-09-30": "755.95900", "2015-06-30": "768.96000", "2015-03-31": "767.14900", "2014-12-31": "719.14000", "2014-09-30": "702.98100", "2014-06-30": "752.48400", "2014-03-31": "693.47100", "2013-12-31": "715.22700", "2013-09-30": "753.42000", "2013-06-30": "706.34400", "2013-03-31": "697.38000", "2012-12-31": "695.18700", "2012-09-30": "702.52800", "2012-06-30": "725.83100", "2012-03-31": "723.78300", "2011-12-31": "716.97600", "2011-09-30": "699.14800", "2011-06-30": "690.58100", "2011-03-31": "675.90400", "2010-12-31": "663.18700", "2010-09-30": "660.04400", "2010-06-30": "669.49700", "2010-03-31": "627.31800", "2009-12-31": "600.65600", "2009-09-30": "596.55500", "2009-06-30": "575.48800", "2009-03-31": "237.74800", "2008-12-31": "200.17500", "2008-09-30": "187.87000", "2008-06-30": "185.65000", "2008-03-31": "184.01400", "2007-12-31": "203.45400", "2007-09-30": "225.52200", "2007-06-30": "222.03500", "2007-03-31": "175.38700", "2006-12-31": "194.66900", "2006-09-30": "213.03100", "2006-06-30": "256.94100", "2006-03-31": "292.00600", "2005-12-31": "226.40900", "2005-09-30": "230.05600", "2005-06-30": "243.28200", "2005-03-31": "200.85300"}, "Total Long-Term Assets": {"2020-09-30": "6944.21500", "2020-06-30": "7036.38300", "2020-03-31": "7105.85500", "2019-12-31": "2108.10700", "2019-09-30": "2141.49400", "2019-06-30": "2208.51500", "2019-03-31": "2302.91500", "2018-12-31": "2180.48400", "2018-09-30": "2302.87900", "2018-06-30": "2286.22300", "2018-03-31": "1707.23500", "2017-12-31": "1656.05700", "2017-09-30": "1782.40800", "2017-06-30": "1817.93800", "2017-03-31": "1846.13700", "2016-12-31": "1863.75900", "2016-09-30": "1808.16000", "2016-06-30": "1821.02900", "2016-03-31": "1840.61200", "2015-12-31": "1855.11900", "2015-09-30": "1857.59600", "2015-06-30": "1885.90400", "2015-03-31": "1915.03800", "2014-12-31": "1874.59500", "2014-09-30": "1862.61300", "2014-06-30": "1934.39000", "2014-03-31": "1887.33200", "2013-12-31": "1921.81000", "2013-09-30": "1992.86000", "2013-06-30": "1812.09700", "2013-03-31": "1810.24900", "2012-12-31": "1817.18500", "2012-09-30": "1827.30700", "2012-06-30": "1868.89500", "2012-03-31": "1878.23500", "2011-12-31": "1877.08200", "2011-09-30": "1874.42100", "2011-06-30": "1894.64000", "2011-03-31": "1879.56000", "2010-12-31": "1872.17700", "2010-09-30": "1868.90700", "2010-06-30": "1893.84200", "2010-03-31": "1865.18300", "2009-12-31": "1851.86000", "2009-09-30": "1869.42200", "2009-06-30": "1875.94700", "2009-03-31": "1478.00200", "2008-12-31": "1454.79100", "2008-09-30": "1464.13400", "2008-06-30": "1485.95500", "2008-03-31": "1403.66800", "2007-12-31": "1348.82300", "2007-09-30": "1378.75500", "2007-06-30": "1374.99800", "2007-03-31": "1344.10300", "2006-12-31": "1378.59000", "2006-09-30": "1402.53800", "2006-06-30": "1467.01100", "2006-03-31": "1516.93600", "2005-12-31": "1470.94800", "2005-09-30": "1493.18600", "2005-06-30": "1535.29100", "2005-03-31": "1485.46300"}, "Total Assets": {"2020-09-30": "10703.18000", "2020-06-30": "10222.05000", "2020-03-31": "10424.36000", "2019-12-31": "8855.62800", "2019-09-30": "5554.62400", "2019-06-30": "5038.61000", "2019-03-31": "4934.77300", "2018-12-31": "5262.98800", "2018-09-30": "5495.32900", "2018-06-30": "5113.85600", "2018-03-31": "4729.07200", "2017-12-31": "5289.98300", "2017-09-30": "5544.64800", "2017-06-30": "4912.74300", "2017-03-31": "4645.87000", "2016-12-31": "5091.36600", "2016-09-30": "4955.14700", "2016-06-30": "4344.38500", "2016-03-31": "4364.69500", "2015-12-31": "4720.71700", "2015-09-30": "4567.14700", "2015-06-30": "4217.68900", "2015-03-31": "4247.11600", "2014-12-31": "4518.10000", "2014-09-30": "4508.80200", "2014-06-30": "4138.59500", "2014-03-31": "4029.43700", "2013-12-31": "4402.26700", "2013-09-30": "4590.14500", "2013-06-30": "4178.29900", "2013-03-31": "4060.64500", "2012-12-31": "4325.38700", "2012-09-30": "4446.28700", "2012-06-30": "4014.72100", "2012-03-31": "3897.13700", "2011-12-31": "4130.77400", "2011-09-30": "4084.72600", "2011-06-30": "3940.74500", "2011-03-31": "3940.34100", "2010-12-31": "4093.22600", "2010-09-30": "4215.61700", "2010-06-30": "3973.67600", "2010-03-31": "4078.02300", "2009-12-31": "3896.89200", "2009-09-30": "3861.32700", "2009-06-30": "3478.17600", "2009-03-31": "2927.82200", "2008-12-31": "3168.79700", "2008-09-30": "3406.75200", "2008-06-30": "3205.31100", "2008-03-31": "3126.47900", "2007-12-31": "3237.06300", "2007-09-30": "3286.17300", "2007-06-30": "2908.94400", "2007-03-31": "2892.13100", "2006-12-31": "3096.90500", "2006-09-30": "2962.77700", "2006-06-30": "2735.36500", "2006-03-31": "2896.77900", "2005-12-31": "3301.14300", "2005-09-30": "3271.64000", "2005-06-30": "2997.71400", "2005-03-31": "3027.74300"}, "Total Current Liabilities": {"2020-09-30": "2315.54900", "2020-06-30": "1981.56500", "2020-03-31": "1738.55600", "2019-12-31": "1257.08200", "2019-09-30": "1466.73500", "2019-06-30": "1072.69600", "2019-03-31": "948.72500", "2018-12-31": "1274.32400", "2018-09-30": "1321.92300", "2018-06-30": "1052.44400", "2018-03-31": "852.52600", "2017-12-31": "1251.69700", "2017-09-30": "1484.75700", "2017-06-30": "1472.24700", "2017-03-31": "1201.81400", "2016-12-31": "1617.85900", "2016-09-30": "1615.71900", "2016-06-30": "745.02000", "2016-03-31": "768.37300", "2015-12-31": "1064.64700", "2015-09-30": "1039.56900", "2015-06-30": "800.88800", "2015-03-31": "817.06900", "2014-12-31": "1071.68400", "2014-09-30": "1014.02800", "2014-06-30": "724.69200", "2014-03-31": "1093.72100", "2013-12-31": "1363.28000", "2013-09-30": "1648.87900", "2013-06-30": "1296.72200", "2013-03-31": "741.67300", "2012-12-31": "960.43500", "2012-09-30": "1126.61900", "2012-06-30": "838.69300", "2012-03-31": "725.87700", "2011-12-31": "942.34400", "2011-09-30": "942.44300", "2011-06-30": "706.52500", "2011-03-31": "626.53200", "2010-12-31": "718.80100", "2010-09-30": "978.48600", "2010-06-30": "656.85500", "2010-03-31": "691.84300", "2009-12-31": "815.88800", "2009-09-30": "887.11500", "2009-06-30": "612.72300", "2009-03-31": "571.25200", "2008-12-31": "799.89200", "2008-09-30": "1105.40500", "2008-06-30": "939.06200", "2008-03-31": "895.88100", "2007-12-31": "887.67100", "2007-09-30": "970.95800", "2007-06-30": "619.36000", "2007-03-31": "622.03300", "2006-12-31": "905.89300", "2006-09-30": "900.81100", "2006-06-30": "639.75300", "2006-03-31": "639.46400", "2005-12-31": "910.72600", "2005-09-30": "1197.43800", "2005-06-30": "992.85600", "2005-03-31": "991.08600"}, "Long Term Debt": {"2020-09-30": "4777.80700", "2020-06-30": "4802.50900", "2020-03-31": "5156.29000", "2019-12-31": "4046.45700", "2019-09-30": "1696.20400", "2019-06-30": "1695.83300", "2019-03-31": "1695.46200", "2018-12-31": "1695.09200", "2018-09-30": "1694.72100", "2018-06-30": "1694.35000", "2018-03-31": "1693.97700", "2017-12-31": "1693.60900", "2017-09-30": "1693.26100", "2017-06-30": "1199.11400", "2017-03-31": "1198.89600", "2016-12-31": "1198.67900", "2016-09-30": "1198.46100", "2016-06-30": "1547.75300", "2016-03-31": "1547.43400", "2015-12-31": "1547.11500", "2015-09-30": "1546.79600", "2015-06-30": "1546.47700", "2015-03-31": "1546.16900", "2014-12-31": "1545.85300", "2014-09-30": "1559.89500", "2014-06-30": "1559.89500", "2014-03-31": "959.89500", "2013-12-31": "959.89500", "2013-09-30": "959.89500", "2013-06-30": "959.89500", "2013-03-31": "1394.38700", "2012-12-31": "1396.42100", "2012-09-30": "1398.90600", "2012-06-30": "1399.55700", "2012-03-31": "1400.94200", "2011-12-31": "1400.87200", "2011-09-30": "1405.07100", "2011-06-30": "1403.03100", "2011-03-31": "1396.69500", "2010-12-31": "1397.68100", "2010-09-30": "1404.55600", "2010-06-30": "1396.98000", "2010-03-31": "1390.48400", "2009-12-31": "1131.99800", "2009-09-30": "1134.72300", "2009-06-30": "1134.72300", "2009-03-31": "709.72300", "2008-12-31": "709.72300", "2008-09-30": "709.72300", "2008-06-30": "709.72300", "2008-03-31": "709.72300", "2007-12-31": "709.72300", "2007-09-30": "709.72300", "2007-06-30": "494.65800", "2007-03-31": "494.86400", "2006-12-31": "494.91700", "2006-09-30": "494.98900", "2006-06-30": "494.35900", "2006-03-31": "494.87100", "2005-12-31": "495.61900", "2005-09-30": "246.48000", "2005-06-30": "247.55400", "2005-03-31": "266.24200"}, "Other Non-Current Liabilities": {"2020-09-30": "778.51400", "2020-06-30": "771.69200", "2020-03-31": "738.96500", "2019-12-31": "556.55900", "2019-09-30": "550.77800", "2019-06-30": "554.21200", "2019-03-31": "636.05500", "2018-12-31": "539.08600", "2018-09-30": "591.40400", "2018-06-30": "600.31200", "2018-03-31": "611.21000", "2017-12-31": "514.72000", "2017-09-30": "410.37800", "2017-06-30": "408.88800", "2017-03-31": "393.51600", "2016-12-31": "389.38800", "2016-09-30": "364.37800", "2016-06-30": "402.61400", "2016-03-31": "402.34600", "2015-12-31": "404.88300", "2015-09-30": "396.77200", "2015-06-30": "400.43200", "2015-03-31": "396.13700", "2014-12-31": "392.16900", "2014-09-30": "392.36600", "2014-06-30": "357.76600", "2014-03-31": "337.21900", "2013-12-31": "351.30400", "2013-09-30": "410.67200", "2013-06-30": "465.65600", "2013-03-31": "461.49700", "2012-12-31": "461.15200", "2012-09-30": "393.87300", "2012-06-30": "376.98100", "2012-03-31": "372.92500", "2011-12-31": "370.04300", "2011-09-30": "355.97000", "2011-06-30": "362.57000", "2011-03-31": "386.12600", "2010-12-31": "361.32400", "2010-09-30": "345.26400", "2010-06-30": "330.91500", "2010-03-31": "325.84200", "2009-12-31": "354.23400", "2009-09-30": "351.55700", "2009-06-30": "341.06000", "2009-03-31": "265.99200", "2008-12-31": "268.39600", "2008-09-30": "235.46900", "2008-06-30": "248.30900", "2008-03-31": "254.16400", "2007-12-31": "254.57700", "2007-09-30": "252.57100", "2007-06-30": "247.98200", "2007-03-31": "242.98300", "2006-12-31": "158.20500", "2006-09-30": "148.55200", "2006-06-30": "143.73200", "2006-03-31": "139.79400", "2005-12-31": "171.32200", "2005-09-30": "157.09700", "2005-06-30": "150.81000", "2005-03-31": "151.22900"}, "Total Long Term Liabilities": {"2020-09-30": "5579.19700", "2020-06-30": "5598.33300", "2020-03-31": "5921.29600", "2019-12-31": "4603.01600", "2019-09-30": "2246.98200", "2019-06-30": "2250.04500", "2019-03-31": "2331.51700", "2018-12-31": "2234.17800", "2018-09-30": "2286.12500", "2018-06-30": "2294.66200", "2018-03-31": "2305.18700", "2017-12-31": "2208.32900", "2017-09-30": "2103.63900", "2017-06-30": "1608.00200", "2017-03-31": "1592.41200", "2016-12-31": "1610.77100", "2016-09-30": "1597.66800", "2016-06-30": "1986.83200", "2016-03-31": "1988.93200", "2015-12-31": "1992.16800", "2015-09-30": "1984.74100", "2015-06-30": "1988.29600", "2015-03-31": "1984.54000", "2014-12-31": "1980.75200", "2014-09-30": "1996.21000", "2014-06-30": "1961.85500", "2014-03-31": "1341.29400", "2013-12-31": "1356.64400", "2013-09-30": "1417.83600", "2013-06-30": "1425.55100", "2013-03-31": "1855.88400", "2012-12-31": "1857.57300", "2012-09-30": "1792.77900", "2012-06-30": "1776.53800", "2012-03-31": "1773.86700", "2011-12-31": "1770.91500", "2011-09-30": "1761.04100", "2011-06-30": "1765.60100", "2011-03-31": "1782.82100", "2010-12-31": "1759.00500", "2010-09-30": "1749.82000", "2010-06-30": "1727.89500", "2010-03-31": "1716.32600", "2009-12-31": "1486.23200", "2009-09-30": "1486.28000", "2009-06-30": "1475.78300", "2009-03-31": "975.71500", "2008-12-31": "978.11900", "2008-09-30": "945.19200", "2008-06-30": "958.03200", "2008-03-31": "963.88700", "2007-12-31": "964.30000", "2007-09-30": "962.29400", "2007-06-30": "742.64000", "2007-03-31": "737.84700", "2006-12-31": "653.12200", "2006-09-30": "643.54100", "2006-06-30": "638.09100", "2006-03-31": "634.66500", "2005-12-31": "666.94100", "2005-09-30": "403.57700", "2005-06-30": "398.36400", "2005-03-31": "417.47100"}, "Total Liabilities": {"2020-09-30": "7894.74600", "2020-06-30": "7579.89900", "2020-03-31": "7659.85200", "2019-12-31": "5860.09800", "2019-09-30": "3713.71700", "2019-06-30": "3322.74100", "2019-03-31": "3280.24200", "2018-12-31": "3508.50200", "2018-09-30": "3608.04800", "2018-06-30": "3347.10600", "2018-03-31": "3157.71300", "2017-12-31": "3460.02600", "2017-09-30": "3588.39600", "2017-06-30": "3080.24900", "2017-03-31": "2794.22600", "2016-12-31": "3228.63000", "2016-09-30": "3213.38700", "2016-06-30": "2731.85200", "2016-03-31": "2757.30500", "2015-12-31": "3056.81500", "2015-09-30": "3024.31000", "2015-06-30": "2789.18400", "2015-03-31": "2801.60900", "2014-12-31": "3052.43600", "2014-09-30": "3010.23800", "2014-06-30": "2686.54700", "2014-03-31": "2435.01500", "2013-12-31": "2719.92400", "2013-09-30": "3066.71500", "2013-06-30": "2722.27300", "2013-03-31": "2597.55700", "2012-12-31": "2818.00800", "2012-09-30": "2919.39800", "2012-06-30": "2615.23100", "2012-03-31": "2499.74400", "2011-12-31": "2713.25900", "2011-09-30": "2703.48400", "2011-06-30": "2472.12600", "2011-03-31": "2409.35300", "2010-12-31": "2477.80600", "2010-09-30": "2728.30600", "2010-06-30": "2384.75000", "2010-03-31": "2408.16900", "2009-12-31": "2302.12000", "2009-09-30": "2373.39500", "2009-06-30": "2088.50600", "2009-03-31": "1546.96700", "2008-12-31": "1778.01100", "2008-09-30": "2050.59700", "2008-06-30": "1897.09400", "2008-03-31": "1859.76800", "2007-12-31": "1851.97100", "2007-09-30": "1933.25200", "2007-06-30": "1362.00000", "2007-03-31": "1359.88000", "2006-12-31": "1559.01500", "2006-09-30": "1544.35200", "2006-06-30": "1277.84400", "2006-03-31": "1274.12900", "2005-12-31": "1577.66700", "2005-09-30": "1601.01500", "2005-06-30": "1391.22000", "2005-03-31": "1408.55700"}, "Common Stock Net": {"2020-09-30": "110.14300", "2020-06-30": "110.14300", "2020-03-31": "110.14300", "2019-12-31": "110.14300", "2019-09-30": "104.84700", "2019-06-30": "104.84700", "2019-03-31": "104.84700", "2018-12-31": "104.84700", "2018-09-30": "104.84700", "2018-06-30": "104.84700", "2018-03-31": "104.84700", "2017-12-31": "104.84700", "2017-09-30": "104.84700", "2017-06-30": "104.84700", "2017-03-31": "104.84700", "2016-12-31": "104.84700", "2016-09-30": "104.84700", "2016-06-30": "104.84700", "2016-03-31": "104.84700", "2015-12-31": "104.84700", "2015-09-30": "104.84700", "2015-06-30": "104.84700", "2015-03-31": "104.84700", "2014-12-31": "104.84700", "2014-09-30": "104.84700", "2014-06-30": "104.84700", "2014-03-31": "104.84700", "2013-12-31": "104.84700", "2013-09-30": "104.84700", "2013-06-30": "104.84700", "2013-03-31": "104.84700", "2012-12-31": "104.84700", "2012-09-30": "104.84700", "2012-06-30": "104.84700", "2012-03-31": "104.84700", "2011-12-31": "104.84700", "2011-09-30": "104.84700", "2011-06-30": "104.84700", "2011-03-31": "104.84700", "2010-12-31": "104.84700", "2010-09-30": "104.84700", "2010-06-30": "104.84700", "2010-03-31": "104.84700", "2009-12-31": "104.84700", "2009-09-30": "104.84700", "2009-06-30": "104.84700", "2009-03-31": "104.84700", "2008-12-31": "104.84700", "2008-09-30": "104.84700", "2008-06-30": "104.84700", "2008-03-31": "104.84700", "2007-12-31": "104.84700", "2007-09-30": "104.84700", "2007-06-30": "104.84700", "2007-03-31": "104.84700", "2006-12-31": "104.84700", "2006-09-30": "104.84700", "2006-06-30": "104.84700", "2006-03-31": "104.84700", "2005-12-31": "104.84700", "2005-09-30": "104.84700", "2005-06-30": "104.84700", "2005-03-31": "104.84700"}, "Retained Earnings (Accumulated Deficit)": {"2020-09-30": "4192.43400", "2020-06-30": "4064.71500", "2020-03-31": "4191.81000", "2019-12-31": "4354.61900", "2019-09-30": "4180.33100", "2019-06-30": "4053.26600", "2019-03-31": "4125.68600", "2018-12-31": "4184.37400", "2018-09-30": "4254.91900", "2018-06-30": "4070.66100", "2018-03-31": "4090.63700", "2017-12-31": "4260.22200", "2017-09-30": "4336.42000", "2017-06-30": "4141.90300", "2017-03-31": "4145.46900", "2016-12-31": "4148.72200", "2016-09-30": "4019.37000", "2016-06-30": "3825.28900", "2016-03-31": "3837.37200", "2015-12-31": "3852.32100", "2015-09-30": "3733.99500", "2015-06-30": "3583.80300", "2015-03-31": "3599.57100", "2014-12-31": "3630.07200", "2014-09-30": "3513.54600", "2014-06-30": "3387.00600", "2014-03-31": "3408.25900", "2013-12-31": "3432.17600", "2013-09-30": "3354.82000", "2013-06-30": "3280.21500", "2013-03-31": "3296.14000", "2012-12-31": "3354.54500", "2012-09-30": "3270.53400", "2012-06-30": "3152.64700", "2012-03-31": "3156.15200", "2011-12-31": "3205.42000", "2011-09-30": "3104.73800", "2011-06-30": "2972.32300", "2011-03-31": "2954.51700", "2010-12-31": "2978.31700", "2010-09-30": "2872.69900", "2010-06-30": "2751.10600", "2010-03-31": "2744.51700", "2009-12-31": "2720.54900", "2009-09-30": "2582.26700", "2009-06-30": "2459.70500", "2009-03-31": "2448.40500", "2008-12-31": "2456.65000", "2008-09-30": "2390.92400", "2008-06-30": "2280.67100", "2008-03-31": "2271.42700", "2007-12-31": "2261.56100", "2007-09-30": "2150.66700", "2007-06-30": "2012.83300", "2007-03-31": "2033.83400", "2006-12-31": "2020.34800", "2006-09-30": "1931.50300", "2006-06-30": "1850.80100", "2006-03-31": "1843.19800", "2005-12-31": "1869.00700", "2005-09-30": "1790.71500", "2005-06-30": "1714.80700", "2005-03-31": "1701.44800"}, "Comprehensive Income": {"2020-09-30": "-280.33000", "2020-06-30": "-308.12800", "2020-03-31": "-294.77200", "2019-12-31": "-184.22000", "2019-09-30": "-185.37600", "2019-06-30": "-173.17500", "2019-03-31": "-282.33900", "2018-12-31": "-294.51400", "2018-09-30": "-296.73800", "2018-06-30": "-295.07600", "2018-03-31": "-292.39500", "2017-12-31": "-239.42500", "2017-09-30": "-234.79200", "2017-06-30": "-226.61300", "2017-03-31": "-197.17100", "2016-12-31": "-194.57000", "2016-09-30": "-203.98900", "2016-06-30": "-174.30100", "2016-03-31": "-164.35300", "2015-12-31": "-146.00100", "2015-09-30": "-126.18500", "2015-06-30": "-103.47600", "2015-03-31": "-86.99600", "2014-12-31": "-95.45400", "2014-09-30": "-36.80500", "2014-06-30": "-51.78400", "2014-03-31": "-48.56500", "2013-12-31": "-34.13500", "2013-09-30": "-78.72300", "2013-06-30": "-77.86600", "2013-03-31": "-68.16600", "2012-12-31": "-72.30700", "2012-09-30": "-38.23500", "2012-06-30": "-39.64300", "2012-03-31": "-24.23000", "2011-12-31": "-35.94300", "2011-09-30": "-14.96500", "2011-06-30": "4.16900", "2011-03-31": "-1.76300", "2010-12-31": "8.14900", "2010-09-30": "23.12100", "2010-06-30": "27.80300", "2010-03-31": "56.04300", "2009-12-31": "58.63100", "2009-09-30": "42.58900", "2009-06-30": "47.29100", "2009-03-31": "58.78500", "2008-12-31": "62.25600", "2008-09-30": "103.43500", "2008-06-30": "80.11300", "2008-03-31": "82.02200", "2007-12-31": "74.93800", "2007-09-30": "34.93600", "2007-06-30": "26.25400", "2007-03-31": "19.35000", "2006-12-31": "11.18600", "2006-09-30": "25.03400", "2006-06-30": "26.03100", "2006-03-31": "14.02100", "2005-12-31": "15.34800", "2005-09-30": "28.77500", "2005-06-30": "35.86600", "2005-03-31": "66.32700"}, "Other Share Holders Equity": {"2020-09-30": "", "2020-06-30": "", "2020-03-31": "", "2019-12-31": "", "2019-09-30": "", "2019-06-30": "", "2019-03-31": "", "2018-12-31": "", "2018-09-30": "", "2018-06-30": "", "2018-03-31": "", "2017-12-31": "", "2017-09-30": "", "2017-06-30": "", "2017-03-31": "", "2016-12-31": "", "2016-09-30": "", "2016-06-30": "", "2016-03-31": "", "2015-12-31": "", "2015-09-30": "", "2015-06-30": "", "2015-03-31": "", "2014-12-31": "", "2014-09-30": "", "2014-06-30": "", "2014-03-31": "", "2013-12-31": "", "2013-09-30": "", "2013-06-30": "", "2013-03-31": "", "2012-12-31": "", "2012-09-30": "", "2012-06-30": "", "2012-03-31": "", "2011-12-31": "", "2011-09-30": "", "2011-06-30": "", "2011-03-31": "", "2010-12-31": "", "2010-09-30": "", "2010-06-30": "", "2010-03-31": "", "2009-12-31": "", "2009-09-30": "", "2009-06-30": "", "2009-03-31": "", "2008-12-31": "", "2008-09-30": "", "2008-06-30": "", "2008-03-31": "", "2007-12-31": "", "2007-09-30": "", "2007-06-30": "", "2007-03-31": "", "2006-12-31": "", "2006-09-30": "", "2006-06-30": "", "2006-03-31": "", "2005-12-31": "", "2005-09-30": "", "2005-06-30": "", "2005-03-31": ""}, "Share Holder Equity": {"2020-09-30": "2808.43100", "2020-06-30": "2642.15100", "2020-03-31": "2764.50700", "2019-12-31": "2995.53000", "2019-09-30": "1840.90700", "2019-06-30": "1715.86900", "2019-03-31": "1654.53100", "2018-12-31": "1754.48600", "2018-09-30": "1887.28100", "2018-06-30": "1766.75000", "2018-03-31": "1571.35900", "2017-12-31": "1829.95700", "2017-09-30": "1956.25200", "2017-06-30": "1832.49400", "2017-03-31": "1851.64400", "2016-12-31": "1862.73600", "2016-09-30": "1741.76000", "2016-06-30": "1612.53300", "2016-03-31": "1607.39000", "2015-12-31": "1663.90200", "2015-09-30": "1542.83700", "2015-06-30": "1428.50500", "2015-03-31": "1445.50700", "2014-12-31": "1465.66400", "2014-09-30": "1498.56400", "2014-06-30": "1452.04800", "2014-03-31": "1594.42200", "2013-12-31": "1682.34300", "2013-09-30": "1523.43000", "2013-06-30": "1456.02600", "2013-03-31": "1463.08800", "2012-12-31": "1507.37900", "2012-09-30": "1526.88900", "2012-06-30": "1399.49000", "2012-03-31": "1397.39300", "2011-12-31": "1417.51500", "2011-09-30": "1381.24200", "2011-06-30": "1468.61900", "2011-03-31": "1530.98800", "2010-12-31": "1615.42000", "2010-09-30": "1487.31100", "2010-06-30": "1588.92600", "2010-03-31": "1669.85400", "2009-12-31": "1594.77200", "2009-09-30": "1487.93200", "2009-06-30": "1389.67000", "2009-03-31": "1380.85500", "2008-12-31": "1390.78600", "2008-09-30": "1356.15500", "2008-06-30": "1308.21700", "2008-03-31": "1266.71100", "2007-12-31": "1385.09200", "2007-09-30": "1352.92100", "2007-06-30": "1546.94400", "2007-03-31": "1532.25100", "2006-12-31": "1537.89000", "2006-09-30": "1418.42500", "2006-06-30": "1457.52100", "2006-03-31": "1622.65000", "2005-12-31": "1723.47600", "2005-09-30": "1670.62500", "2005-06-30": "1606.49400", "2005-03-31": "1619.18600"}, "Total Liabilities And Share Holders Equity": {"2020-09-30": "10703.18000", "2020-06-30": "10222.05000", "2020-03-31": "10424.36000", "2019-12-31": "8855.62800", "2019-09-30": "5554.62400", "2019-06-30": "5038.61000", "2019-03-31": "4934.77300", "2018-12-31": "5262.98800", "2018-09-30": "5495.32900", "2018-06-30": "5113.85600", "2018-03-31": "4729.07200", "2017-12-31": "5289.98300", "2017-09-30": "5544.64800", "2017-06-30": "4912.74300", "2017-03-31": "4645.87000", "2016-12-31": "5091.36600", "2016-09-30": "4955.14700", "2016-06-30": "4344.38500", "2016-03-31": "4364.69500", "2015-12-31": "4720.71700", "2015-09-30": "4567.14700", "2015-06-30": "4217.68900", "2015-03-31": "4247.11600", "2014-12-31": "4518.10000", "2014-09-30": "4508.80200", "2014-06-30": "4138.59500", "2014-03-31": "4029.43700", "2013-12-31": "4402.26700", "2013-09-30": "4590.14500", "2013-06-30": "4178.29900", "2013-03-31": "4060.64500", "2012-12-31": "4325.38700", "2012-09-30": "4446.28700", "2012-06-30": "4014.72100", "2012-03-31": "3897.13700", "2011-12-31": "4130.77400", "2011-09-30": "4084.72600", "2011-06-30": "3940.74500", "2011-03-31": "3940.34100", "2010-12-31": "4093.22600", "2010-09-30": "4215.61700", "2010-06-30": "3973.67600", "2010-03-31": "4078.02300", "2009-12-31": "3896.89200", "2009-09-30": "3861.32700", "2009-06-30": "3478.17600", "2009-03-31": "2927.82200", "2008-12-31": "3168.79700", "2008-09-30": "3406.75200", "2008-06-30": "3205.31100", "2008-03-31": "3126.47900", "2007-12-31": "3237.06300", "2007-09-30": "3286.17300", "2007-06-30": "2908.94400", "2007-03-31": "2892.13100", "2006-12-31": "3096.90500", "2006-09-30": "2962.77700", "2006-06-30": "2735.36500", "2006-03-31": "2896.77900", "2005-12-31": "3301.14300", "2005-09-30": "3271.64000", "2005-06-30": "2997.71400", "2005-03-31": "3027.74300"}}, "cash flow statement": {"Net Income/Loss": {"2019-12-31": "520.45400", "2018-12-31": "220.43400", "2017-12-31": "396.60700", "2016-12-31": "533.15100", "2015-12-31": "446.87200", "2014-12-31": "413.31000", "2013-12-31": "283.92800", "2012-12-31": "335.99900", "2011-12-31": "385.36700", "2010-12-31": "397.75200", "2009-12-31": "374.93000", "2008-12-31": "306.76600", "2007-12-31": "333.00300", "2006-12-31": "230.05500", "2005-12-31": "212.07500"}, "Total Depreciation And Amortization - Cash Flow": {"2019-12-31": "266.37200", "2018-12-31": "329.42000", "2017-12-31": "207.63400", "2016-12-31": "190.40100", "2015-12-31": "197.77600", "2014-12-31": "205.05200", "2013-12-31": "228.67500", "2012-12-31": "192.08700", "2011-12-31": "196.26600", "2010-12-31": "168.39900", "2009-12-31": "180.96300", "2008-12-31": "166.13800", "2007-12-31": "156.52000", "2006-12-31": "146.70700", "2005-12-31": "180.13200"}, "Other Non-Cash Items": {"2019-12-31": "55.31600", "2018-12-31": "24.94600", "2017-12-31": "305.44100", "2016-12-31": "77.80900", "2015-12-31": "15.29700", "2014-12-31": "26.39700", "2013-12-31": "2.08900", "2012-12-31": "3.34800", "2011-12-31": "9.54200", "2010-12-31": "58.56400", "2009-12-31": "49.04800", "2008-12-31": "60.21500", "2007-12-31": "66.98000", "2006-12-31": "50.42800", "2005-12-31": "-23.95800"}, "Total Non-Cash Items": {"2019-12-31": "321.68800", "2018-12-31": "354.36600", "2017-12-31": "513.07500", "2016-12-31": "268.21000", "2015-12-31": "213.07300", "2014-12-31": "231.44900", "2013-12-31": "230.76400", "2012-12-31": "195.43500", "2011-12-31": "205.80800", "2010-12-31": "226.96300", "2009-12-31": "230.01100", "2008-12-31": "226.35300", "2007-12-31": "223.50000", "2006-12-31": "197.13500", "2005-12-31": "156.17400"}, "Change In Accounts Receivable": {"2019-12-31": "-211.45000", "2018-12-31": "180.11300", "2017-12-31": "-50.37600", "2016-12-31": "-149.92300", "2015-12-31": "-227.80800", "2014-12-31": "-112.36600", "2013-12-31": "-86.61600", "2012-12-31": "28.69000", "2011-12-31": "-108.84500", "2010-12-31": "71.17300", "2009-12-31": "-422.56000", "2008-12-31": "-14.22000", "2007-12-31": "-74.94100", "2006-12-31": "-10.70800", "2005-12-31": "39.34100"}, "Change In Inventories": {"2019-12-31": "-4.63100", "2018-12-31": "-37.21100", "2017-12-31": "-25.30100", "2016-12-31": "-12.06500", "2015-12-31": "-99.35300", "2014-12-31": "-28.94400", "2013-12-31": "-37.51100", "2012-12-31": "22.54600", "2011-12-31": "17.46300", "2010-12-31": "-151.63400", "2009-12-31": "105.32900", "2008-12-31": "-69.87100", "2007-12-31": "-44.26700", "2006-12-31": "-17.62300", "2005-12-31": "10.67700"}, "Change In Accounts Payable": {"2019-12-31": "", "2018-12-31": "", "2017-12-31": "", "2016-12-31": "", "2015-12-31": "", "2014-12-31": "", "2013-12-31": "", "2012-12-31": "", "2011-12-31": "", "2010-12-31": "", "2009-12-31": "", "2008-12-31": "", "2007-12-31": "", "2006-12-31": "", "2005-12-31": ""}, "Change In Assets/Liabilities": {"2019-12-31": "-35.27700", "2018-12-31": "-179.13100", "2017-12-31": "-29.16600", "2016-12-31": "-68.28300", "2015-12-31": "69.99800", "2014-12-31": "-48.08100", "2013-12-31": "-129.52500", "2012-12-31": "-25.51200", "2011-12-31": "-179.31300", "2010-12-31": "-46.74200", "2009-12-31": "-28.05300", "2008-12-31": "88.01400", "2007-12-31": "99.56300", "2006-12-31": "-42.57300", "2005-12-31": "45.14600"}, "Total Change In Assets/Liabilities": {"2019-12-31": "-189.08100", "2018-12-31": "71.19700", "2017-12-31": "-185.30400", "2016-12-31": "15.95200", "2015-12-31": "-88.57900", "2014-12-31": "-190.34800", "2013-12-31": "-113.56000", "2012-12-31": "3.36200", "2011-12-31": "-195.10600", "2010-12-31": "-256.73400", "2009-12-31": "-339.31800", "2008-12-31": "60.06600", "2007-12-31": "45.29100", "2006-12-31": "-106.54300", "2005-12-31": "128.37500"}, "Cash Flow From Operating Activities": {"2019-12-31": "653.06100", "2018-12-31": "645.99700", "2017-12-31": "724.37800", "2016-12-31": "817.31300", "2015-12-31": "571.36600", "2014-12-31": "454.41100", "2013-12-31": "401.13200", "2012-12-31": "534.79600", "2011-12-31": "396.06900", "2010-12-31": "367.98100", "2009-12-31": "265.62300", "2008-12-31": "593.18500", "2007-12-31": "601.79400", "2006-12-31": "320.64700", "2005-12-31": "496.62400"}, "Net Change In Property, Plant, And Equipment": {"2019-12-31": "-133.63600", "2018-12-31": "-140.42600", "2017-12-31": "-134.87700", "2016-12-31": "-154.90000", "2015-12-31": "-142.02200", "2014-12-31": "-113.38800", "2013-12-31": "-112.03100", "2012-12-31": "-112.09100", "2011-12-31": "-99.40200", "2010-12-31": "-112.59700", "2009-12-31": "-104.12900", "2008-12-31": "-117.14300", "2007-12-31": "-91.53200", "2006-12-31": "-82.10300", "2005-12-31": "-37.50100"}, "Net Change In Intangible Assets": {"2019-12-31": "", "2018-12-31": "", "2017-12-31": "", "2016-12-31": "", "2015-12-31": "", "2014-12-31": "", "2013-12-31": "", "2012-12-31": "", "2011-12-31": "", "2010-12-31": "", "2009-12-31": "", "2008-12-31": "", "2007-12-31": "", "2006-12-31": "", "2005-12-31": ""}, "Net Acquisitions/Divestitures": {"2019-12-31": "", "2018-12-31": "", "2017-12-31": "", "2016-12-31": "", "2015-12-31": "", "2014-12-31": "", "2013-12-31": "", "2012-12-31": "", "2011-12-31": "", "2010-12-31": "", "2009-12-31": "", "2008-12-31": "", "2007-12-31": "", "2006-12-31": "", "2005-12-31": ""}, "Net Change In Short-term Investments": {"2019-12-31": "", "2018-12-31": "", "2017-12-31": "", "2016-12-31": "", "2015-12-31": "", "2014-12-31": "", "2013-12-31": "", "2012-12-31": "", "2011-12-31": "", "2010-12-31": "", "2009-12-31": "-18.00000", "2008-12-31": "0.00000", "2007-12-31": "0.00000", "2006-12-31": "0.00000", "2005-12-31": ""}, "Net Change In Long-Term Investments": {"2019-12-31": "-8.76100", "2018-12-31": "-155.45100", "2017-12-31": "", "2016-12-31": "-12.43600", "2015-12-31": "", "2014-12-31": "", "2013-12-31": "-110.69800", "2012-12-31": "", "2011-12-31": "-11.58500", "2010-12-31": "", "2009-12-31": "-371.48200", "2008-12-31": "-154.75700", "2007-12-31": "-18.00000", "2006-12-31": "", "2005-12-31": "-79.17900"}, "Net Change In Investments - Total": {"2019-12-31": "-8.76100", "2018-12-31": "-155.45100", "2017-12-31": "", "2016-12-31": "-12.43600", "2015-12-31": "", "2014-12-31": "", "2013-12-31": "-110.69800", "2012-12-31": "", "2011-12-31": "-11.58500", "2010-12-31": "", "2009-12-31": "-389.48200", "2008-12-31": "-154.75700", "2007-12-31": "-18.00000", "2006-12-31": "0.00000", "2005-12-31": "-79.17900"}, "Investing Activities - Other": {"2019-12-31": "81.44200", "2018-12-31": "9.40000", "2017-12-31": "3.39600", "2016-12-31": "28.94500", "2015-12-31": "38.37500", "2014-12-31": "112.90300", "2013-12-31": "4.98600", "2012-12-31": "5.91900", "2011-12-31": "3.37200", "2010-12-31": "8.40900", "2009-12-31": "-3.89800", "2008-12-31": "-0.02000", "2007-12-31": "-2.93300", "2006-12-31": "-1.50100", "2005-12-31": "-3.99100"}, "Cash Flow From Investing Activities": {"2019-12-31": "-60.95500", "2018-12-31": "-286.47700", "2017-12-31": "-131.48100", "2016-12-31": "-138.39100", "2015-12-31": "-103.64700", "2014-12-31": "-0.48500", "2013-12-31": "-217.74300", "2012-12-31": "-106.17200", "2011-12-31": "-107.61500", "2010-12-31": "-104.18800", "2009-12-31": "-497.50900", "2008-12-31": "-271.92000", "2007-12-31": "-112.46500", "2006-12-31": "-83.60400", "2005-12-31": "-120.67100"}, "Net Long-Term Debt": {"2019-12-31": "2354.95700", "2018-12-31": "", "2017-12-31": "143.87800", "2016-12-31": "", "2015-12-31": "", "2014-12-31": "134.98600", "2013-12-31": "", "2012-12-31": "", "2011-12-31": "", "2010-12-31": "492.34200", "2009-12-31": "421.30900", "2008-12-31": "-135.09200", "2007-12-31": "346.00900", "2006-12-31": "-32.74300", "2005-12-31": "-93.30300"}, "Net Current Debt": {"2019-12-31": "-8.82800", "2018-12-31": "-142.35700", "2017-12-31": "-18.41900", "2016-12-31": "8.97800", "2015-12-31": "-87.31000", "2014-12-31": "246.05400", "2013-12-31": "-215.27300", "2012-12-31": "43.10600", "2011-12-31": "167.33900", "2010-12-31": "-0.38100", "2009-12-31": "4.11400", "2008-12-31": "-0.64500", "2007-12-31": "-1.15000", "2006-12-31": "-3.72600", "2005-12-31": "-3.68500"}, "Debt Issuance/Retirement Net - Total": {"2019-12-31": "2346.12900", "2018-12-31": "-142.35700", "2017-12-31": "125.45900", "2016-12-31": "8.97800", "2015-12-31": "-87.31000", "2014-12-31": "381.04000", "2013-12-31": "-215.27300", "2012-12-31": "43.10600", "2011-12-31": "167.33900", "2010-12-31": "491.96100", "2009-12-31": "425.42300", "2008-12-31": "-135.73700", "2007-12-31": "344.85900", "2006-12-31": "-36.46900", "2005-12-31": "-96.98800"}, "Net Common Equity Issued/Repurchased": {"2019-12-31": "913.79800", "2018-12-31": "-250.05400", "2017-12-31": "-151.31100", "2016-12-31": "-150.07500", "2015-12-31": "-87.22400", "2014-12-31": "-459.56400", "2013-12-31": "-103.48800", "2012-12-31": "-98.00500", "2011-12-31": "-423.00800", "2010-12-31": "-639.56300", "2009-12-31": "-88.11200", "2008-12-31": "-360.24400", "2007-12-31": "-584.34900", "2006-12-31": "-456.74400", "2005-12-31": "-48.03000"}, "Net Total Equity Issued/Repurchased": {"2019-12-31": "913.79800", "2018-12-31": "-250.05400", "2017-12-31": "-151.31100", "2016-12-31": "-150.07500", "2015-12-31": "-87.22400", "2014-12-31": "-459.56400", "2013-12-31": "-103.48800", "2012-12-31": "-98.00500", "2011-12-31": "-423.00800", "2010-12-31": "-639.56300", "2009-12-31": "-88.11200", "2008-12-31": "-360.24400", "2007-12-31": "-584.34900", "2006-12-31": "-456.74400", "2005-12-31": "-48.03000"}, "Total Common And Preferred Stock Dividends Paid": {"2019-12-31": "-336.60400", "2018-12-31": "-309.25800", "2017-12-31": "-276.97300", "2016-12-31": "-248.88100", "2015-12-31": "-225.79700", "2014-12-31": "-216.85500", "2013-12-31": "-156.12900", "2012-12-31": "-225.46400", "2011-12-31": "-154.02800", "2010-12-31": "-133.04800", "2009-12-31": "-111.45800", "2008-12-31": "-107.06500", "2007-12-31": "-94.09700", "2006-12-31": "-75.28200", "2005-12-31": "-58.90100"}, "Financial Activities - Other": {"2019-12-31": "-112.75000", "2018-12-31": "-35.43200", "2017-12-31": "-9.34800", "2016-12-31": "14.48000", "2015-12-31": "34.95300", "2014-12-31": "64.42300", "2013-12-31": "133.88100", "2012-12-31": "60.98400", "2011-12-31": "34.01200", "2010-12-31": "110.05500", "2009-12-31": "10.92600", "2008-12-31": "145.65500", "2007-12-31": "-100.33000", "2006-12-31": "101.21600", "2005-12-31": "45.27800"}, "Cash Flow From Financial Activities": {"2019-12-31": "2810.57300", "2018-12-31": "-737.10100", "2017-12-31": "-312.17300", "2016-12-31": "-375.49800", "2015-12-31": "-365.37800", "2014-12-31": "-230.95600", "2013-12-31": "-341.00900", "2012-12-31": "-219.37900", "2011-12-31": "-375.68500", "2010-12-31": "-170.59500", "2009-12-31": "236.77900", "2008-12-31": "-457.39100", "2007-12-31": "-433.91700", "2006-12-31": "-467.27900", "2005-12-31": "-158.64100"}, "Net Cash Flow": {"2019-12-31": "3397.99800", "2018-12-31": "-398.86300", "2017-12-31": "298.94900", "2016-12-31": "305.53500", "2015-12-31": "83.58300", "2014-12-31": "210.71800", "2013-12-31": "-167.25200", "2012-12-31": "208.01300", "2011-12-31": "-86.10800", "2010-12-31": "91.75100", "2009-12-31": "5.65500", "2008-12-31": "-144.06800", "2007-12-31": "59.05800", "2006-12-31": "-226.86800", "2005-12-31": "217.26600"}, "Stock-Based Compensation": {"2019-12-31": "28.04400", "2018-12-31": "27.89200", "2017-12-31": "56.03200", "2016-12-31": "61.62400", "2015-12-31": "53.88000", "2014-12-31": "36.15200", "2013-12-31": "21.27200", "2012-12-31": "19.43400", "2011-12-31": "12.46300", "2010-12-31": "33.39200", "2009-12-31": "29.91200", "2008-12-31": "35.22100", "2007-12-31": "29.40200", "2006-12-31": "22.83200", "2005-12-31": "0.07400"}, "Common Stock Dividends Paid": {"2019-12-31": "-336.60400", "2018-12-31": "-309.25800", "2017-12-31": "-276.97300", "2016-12-31": "-248.88100", "2015-12-31": "-225.79700", "2014-12-31": "-216.85500", "2013-12-31": "-156.12900", "2012-12-31": "-225.46400", "2011-12-31": "-154.02800", "2010-12-31": "-133.04800", "2009-12-31": "-111.45800", "2008-12-31": "-107.06500", "2007-12-31": "-94.09700", "2006-12-31": "-75.28200", "2005-12-31": "-58.90100"}}, "cash flow statement, quarterly": {"Net Income/Loss": {"2020-09-30": 219.983, "2020-06-30": -32.898, "2020-03-31": "-67.81000", "2019-12-31": 267.345, "2019-09-30": 212.949, "2019-06-30": 13.433, "2019-03-31": "26.72700", "2018-12-31": 8.766, "2018-09-30": 263.861, "2018-06-30": 60.299, "2018-03-31": "-112.49200", "2017-12-31": -5.298, "2017-09-30": 265.583, "2017-06-30": 67.723, "2017-03-31": "68.59900", "2016-12-31": 180.599, "2016-09-30": 256.162, "2016-06-30": 49.419, "2016-03-31": "46.97100", "2015-12-31": 174.394, "2015-09-30": 206.375, "2015-06-30": 40.282, "2015-03-31": "25.82100", "2014-12-31": 168.821, "2014-09-30": 180.155, "2014-06-30": 32.82, "2014-03-31": "31.51400", "2013-12-31": 128.276, "2013-09-30": 125.843, "2013-06-30": 36.48, "2013-03-31": "-6.67100", "2012-12-31": 130.299, "2012-09-30": 164.852, "2012-06-30": 43.427, "2012-03-31": "-2.57900", "2011-12-31": 139.13, "2011-09-30": 170.99, "2011-06-30": 58.051, "2011-03-31": "17.19600", "2010-12-31": 140.014, "2010-09-30": 155.164, "2010-06-30": 43.631, "2010-03-31": "58.94300", "2009-12-31": 165.563, "2009-09-30": 150.362, "2009-06-30": 39.275, "2009-03-31": "19.73000", "2008-12-31": 93.581, "2008-09-30": 138.229, "2008-06-30": 37.486, "2008-03-31": "37.47000", "2007-12-31": 133.732, "2007-09-30": 161.58, "2007-06-30": 4.801, "2007-03-31": "32.89000", "2006-12-31": 108.282, "2006-09-30": 99.584, "2006-06-30": 27.088, "2006-03-31": "-4.89900", "2005-12-31": 94.271, "2005-09-30": 92.063, "2005-06-30": 29.454, "2005-03-31": "-3.71300"}, "Total Depreciation And Amortization - Cash Flow": {"2020-09-30": 159.109, "2020-06-30": 118.298, "2020-03-31": "192.62300", "2019-12-31": 71.806, "2019-09-30": 78.45, "2019-06-30": 70.697, "2019-03-31": "45.41900", "2018-12-31": 171.213, "2018-09-30": 65.552, "2018-06-30": 47.922, "2018-03-31": "44.73300", "2017-12-31": 61.375, "2017-09-30": 53.948, "2017-06-30": 51.158, "2017-03-31": "41.15300", "2016-12-31": 57.5, "2016-09-30": 47.209, "2016-06-30": 45.689, "2016-03-31": "40.00300", "2015-12-31": 46.241, "2015-09-30": 56.171, "2015-06-30": 49.913, "2015-03-31": "45.45100", "2014-12-31": 48.671, "2014-09-30": 69.641, "2014-06-30": 47.175, "2014-03-31": "39.56500", "2013-12-31": 81.449, "2013-09-30": 64.56, "2013-06-30": 46.176, "2013-03-31": "36.49000", "2012-12-31": 56.232, "2012-09-30": 56.804, "2012-06-30": 45.95, "2012-03-31": "33.10100", "2011-12-31": 60.767, "2011-09-30": 55.318, "2011-06-30": 46.046, "2011-03-31": "34.13500", "2010-12-31": 52.061, "2010-09-30": 48.148, "2010-06-30": 38.89, "2010-03-31": "29.30000", "2009-12-31": 50.325, "2009-09-30": 51.449, "2009-06-30": 44.074, "2009-03-31": "35.11500", "2008-12-31": 42.756, "2008-09-30": 48.528, "2008-06-30": 41.103, "2008-03-31": "33.75100", "2007-12-31": 36.224, "2007-09-30": 46.14, "2007-06-30": 39.338, "2007-03-31": "34.81800", "2006-12-31": 34.84, "2006-09-30": 42.539, "2006-06-30": 37.481, "2006-03-31": "31.84700", "2005-12-31": 42.755, "2005-09-30": 53.744, "2005-06-30": 45.517, "2005-03-31": "38.11600"}, "Other Non-Cash Items": {"2020-09-30": 17.503, "2020-06-30": -0.891, "2020-03-31": "56.82000", "2019-12-31": -51.071, "2019-09-30": 17.743, "2019-06-30": 75.067, "2019-03-31": "13.57700", "2018-12-31": -9.638, "2018-09-30": -17.302, "2018-06-30": -12.802, "2018-03-31": "64.68800", "2017-12-31": 266.287, "2017-09-30": 13.326, "2017-06-30": 7.054, "2017-03-31": "18.77400", "2016-12-31": 28.568, "2016-09-30": 14.962, "2016-06-30": 12.84, "2016-03-31": "21.43900", "2015-12-31": -7.54, "2015-09-30": 6.357, "2015-06-30": 10.262, "2015-03-31": "6.21800", "2014-12-31": 15.712, "2014-09-30": -4.552, "2014-06-30": 3.892, "2014-03-31": "11.34500", "2013-12-31": -19.114, "2013-09-30": 18.564, "2013-06-30": 4.994, "2013-03-31": "-2.35500", "2012-12-31": -12.998, "2012-09-30": 2.877, "2012-06-30": 6.969, "2012-03-31": "6.50000", "2011-12-31": 8.696, "2011-09-30": -9.714, "2011-06-30": 3.76, "2011-03-31": "6.80000", "2010-12-31": 21.56, "2010-09-30": 11.056, "2010-06-30": 3.67, "2010-03-31": "22.27800", "2009-12-31": 22.359, "2009-09-30": -0.337, "2009-06-30": 9.281, "2009-03-31": "17.74500", "2008-12-31": 26.679, "2008-09-30": 18.63, "2008-06-30": 5.595, "2008-03-31": "9.31100", "2007-12-31": 41.595, "2007-09-30": 8.966, "2007-06-30": 7.672, "2007-03-31": "8.74700", "2006-12-31": 38.074, "2006-09-30": 0.238, "2006-06-30": 1.236, "2006-03-31": "10.88000", "2005-12-31": -12.453, "2005-09-30": -0.663, "2005-06-30": -8.628, "2005-03-31": "-2.21400"}, "Total Non-Cash Items": {"2020-09-30": 176.612, "2020-06-30": 117.407, "2020-03-31": "249.44300", "2019-12-31": 20.735, "2019-09-30": 96.193, "2019-06-30": 145.764, "2019-03-31": "58.99600", "2018-12-31": 161.575, "2018-09-30": 48.25, "2018-06-30": 35.12, "2018-03-31": "109.42100", "2017-12-31": 327.662, "2017-09-30": 67.274, "2017-06-30": 58.212, "2017-03-31": "59.92700", "2016-12-31": 86.068, "2016-09-30": 62.171, "2016-06-30": 58.529, "2016-03-31": "61.44200", "2015-12-31": 38.701, "2015-09-30": 62.528, "2015-06-30": 60.175, "2015-03-31": "51.66900", "2014-12-31": 64.383, "2014-09-30": 65.089, "2014-06-30": 51.067, "2014-03-31": "50.91000", "2013-12-31": 62.335, "2013-09-30": 83.124, "2013-06-30": 51.17, "2013-03-31": "34.13500", "2012-12-31": 43.234, "2012-09-30": 59.681, "2012-06-30": 52.919, "2012-03-31": "39.60100", "2011-12-31": 69.463, "2011-09-30": 45.604, "2011-06-30": 49.806, "2011-03-31": "40.93500", "2010-12-31": 73.621, "2010-09-30": 59.204, "2010-06-30": 42.56, "2010-03-31": "51.57800", "2009-12-31": 72.684, "2009-09-30": 51.112, "2009-06-30": 53.355, "2009-03-31": "52.86000", "2008-12-31": 69.435, "2008-09-30": 67.158, "2008-06-30": 46.698, "2008-03-31": "43.06200", "2007-12-31": 77.819, "2007-09-30": 55.106, "2007-06-30": 47.01, "2007-03-31": "43.56500", "2006-12-31": 72.914, "2006-09-30": 42.777, "2006-06-30": 38.717, "2006-03-31": "42.72700", "2005-12-31": 30.302, "2005-09-30": 53.081, "2005-06-30": 36.889, "2005-03-31": "35.90200"}, "Change In Accounts Receivable": {"2020-09-30": -556.38, "2020-06-30": 68.286, "2020-03-31": "653.68700", "2019-12-31": 24.56, "2019-09-30": -667.567, "2019-06-30": -127.331, "2019-03-31": "558.88800", "2018-12-31": 189.365, "2018-09-30": -666.427, "2018-06-30": -151.192, "2018-03-31": "808.36700", "2017-12-31": 250.317, "2017-09-30": -792.628, "2017-06-30": -168.318, "2017-03-31": "660.25300", "2016-12-31": 74.249, "2016-09-30": -743.548, "2016-06-30": -27.778, "2016-03-31": "547.15400", "2015-12-31": 154.765, "2015-09-30": -716.04, "2015-06-30": -144.863, "2015-03-31": "478.33000", "2014-12-31": 161.816, "2014-09-30": -616.595, "2014-06-30": -187.998, "2014-03-31": "530.41100", "2013-12-31": 116.543, "2013-09-30": -563.896, "2013-06-30": -155.212, "2013-03-31": "515.94900", "2012-12-31": 169.949, "2012-09-30": -532.628, "2012-06-30": -203.594, "2012-03-31": "594.96300", "2011-12-31": 208.051, "2011-09-30": -458.039, "2011-06-30": -278.479, "2011-03-31": "419.62200", "2010-12-31": 239.152, "2010-09-30": -524.955, "2010-06-30": -145.319, "2010-03-31": "502.29500", "2009-12-31": 78.761, "2009-09-30": -453.165, "2009-06-30": -274.136, "2009-03-31": "225.98000", "2008-12-31": 281.661, "2008-09-30": -405.334, "2008-06-30": -173.336, "2008-03-31": "282.78900", "2007-12-31": 246.535, "2007-09-30": -461.384, "2007-06-30": -86.876, "2007-03-31": "226.78400", "2006-12-31": 138.506, "2006-09-30": -389.976, "2006-06-30": -65.753, "2006-03-31": "306.51500", "2005-12-31": 156.131, "2005-09-30": -334.695, "2005-06-30": -152.988, "2005-03-31": "370.89300"}, "Change In Inventories": {"2020-09-30": 28.449, "2020-06-30": -111.423, "2020-03-31": "-13.93300", "2019-12-31": 149.845, "2019-09-30": -34.829, "2019-06-30": -69.538, "2019-03-31": "-50.10900", "2018-12-31": 160.042, "2018-09-30": -2.415, "2018-06-30": -118.322, "2018-03-31": "-76.51600", "2017-12-31": 197.245, "2017-09-30": -65.487, "2017-06-30": -135.682, "2017-03-31": "-21.37700", "2016-12-31": 202.669, "2016-09-30": -29.686, "2016-06-30": -111.81, "2016-03-31": "-73.23800", "2015-12-31": 56.868, "2015-09-30": -55.658, "2015-06-30": -80.254, "2015-03-31": "-20.30900", "2014-12-31": 143.552, "2014-09-30": -29.394, "2014-06-30": -101.11, "2014-03-31": "-41.99200", "2013-12-31": 96.227, "2013-09-30": -81.153, "2013-06-30": -41.331, "2013-03-31": "-11.25400", "2012-12-31": 148.018, "2012-09-30": -38.939, "2012-06-30": -28.579, "2012-03-31": "-57.95400", "2011-12-31": 185.189, "2011-09-30": -113.514, "2011-06-30": -26.19, "2011-03-31": "-28.02200", "2010-12-31": 100.784, "2010-09-30": -111.235, "2010-06-30": -119.138, "2010-03-31": "-22.04500", "2009-12-31": 194.362, "2009-09-30": -48.124, "2009-06-30": -41.229, "2009-03-31": "0.32000", "2008-12-31": 136.41, "2008-09-30": -102.909, "2008-06-30": -84.959, "2008-03-31": "-18.41300", "2007-12-31": 137.156, "2007-09-30": -36.245, "2007-06-30": -84.593, "2007-03-31": "-60.58500", "2006-12-31": 112.282, "2006-09-30": -53.902, "2006-06-30": -42.237, "2006-03-31": "-33.76600", "2005-12-31": 150.181, "2005-09-30": -66.509, "2005-06-30": -34.011, "2005-03-31": "-38.98400"}, "Change In Accounts Payable": {"2020-09-30": 0, "2020-06-30": 0, "2020-03-31": "", "2019-12-31": 0, "2019-09-30": 0, "2019-06-30": 0, "2019-03-31": "", "2018-12-31": 0, "2018-09-30": 0, "2018-06-30": 0, "2018-03-31": "", "2017-12-31": 0, "2017-09-30": 0, "2017-06-30": 0, "2017-03-31": "", "2016-12-31": 0, "2016-09-30": 0, "2016-06-30": 0, "2016-03-31": "", "2015-12-31": 0, "2015-09-30": 0, "2015-06-30": 0, "2015-03-31": "", "2014-12-31": 0, "2014-09-30": 0, "2014-06-30": 0, "2014-03-31": "", "2013-12-31": 0, "2013-09-30": 0, "2013-06-30": 0, "2013-03-31": "", "2012-12-31": 0, "2012-09-30": 0, "2012-06-30": 0, "2012-03-31": "", "2011-12-31": 0, "2011-09-30": 0, "2011-06-30": 0, "2011-03-31": "", "2010-12-31": 0, "2010-09-30": 0, "2010-06-30": 0, "2010-03-31": "", "2009-12-31": 0, "2009-09-30": 0, "2009-06-30": 0, "2009-03-31": "", "2008-12-31": 0, "2008-09-30": 0, "2008-06-30": 0, "2008-03-31": "", "2007-12-31": 0, "2007-09-30": 0, "2007-06-30": 0, "2007-03-31": "", "2006-12-31": 0, "2006-09-30": 0, "2006-06-30": 0, "2006-03-31": "", "2005-12-31": 0, "2005-09-30": 0, "2005-06-30": 0, "2005-03-31": ""}, "Change In Assets/Liabilities": {"2020-09-30": 3.913, "2020-06-30": -46.027, "2020-03-31": "-213.97900", "2019-12-31": -24.492, "2019-09-30": 75.195, "2019-06-30": -29.927, "2019-03-31": "-56.05300", "2018-12-31": -31.168, "2018-09-30": 23.749, "2018-06-30": -58.34, "2018-03-31": "-113.37200", "2017-12-31": -29.365, "2017-09-30": 14.527, "2017-06-30": -1.387, "2017-03-31": "-12.94100", "2016-12-31": 3.385, "2016-09-30": 16.395, "2016-06-30": -37.484, "2016-03-31": "-50.57900", "2015-12-31": 74.128, "2015-09-30": 8.134, "2015-06-30": 1.936, "2015-03-31": "-14.20000", "2014-12-31": -58.725, "2014-09-30": 49.379, "2014-06-30": 1.003, "2014-03-31": "-39.73800", "2013-12-31": 33.037, "2013-09-30": -142.699, "2013-06-30": 7.998, "2013-03-31": "-27.86100", "2012-12-31": -5.472, "2012-09-30": 57.579, "2012-06-30": -19.88, "2012-03-31": "-57.73900", "2011-12-31": -53.594, "2011-09-30": -46.843, "2011-06-30": -58.265, "2011-03-31": "-20.61100", "2010-12-31": -22.316, "2010-09-30": 9.615, "2010-06-30": 7.688, "2010-03-31": "-41.72900", "2009-12-31": 18.107, "2009-09-30": 25.104, "2009-06-30": -3.152, "2009-03-31": "-68.11200", "2008-12-31": 39.596, "2008-09-30": 10.172, "2008-06-30": 31.413, "2008-03-31": "6.83300", "2007-12-31": 4.007, "2007-09-30": 65.312, "2007-06-30": 8.83, "2007-03-31": "21.41400", "2006-12-31": 43.027, "2006-09-30": 41.216, "2006-06-30": 12.964, "2006-03-31": "-139.78000", "2005-12-31": 32.334, "2005-09-30": 29.159, "2005-06-30": -17.294, "2005-03-31": "0.94700"}, "Total Change In Assets/Liabilities": {"2020-09-30": -160.624, "2020-06-30": -117.797, "2020-03-31": "109.99400", "2019-12-31": -24.587, "2019-09-30": -255.85, "2019-06-30": -87.415, "2019-03-31": "178.77100", "2018-12-31": 300.91, "2018-09-30": -378.166, "2018-06-30": -172.357, "2018-03-31": "320.81000", "2017-12-31": 200.218, "2017-09-30": -497.167, "2017-06-30": -171.757, "2017-03-31": "283.40200", "2016-12-31": 355.239, "2016-09-30": -428.862, "2016-06-30": -115.291, "2016-03-31": "204.86600", "2015-12-31": 288.713, "2015-09-30": -435.449, "2015-06-30": -179.634, "2015-03-31": "237.79100", "2014-12-31": 194.381, "2014-09-30": -327.688, "2014-06-30": -216.658, "2014-03-31": "159.61700", "2013-12-31": 163.204, "2013-09-30": -459.786, "2013-06-30": -86.968, "2013-03-31": "269.99000", "2012-12-31": 217.647, "2012-09-30": -281.698, "2012-06-30": -180.303, "2012-03-31": "247.71600", "2011-12-31": 186.43, "2011-09-30": -344.403, "2011-06-30": -255.496, "2011-03-31": "218.36300", "2010-12-31": 148.58, "2010-09-30": -381.631, "2010-06-30": -178.279, "2010-03-31": "154.59600", "2009-12-31": 237.907, "2009-09-30": -232.137, "2009-06-30": -249.841, "2009-03-31": "-95.24700", "2008-12-31": 405.895, "2008-09-30": -203.893, "2008-06-30": -215.256, "2008-03-31": "73.32000", "2007-12-31": 343.245, "2007-09-30": -198.592, "2007-06-30": -76.544, "2007-03-31": "-22.81800", "2006-12-31": 257.075, "2006-09-30": -160.493, "2006-06-30": -83.796, "2006-03-31": "-119.32900", "2005-12-31": 376.675, "2005-09-30": -167.714, "2005-06-30": -208.006, "2005-03-31": "127.42000"}, "Cash Flow From Operating Activities": {"2020-09-30": 235.971, "2020-06-30": -33.288, "2020-03-31": "291.62700", "2019-12-31": 263.493, "2019-09-30": 53.292, "2019-06-30": 71.782, "2019-03-31": "264.49400", "2018-12-31": 471.251, "2018-09-30": -66.055, "2018-06-30": -76.938, "2018-03-31": "317.73900", "2017-12-31": 522.582, "2017-09-30": -164.31, "2017-06-30": -45.822, "2017-03-31": "411.92800", "2016-12-31": 621.906, "2016-09-30": -110.529, "2016-06-30": -7.343, "2016-03-31": "313.27900", "2015-12-31": 501.808, "2015-09-30": -166.546, "2015-06-30": -79.177, "2015-03-31": "315.28100", "2014-12-31": 427.585, "2014-09-30": -82.444, "2014-06-30": -132.771, "2014-03-31": "242.04100", "2013-12-31": 353.815, "2013-09-30": -250.819, "2013-06-30": 0.682, "2013-03-31": "297.45400", "2012-12-31": 391.18, "2012-09-30": -57.165, "2012-06-30": -83.957, "2012-03-31": "284.73800", "2011-12-31": 395.023, "2011-09-30": -127.809, "2011-06-30": -147.639, "2011-03-31": "276.49400", "2010-12-31": 362.215, "2010-09-30": -167.263, "2010-06-30": -92.088, "2010-03-31": "265.11700", "2009-12-31": 476.154, "2009-09-30": -30.663, "2009-06-30": -157.211, "2009-03-31": "-22.65700", "2008-12-31": 568.911, "2008-09-30": 1.494, "2008-06-30": -131.072, "2008-03-31": "153.85200", "2007-12-31": 554.796, "2007-09-30": 18.094, "2007-06-30": -24.733, "2007-03-31": "53.63700", "2006-12-31": 421.483, "2006-09-30": -12.396, "2006-06-30": -13.201, "2006-03-31": "-75.23900", "2005-12-31": 501.188, "2005-09-30": -22.556, "2005-06-30": -141.65, "2005-03-31": "159.64200"}, "Net Change In Property, Plant, And Equipment": {"2020-09-30": -28.05, "2020-06-30": -33.176, "2020-03-31": "-30.83300", "2019-12-31": -42.836, "2019-09-30": -32.605, "2019-06-30": -32.994, "2019-03-31": "-25.20100", "2018-12-31": -36.411, "2018-09-30": -32.26, "2018-06-30": -43.52, "2018-03-31": "-28.23500", "2017-12-31": -32.365, "2017-09-30": -36.191, "2017-06-30": -36.078, "2017-03-31": "-30.24300", "2016-12-31": -51.261, "2016-09-30": -37.249, "2016-06-30": -35.172, "2016-03-31": "-31.21800", "2015-12-31": -44.149, "2015-09-30": -30.164, "2015-06-30": -36.558, "2015-03-31": "-31.15100", "2014-12-31": -99.533, "2014-09-30": 37.781, "2014-06-30": -29.397, "2014-03-31": "-22.23900", "2013-12-31": -33.785, "2013-09-30": -24.691, "2013-06-30": -29.354, "2013-03-31": "-24.20100", "2012-12-31": -37.195, "2012-09-30": -24.812, "2012-06-30": -27.05, "2012-03-31": "-23.03400", "2011-12-31": -27.727, "2011-09-30": -20.559, "2011-06-30": -28.72, "2011-03-31": "-22.39600", "2010-12-31": -36.745, "2010-09-30": -26.163, "2010-06-30": -28.906, "2010-03-31": "-20.78300", "2009-12-31": -30.418, "2009-09-30": -22.173, "2009-06-30": -27.003, "2009-03-31": "-24.53500", "2008-12-31": -32.236, "2008-09-30": -29.73, "2008-06-30": -30.413, "2008-03-31": "-24.76400", "2007-12-31": -28.343, "2007-09-30": -22.309, "2007-06-30": -21.591, "2007-03-31": "-19.28900", "2006-12-31": -30.5, "2006-09-30": -22.618, "2006-06-30": -17.453, "2006-03-31": "-11.53200", "2005-12-31": -24.847, "2005-09-30": -12.479, "2005-06-30": 11.551, "2005-03-31": "-11.72600"}, "Net Change In Intangible Assets": {"2020-09-30": 0, "2020-06-30": 0, "2020-03-31": "", "2019-12-31": 0, "2019-09-30": 0, "2019-06-30": 0, "2019-03-31": "", "2018-12-31": 0, "2018-09-30": 0, "2018-06-30": 0, "2018-03-31": "", "2017-12-31": 0, "2017-09-30": 0, "2017-06-30": 0, "2017-03-31": "", "2016-12-31": 0, "2016-09-30": 0, "2016-06-30": 0, "2016-03-31": "", "2015-12-31": 0, "2015-09-30": 0, "2015-06-30": 0, "2015-03-31": "", "2014-12-31": 0, "2014-09-30": 0, "2014-06-30": 0, "2014-03-31": "", "2013-12-31": 0, "2013-09-30": 0, "2013-06-30": 0, "2013-03-31": "", "2012-12-31": 0, "2012-09-30": 0, "2012-06-30": 0, "2012-03-31": "", "2011-12-31": 0, "2011-09-30": 0, "2011-06-30": 0, "2011-03-31": "", "2010-12-31": 0, "2010-09-30": 0, "2010-06-30": 0, "2010-03-31": "", "2009-12-31": 0, "2009-09-30": 0, "2009-06-30": 0, "2009-03-31": "", "2008-12-31": 0, "2008-09-30": 0, "2008-06-30": 0, "2008-03-31": "", "2007-12-31": 0, "2007-09-30": 0, "2007-06-30": 0, "2007-03-31": "", "2006-12-31": 0, "2006-09-30": 0, "2006-06-30": 0, "2006-03-31": "", "2005-12-31": 0, "2005-09-30": 0, "2005-06-30": 0, "2005-03-31": ""}, "Net Acquisitions/Divestitures": {"2020-09-30": 0, "2020-06-30": 0, "2020-03-31": "-4403.92900", "2019-12-31": 0, "2019-09-30": 0, "2019-06-30": 0, "2019-03-31": "", "2018-12-31": 155.451, "2018-09-30": 0, "2018-06-30": -155.451, "2018-03-31": "", "2017-12-31": 0, "2017-09-30": 0, "2017-06-30": 0, "2017-03-31": "", "2016-12-31": 0, "2016-09-30": 0, "2016-06-30": 0, "2016-03-31": "", "2015-12-31": 0, "2015-09-30": 0, "2015-06-30": 0, "2015-03-31": "", "2014-12-31": 0, "2014-09-30": 0, "2014-06-30": 0, "2014-03-31": "", "2013-12-31": 0, "2013-09-30": 0, "2013-06-30": 0, "2013-03-31": "", "2012-12-31": 0, "2012-09-30": 0, "2012-06-30": 0, "2012-03-31": "", "2011-12-31": 0, "2011-09-30": 0, "2011-06-30": 0, "2011-03-31": "", "2010-12-31": 0, "2010-09-30": 0, "2010-06-30": 0, "2010-03-31": "", "2009-12-31": 0, "2009-09-30": 0, "2009-06-30": 0, "2009-03-31": "", "2008-12-31": 0, "2008-09-30": 0, "2008-06-30": 0, "2008-03-31": "", "2007-12-31": 0, "2007-09-30": 0, "2007-06-30": 0, "2007-03-31": "", "2006-12-31": 0, "2006-09-30": 0, "2006-06-30": 0, "2006-03-31": "", "2005-12-31": 0, "2005-09-30": 0, "2005-06-30": 0, "2005-03-31": ""}, "Net Change In Short-term Investments": {"2020-09-30": 0, "2020-06-30": 0, "2020-03-31": "", "2019-12-31": 0, "2019-09-30": 0, "2019-06-30": 0, "2019-03-31": "", "2018-12-31": 0, "2018-09-30": 0, "2018-06-30": 0, "2018-03-31": "", "2017-12-31": 0, "2017-09-30": 0, "2017-06-30": 0, "2017-03-31": "", "2016-12-31": 0, "2016-09-30": 0, "2016-06-30": 0, "2016-03-31": "", "2015-12-31": 0, "2015-09-30": 0, "2015-06-30": 0, "2015-03-31": "", "2014-12-31": 0, "2014-09-30": 0, "2014-06-30": 0, "2014-03-31": "", "2013-12-31": 0, "2013-09-30": 0, "2013-06-30": 0, "2013-03-31": "", "2012-12-31": 0, "2012-09-30": 0, "2012-06-30": 0, "2012-03-31": "", "2011-12-31": 0, "2011-09-30": 0, "2011-06-30": 0, "2011-03-31": "", "2010-12-31": 0, "2010-09-30": 0, "2010-06-30": 0, "2010-03-31": "", "2009-12-31": -2, "2009-09-30": -12, "2009-06-30": -4, "2009-03-31": "", "2008-12-31": 0, "2008-09-30": 0, "2008-06-30": 0, "2008-03-31": "0.00000", "2007-12-31": 0, "2007-09-30": 0, "2007-06-30": 15, "2007-03-31": "-15.00000", "2006-12-31": 0, "2006-09-30": 72.625, "2006-06-30": 75.05, "2006-03-31": "-147.67500", "2005-12-31": 0, "2005-09-30": 0, "2005-06-30": 0, "2005-03-31": ""}, "Net Change In Long-Term Investments": {"2020-09-30": 0, "2020-06-30": 0, "2020-03-31": "", "2019-12-31": -8.761, "2019-09-30": 0, "2019-06-30": 0, "2019-03-31": "", "2018-12-31": -155.451, "2018-09-30": 0, "2018-06-30": 0, "2018-03-31": "", "2017-12-31": 0, "2017-09-30": 0, "2017-06-30": 0, "2017-03-31": "", "2016-12-31": 0, "2016-09-30": -12.436, "2016-06-30": 0, "2016-03-31": "", "2015-12-31": 3, "2015-09-30": -3, "2015-06-30": 0, "2015-03-31": "", "2014-12-31": 0, "2014-09-30": 0, "2014-06-30": 0, "2014-03-31": "", "2013-12-31": -0.743, "2013-09-30": -109.955, "2013-06-30": 0, "2013-03-31": "", "2012-12-31": 0, "2012-09-30": 0, "2012-06-30": 0, "2012-03-31": "", "2011-12-31": 0, "2011-09-30": -1.585, "2011-06-30": -10, "2011-03-31": "", "2010-12-31": 0, "2010-09-30": 0, "2010-06-30": 0, "2010-03-31": "", "2009-12-31": 0, "2009-09-30": -0.175, "2009-06-30": -371.307, "2009-03-31": "", "2008-12-31": 0, "2008-09-30": 0, "2008-06-30": -87.591, "2008-03-31": "-67.16600", "2007-12-31": 0, "2007-09-30": -18, "2007-06-30": 0, "2007-03-31": "", "2006-12-31": 0, "2006-09-30": 0, "2006-06-30": 0, "2006-03-31": "", "2005-12-31": -0.07, "2005-09-30": -14.109, "2005-06-30": -65, "2005-03-31": ""}, "Net Change In Investments - Total": {"2020-09-30": 0, "2020-06-30": 0, "2020-03-31": "", "2019-12-31": -8.761, "2019-09-30": 0, "2019-06-30": 0, "2019-03-31": "", "2018-12-31": -155.451, "2018-09-30": 0, "2018-06-30": 0, "2018-03-31": "", "2017-12-31": 0, "2017-09-30": 0, "2017-06-30": 0, "2017-03-31": "", "2016-12-31": 0, "2016-09-30": -12.436, "2016-06-30": 0, "2016-03-31": "", "2015-12-31": 3, "2015-09-30": -3, "2015-06-30": 0, "2015-03-31": "", "2014-12-31": 0, "2014-09-30": 0, "2014-06-30": 0, "2014-03-31": "", "2013-12-31": -0.743, "2013-09-30": -109.955, "2013-06-30": 0, "2013-03-31": "", "2012-12-31": 0, "2012-09-30": 0, "2012-06-30": 0, "2012-03-31": "", "2011-12-31": 0, "2011-09-30": -1.585, "2011-06-30": -10, "2011-03-31": "", "2010-12-31": 0, "2010-09-30": 0, "2010-06-30": 0, "2010-03-31": "", "2009-12-31": -2, "2009-09-30": -12.175, "2009-06-30": -375.307, "2009-03-31": "", "2008-12-31": 0, "2008-09-30": 0, "2008-06-30": -87.591, "2008-03-31": "-67.16600", "2007-12-31": 0, "2007-09-30": -18, "2007-06-30": 15, "2007-03-31": "-15.00000", "2006-12-31": 0, "2006-09-30": 72.625, "2006-06-30": 75.05, "2006-03-31": "-147.67500", "2005-12-31": -0.07, "2005-09-30": -14.109, "2005-06-30": -65, "2005-03-31": ""}, "Investing Activities - Other": {"2020-09-30": 11.145, "2020-06-30": 8.881, "2020-03-31": "4.27100", "2019-12-31": 77.102, "2019-09-30": 6.621, "2019-06-30": -0.481, "2019-03-31": "-1.80000", "2018-12-31": 0.813, "2018-09-30": 5.203, "2018-06-30": 1.377, "2018-03-31": "2.00700", "2017-12-31": -2.12, "2017-09-30": 6.981, "2017-06-30": -0.684, "2017-03-31": "-0.78100", "2016-12-31": 3.369, "2016-09-30": 5.145, "2016-06-30": 16.805, "2016-03-31": "3.62600", "2015-12-31": -3.704, "2015-09-30": 33.373, "2015-06-30": 10.666, "2015-03-31": "-1.96000", "2014-12-31": 108.894, "2014-09-30": 5.037, "2014-06-30": 3.811, "2014-03-31": "-4.83900", "2013-12-31": 1.865, "2013-09-30": -1.338, "2013-06-30": 0.861, "2013-03-31": "3.59800", "2012-12-31": 3.361, "2012-09-30": -3.383, "2012-06-30": -0.732, "2012-03-31": "6.67300", "2011-12-31": -1.53, "2011-09-30": 1.574, "2011-06-30": 5.365, "2011-03-31": "-2.03700", "2010-12-31": 6.604, "2010-09-30": 2.741, "2010-06-30": -0.604, "2010-03-31": "-0.33200", "2009-12-31": -1.106, "2009-09-30": -1.967, "2009-06-30": -1.87, "2009-03-31": "1.04500", "2008-12-31": 2.488, "2008-09-30": 3.35, "2008-06-30": -3.576, "2008-03-31": "-2.28200", "2007-12-31": 0.197, "2007-09-30": -4.156, "2007-06-30": -0.87, "2007-03-31": "1.89600", "2006-12-31": 0.394, "2006-09-30": -1.618, "2006-06-30": -0.119, "2006-03-31": "-0.15800", "2005-12-31": -4.082, "2005-09-30": -0.677, "2005-06-30": 0.062, "2005-03-31": "0.70600"}, "Cash Flow From Investing Activities": {"2020-09-30": -16.905, "2020-06-30": -24.295, "2020-03-31": "-4430.49100", "2019-12-31": 25.505, "2019-09-30": -25.984, "2019-06-30": -33.475, "2019-03-31": "-27.00100", "2018-12-31": -35.598, "2018-09-30": -27.057, "2018-06-30": -197.594, "2018-03-31": "-26.22800", "2017-12-31": -34.485, "2017-09-30": -29.21, "2017-06-30": -36.762, "2017-03-31": "-31.02400", "2016-12-31": -47.892, "2016-09-30": -44.54, "2016-06-30": -18.367, "2016-03-31": "-27.59200", "2015-12-31": -44.853, "2015-09-30": 0.209, "2015-06-30": -25.892, "2015-03-31": "-33.11100", "2014-12-31": 9.361, "2014-09-30": 42.818, "2014-06-30": -25.586, "2014-03-31": "-27.07800", "2013-12-31": -32.663, "2013-09-30": -135.984, "2013-06-30": -28.493, "2013-03-31": "-20.60300", "2012-12-31": -33.834, "2012-09-30": -28.195, "2012-06-30": -27.782, "2012-03-31": "-16.36100", "2011-12-31": -29.257, "2011-09-30": -20.57, "2011-06-30": -33.355, "2011-03-31": "-24.43300", "2010-12-31": -30.141, "2010-09-30": -23.422, "2010-06-30": -29.51, "2010-03-31": "-21.11500", "2009-12-31": -33.524, "2009-09-30": -36.315, "2009-06-30": -404.18, "2009-03-31": "-23.49000", "2008-12-31": -29.748, "2008-09-30": -26.38, "2008-06-30": -121.58, "2008-03-31": "-94.21200", "2007-12-31": -28.146, "2007-09-30": -44.465, "2007-06-30": -7.461, "2007-03-31": "-32.39300", "2006-12-31": -30.106, "2006-09-30": 48.389, "2006-06-30": 57.478, "2006-03-31": "-159.36500", "2005-12-31": -28.999, "2005-09-30": -27.265, "2005-06-30": -53.387, "2005-03-31": "-11.02000"}, "Net Long-Term Debt": {"2020-09-30": -36.547, "2020-06-30": -42.2431, "2020-03-31": "967.50310", "2019-12-31": 2354.957, "2019-09-30": 0, "2019-06-30": 0, "2019-03-31": "", "2018-12-31": 0, "2018-09-30": 0, "2018-06-30": 0, "2018-03-31": "", "2017-12-31": 0, "2017-09-30": 143.878, "2017-06-30": 0, "2017-03-31": "", "2016-12-31": 0, "2016-09-30": 0, "2016-06-30": 0, "2016-03-31": "", "2015-12-31": 0, "2015-09-30": 0, "2015-06-30": 0, "2015-03-31": "", "2014-12-31": 0, "2014-09-30": 0, "2014-06-30": 134.986, "2014-03-31": "", "2013-12-31": 0, "2013-09-30": 0, "2013-06-30": 0, "2013-03-31": "", "2012-12-31": 0, "2012-09-30": 0, "2012-06-30": 0, "2012-03-31": "", "2011-12-31": 0, "2011-09-30": 0, "2011-06-30": 0, "2011-03-31": "", "2010-12-31": 0, "2010-09-30": 0, "2010-06-30": -0.186, "2010-03-31": "492.52800", "2009-12-31": 0, "2009-09-30": 0, "2009-06-30": 421.309, "2009-03-31": "", "2008-12-31": 0, "2008-09-30": -135.092, "2008-06-30": 0, "2008-03-31": "", "2007-12-31": 0, "2007-09-30": 346.009, "2007-06-30": 0, "2007-03-31": "", "2006-12-31": 0, "2006-09-30": 0, "2006-06-30": 0, "2006-03-31": "-32.74300", "2005-12-31": -71.974, "2005-09-30": 0, "2005-06-30": -20.969, "2005-03-31": "-0.36000"}, "Net Current Debt": {"2020-09-30": 4.161, "2020-06-30": -3.056, "2020-03-31": "-1.42400", "2019-12-31": -7.403, "2019-09-30": -4.52, "2019-06-30": -0.324, "2019-03-31": "3.41900", "2018-12-31": -10.728, "2018-09-30": 1.953, "2018-06-30": 0.116, "2018-03-31": "-133.69800", "2017-12-31": -34.082, "2017-09-30": 1.405, "2017-06-30": 121.594, "2017-03-31": "-107.33600", "2016-12-31": -5.182, "2016-09-30": 173.296, "2016-06-30": -83.61, "2016-03-31": "-75.52600", "2015-12-31": 50.791, "2015-09-30": -53.681, "2015-06-30": -64.095, "2015-03-31": "-20.32500", "2014-12-31": 174.882, "2014-09-30": 69.742, "2014-06-30": -3.605, "2014-03-31": "5.03500", "2013-12-31": -204.038, "2013-09-30": 19.912, "2013-06-30": 31.458, "2013-03-31": "-62.60500", "2012-12-31": -40.274, "2012-09-30": 43.624, "2012-06-30": 49.893, "2012-03-31": "-10.13700", "2011-12-31": 167.352, "2011-09-30": 1.962, "2011-06-30": -25.597, "2011-03-31": "23.62200", "2010-12-31": -89.496, "2010-09-30": 91.821, "2010-06-30": -0.758, "2010-03-31": "-1.94800", "2009-12-31": -19.958, "2009-09-30": 21.466, "2009-06-30": -34.65, "2009-03-31": "37.25600", "2008-12-31": -223.57, "2008-09-30": 40.066, "2008-06-30": 23.03, "2008-03-31": "159.82900", "2007-12-31": -0.648, "2007-09-30": -78.852, "2007-06-30": 81.439, "2007-03-31": "-3.08900", "2006-12-31": -1.246, "2006-09-30": 1.405, "2006-06-30": 0.329, "2006-03-31": "-4.21400", "2005-12-31": 0.469, "2005-09-30": 0.127, "2005-06-30": -3.117, "2005-03-31": "-1.16400"}, "Debt Issuance/Retirement Net - Total": {"2020-09-30": -32.386, "2020-06-30": -45.299, "2020-03-31": "966.07900", "2019-12-31": 2347.554, "2019-09-30": -4.52, "2019-06-30": -0.324, "2019-03-31": "3.41900", "2018-12-31": -10.728, "2018-09-30": 1.953, "2018-06-30": 0.116, "2018-03-31": "-133.69800", "2017-12-31": -34.082, "2017-09-30": 145.283, "2017-06-30": 121.594, "2017-03-31": "-107.33600", "2016-12-31": -5.182, "2016-09-30": 173.296, "2016-06-30": -83.61, "2016-03-31": "-75.52600", "2015-12-31": 50.791, "2015-09-30": -53.681, "2015-06-30": -64.095, "2015-03-31": "-20.32500", "2014-12-31": 174.882, "2014-09-30": 69.742, "2014-06-30": 131.381, "2014-03-31": "5.03500", "2013-12-31": -204.038, "2013-09-30": 19.912, "2013-06-30": 31.458, "2013-03-31": "-62.60500", "2012-12-31": -40.274, "2012-09-30": 43.624, "2012-06-30": 49.893, "2012-03-31": "-10.13700", "2011-12-31": 167.352, "2011-09-30": 1.962, "2011-06-30": -25.597, "2011-03-31": "23.62200", "2010-12-31": -89.496, "2010-09-30": 91.821, "2010-06-30": -0.944, "2010-03-31": "490.58000", "2009-12-31": -19.958, "2009-09-30": 21.466, "2009-06-30": 386.659, "2009-03-31": "37.25600", "2008-12-31": -223.57, "2008-09-30": -95.026, "2008-06-30": 23.03, "2008-03-31": "159.82900", "2007-12-31": -0.648, "2007-09-30": 267.157, "2007-06-30": 81.439, "2007-03-31": "-3.08900", "2006-12-31": -1.246, "2006-09-30": 1.405, "2006-06-30": 0.329, "2006-03-31": "-36.95700", "2005-12-31": -71.505, "2005-09-30": 0.127, "2005-06-30": -24.086, "2005-03-31": "-1.52400"}, "Net Common Equity Issued/Repurchased": {"2020-09-30": 0, "2020-06-30": 0, "2020-03-31": "", "2019-12-31": 973.935, "2019-09-30": -1.504, "2019-06-30": -11.154, "2019-03-31": "-47.47900", "2018-12-31": -62.204, "2018-09-30": -84.357, "2018-06-30": -65.367, "2018-03-31": "-38.12600", "2017-12-31": -39.07, "2017-09-30": -93.68, "2017-06-30": 0.751, "2017-03-31": "-19.31200", "2016-12-31": -45.802, "2016-09-30": -46.936, "2016-06-30": -23.627, "2016-03-31": "-33.71000", "2015-12-31": -13.114, "2015-09-30": -24.954, "2015-06-30": -22.649, "2015-03-31": "-26.50700", "2014-12-31": -121.38, "2014-09-30": -124.249, "2014-06-30": -134.022, "2014-03-31": "-79.91300", "2013-12-31": -16.516, "2013-09-30": -31.04, "2013-06-30": -33.719, "2013-03-31": "-22.21300", "2012-12-31": -82.926, "2012-09-30": -5.153, "2012-06-30": -5.282, "2012-03-31": "-4.64400", "2011-12-31": -38.208, "2011-09-30": -212.623, "2011-06-30": -113.857, "2011-03-31": "-58.32000", "2010-12-31": -8.566, "2010-09-30": -278.934, "2010-06-30": -256.466, "2010-03-31": "-95.59700", "2009-12-31": -61.015, "2009-09-30": -27.097, "2009-06-30": 0, "2009-03-31": "", "2008-12-31": -7.377, "2008-09-30": -142.622, "2008-06-30": -58.248, "2008-03-31": "-151.99700", "2007-12-31": 54.683, "2007-09-30": -345.254, "2007-06-30": -228.408, "2007-03-31": "-65.37000", "2006-12-31": -44.537, "2006-09-30": -132.576, "2006-06-30": -192.288, "2006-03-31": "-87.34300", "2005-12-31": -16.253, "2005-09-30": -24.436, "2005-06-30": -7.341, "2005-03-31": ""}, "Net Total Equity Issued/Repurchased": {"2020-09-30": 0, "2020-06-30": 0, "2020-03-31": "", "2019-12-31": 973.935, "2019-09-30": -1.504, "2019-06-30": -11.154, "2019-03-31": "-47.47900", "2018-12-31": -62.204, "2018-09-30": -84.357, "2018-06-30": -65.367, "2018-03-31": "-38.12600", "2017-12-31": -39.07, "2017-09-30": -93.68, "2017-06-30": 0.751, "2017-03-31": "-19.31200", "2016-12-31": -45.802, "2016-09-30": -46.936, "2016-06-30": -23.627, "2016-03-31": "-33.71000", "2015-12-31": -13.114, "2015-09-30": -24.954, "2015-06-30": -22.649, "2015-03-31": "-26.50700", "2014-12-31": -121.38, "2014-09-30": -124.249, "2014-06-30": -134.022, "2014-03-31": "-79.91300", "2013-12-31": -16.516, "2013-09-30": -31.04, "2013-06-30": -33.719, "2013-03-31": "-22.21300", "2012-12-31": -82.926, "2012-09-30": -5.153, "2012-06-30": -5.282, "2012-03-31": "-4.64400", "2011-12-31": -38.208, "2011-09-30": -212.623, "2011-06-30": -113.857, "2011-03-31": "-58.32000", "2010-12-31": -8.566, "2010-09-30": -278.934, "2010-06-30": -256.466, "2010-03-31": "-95.59700", "2009-12-31": -61.015, "2009-09-30": -27.097, "2009-06-30": 0, "2009-03-31": "", "2008-12-31": -7.377, "2008-09-30": -142.622, "2008-06-30": -58.248, "2008-03-31": "-151.99700", "2007-12-31": 54.683, "2007-09-30": -345.254, "2007-06-30": -228.408, "2007-03-31": "-65.37000", "2006-12-31": -44.537, "2006-09-30": -132.576, "2006-06-30": -192.288, "2006-03-31": "-87.34300", "2005-12-31": -16.253, "2005-09-30": -24.436, "2005-06-30": -7.341, "2005-03-31": ""}, "Total Common And Preferred Stock Dividends Paid": {"2020-09-30": -93.18, "2020-06-30": -93.081, "2020-03-31": "-93.16200", "2019-12-31": -85.844, "2019-09-30": -85.852, "2019-06-30": -85.634, "2019-03-31": "-79.27400", "2018-12-31": -79.696, "2018-09-30": -80.034, "2018-06-30": -78.747, "2018-03-31": "-70.78100", "2017-12-31": -70.961, "2017-09-30": -71.357, "2017-06-30": -71.251, "2017-03-31": "-63.40400", "2016-12-31": -63.616, "2016-09-30": -63.954, "2016-06-30": -63.905, "2016-03-31": "-57.40600", "2015-12-31": -57.404, "2015-09-30": -57.491, "2015-06-30": -57.432, "2015-03-31": "-53.47000", "2014-12-31": -54.066, "2014-09-30": -54.692, "2014-06-30": -55.709, "2014-03-31": "-52.38800", "2013-12-31": -51.965, "2013-09-30": -52.039, "2013-06-30": -52.125, "2013-03-31": "", "2012-12-31": -93.233, "2012-09-30": -46.914, "2012-06-30": -46.724, "2012-03-31": "-38.59300", "2011-12-31": -38.698, "2011-09-30": -40.22, "2011-06-30": -40.813, "2011-03-31": "-34.29700", "2010-12-31": -34.128, "2010-09-30": -34.802, "2010-06-30": -36.826, "2010-03-31": "-27.29200", "2009-12-31": -27.654, "2009-09-30": -27.981, "2009-06-30": -27.969, "2009-03-31": "-27.85400", "2008-12-31": -27.849, "2008-09-30": -28.35, "2008-06-30": -27.949, "2008-03-31": "-22.91700", "2007-12-31": -23.591, "2007-09-30": -25.583, "2007-06-30": -25.626, "2007-03-31": "-19.29700", "2006-12-31": -19.149, "2006-09-30": -19.631, "2006-06-30": -20.471, "2006-03-31": "-16.03100", "2005-12-31": -16.041, "2005-09-30": -16.149, "2005-06-30": -16.064, "2005-03-31": "-10.64700"}, "Financial Activities - Other": {"2020-09-30": -2.38, "2020-06-30": -2.625, "2020-03-31": "-53.44800", "2019-12-31": -7.892, "2019-09-30": -18.748, "2019-06-30": 10.935, "2019-03-31": "-97.04500", "2018-12-31": -5.923, "2018-09-30": 5.113, "2018-06-30": -1.503, "2018-03-31": "-33.11900", "2017-12-31": -6.807, "2017-09-30": 18.957, "2017-06-30": 0.15, "2017-03-31": "-21.64800", "2016-12-31": -1.883, "2016-09-30": -2.115, "2016-06-30": 23.163, "2016-03-31": "-4.68500", "2015-12-31": -9.708, "2015-09-30": 2.498, "2015-06-30": 24.35, "2015-03-31": "17.81300", "2014-12-31": 12.469, "2014-09-30": 20.485, "2014-06-30": 7.59, "2014-03-31": "23.87900", "2013-12-31": 46.709, "2013-09-30": 15.107, "2013-06-30": 46.602, "2013-03-31": "25.46300", "2012-12-31": 11.802, "2012-09-30": 7.78, "2012-06-30": 18.473, "2012-03-31": "22.92900", "2011-12-31": -0.678, "2011-09-30": 6.432, "2011-06-30": 16.658, "2011-03-31": "11.60000", "2010-12-31": 29.959, "2010-09-30": 33.56, "2010-06-30": 32.084, "2010-03-31": "14.45200", "2009-12-31": 5.022, "2009-09-30": 3.451, "2009-06-30": 0.551, "2009-03-31": "1.90200", "2008-12-31": 0.638, "2008-09-30": 56.996, "2008-06-30": 77.296, "2008-03-31": "10.72500", "2007-12-31": -194.466, "2007-09-30": 14.03, "2007-06-30": 40.658, "2007-03-31": "39.44800", "2006-12-31": 77.91, "2006-09-30": 6.657, "2006-06-30": 2.925, "2006-03-31": "13.72400", "2005-12-31": 3.749, "2005-09-30": 17.922, "2005-06-30": 10.209, "2005-03-31": "13.39800"}, "Cash Flow From Financial Activities": {"2020-09-30": -127.946, "2020-06-30": -141.005, "2020-03-31": "819.46900", "2019-12-31": 3227.753, "2019-09-30": -110.624, "2019-06-30": -86.177, "2019-03-31": "-220.37900", "2018-12-31": -158.551, "2018-09-30": -157.325, "2018-06-30": -145.501, "2018-03-31": "-275.72400", "2017-12-31": -150.92, "2017-09-30": -0.797, "2017-06-30": 51.244, "2017-03-31": "-211.70000", "2016-12-31": -116.483, "2016-09-30": 60.291, "2016-06-30": -147.979, "2016-03-31": "-171.32700", "2015-12-31": -29.435, "2015-09-30": -133.628, "2015-06-30": -119.826, "2015-03-31": "-82.48900", "2014-12-31": 11.905, "2014-09-30": -88.714, "2014-06-30": -50.76, "2014-03-31": "-103.38700", "2013-12-31": -225.81, "2013-09-30": -48.06, "2013-06-30": -7.784, "2013-03-31": "-59.35500", "2012-12-31": -204.631, "2012-09-30": -0.663, "2012-06-30": 16.36, "2012-03-31": "-30.44500", "2011-12-31": 89.768, "2011-09-30": -244.449, "2011-06-30": -163.609, "2011-03-31": "-57.39500", "2010-12-31": -102.231, "2010-09-30": -188.355, "2010-06-30": -262.152, "2010-03-31": "382.14300", "2009-12-31": -103.605, "2009-09-30": -30.161, "2009-06-30": 359.241, "2009-03-31": "11.30400", "2008-12-31": -258.158, "2008-09-30": -209.002, "2008-06-30": 14.129, "2008-03-31": "-4.36000", "2007-12-31": -164.022, "2007-09-30": -89.65, "2007-06-30": -131.937, "2007-03-31": "-48.30800", "2006-12-31": 12.978, "2006-09-30": -144.145, "2006-06-30": -209.505, "2006-03-31": "-126.60700", "2005-12-31": -100.05, "2005-09-30": -22.536, "2005-06-30": -37.282, "2005-03-31": "1.22700"}, "Net Cash Flow": {"2020-09-30": 94.389, "2020-06-30": -199.868, "2020-03-31": "-3342.48500", "2019-12-31": 3519.937, "2019-09-30": -90.61, "2019-06-30": -45.592, "2019-03-31": "14.26300", "2018-12-31": 275.264, "2018-09-30": -251.965, "2018-06-30": -439.872, "2018-03-31": "17.71000", "2017-12-31": 336.456, "2017-09-30": -188.722, "2017-06-30": -29.581, "2017-03-31": "180.79600", "2016-12-31": 451.913, "2016-09-30": -93.726, "2016-06-30": -171.782, "2016-03-31": "119.13000", "2015-12-31": 425.458, "2015-09-30": -307.166, "2015-06-30": -222.939, "2015-03-31": "188.23000", "2014-12-31": 440.983, "2014-09-30": -133.967, "2014-06-30": -206.098, "2014-03-31": "109.80000", "2013-12-31": 93.781, "2013-09-30": -433.677, "2013-06-30": -44.694, "2013-03-31": "217.33800", "2012-12-31": 152.968, "2012-09-30": -83.198, "2012-06-30": -103.893, "2012-03-31": "242.13600", "2011-12-31": 454.726, "2011-09-30": -397.816, "2011-06-30": -342.644, "2011-03-31": "199.62600", "2010-12-31": 229.893, "2010-09-30": -374.372, "2010-06-30": -387.524, "2010-03-31": "623.75400", "2009-12-31": 338.687, "2009-09-30": -94.676, "2009-06-30": -198.354, "2009-03-31": "-40.00200", "2008-12-31": 273.878, "2008-09-30": -238.109, "2008-06-30": -237.559, "2008-03-31": "57.72200", "2007-12-31": 363.517, "2007-09-30": -114.632, "2007-06-30": -163.021, "2007-03-31": "-26.80600", "2006-12-31": 406.3, "2006-09-30": -107.987, "2006-06-30": -164.208, "2006-03-31": "-360.97300", "2005-12-31": 371.769, "2005-09-30": -72.332, "2005-06-30": -234.06, "2005-03-31": "151.88900"}, "Stock-Based Compensation": {"2020-09-30": 13.885, "2020-06-30": 56.357, "2020-03-31": "10.65100", "2019-12-31": 3.257, "2019-09-30": 8.893, "2019-06-30": 10.609, "2019-03-31": "5.28500", "2018-12-31": -7.931, "2018-09-30": 12.278, "2018-06-30": 13.254, "2018-03-31": "10.29100", "2017-12-31": 18.642, "2017-09-30": 12.258, "2017-06-30": 14.288, "2017-03-31": "10.84400", "2016-12-31": 21.951, "2016-09-30": 14.096, "2016-06-30": 13.604, "2016-03-31": "11.97300", "2015-12-31": 20.807, "2015-09-30": 11.359, "2015-06-30": 12.09, "2015-03-31": "9.62400", "2014-12-31": 9.283, "2014-09-30": 9.019, "2014-06-30": 10.791, "2014-03-31": "7.05900", "2013-12-31": 0.673, "2013-09-30": 8.598, "2013-06-30": 7.315, "2013-03-31": "4.68600", "2012-12-31": 1.394, "2012-09-30": 5.483, "2012-06-30": 7.468, "2012-03-31": "5.08900", "2011-12-31": -11.727, "2011-09-30": 7.581, "2011-06-30": 9.225, "2011-03-31": "7.38400", "2010-12-31": 9.158, "2010-09-30": 8.042, "2010-06-30": 9.01, "2010-03-31": "7.18200", "2009-12-31": 8.292, "2009-09-30": 7.157, "2009-06-30": 8.443, "2009-03-31": "6.02000", "2008-12-31": 9.445, "2008-09-30": 7.368, "2008-06-30": 8.491, "2008-03-31": "9.91700", "2007-12-31": 6.829, "2007-09-30": 7.549, "2007-06-30": 7.864, "2007-03-31": "7.16000", "2006-12-31": 22.832, "2006-09-30": 0, "2006-06-30": 0, "2006-03-31": "", "2005-12-31": 0.074, "2005-09-30": 0, "2005-06-30": 0, "2005-03-31": ""}, "Common Stock Dividends Paid": {"2020-09-30": -93.18, "2020-06-30": -93.081, "2020-03-31": "-93.16200", "2019-12-31": -85.844, "2019-09-30": -85.852, "2019-06-30": -85.634, "2019-03-31": "-79.27400", "2018-12-31": -79.696, "2018-09-30": -80.034, "2018-06-30": -78.747, "2018-03-31": "-70.78100", "2017-12-31": -70.961, "2017-09-30": -71.357, "2017-06-30": -71.251, "2017-03-31": "-63.40400", "2016-12-31": -63.616, "2016-09-30": -63.954, "2016-06-30": -63.905, "2016-03-31": "-57.40600", "2015-12-31": -57.404, "2015-09-30": -57.491, "2015-06-30": -57.432, "2015-03-31": "-53.47000", "2014-12-31": -54.066, "2014-09-30": -54.692, "2014-06-30": -55.709, "2014-03-31": "-52.38800", "2013-12-31": -51.965, "2013-09-30": -52.039, "2013-06-30": -52.125, "2013-03-31": "", "2012-12-31": -93.233, "2012-09-30": -46.914, "2012-06-30": -46.724, "2012-03-31": "-38.59300", "2011-12-31": -38.698, "2011-09-30": -40.22, "2011-06-30": -40.813, "2011-03-31": "-34.29700", "2010-12-31": -34.128, "2010-09-30": -34.802, "2010-06-30": -36.826, "2010-03-31": "-27.29200", "2009-12-31": -27.654, "2009-09-30": -27.981, "2009-06-30": -27.969, "2009-03-31": "-27.85400", "2008-12-31": -27.849, "2008-09-30": -28.35, "2008-06-30": -27.949, "2008-03-31": "-22.91700", "2007-12-31": -23.591, "2007-09-30": -25.583, "2007-06-30": -25.626, "2007-03-31": "-19.29700", "2006-12-31": -19.149, "2006-09-30": -19.631, "2006-06-30": -20.471, "2006-03-31": "-16.03100", "2005-12-31": -16.041, "2005-09-30": -16.149, "2005-06-30": -16.064, "2005-03-31": "-10.64700"}}, "financial ratios": {"Current Ratio": {"2019-12-31": "5.36760", "2018-12-31": "2.41890", "2017-12-31": "2.90320", "2016-12-31": "1.99500", "2015-12-31": "2.69160", "2014-12-31": "2.46670", "2013-12-31": "1.81950", "2012-12-31": "2.61150", "2011-12-31": "2.39160", "2010-12-31": "3.08990", "2009-12-31": "2.50650", "2008-12-31": "2.14280", "2007-12-31": "2.12720", "2006-12-31": "1.89680", "2005-12-31": "2.00960"}, "Long-term Debt / Capital": {"2019-12-31": "0.57460", "2018-12-31": "0.49140", "2017-12-31": "0.48070", "2016-12-31": "0.39150", "2015-12-31": "0.48180", "2014-12-31": "0.51330", "2013-12-31": "0.36330", "2012-12-31": "0.48090", "2011-12-31": "0.49700", "2010-12-31": "0.46390", "2009-12-31": "0.41510", "2008-12-31": "0.33790", "2007-12-31": "0.33880", "2006-12-31": "0.24350", "2005-12-31": "0.22330"}, "Debt/Equity Ratio": {"2019-12-31": "1.35100", "2018-12-31": "0.97170", "2017-12-31": "1.01020", "2016-12-31": "0.92390", "2015-12-31": "1.02870", "2014-12-31": "1.22700", "2013-12-31": "0.83020", "2012-12-31": "1.07520", "2011-12-31": "1.11550", "2010-12-31": "0.87420", "2009-12-31": "0.71870", "2008-12-31": "0.51580", "2007-12-31": "0.61750", "2006-12-31": "0.32870", "2005-12-31": "0.31510"}, "Gross Margin": {"2019-12-31": "61.70000", "2018-12-31": "59.58910", "2017-12-31": "60.96400", "2016-12-31": "62.04100", "2015-12-31": "62.29280", "2014-12-31": "60.29250", "2013-12-31": "59.01920", "2012-12-31": "59.11010", "2011-12-31": "57.15260", "2010-12-31": "57.77140", "2009-12-31": "58.79160", "2008-12-31": "57.90830", "2007-12-31": "58.91600", "2006-12-31": "58.62630", "2005-12-31": "58.34110"}, "Operating Margin": {"2019-12-31": "13.81400", "2018-12-31": "7.22880", "2017-12-31": "15.55460", "2016-12-31": "15.69870", "2015-12-31": "15.55780", "2014-12-31": "14.85490", "2013-12-31": "11.44230", "2012-12-31": "13.49440", "2011-12-31": "13.86000", "2010-12-31": "14.68850", "2009-12-31": "14.46920", "2008-12-31": "12.29130", "2007-12-31": "13.53340", "2006-12-31": "11.94240", "2005-12-31": "10.05700"}, "EBIT Margin": {"2019-12-31": "13.81400", "2018-12-31": "7.22880", "2017-12-31": "15.55460", "2016-12-31": "15.69870", "2015-12-31": "15.55780", "2014-12-31": "14.85490", "2013-12-31": "11.44230", "2012-12-31": "13.49440", "2011-12-31": "13.86000", "2010-12-31": "14.68850", "2009-12-31": "14.46920", "2008-12-31": "12.29130", "2007-12-31": "13.53340", "2006-12-31": "11.94240", "2005-12-31": "10.05700"}, "EBITDA Margin": {"2019-12-31": "19.45720", "2018-12-31": "14.42190", "2017-12-31": "19.54000", "2016-12-31": "19.49170", "2015-12-31": "20.00470", "2014-12-31": "19.64900", "2013-12-31": "17.04410", "2012-12-31": "18.19210", "2011-12-31": "18.43960", "2010-12-31": "18.89620", "2009-12-31": "18.91770", "2008-12-31": "16.42250", "2007-12-31": "17.61200", "2006-12-31": "16.59760", "2005-12-31": "15.89090"}, "Pre-Tax Profit Margin": {"2019-12-31": "12.58860", "2018-12-31": "5.90440", "2017-12-31": "15.08990", "2016-12-31": "13.79510", "2015-12-31": "13.57870", "2014-12-31": "12.62480", "2013-12-31": "8.61850", "2012-12-31": "11.08840", "2011-12-31": "11.34950", "2010-12-31": "12.68620", "2009-12-31": "13.02120", "2008-12-31": "10.96740", "2007-12-31": "12.04890", "2006-12-31": "10.83540", "2005-12-31": "10.06960"}, "Net Profit Margin": {"2019-12-31": "11.02600", "2018-12-31": "4.81330", "2017-12-31": "7.61270", "2016-12-31": "10.98410", "2015-12-31": "10.15940", "2014-12-31": "9.72430", "2013-12-31": "7.01100", "2012-12-31": "8.21720", "2011-12-31": "8.99220", "2010-12-31": "9.93840", "2009-12-31": "9.21670", "2008-12-31": "7.62810", "2007-12-31": "8.67750", "2006-12-31": "7.29990", "2005-12-31": "6.86850"}, "Asset Turnover": {"2019-12-31": "0.53300", "2018-12-31": "0.87020", "2017-12-31": "0.98480", "2016-12-31": "0.98590", "2015-12-31": "0.94210", "2014-12-31": "0.94670", "2013-12-31": "0.92730", "2012-12-31": "0.94530", "2011-12-31": "1.03750", "2010-12-31": "0.97780", "2009-12-31": "1.04390", "2008-12-31": "1.26910", "2007-12-31": "1.18550", "2006-12-31": "1.01760", "2005-12-31": "0.93530"}, "Inventory Turnover Ratio": {"2019-12-31": "4.05250", "2018-12-31": "4.17400", "2017-12-31": "4.69360", "2016-12-31": "4.91510", "2015-12-31": "4.36170", "2014-12-31": "5.00150", "2013-12-31": "4.79620", "2012-12-31": "5.29030", "2011-12-31": "5.49790", "2010-12-31": "4.64050", "2009-12-31": "8.06340", "2008-12-31": "5.63370", "2007-12-31": "6.08540", "2006-12-31": "6.41240", "2005-12-31": "7.16990"}, "Receiveable Turnover": {"2019-12-31": "3.34630", "2018-12-31": "3.85480", "2017-12-31": "3.70700", "2016-12-31": "3.80300", "2015-12-31": "3.65190", "2014-12-31": "3.90730", "2013-12-31": "3.73270", "2012-12-31": "3.97000", "2011-12-31": "4.14230", "2010-12-31": "4.16350", "2009-12-31": "3.91600", "2008-12-31": "6.57360", "2007-12-31": "5.86080", "2006-12-31": "5.66520", "2005-12-31": "5.90110"}, "Days Sales In Receivables": {"2019-12-31": "109.07690", "2018-12-31": "94.68830", "2017-12-31": "98.46300", "2016-12-31": "95.97680", "2015-12-31": "99.94700", "2014-12-31": "93.41510", "2013-12-31": "97.78440", "2012-12-31": "91.93850", "2011-12-31": "88.11430", "2010-12-31": "87.66690", "2009-12-31": "93.20740", "2008-12-31": "55.52490", "2007-12-31": "62.27870", "2006-12-31": "64.42840", "2005-12-31": "61.85320"}, "ROE - Return On Equity": {"2019-12-31": "17.37440", "2018-12-31": "12.56400", "2017-12-31": "21.67300", "2016-12-31": "28.62190", "2015-12-31": "26.85690", "2014-12-31": "28.19950", "2013-12-31": "16.87690", "2012-12-31": "22.29030", "2011-12-31": "27.18610", "2010-12-31": "24.62220", "2009-12-31": "23.50990", "2008-12-31": "22.05700", "2007-12-31": "24.04190", "2006-12-31": "14.95910", "2005-12-31": "12.30510"}, "Return On Tangible Equity": {"2019-12-31": "28.06230", "2018-12-31": "38.35220", "2017-12-31": "38.15320", "2016-12-31": "50.95910", "2015-12-31": "56.53750", "2014-12-31": "75.46310", "2013-12-31": "39.87620", "2012-12-31": "54.56340", "2011-12-31": "81.05650", "2010-12-31": "62.14780", "2009-12-31": "66.44470", "2008-12-31": "88.18230", "2007-12-31": "77.86210", "2006-12-31": "42.94510", "2005-12-31": "32.98300"}, "ROA - Return On Assets": {"2019-12-31": "5.87710", "2018-12-31": "4.18840", "2017-12-31": "7.49730", "2016-12-31": "10.47170", "2015-12-31": "9.46620", "2014-12-31": "9.14790", "2013-12-31": "6.44960", "2012-12-31": "7.76810", "2011-12-31": "9.32920", "2010-12-31": "9.71730", "2009-12-31": "9.62130", "2008-12-31": "9.68080", "2007-12-31": "10.28720", "2006-12-31": "7.42850", "2005-12-31": "6.42430"}, "ROI - Return On Investment": {"2019-12-31": "7.39070", "2018-12-31": "6.39020", "2017-12-31": "11.25580", "2016-12-31": "17.41520", "2015-12-31": "13.91680", "2014-12-31": "13.72430", "2013-12-31": "10.74570", "2012-12-31": "11.57100", "2011-12-31": "13.67330", "2010-12-31": "13.20080", "2009-12-31": "13.75000", "2008-12-31": "14.60440", "2007-12-31": "15.89650", "2006-12-31": "11.31710", "2005-12-31": "9.55680"}, "Book Value Per Share": {"2019-12-31": "21.88710", "2018-12-31": "13.91030", "2017-12-31": "14.70440", "2016-12-31": "14.96330", "2015-12-31": "13.33300", "2014-12-31": "11.76990", "2013-12-31": "12.83700", "2012-12-31": "11.69060", "2011-12-31": "11.01980", "2010-12-31": "11.75570", "2009-12-31": "11.63240", "2008-12-31": "9.98920", "2007-12-31": "9.53870", "2006-12-31": "9.57470", "2005-12-31": "9.68520"}, "Operating Cash Flow Per Share": {"2019-12-31": -0.0088, "2018-12-31": -0.6114, "2017-12-31": -0.7349, "2016-12-31": 1.9273, "2015-12-31": 1.0115, "2014-12-31": 0.4547, "2013-12-31": -1.01, "2012-12-31": 1.0942, "2011-12-31": 0.4335, "2010-12-31": 0.7875, "2009-12-31": -2.0827, "2008-12-31": 0.3063, "2007-12-31": 1.7439, "2006-12-31": -0.7443, "2005-12-31": 2.5154}, "Free Cash Flow Per Share": {"2019-12-31": 0.058, "2018-12-31": -0.6563, "2017-12-31": -0.5766, "2016-12-31": 1.8282, "2015-12-31": 0.7634, "2014-12-31": 0.4319, "2013-12-31": -1.0104, "2012-12-31": 0.9872, "2011-12-31": 0.4637, "2010-12-31": 0.6962, "2009-12-31": -2.0097, "2008-12-31": 0.0863, "2007-12-31": 1.6628, "2006-12-31": -1.0078, "2005-12-31": 2.3254}}, "financial ratios, quarterly": {"Current Ratio": {"2020-09-30": "1.62340", "2020-06-30": "1.60770", "2020-03-31": "1.90880", "2019-12-31": "5.36760", "2019-09-30": "2.32700", "2019-06-30": "2.63830", "2019-03-31": "2.77410", "2018-12-31": "2.41890", "2018-09-30": "2.41500", "2018-06-30": "2.68670", "2018-03-31": "3.54460", "2017-12-31": "2.90320", "2017-09-30": "2.53390", "2017-06-30": "2.10210", "2017-03-31": "2.32960", "2016-12-31": "1.99500", "2016-09-30": "1.94770", "2016-06-30": "3.38700", "2016-03-31": "3.28500", "2015-12-31": "2.69160", "2015-09-30": "2.60640", "2015-06-30": "2.91150", "2015-03-31": "2.85420", "2014-12-31": "2.46670", "2014-09-30": "2.60960", "2014-06-30": "3.04160", "2014-03-31": "1.95850", "2013-12-31": "1.81950", "2013-09-30": "1.57520", "2013-06-30": "1.82480", "2013-03-31": "3.03420", "2012-12-31": "2.61150", "2012-09-30": "2.32460", "2012-06-30": "2.55850", "2012-03-31": "2.78130", "2011-12-31": "2.39160", "2011-09-30": "2.34530", "2011-06-30": "2.89600", "2011-03-31": "3.28920", "2010-12-31": "3.08990", "2010-09-30": "2.39830", "2010-06-30": "3.16640", "2010-03-31": "3.19850", "2009-12-31": "2.50650", "2009-09-30": "2.24540", "2009-06-30": "2.61490", "2009-03-31": "2.53800", "2008-12-31": "2.14280", "2008-09-30": "1.75740", "2008-06-30": "1.83090", "2008-03-31": "1.92300", "2007-12-31": "2.12720", "2007-09-30": "1.96450", "2007-06-30": "2.47670", "2007-03-31": "2.48870", "2006-12-31": "1.89680", "2006-09-30": "1.73200", "2006-06-30": "1.98260", "2006-03-31": "2.15780", "2005-12-31": "2.00960", "2005-09-30": "1.48520", "2005-06-30": "1.47290", "2005-03-31": "1.55620"}, "Long-term Debt / Capital": {"2020-09-30": "0.62980", "2020-06-30": "0.64510", "2020-03-31": "0.65100", "2019-12-31": "0.57460", "2019-09-30": "0.47950", "2019-06-30": "0.49710", "2019-03-31": "0.50610", "2018-12-31": "0.49140", "2018-09-30": "0.47310", "2018-06-30": "0.48950", "2018-03-31": "0.51880", "2017-12-31": "0.48070", "2017-09-30": "0.46400", "2017-06-30": "0.39550", "2017-03-31": "0.39300", "2016-12-31": "0.39150", "2016-09-30": "0.40760", "2016-06-30": "0.48980", "2016-03-31": "0.49050", "2015-12-31": "0.48180", "2015-09-30": "0.50060", "2015-06-30": "0.51980", "2015-03-31": "0.51680", "2014-12-31": "0.51330", "2014-09-30": "0.51000", "2014-06-30": "0.51790", "2014-03-31": "0.37580", "2013-12-31": "0.36330", "2013-09-30": "0.38650", "2013-06-30": "0.39730", "2013-03-31": "0.48800", "2012-12-31": "0.48090", "2012-09-30": "0.47810", "2012-06-30": "0.50000", "2012-03-31": "0.50060", "2011-12-31": "0.49700", "2011-09-30": "0.50430", "2011-06-30": "0.48860", "2011-03-31": "0.47710", "2010-12-31": "0.46390", "2010-09-30": "0.48570", "2010-06-30": "0.46790", "2010-03-31": "0.45440", "2009-12-31": "0.41510", "2009-09-30": "0.43270", "2009-06-30": "0.44950", "2009-03-31": "0.33950", "2008-12-31": "0.33790", "2008-09-30": "0.34350", "2008-06-30": "0.35170", "2008-03-31": "0.35910", "2007-12-31": "0.33880", "2007-09-30": "0.34410", "2007-06-30": "0.24230", "2007-03-31": "0.24410", "2006-12-31": "0.24350", "2006-09-30": "0.25870", "2006-06-30": "0.25330", "2006-03-31": "0.23370", "2005-12-31": "0.22330", "2005-09-30": "0.12860", "2005-06-30": "0.13350", "2005-03-31": "0.14120"}, "Debt/Equity Ratio": {"2020-09-30": "1.83630", "2020-06-30": "1.96340", "2020-03-31": "1.89190", "2019-12-31": "1.35100", "2019-09-30": "0.92570", "2019-06-30": "0.99580", "2019-03-31": "1.03280", "2018-12-31": "0.97170", "2018-09-30": "0.90870", "2018-06-30": "0.97040", "2018-03-31": "1.09180", "2017-12-31": "1.01020", "2017-09-30": "0.96220", "2017-06-30": "0.94730", "2017-03-31": "0.87170", "2016-12-31": "0.92390", "2016-09-30": "0.99140", "2016-06-30": "0.96320", "2016-03-31": "1.01810", "2015-12-31": "1.02870", "2015-09-30": "1.07640", "2015-06-30": "1.20010", "2015-03-31": "1.23010", "2014-12-31": "1.22700", "2014-09-30": "1.09300", "2014-06-30": "1.08060", "2014-03-31": "0.87750", "2013-12-31": "0.83020", "2013-09-30": "1.05240", "2013-06-30": "1.08880", "2013-03-31": "1.06370", "2012-12-31": "1.07520", "2012-09-30": "1.08960", "2012-06-30": "1.15770", "2012-03-31": "1.12500", "2011-12-31": "1.11550", "2011-09-30": "1.02680", "2011-06-30": "0.96380", "2011-03-31": "0.93710", "2010-12-31": "0.87420", "2010-09-30": "1.01400", "2010-06-30": "0.88590", "2010-03-31": "0.92260", "2009-12-31": "0.71870", "2009-09-30": "0.78480", "2009-06-30": "0.82510", "2009-03-31": "0.54710", "2008-12-31": "0.51580", "2008-09-30": "0.69490", "2008-06-30": "0.79330", "2008-03-31": "0.80230", "2007-12-31": "0.61750", "2007-09-30": "0.63230", "2007-06-30": "0.37730", "2007-03-31": "0.32780", "2006-12-31": "0.32870", "2006-09-30": "0.35710", "2006-06-30": "0.34610", "2006-03-31": "0.31130", "2005-12-31": "0.31510", "2005-09-30": "0.36820", "2005-06-30": "0.38330", "2005-03-31": "0.39470"}, "Gross Margin": {"2020-09-30": "65.65930", "2020-06-30": "70.56250", "2020-03-31": "76.23900", "2019-12-31": "59.59060", "2019-09-30": "60.18730", "2019-06-30": "65.09080", "2019-03-31": "64.50740", "2018-12-31": "56.69420", "2018-09-30": "58.23390", "2018-06-30": "62.59570", "2018-03-31": "64.37630", "2017-12-31": "60.60910", "2017-09-30": "59.21550", "2017-06-30": "62.13570", "2017-03-31": "63.97610", "2016-12-31": "61.06780", "2016-09-30": "60.76900", "2016-06-30": "63.40200", "2016-03-31": "65.08100", "2015-12-31": "62.14230", "2015-09-30": "60.62880", "2015-06-30": "62.96670", "2015-03-31": "65.27890", "2014-12-31": "60.20890", "2014-09-30": "58.99270", "2014-06-30": "61.37100", "2014-03-31": "61.94810", "2013-12-31": "58.16910", "2013-09-30": "58.50820", "2013-06-30": "60.77860", "2013-03-31": "59.68440", "2012-12-31": "59.76380", "2012-09-30": "56.39730", "2012-06-30": "61.55310", "2012-03-31": "60.38590", "2011-12-31": "55.50550", "2011-09-30": "56.42400", "2011-06-30": "58.38980", "2011-03-31": "60.23040", "2010-12-31": "58.12490", "2010-09-30": "54.95320", "2010-06-30": "59.29440", "2010-03-31": "60.93240", "2009-12-31": "59.12510", "2009-09-30": "57.00310", "2009-06-30": "59.67540", "2009-03-31": "60.60880", "2008-12-31": "56.17490", "2008-09-30": "55.92530", "2008-06-30": "60.70030", "2008-03-31": "61.49490", "2007-12-31": "58.47460", "2007-09-30": "57.39940", "2007-06-30": "60.48470", "2007-03-31": "61.06430", "2006-12-31": "60.05790", "2006-09-30": "55.58710", "2006-06-30": "60.13960", "2006-03-31": "60.25210", "2005-12-31": "57.96150", "2005-09-30": "54.98470", "2005-06-30": "60.73190", "2005-03-31": "63.51750"}, "Operating Margin": {"2020-09-30": "18.94370", "2020-06-30": "0.25280", "2020-03-31": "-2.10600", "2019-12-31": "13.33180", "2019-09-30": "18.86840", "2019-06-30": "13.03490", "2019-03-31": "4.93190", "2018-12-31": "0.75930", "2018-09-30": "19.96170", "2018-06-30": "9.68400", "2018-03-31": "-11.22640", "2017-12-31": "16.98430", "2017-09-30": "20.14760", "2017-06-30": "10.28110", "2017-03-31": "9.22050", "2016-12-31": "15.65440", "2016-09-30": "21.55680", "2016-06-30": "9.65640", "2016-03-31": "10.33660", "2015-12-31": "17.65450", "2015-09-30": "20.63410", "2015-06-30": "9.46520", "2015-03-31": "7.59710", "2014-12-31": "17.21470", "2014-09-30": "19.44450", "2014-06-30": "9.95630", "2014-03-31": "6.39460", "2013-12-31": "14.32950", "2013-09-30": "14.50040", "2013-06-30": "9.66770", "2013-03-31": "1.60120", "2012-12-31": "15.59410", "2012-09-30": "18.55740", "2012-06-30": "10.63280", "2012-03-31": "2.42370", "2011-12-31": "16.29220", "2011-09-30": "18.03100", "2011-06-30": "8.85100", "2011-03-31": "7.28040", "2010-12-31": "15.72290", "2010-09-30": "18.10380", "2010-06-30": "10.80600", "2010-03-31": "10.31080", "2009-12-31": "17.71390", "2009-09-30": "18.03510", "2009-06-30": "9.22400", "2009-03-31": "6.63360", "2008-12-31": "12.31540", "2008-09-30": "16.58460", "2008-06-30": "8.35270", "2008-03-31": "8.69800", "2007-12-31": "15.41860", "2007-09-30": "17.14890", "2007-06-30": "8.06720", "2007-03-31": "8.59260", "2006-12-31": "17.26020", "2006-09-30": "15.89750", "2006-06-30": "3.90310", "2006-03-31": "-0.45410", "2005-12-31": "14.32350", "2005-09-30": "12.98290", "2005-06-30": "4.73800", "2005-03-31": "0.33850"}, "EBIT Margin": {"2020-09-30": "18.94370", "2020-06-30": "0.25280", "2020-03-31": "-2.10600", "2019-12-31": "13.33190", "2019-09-30": "18.86840", "2019-06-30": "13.03490", "2019-03-31": "4.93190", "2018-12-31": "0.75920", "2018-09-30": "19.96170", "2018-06-30": "9.68400", "2018-03-31": "-11.22640", "2017-12-31": "16.98430", "2017-09-30": "20.14760", "2017-06-30": "10.28110", "2017-03-31": "9.22050", "2016-12-31": "15.65440", "2016-09-30": "21.55680", "2016-06-30": "9.65640", "2016-03-31": "10.33660", "2015-12-31": "17.65450", "2015-09-30": "20.63410", "2015-06-30": "9.46520", "2015-03-31": "7.59710", "2014-12-31": "17.21470", "2014-09-30": "19.44450", "2014-06-30": "9.95630", "2014-03-31": "6.39460", "2013-12-31": "14.32950", "2013-09-30": "14.50040", "2013-06-30": "9.66770", "2013-03-31": "1.60120", "2012-12-31": "15.59410", "2012-09-30": "18.55740", "2012-06-30": "10.63280", "2012-03-31": "2.42370", "2011-12-31": "16.29220", "2011-09-30": "18.03100", "2011-06-30": "8.85100", "2011-03-31": "7.28040", "2010-12-31": "15.72300", "2010-09-30": "18.10380", "2010-06-30": "10.80600", "2010-03-31": "10.31080", "2009-12-31": "17.71390", "2009-09-30": "18.03510", "2009-06-30": "9.22400", "2009-03-31": "6.63360", "2008-12-31": "12.31540", "2008-09-30": "16.58460", "2008-06-30": "8.35270", "2008-03-31": "8.69800", "2007-12-31": "15.41860", "2007-09-30": "17.14890", "2007-06-30": "8.06720", "2007-03-31": "8.59260", "2006-12-31": "17.26020", "2006-09-30": "15.89750", "2006-06-30": "3.90310", "2006-03-31": "-0.45410", "2005-12-31": "14.32350", "2005-09-30": "12.98290", "2005-06-30": "4.73800", "2005-03-31": "0.33850"}, "EBITDA Margin": {"2020-09-30": "", "2020-06-30": "", "2020-03-31": "", "2019-12-31": "", "2019-09-30": "", "2019-06-30": "", "2019-03-31": "", "2018-12-31": "", "2018-09-30": "", "2018-06-30": "", "2018-03-31": "", "2017-12-31": "", "2017-09-30": "", "2017-06-30": "", "2017-03-31": "", "2016-12-31": "", "2016-09-30": "", "2016-06-30": "", "2016-03-31": "", "2015-12-31": "", "2015-09-30": "", "2015-06-30": "", "2015-03-31": "", "2014-12-31": "", "2014-09-30": "", "2014-06-30": "", "2014-03-31": "", "2013-12-31": "", "2013-09-30": "", "2013-06-30": "", "2013-03-31": "", "2012-12-31": "", "2012-09-30": "", "2012-06-30": "", "2012-03-31": "", "2011-12-31": "", "2011-09-30": "", "2011-06-30": "", "2011-03-31": "", "2010-12-31": "", "2010-09-30": "", "2010-06-30": "", "2010-03-31": "", "2009-12-31": "", "2009-09-30": "", "2009-06-30": "", "2009-03-31": "", "2008-12-31": "", "2008-09-30": "", "2008-06-30": "", "2008-03-31": "", "2007-12-31": "", "2007-09-30": "", "2007-06-30": "", "2007-03-31": "", "2006-12-31": "", "2006-09-30": "", "2006-06-30": "", "2006-03-31": "", "2005-12-31": "", "2005-09-30": "", "2005-06-30": "", "2005-03-31": ""}, "Pre-Tax Profit Margin": {"2020-09-30": "16.84080", "2020-06-30": "-5.08300", "2020-03-31": "-6.50180", "2019-12-31": "20.92150", "2019-09-30": "16.49000", "2019-06-30": "0.62040", "2019-03-31": "4.04020", "2018-12-31": "-0.36910", "2018-09-30": "18.84420", "2018-06-30": "7.53200", "2018-03-31": "-12.33880", "2017-12-31": "17.45410", "2017-09-30": "19.52780", "2017-06-30": "8.93420", "2017-03-31": "8.33710", "2016-12-31": "13.49330", "2016-09-30": "20.61750", "2016-06-30": "7.62510", "2016-03-31": "7.12400", "2015-12-31": "15.78710", "2015-09-30": "19.34860", "2015-06-30": "6.72540", "2015-03-31": "4.80940", "2014-12-31": "15.81880", "2014-09-30": "16.60350", "2014-06-30": "7.78010", "2014-03-31": "3.82590", "2013-12-31": "12.58620", "2013-09-30": "11.37760", "2013-06-30": "6.66490", "2013-03-31": "-2.48500", "2012-12-31": "13.52990", "2012-09-30": "16.72310", "2012-06-30": "7.35200", "2012-03-31": "-0.74990", "2011-12-31": "14.22840", "2011-09-30": "16.09650", "2011-06-30": "5.82900", "2011-03-31": "3.39860", "2010-12-31": "13.55910", "2010-09-30": "16.68110", "2010-06-30": "8.27290", "2010-03-31": "8.06550", "2009-12-31": "16.46300", "2009-09-30": "17.03060", "2009-06-30": "7.17670", "2009-03-31": "4.60090", "2008-12-31": "10.44470", "2008-09-30": "15.47820", "2008-06-30": "7.04910", "2008-03-31": "7.90520", "2007-12-31": "14.40080", "2007-09-30": "16.67330", "2007-06-30": "3.17630", "2007-03-31": "7.93260", "2006-12-31": "15.27670", "2006-09-30": "13.84570", "2006-06-30": "6.15840", "2006-03-31": "-1.16470", "2005-12-31": "14.46710", "2005-09-30": "12.78540", "2005-06-30": "5.71120", "2005-03-31": "-0.70890"}, "Net Profit Margin": {"2020-09-30": "12.43360", "2020-06-30": "-3.94230", "2020-03-31": "-6.29870", "2019-12-31": "18.72150", "2019-09-30": "13.51910", "2019-06-30": "1.36440", "2019-03-31": "3.64870", "2018-12-31": "0.63100", "2018-09-30": "16.80980", "2018-06-30": "6.66690", "2018-03-31": "-15.70370", "2017-12-31": "-0.33190", "2017-09-30": "14.82460", "2017-06-30": "6.96380", "2017-03-31": "8.07370", "2016-12-31": "11.82410", "2016-09-30": "15.34730", "2016-06-30": "5.92820", "2016-03-31": "5.86530", "2015-12-31": "11.99460", "2015-09-30": "14.11280", "2015-06-30": "5.24150", "2015-03-31": "3.73750", "2014-12-31": "13.08420", "2014-09-30": "12.27680", "2014-06-30": "4.03670", "2014-03-31": "4.72250", "2013-12-31": "10.12780", "2013-09-30": "9.23660", "2013-06-30": "4.76030", "2013-03-31": "-1.00510", "2012-12-31": "10.15160", "2012-09-30": "12.25540", "2012-06-30": "5.35170", "2012-03-31": "-0.39750", "2011-12-31": "10.46610", "2011-09-30": "12.42830", "2011-06-30": "6.39010", "2011-03-31": "2.55900", "2010-12-31": "10.94970", "2010-09-30": "11.81480", "2010-06-30": "5.91370", "2010-03-31": "8.76640", "2009-12-31": "12.03930", "2009-09-30": "11.75420", "2009-06-30": "4.95770", "2009-03-31": "3.17540", "2008-12-31": "7.60170", "2008-09-30": "10.61700", "2008-06-30": "4.77960", "2008-03-31": "5.32080", "2007-12-31": "10.30420", "2007-09-30": "13.21140", "2007-06-30": "0.69440", "2007-03-31": "5.26020", "2006-12-31": "9.69920", "2006-09-30": "9.58330", "2006-06-30": "5.13260", "2006-03-31": "-1.04640", "2005-12-31": "8.79190", "2005-09-30": "9.31760", "2005-06-30": "5.14580", "2005-03-31": "-0.81610"}, "Asset Turnover": {"2020-09-30": "0.16600", "2020-06-30": "0.08420", "2020-03-31": "0.10610", "2019-12-31": "0.16130", "2019-09-30": "0.28360", "2019-06-30": "0.19540", "2019-03-31": "0.14840", "2018-12-31": "0.26390", "2018-09-30": "0.28560", "2018-06-30": "0.17690", "2018-03-31": "0.15150", "2017-12-31": "0.30170", "2017-09-30": "0.32310", "2017-06-30": "0.19800", "2017-03-31": "0.18290", "2016-12-31": "0.32010", "2016-09-30": "0.33900", "2016-06-30": "0.20230", "2016-03-31": "0.19040", "2015-12-31": "0.31040", "2015-09-30": "0.32210", "2015-06-30": "0.18910", "2015-03-31": "0.16800", "2014-12-31": "0.28740", "2014-09-30": "0.32600", "2014-06-30": "0.20040", "2014-03-31": "0.16860", "2013-12-31": "0.29120", "2013-09-30": "0.29850", "2013-06-30": "0.18340", "2013-03-31": "0.16340", "2012-12-31": "0.29670", "2012-09-30": "0.30250", "2012-06-30": "0.20210", "2012-03-31": "0.16650", "2011-12-31": "0.32180", "2011-09-30": "0.33680", "2011-06-30": "0.23050", "2011-03-31": "0.17050", "2010-12-31": "0.31240", "2010-09-30": "0.31150", "2010-06-30": "0.18570", "2010-03-31": "0.16490", "2009-12-31": "0.35290", "2009-09-30": "0.33130", "2009-06-30": "0.22780", "2009-03-31": "0.21220", "2008-12-31": "0.38850", "2008-09-30": "0.38220", "2008-06-30": "0.24470", "2008-03-31": "0.22520", "2007-12-31": "0.40090", "2007-09-30": "0.37220", "2007-06-30": "0.23770", "2007-03-31": "0.21620", "2006-12-31": "0.36050", "2006-09-30": "0.35070", "2006-06-30": "0.19290", "2006-03-31": "0.16160", "2005-12-31": "0.32480", "2005-09-30": "0.30200", "2005-06-30": "0.19090", "2005-03-31": "0.15030"}, "Inventory Turnover Ratio": {"2020-09-30": "1.12970", "2020-06-30": "0.44890", "2020-03-31": "0.59110", "2019-12-31": "1.29350", "2019-09-30": "1.06450", "2019-06-30": "0.60860", "2019-03-31": "0.52870", "2018-12-31": "1.35680", "2018-09-30": "1.07310", "2018-06-30": "0.55440", "2018-03-31": "0.49320", "2017-12-31": "1.45100", "2017-09-30": "1.16140", "2017-06-30": "0.66050", "2017-03-31": "0.73540", "2016-12-31": "1.63690", "2016-09-30": "1.08440", "2016-06-30": "0.56200", "2016-03-31": "0.62860", "2015-12-31": "1.44280", "2015-09-30": "1.29540", "2015-06-30": "0.73160", "2015-03-31": "0.72720", "2014-12-31": "1.52170", "2014-09-30": "1.20760", "2014-06-30": "0.65000", "2014-03-31": "0.66150", "2013-12-31": "1.53720", "2013-09-30": "1.27170", "2013-06-30": "0.83500", "2013-03-31": "0.82650", "2012-12-31": "1.63410", "2012-09-30": "1.26560", "2012-06-30": "0.74830", "2012-03-31": "0.64750", "2011-12-31": "1.77090", "2011-09-30": "1.15550", "2011-06-30": "0.88540", "2011-03-31": "0.66590", "2010-12-31": "1.47030", "2010-09-30": "1.26420", "2010-06-30": "0.87780", "2010-03-31": "1.15830", "2009-12-31": "2.70380", "2009-09-30": "1.37540", "2009-06-30": "0.92110", "2009-03-31": "0.82900", "2008-12-31": "1.79560", "2008-09-30": "1.24310", "2008-06-30": "0.82190", "2008-03-31": "0.93120", "2007-12-31": "2.08020", "2007-09-30": "1.31750", "2007-06-30": "0.77520", "2007-03-31": "0.91730", "2006-12-31": "2.19300", "2006-09-30": "1.47900", "2006-06-30": "0.81380", "2006-03-31": "0.87290", "2005-12-31": "2.51260", "2005-09-30": "1.34460", "2005-06-30": "0.85630", "2005-03-31": "0.71340"}, "Receiveable Turnover": {"2020-09-30": "1.23520", "2020-06-30": "0.94400", "2020-03-31": "1.14710", "2019-12-31": "1.01230", "2019-09-30": "1.11170", "2019-06-30": "1.22260", "2019-03-31": "1.14740", "2018-12-31": "1.16930", "2018-09-30": "1.12830", "2018-06-30": "1.22350", "2018-03-31": "1.16920", "2017-12-31": "1.13570", "2017-09-30": "1.08200", "2017-06-30": "1.14880", "2017-03-31": "1.25510", "2016-12-31": "1.23480", "2016-09-30": "1.15610", "2016-06-30": "1.24880", "2016-03-31": "1.23930", "2015-12-31": "1.20320", "2015-09-30": "1.05810", "2015-06-30": "1.12440", "2015-03-31": "1.26660", "2014-12-31": "1.18630", "2014-09-30": "1.11860", "2014-06-30": "1.12230", "2014-03-31": "1.22980", "2013-12-31": "1.17200", "2013-09-30": "1.12760", "2013-06-30": "1.19650", "2013-03-31": "1.30320", "2012-12-31": "1.24620", "2012-09-30": "1.12520", "2012-06-30": "1.24570", "2012-03-31": "1.42110", "2011-12-31": "1.28490", "2011-09-30": "1.09150", "2011-06-30": "1.08410", "2011-03-31": "1.20220", "2010-12-31": "1.33020", "2010-09-30": "1.08500", "2010-06-30": "1.11200", "2010-03-31": "1.27820", "2009-12-31": "1.32380", "2009-09-30": "1.14620", "2009-06-30": "1.21400", "2009-03-31": "1.70210", "2008-12-31": "2.01230", "2008-09-30": "1.37490", "2008-06-30": "1.39430", "2008-03-31": "1.81180", "2007-12-31": "1.98210", "2007-09-30": "1.37000", "2007-06-30": "1.65530", "2007-03-31": "1.91140", "2006-12-31": "2.00690", "2006-09-30": "1.52960", "2006-06-30": "1.81690", "2006-03-31": "2.11030", "2005-12-31": "2.04930", "2005-09-30": "1.44990", "2005-06-30": "1.64380", "2005-03-31": "2.27930"}, "Days Sales In Receivables": {"2020-09-30": "72.86430", "2020-06-30": "95.33980", "2020-03-31": "78.46100", "2019-12-31": "88.90270", "2019-09-30": "80.95560", "2019-06-30": "73.61420", "2019-03-31": "78.43920", "2018-12-31": "76.97070", "2018-09-30": "79.76870", "2018-06-30": "73.56240", "2018-03-31": "76.97850", "2017-12-31": "79.24630", "2017-09-30": "83.18030", "2017-06-30": "78.34320", "2017-03-31": "71.70500", "2016-12-31": "72.88410", "2016-09-30": "77.84690", "2016-06-30": "72.06810", "2016-03-31": "72.61930", "2015-12-31": "74.79870", "2015-09-30": "85.06110", "2015-06-30": "80.04600", "2015-03-31": "71.05410", "2014-12-31": "75.86720", "2014-09-30": "80.45590", "2014-06-30": "80.19290", "2014-03-31": "73.18000", "2013-12-31": "76.78880", "2013-09-30": "79.81620", "2013-06-30": "75.22130", "2013-03-31": "69.06020", "2012-12-31": "72.21990", "2012-09-30": "79.98930", "2012-06-30": "72.24800", "2012-03-31": "63.33080", "2011-12-31": "70.04400", "2011-09-30": "82.45820", "2011-06-30": "83.01740", "2011-03-31": "74.86490", "2010-12-31": "67.65690", "2010-09-30": "82.95230", "2010-06-30": "80.93560", "2010-03-31": "70.41170", "2009-12-31": "67.98520", "2009-09-30": "78.51890", "2009-06-30": "74.13530", "2009-03-31": "52.87500", "2008-12-31": "44.72510", "2008-09-30": "65.45790", "2008-06-30": "64.54940", "2008-03-31": "49.67530", "2007-12-31": "45.40690", "2007-09-30": "65.69190", "2007-06-30": "54.37000", "2007-03-31": "47.08570", "2006-12-31": "44.84590", "2006-09-30": "58.83980", "2006-06-30": "49.53580", "2006-03-31": "42.64890", "2005-12-31": "43.91810", "2005-09-30": "62.07390", "2005-06-30": "54.74960", "2005-03-31": "39.48500"}, "ROE - Return On Equity": {"2020-09-30": "7.83300", "2020-06-30": "-1.24510", "2020-03-31": "-2.45290", "2019-12-31": "8.92480", "2019-09-30": "11.56760", "2019-06-30": "0.78290", "2019-03-31": "1.61540", "2018-12-31": "0.49960", "2018-09-30": "13.98100", "2018-06-30": "3.41300", "2018-03-31": "-7.15890", "2017-12-31": "-0.28950", "2017-09-30": "13.57610", "2017-06-30": "3.69570", "2017-03-31": "3.70480", "2016-12-31": "9.69540", "2016-09-30": "14.70710", "2016-06-30": "3.06470", "2016-03-31": "2.92220", "2015-12-31": "10.48100", "2015-09-30": "13.37630", "2015-06-30": "2.81990", "2015-03-31": "1.78630", "2014-12-31": "11.51840", "2014-09-30": "12.02190", "2014-06-30": "2.26030", "2014-03-31": "1.97650", "2013-12-31": "7.62480", "2013-09-30": "8.26050", "2013-06-30": "2.50550", "2013-03-31": "-0.45600", "2012-12-31": "8.64410", "2012-09-30": "10.79660", "2012-06-30": "3.10310", "2012-03-31": "-0.18460", "2011-12-31": "9.81510", "2011-09-30": "12.37940", "2011-06-30": "3.95280", "2011-03-31": "1.12320", "2010-12-31": "8.66730", "2010-09-30": "10.43250", "2010-06-30": "2.74590", "2010-03-31": "3.52980", "2009-12-31": "10.38160", "2009-09-30": "10.10540", "2009-06-30": "2.82620", "2009-03-31": "1.42880", "2008-12-31": "6.72860", "2008-09-30": "10.19270", "2008-06-30": "2.86540", "2008-03-31": "2.95810", "2007-12-31": "9.65510", "2007-09-30": "11.94310", "2007-06-30": "0.31040", "2007-03-31": "2.14650", "2006-12-31": "7.04090", "2006-09-30": "7.02070", "2006-06-30": "1.85850", "2006-03-31": "-0.30190", "2005-12-31": "5.46980", "2005-09-30": "5.51070", "2005-06-30": "1.83340", "2005-03-31": "-0.22930"}, "Return On Tangible Equity": {"2020-09-30": "-9.23330", "2020-06-30": "1.27370", "2020-03-31": "2.79750", "2019-12-31": "14.41490", "2019-09-30": "30.52970", "2019-06-30": "2.39920", "2019-03-31": "5.48880", "2018-12-31": "1.52520", "2018-09-30": "45.28570", "2018-06-30": "13.30560", "2018-03-31": "-14.29590", "2017-12-31": "-0.50970", "2017-09-30": "22.89910", "2017-06-30": "6.57400", "2017-03-31": "6.57940", "2016-12-31": "17.26180", "2016-09-30": "29.02940", "2016-06-30": "6.53430", "2016-03-31": "6.32620", "2015-12-31": "22.06400", "2015-09-30": "31.22840", "2015-06-30": "7.49470", "2015-03-31": "4.77100", "2014-12-31": "30.82370", "2014-09-30": "31.77610", "2014-06-30": "6.47310", "2014-03-31": "4.94370", "2013-12-31": "18.01570", "2013-09-30": "24.42660", "2013-06-30": "6.20360", "2013-03-31": "-1.14400", "2012-12-31": "21.15950", "2012-09-30": "26.59990", "2012-06-30": "9.05090", "2012-03-31": "-0.55370", "2011-12-31": "29.26400", "2011-09-30": "40.10260", "2011-06-30": "11.52350", "2011-03-31": "3.03960", "2010-12-31": "21.87680", "2010-09-30": "31.05680", "2010-06-30": "7.47830", "2010-03-31": "9.03330", "2009-12-31": "29.34090", "2009-09-30": "34.86080", "2009-06-30": "12.58220", "2009-03-31": "5.50320", "2008-12-31": "26.90060", "2008-09-30": "48.04810", "2008-06-30": "17.15190", "2008-03-31": "15.06400", "2007-12-31": "31.26900", "2007-09-30": "42.40310", "2007-06-30": "0.82940", "2007-03-31": "6.00390", "2006-12-31": "20.21340", "2006-09-30": "25.35980", "2006-06-30": "6.58260", "2006-03-31": "-0.87450", "2005-12-31": "14.66150", "2005-09-30": "16.21150", "2005-06-30": "6.05740", "2005-03-31": "-0.69240"}, "ROA - Return On Assets": {"2020-09-30": "2.05530", "2020-06-30": "-0.32180", "2020-03-31": "-0.65050", "2019-12-31": "3.01890", "2019-09-30": "3.83370", "2019-06-30": "0.26660", "2019-03-31": "0.54160", "2018-12-31": "0.16660", "2018-09-30": "4.80160", "2018-06-30": "1.17910", "2018-03-31": "-2.37870", "2017-12-31": "-0.10020", "2017-09-30": "4.78990", "2017-06-30": "1.37850", "2017-03-31": "1.47660", "2016-12-31": "3.54720", "2016-09-30": "5.16960", "2016-06-30": "1.13750", "2016-03-31": "1.07620", "2015-12-31": "3.69420", "2015-09-30": "4.51870", "2015-06-30": "0.95510", "2015-03-31": "0.60800", "2014-12-31": "3.73650", "2014-09-30": "3.99560", "2014-06-30": "0.79300", "2014-03-31": "0.78210", "2013-12-31": "2.91390", "2013-09-30": "2.74160", "2013-06-30": "0.87310", "2013-03-31": "-0.16430", "2012-12-31": "3.01240", "2012-09-30": "3.70760", "2012-06-30": "1.08170", "2012-03-31": "-0.06620", "2011-12-31": "3.36810", "2011-09-30": "4.18610", "2011-06-30": "1.47310", "2011-03-31": "0.43640", "2010-12-31": "3.42060", "2010-09-30": "3.68070", "2010-06-30": "1.09800", "2010-03-31": "1.44540", "2009-12-31": "4.24860", "2009-09-30": "3.89410", "2009-06-30": "1.12920", "2009-03-31": "0.67390", "2008-12-31": "2.95320", "2008-09-30": "4.05750", "2008-06-30": "1.16950", "2008-03-31": "1.19850", "2007-12-31": "4.13130", "2007-09-30": "4.91700", "2007-06-30": "0.16500", "2007-03-31": "1.13720", "2006-12-31": "3.49650", "2006-09-30": "3.36120", "2006-06-30": "0.99030", "2006-03-31": "-0.16910", "2005-12-31": "2.85570", "2005-09-30": "2.81400", "2005-06-30": "0.98250", "2005-03-31": "-0.12260"}, "ROI - Return On Investment": {"2020-09-30": "2.89980", "2020-06-30": "-0.44190", "2020-03-31": "-0.85610", "2019-12-31": "3.79640", "2019-09-30": "6.02040", "2019-06-30": "0.39370", "2019-03-31": "0.79780", "2018-12-31": "0.25410", "2018-09-30": "7.36630", "2018-06-30": "1.74220", "2018-03-31": "-3.44500", "2017-12-31": "-0.15040", "2017-09-30": "7.27720", "2017-06-30": "2.23390", "2017-03-31": "2.24870", "2016-12-31": "5.89920", "2016-09-30": "8.71230", "2016-06-30": "1.56380", "2016-03-31": "1.48890", "2015-12-31": "5.43110", "2015-09-30": "6.67960", "2015-06-30": "1.35400", "2015-03-31": "0.86310", "2014-12-31": "5.60580", "2014-09-30": "5.89040", "2014-06-30": "1.08970", "2014-03-31": "1.23380", "2013-12-31": "4.85480", "2013-09-30": "5.06750", "2013-06-30": "1.51000", "2013-03-31": "-0.23350", "2012-12-31": "4.48720", "2012-09-30": "5.63440", "2012-06-30": "1.55150", "2012-03-31": "-0.09220", "2011-12-31": "4.93650", "2011-09-30": "6.13680", "2011-06-30": "2.02150", "2011-03-31": "0.58740", "2010-12-31": "4.64680", "2010-09-30": "5.36550", "2010-06-30": "1.46120", "2010-03-31": "1.92600", "2009-12-31": "6.07180", "2009-09-30": "5.73320", "2009-06-30": "1.55580", "2009-03-31": "0.94380", "2008-12-31": "4.45520", "2008-09-30": "6.69110", "2008-06-30": "1.85760", "2008-03-31": "1.89580", "2007-12-31": "6.38400", "2007-09-30": "7.83360", "2007-06-30": "0.23520", "2007-03-31": "1.62250", "2006-12-31": "5.32670", "2006-09-30": "5.20450", "2006-06-30": "1.38780", "2006-03-31": "-0.23140", "2005-12-31": "4.24820", "2005-09-30": "4.80220", "2005-06-30": "1.58860", "2005-03-31": "-0.19690"}, "Book Value Per Share": {"2020-09-30": "20.49500", "2020-06-30": "19.28250", "2020-03-31": "20.17790", "2019-12-31": "21.88710", "2019-09-30": "14.58110", "2019-06-30": "13.59570", "2019-03-31": "13.14540", "2018-12-31": "13.91030", "2018-09-30": "14.89380", "2018-06-30": "13.87590", "2018-03-31": "12.57200", "2017-12-31": "14.70440", "2017-09-30": "15.70580", "2017-06-30": "14.65070", "2017-03-31": "14.81210", "2016-12-31": "14.96330", "2016-09-30": "13.94050", "2016-06-30": "12.85360", "2016-03-31": "12.87300", "2015-12-31": "13.33300", "2015-09-30": "12.37160", "2015-06-30": "11.43600", "2015-03-31": "11.60360", "2014-12-31": "11.76990", "2014-09-30": "11.87830", "2014-06-30": "11.35060", "2014-03-31": "12.24320", "2013-12-31": "12.83700", "2013-09-30": "11.73320", "2013-06-30": "11.20220", "2013-03-31": "11.31270", "2012-12-31": "11.69060", "2012-09-30": "11.70940", "2012-06-30": "10.74430", "2012-03-31": "10.77590", "2011-12-31": "11.01980", "2011-09-30": "10.66870", "2011-06-30": "10.88220", "2011-03-31": "11.19110", "2010-12-31": "11.75570", "2010-09-30": "10.90850", "2010-06-30": "11.24730", "2010-03-31": "11.89300", "2009-12-31": "11.63240", "2009-09-30": "10.70780", "2009-06-30": "9.93570", "2009-03-31": "9.87550", "2008-12-31": "9.98920", "2008-09-30": "9.74250", "2008-06-30": "9.27360", "2008-03-31": "9.07350", "2007-12-31": "9.53870", "2007-09-30": "9.04350", "2007-06-30": "9.60380", "2007-03-31": "9.57790", "2006-12-31": "9.57470", "2006-09-30": "8.96480", "2006-06-30": "8.86270", "2006-03-31": "9.31320", "2005-12-31": "9.68520", "2005-09-30": "9.35790", "2005-06-30": "8.99680", "2005-03-31": "9.08540"}, "Operating Cash Flow Per Share": {"2020-09-30": 1.7128, "2020-06-30": -0.244, "2020-03-31": "2.12640", "2019-12-31": 2.0197, "2019-09-30": 0.4115, "2019-06-30": 0.5653, "2019-03-31": "2.08570", "2018-12-31": 3.7168, "2018-09-30": -0.5319, "2018-06-30": -0.6343, "2018-03-31": "2.54040", "2017-12-31": 4.1153, "2017-09-30": -1.2873, "2017-06-30": -0.3633, "2017-03-31": "3.23770", "2016-12-31": 4.8803, "2016-09-30": -0.8512, "2016-06-30": -0.0596, "2016-03-31": "2.46780", "2015-12-31": 3.9619, "2015-09-30": -1.3138, "2015-06-30": -0.6336, "2015-03-31": "2.49550", "2014-12-31": 3.2901, "2014-09-30": -0.6262, "2014-06-30": -0.9889, "2014-03-31": "1.82350", "2013-12-31": 2.6849, "2013-09-30": -1.9182, "2013-06-30": -0.0227, "2013-03-31": "2.29980", "2012-12-31": 2.9698, "2012-09-30": -0.4357, "2012-06-30": -0.6779, "2012-03-31": "2.19760", "2011-12-31": 2.9518, "2011-09-30": -0.9176, "2011-06-30": -1.0362, "2011-03-31": "1.96160", "2010-12-31": 2.4854, "2010-09-30": -1.1247, "2010-06-30": -0.5871, "2010-03-31": "1.75250", "2009-12-31": 3.1153, "2009-09-30": -0.2009, "2009-06-30": -1.0277, "2009-03-31": "-0.14810", "2008-12-31": 3.6659, "2008-09-30": 0.0085, "2008-06-30": -0.8378, "2008-03-31": "0.98470", "2007-12-31": 3.2398, "2007-09-30": 0.0996, "2007-06-30": -0.128, "2007-03-31": "0.30360", "2006-12-31": 2.3483, "2006-09-30": -0.0786, "2006-06-30": -0.0736, "2006-03-31": "-0.42500", "2005-12-31": 2.5384, "2005-09-30": -0.114, "2005-06-30": -0.8071, "2005-03-31": "0.89810"}, "Free Cash Flow Per Share": {"2020-09-30": 1.5097, "2020-06-30": -0.4856, "2020-03-31": "1.90160", "2019-12-31": 1.6936, "2019-09-30": 0.1564, "2019-06-30": 0.3054, "2019-03-31": "1.88690", "2018-12-31": 3.4281, "2018-09-30": -0.7819, "2018-06-30": -0.9766, "2018-03-31": "2.31470", "2017-12-31": 3.8598, "2017-09-30": -1.5729, "2017-06-30": -0.6463, "2017-03-31": "3.00000", "2016-12-31": 4.486, "2016-09-30": -1.1544, "2016-06-30": -0.3363, "2016-03-31": "2.22190", "2015-12-31": 3.6121, "2015-09-30": -1.5511, "2015-06-30": -0.9209, "2015-03-31": "2.24890", "2014-12-31": 2.5248, "2014-09-30": -0.3394, "2014-06-30": -1.2158, "2014-03-31": "1.65600", "2013-12-31": 2.4283, "2013-09-30": -2.1026, "2013-06-30": -0.2447, "2013-03-31": "2.11270", "2012-12-31": 2.6854, "2012-09-30": -0.6219, "2012-06-30": -0.8792, "2012-03-31": "2.01980", "2011-12-31": 2.7404, "2011-09-30": -1.0818, "2011-06-30": -1.2444, "2011-03-31": "1.80270", "2010-12-31": 2.2478, "2010-09-30": -1.3253, "2010-06-30": -0.7844, "2010-03-31": "1.61510", "2009-12-31": 2.9158, "2009-09-30": -0.3461, "2009-06-30": -1.2042, "2009-03-31": "-0.30850", "2008-12-31": 3.4549, "2008-09-30": -0.1793, "2008-06-30": -1.0351, "2008-03-31": "0.82620", "2007-12-31": 3.0752, "2007-09-30": -0.0221, "2007-06-30": -0.2671, "2007-03-31": "0.19440", "2006-12-31": 2.1901, "2006-09-30": -0.2105, "2006-06-30": -0.1718, "2006-03-31": "-0.49020", "2005-12-31": 2.4122, "2005-09-30": -0.177, "2005-06-30": -0.7419, "2005-03-31": "0.83210"}}, "revenue": {"Hasbro Annual Revenue (Millions of US $)": {"2019": "$4,720", "2018": "$4,580", "2017": "$5,210", "2016": "$5,020", "2015": "$4,448", "2014": "$4,277", "2013": "$4,082", "2012": "$4,089", "2011": "$4,286", "2010": "$4,002", "2009": "$4,068", "2008": "$4,022", "2007": "$3,838", "2006": "$3,151", "2005": "$3,088"}, "Hasbro Quarterly Revenue (Millions of US $)": {"2020-09-30": "$1,777", "2020-06-30": "$860", "2020-03-31": "$1,106", "2019-12-31": "$1,428", "2019-09-30": "$1,575", "2019-06-30": "$985", "2019-03-31": "$733", "2018-12-31": "$1,389", "2018-09-30": "$1,570", "2018-06-30": "$904", "2018-03-31": "$716", "2017-12-31": "$1,596", "2017-09-30": "$1,792", "2017-06-30": "$973", "2017-03-31": "$850", "2016-12-31": "$1,630", "2016-09-30": "$1,680", "2016-06-30": "$879", "2016-03-31": "$831", "2015-12-31": "$1,465", "2015-09-30": "$1,471", "2015-06-30": "$798", "2015-03-31": "$714", "2014-12-31": "$1,299", "2014-09-30": "$1,470", "2014-06-30": "$829", "2014-03-31": "$679", "2013-12-31": "$1,282", "2013-09-30": "$1,370", "2013-06-30": "$766", "2013-03-31": "$664", "2012-12-31": "$1,284", "2012-09-30": "$1,345", "2012-06-30": "$811", "2012-03-31": "$649", "2011-12-31": "$1,329", "2011-09-30": "$1,376", "2011-06-30": "$908", "2011-03-31": "$672", "2010-12-31": "$1,279", "2010-09-30": "$1,313", "2010-06-30": "$738", "2010-03-31": "$672", "2009-12-31": "$1,375", "2009-09-30": "$1,279", "2009-06-30": "$792", "2009-03-31": "$621", "2008-12-31": "$1,231", "2008-09-30": "$1,302", "2008-06-30": "$784", "2008-03-31": "$704", "2007-12-31": "$1,298", "2007-09-30": "$1,223", "2007-06-30": "$691", "2007-03-31": "$625", "2006-12-31": "$1,116", "2006-09-30": "$1,039", "2006-06-30": "$528", "2006-03-31": "$468", "2005-12-31": "$1,072", "2005-09-30": "$988", "2005-06-30": "$572", "2005-03-31": "$455"}}, "gross-profit": {"Hasbro Annual Gross Profit (Millions of US $)": {"2019": "$2,912", "2018": "$2,729", "2017": "$3,176", "2016": "$3,114", "2015": "$2,770", "2014": "$2,579", "2013": "$2,409", "2012": "$2,417", "2011": "$2,449", "2010": "$2,312", "2009": "$2,392", "2008": "$2,329", "2007": "$2,261", "2006": "$1,848", "2005": "$1,801"}, "Hasbro Quarterly Gross Profit (Millions of US $)": {"2020-09-30": "$1,167", "2020-06-30": "$607", "2020-03-31": "$843", "2019-12-31": "$851", "2019-09-30": "$948", "2019-06-30": "$641", "2019-03-31": "$473", "2018-12-31": "$788", "2018-09-30": "$914", "2018-06-30": "$566", "2018-03-31": "$461", "2017-12-31": "$967", "2017-09-30": "$1,061", "2017-06-30": "$604", "2017-03-31": "$544", "2016-12-31": "$995", "2016-09-30": "$1,021", "2016-06-30": "$557", "2016-03-31": "$541", "2015-12-31": "$911", "2015-09-30": "$892", "2015-06-30": "$502", "2015-03-31": "$466", "2014-12-31": "$782", "2014-09-30": "$867", "2014-06-30": "$509", "2014-03-31": "$421", "2013-12-31": "$746", "2013-09-30": "$802", "2013-06-30": "$466", "2013-03-31": "$396", "2012-12-31": "$767", "2012-09-30": "$759", "2012-06-30": "$499", "2012-03-31": "$392", "2011-12-31": "$738", "2011-09-30": "$776", "2011-06-30": "$530", "2011-03-31": "$405", "2010-12-31": "$743", "2010-09-30": "$722", "2010-06-30": "$437", "2010-03-31": "$410", "2009-12-31": "$813", "2009-09-30": "$729", "2009-06-30": "$473", "2009-03-31": "$377", "2008-12-31": "$692", "2008-09-30": "$728", "2008-06-30": "$476", "2008-03-31": "$433", "2007-12-31": "$759", "2007-09-30": "$702", "2007-06-30": "$418", "2007-03-31": "$382", "2006-12-31": "$670", "2006-09-30": "$578", "2006-06-30": "$317", "2006-03-31": "$282", "2005-12-31": "$621", "2005-09-30": "$543", "2005-06-30": "$348", "2005-03-31": "$289"}}, "operating-income": {"Hasbro Annual Operating Income (Millions of US $)": {"2019": "$652", "2018": "$331", "2017": "$810", "2016": "$788", "2015": "$692", "2014": "$635", "2013": "$467", "2012": "$552", "2011": "$594", "2010": "$588", "2009": "$589", "2008": "$494", "2007": "$519", "2006": "$376", "2005": "$311"}, "Hasbro Quarterly Operating Income (Millions of US $)": {"2020-09-30": "$337", "2020-06-30": "$2", "2020-03-31": "$-23", "2019-12-31": "$190", "2019-09-30": "$297", "2019-06-30": "$128", "2019-03-31": "$36", "2018-12-31": "$11", "2018-09-30": "$313", "2018-06-30": "$88", "2018-03-31": "$-80", "2017-12-31": "$271", "2017-09-30": "$361", "2017-06-30": "$100", "2017-03-31": "$78", "2016-12-31": "$255", "2016-09-30": "$362", "2016-06-30": "$85", "2016-03-31": "$86", "2015-12-31": "$259", "2015-09-30": "$304", "2015-06-30": "$76", "2015-03-31": "$54", "2014-12-31": "$224", "2014-09-30": "$286", "2014-06-30": "$83", "2014-03-31": "$43", "2013-12-31": "$184", "2013-09-30": "$199", "2013-06-30": "$74", "2013-03-31": "$11", "2012-12-31": "$200", "2012-09-30": "$250", "2012-06-30": "$86", "2012-03-31": "$16", "2011-12-31": "$217", "2011-09-30": "$248", "2011-06-30": "$80", "2011-03-31": "$49", "2010-12-31": "$201", "2010-09-30": "$238", "2010-06-30": "$80", "2010-03-31": "$69", "2009-12-31": "$244", "2009-09-30": "$231", "2009-06-30": "$73", "2009-03-31": "$41", "2008-12-31": "$152", "2008-09-30": "$216", "2008-06-30": "$66", "2008-03-31": "$61", "2007-12-31": "$200", "2007-09-30": "$210", "2007-06-30": "$56", "2007-03-31": "$54", "2006-12-31": "$193", "2006-09-30": "$165", "2006-06-30": "$21", "2006-03-31": "$-2", "2005-12-31": "$154", "2005-09-30": "$128", "2005-06-30": "$27", "2005-03-31": "$2"}}, "ebitda": {"Hasbro Annual EBITDA (Millions of US $)": {"2019": "$918", "2018": "$660", "2017": "$1,018", "2016": "$978", "2015": "$890", "2014": "$840", "2013": "$696", "2012": "$744", "2011": "$790", "2010": "$756", "2009": "$770", "2008": "$660", "2007": "$676", "2006": "$523", "2005": "$491"}, "Hasbro Quarterly EBITDA (Millions of US $)": {"2020-09-30": "$496", "2020-06-30": "$120", "2020-03-31": "$169", "2019-12-31": "$262", "2019-09-30": "$376", "2019-06-30": "$199", "2019-03-31": "$82", "2018-12-31": "$182", "2018-09-30": "$379", "2018-06-30": "$136", "2018-03-31": "$-36", "2017-12-31": "$332", "2017-09-30": "$415", "2017-06-30": "$151", "2017-03-31": "$119", "2016-12-31": "$313", "2016-09-30": "$409", "2016-06-30": "$131", "2016-03-31": "$126", "2015-12-31": "$305", "2015-09-30": "$360", "2015-06-30": "$125", "2015-03-31": "$100", "2014-12-31": "$272", "2014-09-30": "$355", "2014-06-30": "$130", "2014-03-31": "$83", "2013-12-31": "$265", "2013-09-30": "$263", "2013-06-30": "$120", "2013-03-31": "$47", "2012-12-31": "$256", "2012-09-30": "$306", "2012-06-30": "$132", "2012-03-31": "$49", "2011-12-31": "$277", "2011-09-30": "$303", "2011-06-30": "$126", "2011-03-31": "$83", "2010-12-31": "$253", "2010-09-30": "$286", "2010-06-30": "$119", "2010-03-31": "$99", "2009-12-31": "$294", "2009-09-30": "$282", "2009-06-30": "$117", "2009-03-31": "$76", "2008-12-31": "$194", "2008-09-30": "$264", "2008-06-30": "$107", "2008-03-31": "$95", "2007-12-31": "$236", "2007-09-30": "$256", "2007-06-30": "$95", "2007-03-31": "$89", "2006-12-31": "$228", "2006-09-30": "$208", "2006-06-30": "$58", "2006-03-31": "$30", "2005-12-31": "$196", "2005-09-30": "$182", "2005-06-30": "$73", "2005-03-31": "$40"}}, "net-income": {"Hasbro Annual Net Income (Millions of US $)": {"2019": "$520", "2018": "$220", "2017": "$397", "2016": "$551", "2015": "$452", "2014": "$416", "2013": "$286", "2012": "$336", "2011": "$385", "2010": "$398", "2009": "$375", "2008": "$307", "2007": "$333", "2006": "$230", "2005": "$212"}, "Hasbro Quarterly Net Income (Millions of US $)": {"2020-09-30": "$221", "2020-06-30": "$-34", "2020-03-31": "$-70", "2019-12-31": "$267", "2019-09-30": "$213", "2019-06-30": "$13", "2019-03-31": "$27", "2018-12-31": "$9", "2018-09-30": "$264", "2018-06-30": "$60", "2018-03-31": "$-112", "2017-12-31": "$-5", "2017-09-30": "$266", "2017-06-30": "$68", "2017-03-31": "$69", "2016-12-31": "$193", "2016-09-30": "$258", "2016-06-30": "$52", "2016-03-31": "$49", "2015-12-31": "$176", "2015-09-30": "$208", "2015-06-30": "$42", "2015-03-31": "$27", "2014-12-31": "$170", "2014-09-30": "$180", "2014-06-30": "$33", "2014-03-31": "$32", "2013-12-31": "$130", "2013-09-30": "$127", "2013-06-30": "$36", "2013-03-31": "$-7", "2012-12-31": "$130", "2012-09-30": "$165", "2012-06-30": "$43", "2012-03-31": "$-3", "2011-12-31": "$139", "2011-09-30": "$171", "2011-06-30": "$58", "2011-03-31": "$17", "2010-12-31": "$140", "2010-09-30": "$155", "2010-06-30": "$44", "2010-03-31": "$59", "2009-12-31": "$166", "2009-09-30": "$150", "2009-06-30": "$39", "2009-03-31": "$20", "2008-12-31": "$94", "2008-09-30": "$138", "2008-06-30": "$37", "2008-03-31": "$37", "2007-12-31": "$134", "2007-09-30": "$162", "2007-06-30": "$5", "2007-03-31": "$33", "2006-12-31": "$108", "2006-09-30": "$100", "2006-06-30": "$27", "2006-03-31": "$-5", "2005-12-31": "$94", "2005-09-30": "$92", "2005-06-30": "$29", "2005-03-31": "$-4"}}, "eps-earnings-per-share-diluted": {"Hasbro Annual EPS": {"2019": "$4.05", "2018": "$1.74", "2017": "$3.12", "2016": "$4.34", "2015": "$3.57", "2014": "$3.20", "2013": "$2.17", "2012": "$2.55", "2011": "$2.82", "2010": "$2.74", "2009": "$2.48", "2008": "$2.00", "2007": "$1.97", "2006": "$1.29", "2005": "$1.09"}, "Hasbro Quarterly EPS": {"2020-09-30": "$1.61", "2020-06-30": "$-0.25", "2020-03-31": "$-0.51", "2019-12-31": "$2.06", "2019-09-30": "$1.67", "2019-06-30": "$0.11", "2019-03-31": "$0.21", "2018-12-31": "$0.10", "2018-09-30": "$2.06", "2018-06-30": "$0.48", "2018-03-31": "$-0.90", "2017-12-31": "$-0.04", "2017-09-30": "$2.09", "2017-06-30": "$0.53", "2017-03-31": "$0.54", "2016-12-31": "$1.52", "2016-09-30": "$2.03", "2016-06-30": "$0.41", "2016-03-31": "$0.38", "2015-12-31": "$1.39", "2015-09-30": "$1.64", "2015-06-30": "$0.33", "2015-03-31": "$0.21", "2014-12-31": "$1.30", "2014-09-30": "$1.40", "2014-06-30": "$0.26", "2014-03-31": "$0.24", "2013-12-31": "$0.98", "2013-09-30": "$0.96", "2013-06-30": "$0.28", "2013-03-31": "$-0.05", "2012-12-31": "$1.00", "2012-09-30": "$1.24", "2012-06-30": "$0.33", "2012-03-31": "$-0.02", "2011-12-31": "$1.01", "2011-09-30": "$1.27", "2011-06-30": "$0.42", "2011-03-31": "$0.12", "2010-12-31": "$0.96", "2010-09-30": "$1.09", "2010-06-30": "$0.29", "2010-03-31": "$0.40", "2009-12-31": "$1.09", "2009-09-30": "$0.99", "2009-06-30": "$0.26", "2009-03-31": "$0.14", "2008-12-31": "$0.61", "2008-09-30": "$0.89", "2008-06-30": "$0.25", "2008-03-31": "$0.25", "2007-12-31": "$0.80", "2007-09-30": "$0.95", "2007-06-30": "$0.03", "2007-03-31": "$0.19", "2006-12-31": "$0.67", "2006-09-30": "$0.58", "2006-06-30": "$0.07", "2006-03-31": "$-0.03", "2005-12-31": "$0.51", "2005-09-30": "$0.47", "2005-06-30": "$0.13", "2005-03-31": "$-0.02"}}, "shares-outstanding": {"Hasbro Annual Shares Outstanding (Millions of Shares)": {"2019": "128", "2018": "127", "2017": "127", "2016": "127", "2015": "127", "2014": "130", "2013": "132", "2012": "132", "2011": "134", "2010": "146", "2009": "153", "2008": "155", "2007": "171", "2006": "181", "2005": "197"}, "Hasbro Quarterly Shares Outstanding (Millions of Shares)": {"2020-09-30": "137", "2020-06-30": "137", "2020-03-31": "137", "2019-12-31": "128", "2019-09-30": "127", "2019-06-30": "127", "2019-03-31": "127", "2018-12-31": "127", "2018-09-30": "127", "2018-06-30": "126", "2018-03-31": "125", "2017-12-31": "127", "2017-09-30": "127", "2017-06-30": "127", "2017-03-31": "127", "2016-12-31": "127", "2016-09-30": "126", "2016-06-30": "127", "2016-03-31": "127", "2015-12-31": "127", "2015-09-30": "127", "2015-06-30": "127", "2015-03-31": "126", "2014-12-31": "130", "2014-09-30": "129", "2014-06-30": "131", "2014-03-31": "133", "2013-12-31": "132", "2013-09-30": "132", "2013-06-30": "131", "2013-03-31": "129", "2012-12-31": "132", "2012-09-30": "132", "2012-06-30": "132", "2012-03-31": "130", "2011-12-31": "134", "2011-09-30": "135", "2011-06-30": "139", "2011-03-31": "141", "2010-12-31": "146", "2010-09-30": "142", "2010-06-30": "148", "2010-03-31": "151", "2009-12-31": "153", "2009-09-30": "153", "2009-06-30": "153", "2009-03-31": "153", "2008-12-31": "155", "2008-09-30": "156", "2008-06-30": "155", "2008-03-31": "156", "2007-12-31": "171", "2007-09-30": "171", "2007-06-30": "165", "2007-03-31": "177", "2006-12-31": "181", "2006-09-30": "175", "2006-06-30": "177", "2006-03-31": "177", "2005-12-31": "197", "2005-09-30": "198", "2005-06-30": "198", "2005-03-31": "178"}}, "total-assets": {"Hasbro Annual Total Assets (Millions of US $)": {"2019": "$8,856", "2018": "$5,263", "2017": "$5,290", "2016": "$5,091", "2015": "$4,721", "2014": "$4,518", "2013": "$4,402", "2012": "$4,325", "2011": "$4,131", "2010": "$4,093", "2009": "$3,897", "2008": "$3,169", "2007": "$3,237", "2006": "$3,097", "2005": "$3,301"}, "Hasbro Quarterly Total Assets (Millions of US $)": {"2020-09-30": "$10,703", "2020-06-30": "$10,222", "2020-03-31": "$10,424", "2019-12-31": "$8,856", "2019-09-30": "$5,555", "2019-06-30": "$5,039", "2019-03-31": "$4,935", "2018-12-31": "$5,263", "2018-09-30": "$5,495", "2018-06-30": "$5,114", "2018-03-31": "$4,729", "2017-12-31": "$5,290", "2017-09-30": "$5,545", "2017-06-30": "$4,913", "2017-03-31": "$4,646", "2016-12-31": "$5,091", "2016-09-30": "$4,955", "2016-06-30": "$4,344", "2016-03-31": "$4,365", "2015-12-31": "$4,721", "2015-09-30": "$4,567", "2015-06-30": "$4,218", "2015-03-31": "$4,247", "2014-12-31": "$4,518", "2014-09-30": "$4,509", "2014-06-30": "$4,139", "2014-03-31": "$4,029", "2013-12-31": "$4,402", "2013-09-30": "$4,590", "2013-06-30": "$4,178", "2013-03-31": "$4,061", "2012-12-31": "$4,325", "2012-09-30": "$4,446", "2012-06-30": "$4,015", "2012-03-31": "$3,897", "2011-12-31": "$4,131", "2011-09-30": "$4,085", "2011-06-30": "$3,941", "2011-03-31": "$3,940", "2010-12-31": "$4,093", "2010-09-30": "$4,216", "2010-06-30": "$3,974", "2010-03-31": "$4,078", "2009-12-31": "$3,897", "2009-09-30": "$3,861", "2009-06-30": "$3,478", "2009-03-31": "$2,928", "2008-12-31": "$3,169", "2008-09-30": "$3,407", "2008-06-30": "$3,205", "2008-03-31": "$3,126", "2007-12-31": "$3,237", "2007-09-30": "$3,286", "2007-06-30": "$2,909", "2007-03-31": "$2,892", "2006-12-31": "$3,097", "2006-09-30": "$2,963", "2006-06-30": "$2,735", "2006-03-31": "$2,897", "2005-12-31": "$3,301", "2005-09-30": "$3,272", "2005-06-30": "$2,998", "2005-03-31": "$3,028"}}, "cash-on-hand": {"Hasbro Annual Cash on Hand (Millions of US $)": {"2019": "$4,580", "2018": "$1,182", "2017": "$1,581", "2016": "$1,282", "2015": "$977", "2014": "$893", "2013": "$682", "2012": "$850", "2011": "$642", "2010": "$728", "2009": "$636", "2008": "$630", "2007": "$774", "2006": "$715", "2005": "$942"}, "Hasbro Quarterly Cash on Hand (Millions of US $)": {"2020-09-30": "$1,132", "2020-06-30": "$1,038", "2020-03-31": "$1,238", "2019-12-31": "$4,580", "2019-09-30": "$1,060", "2019-06-30": "$1,151", "2019-03-31": "$1,197", "2018-12-31": "$1,182", "2018-09-30": "$907", "2018-06-30": "$1,159", "2018-03-31": "$1,599", "2017-12-31": "$1,581", "2017-09-30": "$1,245", "2017-06-30": "$1,434", "2017-03-31": "$1,463", "2016-12-31": "$1,282", "2016-09-30": "$830", "2016-06-30": "$924", "2016-03-31": "$1,096", "2015-12-31": "$977", "2015-09-30": "$551", "2015-06-30": "$858", "2015-03-31": "$1,081", "2014-12-31": "$893", "2014-09-30": "$452", "2014-06-30": "$586", "2014-03-31": "$792", "2013-12-31": "$682", "2013-09-30": "$589", "2013-06-30": "$1,022", "2013-03-31": "$1,067", "2012-12-31": "$850", "2012-09-30": "$697", "2012-06-30": "$780", "2012-03-31": "$884", "2011-12-31": "$642", "2011-09-30": "$187", "2011-06-30": "$585", "2011-03-31": "$927", "2010-12-31": "$728", "2010-09-30": "$498", "2010-06-30": "$872", "2010-03-31": "$1,260", "2009-12-31": "$636", "2009-09-30": "$297", "2009-06-30": "$392", "2009-03-31": "$590", "2008-12-31": "$630", "2008-09-30": "$357", "2008-06-30": "$595", "2008-03-31": "$832", "2007-12-31": "$774", "2007-09-30": "$411", "2007-06-30": "$526", "2007-03-31": "$704", "2006-12-31": "$715", "2006-09-30": "$309", "2006-06-30": "$490", "2006-03-31": "$729", "2005-12-31": "$942", "2005-09-30": "$570", "2005-06-30": "$643", "2005-03-31": "$877"}}, "long-term-debt": {"Hasbro Annual Long Term Debt (Millions of US $)": {"2019": "$4,046", "2018": "$1,695", "2017": "$1,694", "2016": "$1,199", "2015": "$1,547", "2014": "$1,546", "2013": "$960", "2012": "$1,396", "2011": "$1,401", "2010": "$1,398", "2009": "$1,132", "2008": "$710", "2007": "$710", "2006": "$495", "2005": "$496"}, "Hasbro Quarterly Long Term Debt (Millions of US $)": {"2020-09-30": "$4,778", "2020-06-30": "$4,803", "2020-03-31": "$5,156", "2019-12-31": "$4,046", "2019-09-30": "$1,696", "2019-06-30": "$1,696", "2019-03-31": "$1,695", "2018-12-31": "$1,695", "2018-09-30": "$1,695", "2018-06-30": "$1,694", "2018-03-31": "$1,694", "2017-12-31": "$1,694", "2017-09-30": "$1,693", "2017-06-30": "$1,199", "2017-03-31": "$1,199", "2016-12-31": "$1,199", "2016-09-30": "$1,198", "2016-06-30": "$1,548", "2016-03-31": "$1,547", "2015-12-31": "$1,547", "2015-09-30": "$1,547", "2015-06-30": "$1,546", "2015-03-31": "$1,546", "2014-12-31": "$1,546", "2014-09-30": "$1,560", "2014-06-30": "$1,560", "2014-03-31": "$960", "2013-12-31": "$960", "2013-09-30": "$960", "2013-06-30": "$960", "2013-03-31": "$1,394", "2012-12-31": "$1,396", "2012-09-30": "$1,399", "2012-06-30": "$1,400", "2012-03-31": "$1,401", "2011-12-31": "$1,401", "2011-09-30": "$1,405", "2011-06-30": "$1,403", "2011-03-31": "$1,397", "2010-12-31": "$1,398", "2010-09-30": "$1,405", "2010-06-30": "$1,397", "2010-03-31": "$1,390", "2009-12-31": "$1,132", "2009-09-30": "$1,135", "2009-06-30": "$1,135", "2009-03-31": "$710", "2008-12-31": "$710", "2008-09-30": "$710", "2008-06-30": "$710", "2008-03-31": "$710", "2007-12-31": "$710", "2007-09-30": "$710", "2007-06-30": "$495", "2007-03-31": "$495", "2006-12-31": "$495", "2006-09-30": "$495", "2006-06-30": "$494", "2006-03-31": "$495", "2005-12-31": "$496", "2005-09-30": "$246", "2005-06-30": "$248", "2005-03-31": "$266"}}, "total-liabilities": {"Hasbro Annual Total Liabilities (Millions of US $)": {"2019": "$5,860", "2018": "$3,509", "2017": "$3,460", "2016": "$3,229", "2015": "$3,057", "2014": "$3,052", "2013": "$2,720", "2012": "$2,818", "2011": "$2,713", "2010": "$2,478", "2009": "$2,302", "2008": "$1,778", "2007": "$1,852", "2006": "$1,559", "2005": "$1,578"}, "Hasbro Quarterly Total Liabilities (Millions of US $)": {"2020-09-30": "$7,895", "2020-06-30": "$7,580", "2020-03-31": "$7,660", "2019-12-31": "$5,860", "2019-09-30": "$3,714", "2019-06-30": "$3,323", "2019-03-31": "$3,280", "2018-12-31": "$3,509", "2018-09-30": "$3,608", "2018-06-30": "$3,347", "2018-03-31": "$3,158", "2017-12-31": "$3,460", "2017-09-30": "$3,588", "2017-06-30": "$3,080", "2017-03-31": "$2,794", "2016-12-31": "$3,229", "2016-09-30": "$3,213", "2016-06-30": "$2,732", "2016-03-31": "$2,757", "2015-12-31": "$3,057", "2015-09-30": "$3,024", "2015-06-30": "$2,789", "2015-03-31": "$2,802", "2014-12-31": "$3,052", "2014-09-30": "$3,010", "2014-06-30": "$2,687", "2014-03-31": "$2,435", "2013-12-31": "$2,720", "2013-09-30": "$3,067", "2013-06-30": "$2,722", "2013-03-31": "$2,598", "2012-12-31": "$2,818", "2012-09-30": "$2,919", "2012-06-30": "$2,615", "2012-03-31": "$2,500", "2011-12-31": "$2,713", "2011-09-30": "$2,703", "2011-06-30": "$2,472", "2011-03-31": "$2,409", "2010-12-31": "$2,478", "2010-09-30": "$2,728", "2010-06-30": "$2,385", "2010-03-31": "$2,408", "2009-12-31": "$2,302", "2009-09-30": "$2,373", "2009-06-30": "$2,089", "2009-03-31": "$1,547", "2008-12-31": "$1,778", "2008-09-30": "$2,051", "2008-06-30": "$1,897", "2008-03-31": "$1,860", "2007-12-31": "$1,852", "2007-09-30": "$1,933", "2007-06-30": "$1,362", "2007-03-31": "$1,360", "2006-12-31": "$1,559", "2006-09-30": "$1,544", "2006-06-30": "$1,278", "2006-03-31": "$1,274", "2005-12-31": "$1,578", "2005-09-30": "$1,601", "2005-06-30": "$1,391", "2005-03-31": "$1,409"}}, "total-share-holder-equity": {"Hasbro Annual Share Holder Equity (Millions of US $)": {"2019": "$2,996", "2018": "$1,754", "2017": "$1,830", "2016": "$1,863", "2015": "$1,664", "2014": "$1,466", "2013": "$1,682", "2012": "$1,507", "2011": "$1,418", "2010": "$1,615", "2009": "$1,595", "2008": "$1,391", "2007": "$1,385", "2006": "$1,538", "2005": "$1,723"}, "Hasbro Quarterly Share Holder Equity (Millions of US $)": {"2020-09-30": "$2,808", "2020-06-30": "$2,642", "2020-03-31": "$2,765", "2019-12-31": "$2,996", "2019-09-30": "$1,841", "2019-06-30": "$1,716", "2019-03-31": "$1,655", "2018-12-31": "$1,754", "2018-09-30": "$1,887", "2018-06-30": "$1,767", "2018-03-31": "$1,571", "2017-12-31": "$1,830", "2017-09-30": "$1,956", "2017-06-30": "$1,832", "2017-03-31": "$1,852", "2016-12-31": "$1,863", "2016-09-30": "$1,742", "2016-06-30": "$1,613", "2016-03-31": "$1,607", "2015-12-31": "$1,664", "2015-09-30": "$1,543", "2015-06-30": "$1,429", "2015-03-31": "$1,446", "2014-12-31": "$1,466", "2014-09-30": "$1,499", "2014-06-30": "$1,452", "2014-03-31": "$1,594", "2013-12-31": "$1,682", "2013-09-30": "$1,523", "2013-06-30": "$1,456", "2013-03-31": "$1,463", "2012-12-31": "$1,507", "2012-09-30": "$1,527", "2012-06-30": "$1,399", "2012-03-31": "$1,397", "2011-12-31": "$1,418", "2011-09-30": "$1,381", "2011-06-30": "$1,469", "2011-03-31": "$1,531", "2010-12-31": "$1,615", "2010-09-30": "$1,487", "2010-06-30": "$1,589", "2010-03-31": "$1,670", "2009-12-31": "$1,595", "2009-09-30": "$1,488", "2009-06-30": "$1,390", "2009-03-31": "$1,381", "2008-12-31": "$1,391", "2008-09-30": "$1,356", "2008-06-30": "$1,308", "2008-03-31": "$1,267", "2007-12-31": "$1,385", "2007-09-30": "$1,353", "2007-06-30": "$1,547", "2007-03-31": "$1,532", "2006-12-31": "$1,538", "2006-09-30": "$1,418", "2006-06-30": "$1,458", "2006-03-31": "$1,623", "2005-12-31": "$1,723", "2005-09-30": "$1,671", "2005-06-30": "$1,606", "2005-03-31": "$1,619"}}, "profit-margins": {"current": "7.44%"}, "gross margin": {"2020-09-30": "67.07%", "2020-06-30": "65.39%", "2020-03-31": "64.45%", "2019-12-31": "61.70%", "2019-09-30": "60.87%", "2019-06-30": "60.21%", "2019-03-31": "59.64%", "2018-12-31": "59.60%", "2018-09-30": "60.76%", "2018-06-30": "61.00%", "2018-03-31": "60.92%", "2017-12-31": "60.95%", "2017-09-30": "61.09%", "2017-06-30": "61.64%", "2017-03-31": "61.86%", "2016-12-31": "62.03%", "2016-09-30": "62.41%", "2016-06-30": "62.44%", "2016-03-31": "62.34%", "2015-12-31": "62.30%", "2015-09-30": "61.70%", "2015-06-30": "61.13%", "2015-03-31": "60.85%", "2014-12-31": "60.30%", "2014-09-30": "59.69%", "2014-06-30": "59.57%", "2014-03-31": "59.43%", "2013-12-31": "59.04%", "2013-09-30": "59.52%", "2013-06-30": "58.83%", "2013-03-31": "58.99%", "2012-12-31": "59.11%", "2012-09-30": "57.76%", "2012-06-30": "57.74%", "2012-03-31": "57.16%", "2011-12-31": "57.15%", "2011-09-30": "57.95%", "2011-06-30": "57.53%", "2011-03-31": "57.65%", "2010-12-31": "57.77%", "2010-09-30": "58.13%", "2010-06-30": "58.78%", "2010-03-31": "58.89%", "2009-12-31": "58.81%", "2009-09-30": "57.89%", "2009-06-30": "57.53%", "2009-03-31": "57.72%", "2008-12-31": "57.92%", "2008-09-30": "58.61%", "2008-06-30": "59.12%", "2008-03-31": "59.04%", "2007-12-31": "58.93%", "2007-09-30": "59.43%", "2007-06-30": "59.00%", "2007-03-31": "58.86%", "2006-12-31": "58.62%", "2006-09-30": "57.87%", "2006-06-30": "57.69%", "2006-03-31": "57.87%", "2005-12-31": "58.34%"}, "operating margin": {"2020-09-30": "9.79%", "2020-06-30": "9.38%", "2020-03-31": "11.62%", "2019-12-31": "13.79%", "2019-09-30": "10.08%", "2019-06-30": "10.43%", "2019-03-31": "9.75%", "2018-12-31": "7.25%", "2018-09-30": "12.37%", "2018-06-30": "12.78%", "2018-03-31": "12.84%", "2017-12-31": "15.54%", "2017-09-30": "15.14%", "2017-06-30": "15.49%", "2017-03-31": "15.48%", "2016-12-31": "15.70%", "2016-09-30": "16.31%", "2016-06-30": "15.80%", "2016-03-31": "15.88%", "2015-12-31": "15.58%", "2015-09-30": "15.37%", "2015-06-30": "14.95%", "2015-03-31": "15.00%", "2014-12-31": "14.87%", "2014-09-30": "13.99%", "2014-06-30": "12.24%", "2014-03-31": "12.20%", "2013-12-31": "11.46%", "2013-09-30": "11.85%", "2013-06-30": "13.18%", "2013-03-31": "13.33%", "2012-12-31": "13.50%", "2012-09-30": "13.76%", "2012-06-30": "13.61%", "2012-03-31": "13.16%", "2011-12-31": "13.86%", "2011-09-30": "13.65%", "2011-06-30": "13.61%", "2011-03-31": "14.19%", "2010-12-31": "14.69%", "2010-09-30": "15.40%", "2010-06-30": "15.35%", "2010-03-31": "14.98%", "2009-12-31": "14.48%", "2009-09-30": "12.67%", "2009-06-30": "12.21%", "2009-03-31": "12.06%", "2008-12-31": "12.31%", "2008-09-30": "13.28%", "2008-06-30": "13.39%", "2008-03-31": "13.46%", "2007-12-31": "13.55%", "2007-09-30": "14.04%", "2007-06-30": "13.48%", "2007-03-31": "13.09%", "2006-12-31": "11.96%", "2006-09-30": "10.88%", "2006-06-30": "9.85%", "2006-03-31": "9.90%", "2005-12-31": "10.07%"}, "ebitda margin": {"2020-09-30": "20.25%", "2020-06-30": "18.66%", "2020-03-31": "19.75%", "2019-12-31": "19.47%", "2019-09-30": "17.92%", "2019-06-30": "18.00%", "2019-03-31": "16.95%", "2018-12-31": "14.44%", "2018-09-30": "16.95%", "2018-06-30": "16.91%", "2018-03-31": "16.98%", "2017-12-31": "19.52%", "2017-09-30": "19.03%", "2017-06-30": "19.33%", "2017-03-31": "19.29%", "2016-12-31": "19.50%", "2016-09-30": "20.00%", "2016-06-30": "19.85%", "2016-03-31": "20.07%", "2015-12-31": "20.01%", "2015-09-30": "20.01%", "2015-06-30": "19.90%", "2015-03-31": "19.87%", "2014-12-31": "19.64%", "2014-09-30": "19.55%", "2014-06-30": "17.81%", "2014-03-31": "17.84%", "2013-12-31": "17.03%", "2013-09-30": "16.80%", "2013-06-30": "17.96%", "2013-03-31": "18.06%", "2012-12-31": "18.17%", "2012-09-30": "18.48%", "2012-06-30": "18.27%", "2012-03-31": "17.71%", "2011-12-31": "18.41%", "2011-09-30": "18.06%", "2011-06-30": "17.93%", "2011-03-31": "18.52%", "2010-12-31": "18.92%", "2010-09-30": "19.47%", "2010-06-30": "19.54%", "2010-03-31": "19.23%", "2009-12-31": "18.91%", "2009-09-30": "17.05%", "2009-06-30": "16.50%", "2009-03-31": "16.28%", "2008-12-31": "16.41%", "2008-09-30": "17.17%", "2008-06-30": "17.31%", "2008-03-31": "17.42%", "2007-12-31": "17.62%", "2007-09-30": "18.28%", "2007-06-30": "17.86%", "2007-03-31": "17.62%", "2006-12-31": "16.63%", "2006-09-30": "15.84%", "2006-06-30": "15.25%", "2006-03-31": "15.52%", "2005-12-31": "15.91%"}, "pre tax profit margin": {"2020-09-30": "9.32%", "2020-06-30": "8.92%", "2020-03-31": "9.68%", "2019-12-31": "12.60%", "2019-09-30": "6.22%", "2019-06-30": "6.99%", "2019-03-31": "8.46%", "2018-12-31": "5.92%", "2018-09-30": "11.60%", "2018-06-30": "12.16%", "2018-03-31": "12.37%", "2017-12-31": "15.10%", "2017-09-30": "13.88%", "2017-06-30": "14.10%", "2017-03-31": "13.97%", "2016-12-31": "13.78%", "2016-09-30": "14.48%", "2016-06-30": "13.82%", "2016-03-31": "13.78%", "2015-12-31": "13.58%", "2015-09-30": "13.50%", "2015-06-30": "12.54%", "2015-03-31": "12.71%", "2014-12-31": "12.63%", "2014-09-30": "11.64%", "2014-06-30": "9.81%", "2014-03-31": "9.62%", "2013-12-31": "8.62%", "2013-09-30": "8.94%", "2013-06-30": "10.69%", "2013-03-31": "10.79%", "2012-12-31": "11.10%", "2012-09-30": "11.34%", "2012-06-30": "11.16%", "2012-03-31": "10.75%", "2011-12-31": "11.34%", "2011-09-30": "11.10%", "2011-06-30": "11.22%", "2011-03-31": "11.89%", "2010-12-31": "12.67%", "2010-09-30": "13.67%", "2010-06-30": "13.75%", "2010-03-31": "13.48%", "2009-12-31": "13.03%", "2009-09-30": "11.04%", "2009-06-30": "10.57%", "2009-03-31": "10.54%", "2008-12-31": "10.99%", "2008-09-30": "12.23%", "2008-06-30": "12.52%", "2008-03-31": "11.98%", "2007-12-31": "12.07%", "2007-09-30": "12.23%", "2007-06-30": "11.15%", "2007-03-31": "12.03%", "2006-12-31": "10.89%", "2006-09-30": "10.52%", "2006-06-30": "10.11%", "2006-03-31": "9.97%", "2005-12-31": "10.07%"}, "net profit margin": {"2020-09-30": "7.43%", "2020-06-30": "7.57%", "2020-03-31": "8.30%", "2019-12-31": "11.01%", "2019-09-30": "5.60%", "2019-06-30": "6.69%", "2019-03-31": "7.83%", "2018-12-31": "4.83%", "2018-09-30": "4.33%", "2018-06-30": "4.17%", "2018-03-31": "4.27%", "2017-12-31": "7.64%", "2017-09-30": "11.36%", "2017-06-30": "11.46%", "2017-03-31": "11.35%", "2016-12-31": "11.00%", "2016-09-30": "11.02%", "2016-06-30": "10.44%", "2016-03-31": "10.41%", "2015-12-31": "10.18%", "2015-09-30": "10.44%", "2015-06-30": "9.79%", "2015-03-31": "9.51%", "2014-12-31": "9.70%", "2014-09-30": "8.80%", "2014-06-30": "7.74%", "2014-03-31": "7.93%", "2013-12-31": "7.01%", "2013-09-30": "7.00%", "2013-06-30": "7.98%", "2013-03-31": "8.07%", "2012-12-31": "8.19%", "2012-09-30": "8.32%", "2012-06-30": "8.40%", "2012-03-31": "8.56%", "2011-12-31": "8.98%", "2011-09-30": "9.11%", "2011-06-30": "8.87%", "2011-03-31": "8.90%", "2010-12-31": "9.95%", "2010-09-30": "10.35%", "2010-06-30": "10.31%", "2010-03-31": "10.05%", "2009-12-31": "9.22%", "2009-09-30": "7.72%", "2009-06-30": "7.37%", "2009-03-31": "7.34%", "2008-12-31": "7.61%", "2008-09-30": "8.46%", "2008-06-30": "9.23%", "2008-03-31": "8.63%", "2007-12-31": "8.70%", "2007-09-30": "8.43%", "2007-06-30": "7.09%", "2007-03-31": "8.10%", "2006-12-31": "7.30%", "2006-09-30": "6.95%", "2006-06-30": "6.81%", "2006-03-31": "6.77%", "2005-12-31": "6.84%"}, "pe ratio": {"current": "26.22", "2021-02-05": "34.01", "2020-09-30": "28.48", "2020-06-30": "25.04", "2020-03-31": "21.08", "2019-12-31": "25.35", "2019-09-30": "54.94", "2019-06-30": "40.90", "2019-03-31": "28.40", "2018-12-31": "44.45", "2018-09-30": "61.04", "2018-06-30": "52.28", "2018-03-31": "46.00", "2017-12-31": "26.54", "2017-09-30": "18.90", "2017-06-30": "21.74", "2017-03-31": "19.87", "2016-12-31": "15.96", "2016-09-30": "16.67", "2016-06-30": "19.33", "2016-03-31": "18.72", "2015-12-31": "16.39", "2015-09-30": "17.70", "2015-06-30": "19.58", "2015-03-31": "16.81", "2014-12-31": "14.37", "2014-09-30": "16.04", "2014-06-30": "15.03", "2014-03-31": "15.53", "2013-12-31": "16.89", "2013-09-30": "14.31", "2013-06-30": "14.70", "2013-03-31": "14.00", "2012-12-31": "11.31", "2012-09-30": "11.47", "2012-06-30": "9.97", "2012-03-31": "10.35", "2011-12-31": "8.47", "2011-09-30": "8.81", "2011-06-30": "12.59", "2011-03-31": "14.04", "2010-12-31": "12.64", "2010-09-30": "11.44", "2010-06-30": "10.88", "2010-03-31": "10.18", "2009-12-31": "9.36", "2009-09-30": "9.92", "2009-06-30": "9.05", "2009-03-31": "9.35", "2008-12-31": "10.20", "2008-09-30": "10.86", "2008-06-30": "10.83", "2008-03-31": "9.30", "2007-12-31": "8.73", "2007-09-30": "10.63", "2007-06-30": "15.01", "2007-03-31": "13.23", "2006-12-31": "14.77"}, "price sales": {"2021-02-05": "2.54", "2020-09-30": "2.12", "2020-06-30": "1.93", "2020-03-31": "1.76", "2019-12-31": "2.74", "2019-09-30": "3.07", "2019-06-30": "2.72", "2019-03-31": "2.21", "2018-12-31": "2.10", "2018-09-30": "2.58", "2018-06-30": "2.16", "2018-03-31": "1.93", "2017-12-31": "2.02", "2017-09-30": "2.14", "2017-06-30": "2.48", "2017-03-31": "2.25", "2016-12-31": "1.74", "2016-09-30": "1.83", "2016-06-30": "2.02", "2016-03-31": "1.94", "2015-12-31": "1.67", "2015-09-30": "1.86", "2015-06-30": "1.93", "2015-03-31": "1.62", "2014-12-31": "1.42", "2014-09-30": "1.42", "2014-06-30": "1.40", "2014-03-31": "1.48", "2013-12-31": "1.45", "2013-09-30": "1.23", "2013-06-30": "1.17", "2013-03-31": "1.13", "2012-12-31": "0.93", "2012-09-30": "0.96", "2012-06-30": "0.84", "2012-03-31": "0.89", "2011-12-31": "0.77", "2011-09-30": "0.82", "2011-06-30": "1.12", "2011-03-31": "1.26", "2010-12-31": "1.27", "2010-09-30": "1.19", "2010-06-30": "1.13", "2010-03-31": "1.03", "2009-12-31": "0.87", "2009-09-30": "0.78", "2009-06-30": "0.68", "2009-03-31": "0.70", "2008-12-31": "0.79", "2008-09-30": "0.95", "2008-06-30": "1.02", "2008-03-31": "0.82", "2007-12-31": "0.78", "2007-09-30": "0.90", "2007-06-30": "1.07", "2007-03-31": "1.04", "2006-12-31": "1.03"}, "price book": {"current": "4.75", "2021-02-05": "4.75", "2020-09-30": "3.97", "2020-06-30": "3.79", "2020-03-31": "3.43", "2019-12-31": "4.63", "2019-09-30": "7.76", "2019-06-30": "7.37", "2019-03-31": "6.09", "2018-12-31": "5.46", "2018-09-30": "6.56", "2018-06-30": "6.14", "2018-03-31": "6.15", "2017-12-31": "5.63", "2017-09-30": "5.63", "2017-06-30": "6.86", "2017-03-31": "6.04", "2016-12-31": "4.63", "2016-09-30": "5.03", "2016-06-30": "5.75", "2016-03-31": "5.44", "2015-12-31": "4.39", "2015-09-30": "5.04", "2015-06-30": "5.61", "2015-03-31": "4.65", "2014-12-31": "3.95", "2014-09-30": "3.89", "2014-06-30": "3.89", "2014-03-31": "3.76", "2013-12-31": "3.51", "2013-09-30": "3.27", "2013-06-30": "3.23", "2013-03-31": "3.11", "2012-12-31": "2.46", "2012-09-30": "2.56", "2012-06-30": "2.45", "2012-03-31": "2.62", "2011-12-31": "2.21", "2011-09-30": "2.31", "2011-06-30": "3.03", "2011-03-31": "3.12", "2010-12-31": "2.98", "2010-09-30": "3.01", "2010-06-30": "2.68", "2010-03-31": "2.35", "2009-12-31": "2.00", "2009-09-30": "1.86", "2009-06-30": "1.74", "2009-03-31": "1.80", "2008-12-31": "2.05", "2008-09-30": "2.49", "2008-06-30": "2.67", "2008-03-31": "2.12", "2007-12-31": "1.84", "2007-09-30": "2.10", "2007-06-30": "2.22", "2007-03-31": "2.02", "2006-12-31": "1.91", "2006-09-30": "1.70", "2006-06-30": "1.36", "2006-03-31": "1.50"}, "price fcf": {"2021-02-05": "", "2020-09-30": "$4.62", "2020-06-30": "$3.27", "2020-03-31": "$4.06", "2019-12-31": "$4.04", "2019-09-30": "$5.78", "2019-06-30": "$4.84", "2019-03-31": "$3.56", "2018-12-31": "$3.98", "2018-09-30": "$4.42", "2018-06-30": "$3.63", "2018-03-31": "$3.96", "2017-12-31": "$4.64", "2017-09-30": "$5.27", "2017-06-30": "$5.69", "2017-03-31": "$6.00", "2016-12-31": "$5.22", "2016-09-30": "$4.34", "2016-06-30": "$3.95", "2016-03-31": "$3.36", "2015-12-31": "$3.39", "2015-09-30": "$2.30", "2015-06-30": "$3.51", "2015-03-31": "$3.22", "2014-12-31": "$2.63", "2014-09-30": "$2.53", "2014-06-30": "$0.77", "2014-03-31": "$1.74", "2013-12-31": "$2.19", "2013-09-30": "$2.45", "2013-06-30": "$3.93", "2013-03-31": "$3.30", "2012-12-31": "$3.20", "2012-09-30": "$3.26", "2012-06-30": "$2.80", "2012-03-31": "$2.43", "2011-12-31": "$2.22", "2011-09-30": "$1.72", "2011-06-30": "$1.48", "2011-03-31": "$1.94", "2010-12-31": "$1.75", "2010-09-30": "$2.42", "2010-06-30": "$3.40", "2010-03-31": "$2.98", "2009-12-31": "$1.06", "2009-09-30": "$1.60", "2009-06-30": "$1.76", "2009-03-31": "$1.93", "2008-12-31": "$3.07", "2008-09-30": "$2.69", "2008-06-30": "$2.84", "2008-03-31": "$3.61", "2007-12-31": "$2.98", "2007-09-30": "$2.10", "2007-06-30": "$1.91", "2007-03-31": "$2.00", "2006-12-31": "$1.32"}, "net worth": {"value": "$13.33B"}, "current ratio": {"current": "1.62", "2020-09-30": "1.62", "2020-06-30": "1.61", "2020-03-31": "1.91", "2019-12-31": "5.37", "2019-09-30": "2.33", "2019-06-30": "2.64", "2019-03-31": "2.77", "2018-12-31": "2.42", "2018-09-30": "2.42", "2018-06-30": "2.69", "2018-03-31": "3.55", "2017-12-31": "2.90", "2017-09-30": "2.53", "2017-06-30": "2.10", "2017-03-31": "2.33", "2016-12-31": "2.00", "2016-09-30": "1.95", "2016-06-30": "3.39", "2016-03-31": "3.29", "2015-12-31": "2.69", "2015-09-30": "2.61", "2015-06-30": "2.91", "2015-03-31": "2.85", "2014-12-31": "2.47", "2014-09-30": "2.61", "2014-06-30": "3.04", "2014-03-31": "1.96", "2013-12-31": "1.82", "2013-09-30": "1.58", "2013-06-30": "1.83", "2013-03-31": "3.03", "2012-12-31": "2.61", "2012-09-30": "2.33", "2012-06-30": "2.56", "2012-03-31": "2.78", "2011-12-31": "2.39", "2011-09-30": "2.35", "2011-06-30": "2.90", "2011-03-31": "3.29", "2010-12-31": "3.09", "2010-09-30": "2.40", "2010-06-30": "3.17", "2010-03-31": "3.20", "2009-12-31": "2.51", "2009-09-30": "2.25", "2009-06-30": "2.62", "2009-03-31": "2.54", "2008-12-31": "2.14", "2008-09-30": "1.76", "2008-06-30": "1.83", "2008-03-31": "1.92", "2007-12-31": "2.13", "2007-09-30": "1.96", "2007-06-30": "2.48", "2007-03-31": "2.49", "2006-12-31": "1.90", "2006-09-30": "1.73", "2006-06-30": "1.98", "2006-03-31": "2.16", "2005-12-31": "2.01", "2005-09-30": "1.49", "2005-06-30": "1.47", "2005-03-31": "1.56"}, "quick ratio": {"2020-09-30": "1.39", "2020-06-30": "1.32", "2020-03-31": "1.65", "2019-12-31": "5.01", "2019-09-30": "1.93", "2019-06-30": "2.11", "2019-03-31": "2.26", "2018-12-31": "2.07", "2018-09-30": "1.95", "2018-06-30": "2.11", "2018-03-31": "2.94", "2017-12-31": "2.56", "2017-09-30": "2.11", "2017-06-30": "1.72", "2017-03-31": "1.98", "2016-12-31": "1.76", "2016-09-30": "1.57", "2016-06-30": "2.62", "2016-03-31": "2.68", "2015-12-31": "2.33", "2015-09-30": "2.18", "2015-06-30": "2.41", "2015-03-31": "2.44", "2014-12-31": "2.15", "2014-09-30": "2.12", "2014-06-30": "2.36", "2014-03-31": "1.60", "2013-12-31": "1.56", "2013-09-30": "1.30", "2013-06-30": "1.55", "2013-03-31": "2.60", "2012-12-31": "2.28", "2012-09-30": "1.91", "2012-06-30": "2.06", "2012-03-31": "2.23", "2011-12-31": "2.04", "2011-09-30": "1.80", "2011-06-30": "2.29", "2011-03-31": "2.65", "2010-12-31": "2.58", "2010-09-30": "1.92", "2010-06-30": "2.65", "2010-03-31": "2.87", "2009-12-31": "2.25", "2009-09-30": "1.80", "2009-06-30": "2.05", "2009-03-31": "2.02", "2008-12-31": "1.77", "2008-09-30": "1.34", "2008-06-30": "1.43", "2008-03-31": "1.60", "2007-12-31": "1.84", "2007-09-30": "1.56", "2007-06-30": "1.91", "2007-03-31": "2.06", "2006-12-31": "1.67", "2006-09-30": "1.39", "2006-06-30": "1.58", "2006-03-31": "1.82", "2005-12-31": "1.81", "2005-09-30": "1.21", "2005-06-30": "1.21", "2005-03-31": "1.32"}, "debt equity ratio": {"current": "1.70", "2020-09-30": "2.81", "2020-06-30": "2.87", "2020-03-31": "2.77", "2019-12-31": "1.96", "2019-09-30": "2.02", "2019-06-30": "1.94", "2019-03-31": "1.98", "2018-12-31": "2.00", "2018-09-30": "1.91", "2018-06-30": "1.89", "2018-03-31": "2.01", "2017-12-31": "1.89", "2017-09-30": "1.83", "2017-06-30": "1.68", "2017-03-31": "1.51", "2016-12-31": "1.73", "2016-09-30": "1.85", "2016-06-30": "1.69", "2016-03-31": "1.72", "2015-12-31": "1.84", "2015-09-30": "1.96", "2015-06-30": "1.95", "2015-03-31": "1.94", "2014-12-31": "2.08", "2014-09-30": "2.01", "2014-06-30": "1.85", "2014-03-31": "1.53", "2013-12-31": "1.62", "2013-09-30": "2.01", "2013-06-30": "1.87", "2013-03-31": "1.78", "2012-12-31": "1.87", "2012-09-30": "1.91", "2012-06-30": "1.87", "2012-03-31": "1.79", "2011-12-31": "1.91", "2011-09-30": "1.96", "2011-06-30": "1.68", "2011-03-31": "1.57", "2010-12-31": "1.53", "2010-09-30": "1.83", "2010-06-30": "1.50", "2010-03-31": "1.44", "2009-12-31": "1.44", "2009-09-30": "1.60", "2009-06-30": "1.50", "2009-03-31": "1.12", "2008-12-31": "1.28", "2008-09-30": "1.51", "2008-06-30": "1.45", "2008-03-31": "1.47", "2007-12-31": "1.34", "2007-09-30": "1.43", "2007-06-30": "0.88", "2007-03-31": "0.89", "2006-12-31": "1.01", "2006-09-30": "1.09", "2006-06-30": "0.88", "2006-03-31": "0.79", "2005-12-31": "0.92", "2005-09-30": "0.96", "2005-06-30": "0.87", "2005-03-31": "0.87"}, "return on equity": {"2020-09-30": "13.70%", "2020-06-30": "14.68%", "2020-03-31": "18.16%", "2019-12-31": "25.34%", "2019-09-30": "15.04%", "2019-06-30": "17.86%", "2019-03-31": "20.39%", "2018-12-31": "12.67%", "2018-09-30": "11.74%", "2018-06-30": "11.73%", "2018-03-31": "12.07%", "2017-12-31": "21.31%", "2017-09-30": "31.77%", "2017-06-30": "32.27%", "2017-03-31": "32.36%", "2016-12-31": "32.35%", "2016-09-30": "32.30%", "2016-06-30": "30.19%", "2016-03-31": "30.43%", "2015-12-31": "29.79%", "2015-09-30": "30.39%", "2015-06-30": "28.70%", "2015-03-31": "27.97%", "2014-12-31": "27.62%", "2014-09-30": "24.09%", "2014-06-30": "20.60%", "2014-03-31": "20.78%", "2013-12-31": "18.68%", "2013-09-30": "19.23%", "2013-06-30": "21.77%", "2013-03-31": "22.46%", "2012-12-31": "22.98%", "2012-09-30": "23.97%", "2012-06-30": "25.02%", "2012-03-31": "25.77%", "2011-12-31": "26.56%", "2011-09-30": "25.75%", "2011-06-30": "24.25%", "2011-03-31": "22.89%", "2010-12-31": "25.03%", "2010-09-30": "26.75%", "2010-06-30": "26.43%", "2010-03-31": "26.96%", "2009-12-31": "25.62%", "2009-09-30": "21.45%", "2009-06-30": "21.09%", "2009-03-31": "21.27%", "2008-12-31": "23.00%", "2008-09-30": "26.03%", "2008-06-30": "27.86%", "2008-03-31": "24.35%", "2007-12-31": "22.97%", "2007-09-30": "20.64%", "2007-06-30": "16.30%", "2007-03-31": "18.03%", "2006-12-31": "15.24%", "2006-09-30": "13.89%", "2006-06-30": "12.85%", "2006-03-31": "12.68%", "2005-12-31": "12.75%"}, "return on assets": {"2020-09-30": "3.82%", "2020-06-30": "4.29%", "2020-03-31": "5.66%", "2019-12-31": "8.53%", "2019-09-30": "5.04%", "2019-06-30": "6.04%", "2019-03-31": "6.92%", "2018-12-31": "4.29%", "2018-09-30": "4.01%", "2018-06-30": "4.04%", "2018-03-31": "4.24%", "2017-12-31": "7.81%", "2017-09-30": "11.80%", "2017-06-30": "12.00%", "2017-03-31": "12.02%", "2016-12-31": "11.77%", "2016-09-30": "11.64%", "2016-06-30": "10.78%", "2016-03-31": "10.63%", "2015-12-31": "10.21%", "2015-09-30": "10.19%", "2015-06-30": "9.58%", "2015-03-31": "9.42%", "2014-12-31": "9.65%", "2014-09-30": "8.78%", "2014-06-30": "7.51%", "2014-03-31": "7.56%", "2013-12-31": "6.64%", "2013-09-30": "6.67%", "2013-06-30": "7.62%", "2013-03-31": "7.86%", "2012-12-31": "8.03%", "2012-09-30": "8.34%", "2012-06-30": "8.68%", "2012-03-31": "9.09%", "2011-12-31": "9.57%", "2011-09-30": "9.61%", "2011-06-30": "9.14%", "2011-03-31": "8.78%", "2010-12-31": "9.73%", "2010-09-30": "10.49%", "2010-06-30": "10.60%", "2010-03-31": "10.81%", "2009-12-31": "10.59%", "2009-09-30": "9.02%", "2009-06-30": "8.97%", "2009-03-31": "9.10%", "2008-12-31": "9.48%", "2008-09-30": "10.67%", "2008-06-30": "11.51%", "2008-03-31": "10.77%", "2007-12-31": "10.84%", "2007-09-30": "10.11%", "2007-06-30": "8.30%", "2007-03-31": "9.17%", "2006-12-31": "7.87%", "2006-09-30": "7.26%", "2006-06-30": "6.82%", "2006-03-31": "6.74%", "2005-12-31": "6.70%"}, "return on investments": {"2020-09-30": "6.75%", "2020-06-30": "7.18%", "2020-03-31": "10.81%", "2019-12-31": "15.02%", "2019-09-30": "13.73%", "2019-06-30": "14.15%", "2019-03-31": "12.95%", "2018-12-31": "9.65%", "2018-09-30": "17.12%", "2018-06-30": "18.42%", "2018-03-31": "19.36%", "2017-12-31": "24.44%", "2017-09-30": "24.82%", "2017-06-30": "26.32%", "2017-03-31": "25.55%", "2016-12-31": "25.59%", "2016-09-30": "25.41%", "2016-06-30": "23.27%", "2016-03-31": "23.33%", "2015-12-31": "22.60%", "2015-09-30": "21.81%", "2015-06-30": "21.27%", "2015-03-31": "21.43%", "2014-12-31": "21.86%", "2014-09-30": "21.16%", "2014-06-30": "19.04%", "2014-03-31": "19.81%", "2013-12-31": "18.00%", "2013-09-30": "18.16%", "2013-06-30": "19.27%", "2013-03-31": "19.05%", "2012-12-31": "19.32%", "2012-09-30": "20.07%", "2012-06-30": "20.25%", "2012-03-31": "19.90%", "2011-12-31": "20.83%", "2011-09-30": "19.93%", "2011-06-30": "19.41%", "2011-03-31": "19.22%", "2010-12-31": "19.68%", "2010-09-30": "21.64%", "2010-06-30": "21.90%", "2010-03-31": "22.57%", "2009-12-31": "23.64%", "2009-09-30": "21.29%", "2009-06-30": "21.95%", "2009-03-31": "22.96%", "2008-12-31": "24.26%", "2008-09-30": "26.63%", "2008-06-30": "26.35%", "2008-03-31": "25.78%", "2007-12-31": "25.28%", "2007-09-30": "25.13%", "2007-06-30": "23.36%", "2007-03-31": "21.85%", "2006-12-31": "18.81%", "2006-09-30": "16.48%", "2006-06-30": "14.67%", "2006-03-31": "15.15%", "2005-12-31": "15.80%"}, "return on tangible equity": {"2020-09-30": "-27.76%", "2020-06-30": "-61.29%", "2020-03-31": "245.57%", "2019-12-31": "57.78%", "2019-09-30": "45.17%", "2019-06-30": "56.78%", "2019-03-31": "68.64%", "2018-12-31": "36.86%", "2018-09-30": "28.92%", "2018-06-30": "24.30%", "2018-03-31": "21.61%", "2017-12-31": "37.26%", "2017-09-30": "55.71%", "2017-06-30": "58.79%", "2017-03-31": "61.39%", "2016-12-31": "64.45%", "2016-09-30": "67.51%", "2016-06-30": "65.79%", "2016-03-31": "69.60%", "2015-12-31": "71.65%", "2015-09-30": "78.18%", "2015-06-30": "76.42%", "2015-03-31": "75.82%", "2014-12-31": "73.48%", "2014-09-30": "61.91%", "2014-06-30": "54.32%", "2014-03-31": "53.02%", "2013-12-31": "47.71%", "2013-09-30": "49.70%", "2013-06-30": "53.84%", "2013-03-31": "57.59%", "2012-12-31": "61.41%", "2012-09-30": "67.42%", "2012-06-30": "75.80%", "2012-03-31": "78.03%", "2011-12-31": "78.13%", "2011-09-30": "72.28%", "2011-06-30": "66.97%", "2011-03-31": "62.21%", "2010-12-31": "67.00%", "2010-09-30": "73.74%", "2010-06-30": "75.12%", "2010-03-31": "84.49%", "2009-12-31": "90.04%", "2009-09-30": "83.59%", "2009-06-30": "89.06%", "2009-03-31": "95.22%", "2008-12-31": "110.87%", "2008-09-30": "116.89%", "2008-06-30": "115.90%", "2008-03-31": "82.59%", "2007-12-31": "69.01%", "2007-09-30": "60.27%", "2007-06-30": "47.86%", "2007-03-31": "56.75%", "2006-12-31": "48.40%", "2006-09-30": "43.03%", "2006-06-30": "38.11%", "2006-03-31": "37.22%", "2005-12-31": "37.80%"}, "dividend yield history": {"last payout": "$2.72", "last yield": "2.80%"}}