{"ticker": "HE", "price": {"title": "Hawaiian Electric Industries Historical Annual Stock Price Data", "value": 34.1, "historical": {"2021": {"Average Stock Price": "34.0992", "Year Open": "34.7000", "Year High": "36.1200", "Year Low": "33.0600", "Year Close": "34.1000", "Annual % Change": "-3.65%"}, "2020": {"Average Stock Price": "38.7955", "Year Open": "46.0200", "Year High": "53.3200", "Year Low": "32.4400", "Year Close": "35.3900", "Annual % Change": "-24.48%"}, "2019": {"Average Stock Price": "42.3512", "Year Open": "35.6500", "Year High": "47.4200", "Year Low": "35.3600", "Year Close": "46.8600", "Annual % Change": "27.96%"}, "2018": {"Average Stock Price": "35.0175", "Year Open": "35.5700", "Year High": "39.1600", "Year Low": "31.7300", "Year Close": "36.6200", "Annual % Change": "1.30%"}, "2017": {"Average Stock Price": "33.9337", "Year Open": "32.8800", "Year High": "38.3500", "Year Low": "31.8300", "Year Close": "36.1500", "Annual % Change": "9.31%"}, "2016": {"Average Stock Price": "31.0460", "Year Open": "28.8500", "Year High": "34.4800", "Year Low": "27.7400", "Year Close": "33.0700", "Annual % Change": "14.23%"}, "2015": {"Average Stock Price": "30.6105", "Year Open": "33.6100", "Year High": "34.8300", "Year Low": "27.2300", "Year Close": "28.9500", "Annual % Change": "-13.53%"}, "2014": {"Average Stock Price": "25.9729", "Year Open": "25.5100", "Year High": "34.6200", "Year Low": "23.2200", "Year Close": "33.4800", "Annual % Change": "28.47%"}, "2013": {"Average Stock Price": "26.2490", "Year Open": "25.8400", "Year High": "28.3000", "Year Low": "23.9700", "Year Close": "26.0600", "Annual % Change": "3.66%"}, "2012": {"Average Stock Price": "26.4095", "Year Open": "26.1100", "Year High": "29.2400", "Year Low": "24.0000", "Year Close": "25.1400", "Annual % Change": "-5.06%"}, "2011": {"Average Stock Price": "24.5991", "Year Open": "22.9200", "Year High": "26.7500", "Year Low": "21.0600", "Year Close": "26.4800", "Annual % Change": "16.19%"}, "2010": {"Average Stock Price": "22.4729", "Year Open": "20.9400", "Year High": "24.7500", "Year Low": "18.7800", "Year Close": "22.7900", "Annual % Change": "9.04%"}, "2009": {"Average Stock Price": "18.0056", "Year Open": "22.3100", "Year High": "22.4600", "Year Low": "12.2400", "Year Close": "20.9000", "Annual % Change": "-5.60%"}, "2008": {"Average Stock Price": "24.6963", "Year Open": "22.5100", "Year High": "29.2900", "Year Low": "21.4000", "Year Close": "22.1400", "Annual % Change": "-2.77%"}, "2007": {"Average Stock Price": "24.0390", "Year Open": "27.4300", "Year High": "27.4300", "Year Low": "20.5100", "Year Close": "22.7700", "Annual % Change": "-16.13%"}, "2006": {"Average Stock Price": "27.0529", "Year Open": "26.2400", "Year High": "28.9300", "Year Low": "25.7800", "Year Close": "27.1500", "Annual % Change": "4.83%"}, "2005": {"Average Stock Price": "26.7080", "Year Open": "28.6100", "Year High": "29.7600", "Year Low": "24.7100", "Year Close": "25.9000", "Annual % Change": "-11.15%"}, "2004": {"Average Stock Price": "26.0675", "Year Open": "23.7000", "Year High": "29.5400", "Year Low": "23.0700", "Year Close": "29.1500", "Annual % Change": "23.07%"}, "2003": {"Average Stock Price": "21.6681", "Year Open": "22.2750", "Year High": "23.9100", "Year Low": "19.4500", "Year Close": "23.6850", "Annual % Change": "7.71%"}, "2002": {"Average Stock Price": "21.8150", "Year Open": "20.2050", "Year High": "24.3300", "Year Low": "17.7250", "Year Close": "21.9900", "Annual % Change": "9.19%"}, "2001": {"Average Stock Price": "18.8361", "Year Open": "18.2800", "Year High": "20.5350", "Year Low": "16.8450", "Year Close": "20.1400", "Annual % Change": "8.31%"}, "2000": {"Average Stock Price": "16.4479", "Year Open": "14.0300", "Year High": "18.7500", "Year Low": "13.9050", "Year Close": "18.5950", "Annual % Change": "28.77%"}, "1999": {"Average Stock Price": "17.4347", "Year Open": "20.2200", "Year High": "20.2200", "Year Low": "14.1550", "Year Close": "14.4400", "Annual % Change": "-28.25%"}, "1998": {"Average Stock Price": "19.8498", "Year Open": "20.3750", "Year High": "21.2800", "Year Low": "18.3750", "Year Close": "20.1250", "Annual % Change": "-1.54%"}, "1997": {"Average Stock Price": "18.1349", "Year Open": "18.0000", "Year High": "20.6250", "Year Low": "16.5000", "Year Close": "20.4400", "Annual % Change": "13.18%"}, "1996": {"Average Stock Price": "17.7965", "Year Open": "19.5000", "Year High": "19.6900", "Year Low": "16.7500", "Year Close": "18.0600", "Annual % Change": "-6.79%"}, "1995": {"Average Stock Price": "17.9109", "Year Open": "16.3750", "Year High": "19.8100", "Year Low": "16.1250", "Year Close": "19.3750", "Annual % Change": "19.67%"}, "1994": {"Average Stock Price": "16.2044", "Year Open": "18.0600", "Year High": "18.2500", "Year Low": "15.0000", "Year Close": "16.1900", "Annual % Change": "-9.75%"}, "1993": {"Average Stock Price": "18.4475", "Year Open": "18.4400", "Year High": "19.3750", "Year Low": "15.6900", "Year Close": "17.9400", "Annual % Change": "-3.68%"}, "1992": {"Average Stock Price": "19.4170", "Year Open": "18.4400", "Year High": "22.3100", "Year Low": "17.6250", "Year Close": "18.6250", "Annual % Change": "1.36%"}, "1991": {"Average Stock Price": "17.0411", "Year Open": "15.7500", "Year High": "18.8100", "Year Low": "14.7500", "Year Close": "18.3750", "Annual % Change": "16.22%"}, "1990": {"Average Stock Price": "16.3375", "Year Open": "19.9400", "Year High": "19.9400", "Year Low": "13.7500", "Year Close": "15.8100", "Annual % Change": "-21.44%"}, "1989": {"Average Stock Price": "16.5805", "Year Open": "14.7500", "Year High": "20.1250", "Year Low": "14.7500", "Year Close": "20.1250", "Annual % Change": "35.89%"}, "1988": {"Average Stock Price": "14.8939", "Year Open": "13.1900", "Year High": "16.7500", "Year Low": "13.1900", "Year Close": "14.8100", "Annual % Change": "14.45%"}}}, "market cap": {"value": "$3.72B"}, "income statement": {"Revenue": {"2019-12-31": "2874.60100", "2018-12-31": "2860.84900", "2017-12-31": "2555.62500", "2016-12-31": "2380.65400", "2015-12-31": "2602.98200", "2014-12-31": "3239.54200", "2013-12-31": "3238.47000", "2012-12-31": "3374.99500", "2011-12-31": "3242.33500", "2010-12-31": "2664.98200", "2009-12-31": "2309.59000", "2008-12-31": "3218.92000", "2007-12-31": "2536.41800", "2006-12-31": "2460.90400", "2005-12-31": "2215.56400"}, "Cost Of Goods Sold": {"2019-12-31": "2291.56400", "2018-12-31": "2304.86400", "2017-12-31": "1994.04200", "2016-12-31": "1804.29800", "2015-12-31": "2061.05000", "2014-12-31": "2711.55500", "2013-12-31": "2734.65900", "2012-12-31": "2896.42700", "2011-12-31": "2763.55600", "2010-12-31": "2203.97800", "2009-12-31": "1865.33800", "2008-12-31": "2668.99100", "2007-12-31": "1975.72900", "2006-12-31": "1888.17200", "2005-12-31": "1644.68100"}, "Gross Profit": {"2019-12-31": "583.03710", "2018-12-31": "555.98510", "2017-12-31": "561.58300", "2016-12-31": "576.35610", "2015-12-31": "541.93190", "2014-12-31": "527.98710", "2013-12-31": "503.81100", "2012-12-31": "478.56810", "2011-12-31": "478.77910", "2010-12-31": "461.00390", "2009-12-31": "444.25210", "2008-12-31": "549.92900", "2007-12-31": "560.68880", "2006-12-31": "572.73210", "2005-12-31": "570.88290"}, "Research And Development Expenses": {"2019-12-31": "", "2018-12-31": "", "2017-12-31": "", "2016-12-31": "", "2015-12-31": "", "2014-12-31": "", "2013-12-31": "", "2012-12-31": "", "2011-12-31": "", "2010-12-31": "", "2009-12-31": "", "2008-12-31": "", "2007-12-31": "", "2006-12-31": "", "2005-12-31": ""}, "SG&A Expenses": {"2019-12-31": "234.36300", "2018-12-31": "222.62900", "2017-12-31": "215.35000", "2016-12-31": "220.51800", "2015-12-31": "219.37900", "2014-12-31": "195.38700", "2013-12-31": "186.30300", "2012-12-31": "194.37200", "2011-12-31": "189.08300", "2010-12-31": "204.79300", "2009-12-31": "256.58800", "2008-12-31": "345.77200", "2007-12-31": "356.95700", "2006-12-31": "333.33600", "2005-12-31": "299.46100"}, "Other Operating Income Or Expenses": {"2019-12-31": "", "2018-12-31": "", "2017-12-31": "", "2016-12-31": "", "2015-12-31": "", "2014-12-31": "", "2013-12-31": "", "2012-12-31": "", "2011-12-31": "", "2010-12-31": "", "2009-12-31": "", "2008-12-31": "", "2007-12-31": "", "2006-12-31": "", "2005-12-31": ""}, "Operating Expenses": {"2019-12-31": "2525.92700", "2018-12-31": "2527.49300", "2017-12-31": "2209.39200", "2016-12-31": "2024.81600", "2015-12-31": "2280.42900", "2014-12-31": "2906.94200", "2013-12-31": "2920.96200", "2012-12-31": "3090.79900", "2011-12-31": "2952.63900", "2010-12-31": "2408.77100", "2009-12-31": "2121.92600", "2008-12-31": "3014.76300", "2007-12-31": "2332.68600", "2006-12-31": "2221.50800", "2005-12-31": "1944.14200"}, "Operating Income": {"2019-12-31": "348.67410", "2018-12-31": "333.35620", "2017-12-31": "346.23290", "2016-12-31": "355.83810", "2015-12-31": "322.55300", "2014-12-31": "332.60010", "2013-12-31": "317.50810", "2012-12-31": "284.19600", "2011-12-31": "289.69600", "2010-12-31": "256.21090", "2009-12-31": "187.66410", "2008-12-31": "204.15700", "2007-12-31": "203.73190", "2006-12-31": "239.39600", "2005-12-31": "271.42190"}, "Total Non-Operating Income/Expense": {"2019-12-31": "-77.26500", "2018-12-31": "-78.89500", "2017-12-31": "-69.65300", "2016-12-31": "18.00300", "2015-12-31": "-67.76500", "2014-12-31": "-67.00200", "2013-12-31": "-67.67200", "2012-12-31": "-66.78900", "2011-12-31": "-73.64400", "2010-12-31": "-72.96400", "2009-12-31": "-58.84000", "2008-12-31": "-63.01100", "2007-12-31": "-70.78500", "2006-12-31": "-68.34100", "2005-12-31": "-70.07800"}, "Pre-Tax Income": {"2019-12-31": "271.40900", "2018-12-31": "254.46100", "2017-12-31": "276.58000", "2016-12-31": "373.84100", "2015-12-31": "254.78800", "2014-12-31": "265.59800", "2013-12-31": "249.83600", "2012-12-31": "217.40700", "2011-12-31": "216.05200", "2010-12-31": "183.24700", "2009-12-31": "128.82400", "2008-12-31": "141.14600", "2007-12-31": "132.94700", "2006-12-31": "171.05500", "2005-12-31": "201.34400"}, "Income Taxes": {"2019-12-31": "51.63700", "2018-12-31": "50.79700", "2017-12-31": "109.39300", "2016-12-31": "123.69500", "2015-12-31": "93.02100", "2014-12-31": "95.57900", "2013-12-31": "86.23700", "2012-12-31": "76.85900", "2011-12-31": "75.93200", "2010-12-31": "67.82200", "2009-12-31": "43.92300", "2008-12-31": "48.97800", "2007-12-31": "46.27800", "2006-12-31": "63.05400", "2005-12-31": "73.90000"}, "Income After Taxes": {"2019-12-31": "219.77200", "2018-12-31": "203.66400", "2017-12-31": "167.18700", "2016-12-31": "250.14600", "2015-12-31": "161.76700", "2014-12-31": "170.01900", "2013-12-31": "163.59900", "2012-12-31": "140.54800", "2011-12-31": "140.12000", "2010-12-31": "115.42500", "2009-12-31": "84.90100", "2008-12-31": "92.16800", "2007-12-31": "86.66900", "2006-12-31": "108.00100", "2005-12-31": "127.44400"}, "Other Income": {"2019-12-31": "", "2018-12-31": "", "2017-12-31": "", "2016-12-31": "", "2015-12-31": "", "2014-12-31": "", "2013-12-31": "", "2012-12-31": "", "2011-12-31": "", "2010-12-31": "", "2009-12-31": "", "2008-12-31": "", "2007-12-31": "", "2006-12-31": "", "2005-12-31": ""}, "Income From Continuous Operations": {"2019-12-31": "219.77200", "2018-12-31": "203.66400", "2017-12-31": "167.18700", "2016-12-31": "250.14600", "2015-12-31": "161.76700", "2014-12-31": "170.01900", "2013-12-31": "163.59900", "2012-12-31": "140.54800", "2011-12-31": "140.12000", "2010-12-31": "115.42500", "2009-12-31": "84.90100", "2008-12-31": "92.16800", "2007-12-31": "86.66900", "2006-12-31": "108.00100", "2005-12-31": "127.44400"}, "Income From Discontinued Operations": {"2019-12-31": "", "2018-12-31": "", "2017-12-31": "", "2016-12-31": "", "2015-12-31": "", "2014-12-31": "", "2013-12-31": "", "2012-12-31": "", "2011-12-31": "", "2010-12-31": "", "2009-12-31": "", "2008-12-31": "", "2007-12-31": "", "2006-12-31": "", "2005-12-31": "-0.75500"}, "Net Income": {"2019-12-31": "217.88200", "2018-12-31": "201.77400", "2017-12-31": "165.29700", "2016-12-31": "248.25600", "2015-12-31": "159.87700", "2014-12-31": "168.12900", "2013-12-31": "161.70900", "2012-12-31": "138.65800", "2011-12-31": "138.23000", "2010-12-31": "113.53500", "2009-12-31": "83.01100", "2008-12-31": "90.27800", "2007-12-31": "84.77900", "2006-12-31": "108.00100", "2005-12-31": "126.68900"}, "EBITDA": {"2019-12-31": "626.78710", "2018-12-31": "588.98520", "2017-12-31": "568.23090", "2016-12-31": "560.58410", "2015-12-31": "518.13800", "2014-12-31": "515.64410", "2013-12-31": "484.89310", "2012-12-31": "442.54310", "2011-12-31": "457.16600", "2010-12-31": "415.33890", "2009-12-31": "344.33510", "2008-12-31": "360.21900", "2007-12-31": "363.49090", "2006-12-31": "391.35800", "2005-12-31": "413.58290"}, "EBIT": {"2019-12-31": "348.67410", "2018-12-31": "333.35620", "2017-12-31": "346.23290", "2016-12-31": "355.83810", "2015-12-31": "322.55300", "2014-12-31": "332.60010", "2013-12-31": "317.50810", "2012-12-31": "284.19600", "2011-12-31": "289.69600", "2010-12-31": "256.21090", "2009-12-31": "187.66410", "2008-12-31": "204.15700", "2007-12-31": "203.73190", "2006-12-31": "239.39600", "2005-12-31": "271.42190"}, "Basic Shares Outstanding": {"2019-12-31": "108.94900", "2018-12-31": "108.85500", "2017-12-31": "108.74900", "2016-12-31": "108.10200", "2015-12-31": "106.41800", "2014-12-31": "101.96800", "2013-12-31": "98.96800", "2012-12-31": "96.90800", "2011-12-31": "95.51000", "2010-12-31": "93.42100", "2009-12-31": "91.39600", "2008-12-31": "84.63100", "2007-12-31": "82.21500", "2006-12-31": "81.14500", "2005-12-31": "80.82800"}, "Shares Outstanding": {"2019-12-31": "109.40700", "2018-12-31": "109.14600", "2017-12-31": "108.93300", "2016-12-31": "108.30900", "2015-12-31": "106.72100", "2014-12-31": "102.93700", "2013-12-31": "99.62300", "2012-12-31": "97.33800", "2011-12-31": "95.82000", "2010-12-31": "93.69300", "2009-12-31": "91.51600", "2008-12-31": "84.72000", "2007-12-31": "82.41900", "2006-12-31": "81.37300", "2005-12-31": "81.20000"}, "Basic EPS": {"2019-12-31": "2.00000", "2018-12-31": "1.85000", "2017-12-31": "1.52000", "2016-12-31": "2.30000", "2015-12-31": "1.50000", "2014-12-31": "1.65000", "2013-12-31": "1.63000", "2012-12-31": "1.43000", "2011-12-31": "1.45000", "2010-12-31": "1.22000", "2009-12-31": "0.91000", "2008-12-31": "1.07000", "2007-12-31": "1.03000", "2006-12-31": "1.33000", "2005-12-31": "1.57000"}, "EPS - Earnings Per Share": {"2019-12-31": "1.99000", "2018-12-31": "1.85000", "2017-12-31": "1.52000", "2016-12-31": "2.29000", "2015-12-31": "1.50000", "2014-12-31": "1.63000", "2013-12-31": "1.62000", "2012-12-31": "1.42000", "2011-12-31": "1.44000", "2010-12-31": "1.21000", "2009-12-31": "0.91000", "2008-12-31": "1.07000", "2007-12-31": "1.03000", "2006-12-31": "1.33000", "2005-12-31": "1.56000"}}, "income statement, quarterly": {"Revenue": {"2020-09-30": "641.42700", "2020-06-30": "608.94500", "2020-03-31": "677.18600", "2019-12-31": "726.61900", "2019-09-30": "770.88200", "2019-06-30": "715.48500", "2019-03-31": "661.61500", "2018-12-31": "761.65030", "2018-09-30": "768.04800", "2018-06-30": "685.27700", "2018-03-31": "645.87400", "2017-12-31": "658.59690", "2017-09-30": "673.18500", "2017-06-30": "632.28100", "2017-03-31": "591.56200", "2016-12-31": "617.39510", "2016-09-30": "646.05500", "2016-06-30": "566.24400", "2016-03-31": "550.96000", "2015-12-31": "624.03190", "2015-09-30": "717.17600", "2015-06-30": "623.91200", "2015-03-31": "637.86200", "2014-12-31": "790.04000", "2014-09-30": "867.09600", "2014-06-30": "798.65700", "2014-03-31": "783.74900", "2013-12-31": "832.50300", "2013-09-30": "829.16800", "2013-06-30": "794.56700", "2013-03-31": "782.23200", "2012-12-31": "838.14710", "2012-09-30": "867.72000", "2012-06-30": "854.26800", "2012-03-31": "814.86000", "2011-12-31": "851.02800", "2011-09-30": "886.35500", "2011-06-30": "794.31900", "2011-03-31": "710.63300", "2010-12-31": "695.73690", "2010-09-30": "694.54100", "2010-06-30": "655.66400", "2010-03-31": "619.04000", "2009-12-31": "619.57910", "2009-09-30": "620.31300", "2009-06-30": "525.90100", "2009-03-31": "543.79700", "2008-12-31": "799.81680", "2008-09-30": "915.43100", "2008-06-30": "774.05500", "2008-03-31": "729.61700", "2007-12-31": "708.17110", "2007-09-30": "673.46100", "2007-06-30": "600.76300", "2007-03-31": "554.02300", "2006-12-31": "607.07900", "2006-09-30": "673.89400", "2006-06-30": "604.96900", "2006-03-31": "574.96200", "2005-12-31": "624.75900", "2005-09-30": "595.91500", "2005-06-30": "522.26200", "2005-03-31": "472.62800"}, "Cost Of Goods Sold": {"2020-09-30": "474.05000", "2020-06-30": "466.41400", "2020-03-31": "553.48400", "2019-12-31": "575.00200", "2019-09-30": "616.53700", "2019-06-30": "578.09000", "2019-03-31": "521.93500", "2018-12-31": "619.45100", "2018-09-30": "613.37300", "2018-06-30": "552.98200", "2018-03-31": "519.05800", "2017-12-31": "515.12700", "2017-09-30": "510.27200", "2017-06-30": "500.39300", "2017-03-31": "468.25000", "2016-12-31": "470.42190", "2016-09-30": "482.44100", "2016-06-30": "424.70900", "2016-03-31": "426.72600", "2015-12-31": "487.77200", "2015-09-30": "565.47000", "2015-06-30": "492.00200", "2015-03-31": "515.80600", "2014-12-31": "666.38890", "2014-09-30": "727.40900", "2014-06-30": "668.36100", "2014-03-31": "649.39600", "2013-12-31": "704.58800", "2013-09-30": "694.20100", "2013-06-30": "669.55000", "2013-03-31": "666.32000", "2012-12-31": "749.73880", "2012-09-30": "726.27600", "2012-06-30": "728.05600", "2012-03-31": "692.35600", "2011-12-31": "731.91090", "2011-09-30": "745.29800", "2011-06-30": "686.22000", "2011-03-31": "600.12700", "2010-12-31": "584.03310", "2010-09-30": "571.78300", "2010-06-30": "542.66000", "2010-03-31": "505.50200", "2009-12-31": "522.08800", "2009-09-30": "494.26800", "2009-06-30": "418.25400", "2009-03-31": "430.72800", "2008-12-31": "687.41910", "2008-09-30": "775.94090", "2008-06-30": "632.72500", "2008-03-31": "572.90600", "2007-12-31": "540.87110", "2007-09-30": "536.24900", "2007-06-30": "463.92300", "2007-03-31": "434.68600", "2006-12-31": "473.38800", "2006-09-30": "521.18700", "2006-06-30": "464.12100", "2006-03-31": "429.47600", "2005-12-31": "470.62300", "2005-09-30": "443.80600", "2005-06-30": "387.08300", "2005-03-31": "343.16900"}, "Gross Profit": {"2020-09-30": "167.37700", "2020-06-30": "142.53100", "2020-03-31": "123.70200", "2019-12-31": "151.61700", "2019-09-30": "154.34500", "2019-06-30": "137.39500", "2019-03-31": "139.68000", "2018-12-31": "142.19920", "2018-09-30": "154.67500", "2018-06-30": "132.29500", "2018-03-31": "126.81600", "2017-12-31": "143.46990", "2017-09-30": "162.91300", "2017-06-30": "131.88800", "2017-03-31": "123.31200", "2016-12-31": "146.97310", "2016-09-30": "163.61400", "2016-06-30": "141.53500", "2016-03-31": "124.23400", "2015-12-31": "136.25990", "2015-09-30": "151.70610", "2015-06-30": "131.91000", "2015-03-31": "122.05600", "2014-12-31": "123.65110", "2014-09-30": "139.68700", "2014-06-30": "130.29600", "2014-03-31": "134.35300", "2013-12-31": "127.91500", "2013-09-30": "134.96700", "2013-06-30": "125.01700", "2013-03-31": "115.91200", "2012-12-31": "88.40830", "2012-09-30": "141.44400", "2012-06-30": "126.21200", "2012-03-31": "122.50400", "2011-12-31": "119.11710", "2011-09-30": "141.05700", "2011-06-30": "108.09900", "2011-03-31": "110.50600", "2010-12-31": "111.70370", "2010-09-30": "122.75800", "2010-06-30": "113.00400", "2010-03-31": "113.53800", "2009-12-31": "97.49110", "2009-09-30": "126.04500", "2009-06-30": "107.64700", "2009-03-31": "113.06900", "2008-12-31": "112.39780", "2008-09-30": "139.49010", "2008-06-30": "141.33000", "2008-03-31": "156.71100", "2007-12-31": "167.30000", "2007-09-30": "137.21200", "2007-06-30": "136.84000", "2007-03-31": "119.33700", "2006-12-31": "133.69100", "2006-09-30": "152.70700", "2006-06-30": "140.84800", "2006-03-31": "145.48600", "2005-12-31": "154.13600", "2005-09-30": "152.10890", "2005-06-30": "135.17900", "2005-03-31": "129.45900"}, "Research And Development Expenses": {"2020-09-30": "", "2020-06-30": "", "2020-03-31": "", "2019-12-31": "", "2019-09-30": "", "2019-06-30": "", "2019-03-31": "", "2018-12-31": "", "2018-09-30": "", "2018-06-30": "", "2018-03-31": "", "2017-12-31": "", "2017-09-30": "", "2017-06-30": "", "2017-03-31": "", "2016-12-31": "", "2016-09-30": "", "2016-06-30": "", "2016-03-31": "", "2015-12-31": "", "2015-09-30": "", "2015-06-30": "", "2015-03-31": "", "2014-12-31": "", "2014-09-30": "", "2014-06-30": "", "2014-03-31": "", "2013-12-31": "", "2013-09-30": "", "2013-06-30": "", "2013-03-31": "", "2012-12-31": "", "2012-09-30": "", "2012-06-30": "", "2012-03-31": "", "2011-12-31": "", "2011-09-30": "", "2011-06-30": "", "2011-03-31": "", "2010-12-31": "", "2010-09-30": "", "2010-06-30": "", "2010-03-31": "", "2009-12-31": "", "2009-09-30": "", "2009-06-30": "", "2009-03-31": "", "2008-12-31": "", "2008-09-30": "", "2008-06-30": "", "2008-03-31": "", "2007-12-31": "", "2007-09-30": "", "2007-06-30": "", "2007-03-31": "", "2006-12-31": "", "2006-09-30": "", "2006-06-30": "", "2006-03-31": "", "2005-12-31": "", "2005-09-30": "", "2005-06-30": "", "2005-03-31": ""}, "SG&A Expenses": {"2020-09-30": "67.81600", "2020-06-30": "70.97500", "2020-03-31": "64.00000", "2019-12-31": "50.16900", "2019-09-30": "57.69000", "2019-06-30": "64.76100", "2019-03-31": "61.74300", "2018-12-31": "57.59500", "2018-09-30": "56.61100", "2018-06-30": "53.49600", "2018-03-31": "54.92700", "2017-12-31": "56.25000", "2017-09-30": "51.44000", "2017-06-30": "54.08600", "2017-03-31": "53.57400", "2016-12-31": "50.88300", "2016-09-30": "58.17200", "2016-06-30": "56.08000", "2016-03-31": "55.38300", "2015-12-31": "53.03800", "2015-09-30": "54.61100", "2015-06-30": "59.18000", "2015-03-31": "52.55000", "2014-12-31": "55.48400", "2014-09-30": "47.65100", "2014-06-30": "47.11300", "2014-03-31": "45.13900", "2013-12-31": "47.47700", "2013-09-30": "46.92900", "2013-06-30": "44.81000", "2013-03-31": "47.08700", "2012-12-31": "51.13600", "2012-09-30": "49.74200", "2012-06-30": "46.80600", "2012-03-31": "46.68800", "2011-12-31": "50.94700", "2011-09-30": "46.56700", "2011-06-30": "44.43800", "2011-03-31": "47.13100", "2010-12-31": "52.46200", "2010-09-30": "50.12700", "2010-06-30": "49.37300", "2010-03-31": "52.83100", "2009-12-31": "58.17900", "2009-09-30": "57.40600", "2009-06-30": "72.59200", "2009-03-31": "68.41100", "2008-12-31": "74.71800", "2008-09-30": "65.36100", "2008-06-30": "119.72800", "2008-03-31": "85.96500", "2007-12-31": "85.43500", "2007-09-30": "89.19500", "2007-06-30": "91.53100", "2007-03-31": "90.79600", "2006-12-31": "90.53100", "2006-09-30": "86.35100", "2006-06-30": "80.11900", "2006-03-31": "76.33500", "2005-12-31": "78.07300", "2005-09-30": "74.87000", "2005-06-30": "73.73000", "2005-03-31": "72.78800"}, "Other Operating Income Or Expenses": {"2020-09-30": "", "2020-06-30": "", "2020-03-31": "", "2019-12-31": "", "2019-09-30": "", "2019-06-30": "", "2019-03-31": "", "2018-12-31": "", "2018-09-30": "", "2018-06-30": "", "2018-03-31": "", "2017-12-31": "", "2017-09-30": "", "2017-06-30": "", "2017-03-31": "", "2016-12-31": "", "2016-09-30": "", "2016-06-30": "", "2016-03-31": "", "2015-12-31": "", "2015-09-30": "", "2015-06-30": "", "2015-03-31": "", "2014-12-31": "", "2014-09-30": "", "2014-06-30": "", "2014-03-31": "", "2013-12-31": "", "2013-09-30": "", "2013-06-30": "", "2013-03-31": "", "2012-12-31": "", "2012-09-30": "", "2012-06-30": "", "2012-03-31": "", "2011-12-31": "", "2011-09-30": "", "2011-06-30": "", "2011-03-31": "", "2010-12-31": "", "2010-09-30": "", "2010-06-30": "", "2010-03-31": "", "2009-12-31": "", "2009-09-30": "", "2009-06-30": "", "2009-03-31": "", "2008-12-31": "", "2008-09-30": "", "2008-06-30": "", "2008-03-31": "", "2007-12-31": "", "2007-09-30": "", "2007-06-30": "", "2007-03-31": "", "2006-12-31": "", "2006-09-30": "", "2006-06-30": "", "2006-03-31": "", "2005-12-31": "", "2005-09-30": "", "2005-06-30": "", "2005-03-31": ""}, "Operating Expenses": {"2020-09-30": "541.86600", "2020-06-30": "537.38900", "2020-03-31": "617.48400", "2019-12-31": "625.17090", "2019-09-30": "674.22700", "2019-06-30": "642.85100", "2019-03-31": "583.67800", "2018-12-31": "677.04600", "2018-09-30": "669.98400", "2018-06-30": "606.47800", "2018-03-31": "573.98500", "2017-12-31": "571.37720", "2017-09-30": "561.71200", "2017-06-30": "554.47900", "2017-03-31": "521.82400", "2016-12-31": "521.30490", "2016-09-30": "540.61300", "2016-06-30": "480.78900", "2016-03-31": "482.10900", "2015-12-31": "540.80990", "2015-09-30": "620.08100", "2015-06-30": "551.18200", "2015-03-31": "568.35600", "2014-12-31": "721.87290", "2014-09-30": "775.06000", "2014-06-30": "715.47400", "2014-03-31": "694.53500", "2013-12-31": "752.06510", "2013-09-30": "741.13000", "2013-06-30": "714.36000", "2013-03-31": "713.40700", "2012-12-31": "800.87490", "2012-09-30": "776.01800", "2012-06-30": "774.86210", "2012-03-31": "739.04400", "2011-12-31": "782.85800", "2011-09-30": "791.86500", "2011-06-30": "730.65800", "2011-03-31": "647.25800", "2010-12-31": "636.49500", "2010-09-30": "621.91000", "2010-06-30": "592.03300", "2010-03-31": "558.33300", "2009-12-31": "580.26700", "2009-09-30": "551.67400", "2009-06-30": "490.84600", "2009-03-31": "499.13900", "2008-12-31": "762.13690", "2008-09-30": "841.30190", "2008-06-30": "752.45300", "2008-03-31": "658.87100", "2007-12-31": "626.30590", "2007-09-30": "625.44400", "2007-06-30": "555.45400", "2007-03-31": "525.48210", "2006-12-31": "563.91890", "2006-09-30": "607.53800", "2006-06-30": "544.24000", "2006-03-31": "505.81100", "2005-12-31": "548.69600", "2005-09-30": "518.67600", "2005-06-30": "460.81300", "2005-03-31": "415.95700"}, "Operating Income": {"2020-09-30": "99.56100", "2020-06-30": "71.55600", "2020-03-31": "59.70200", "2019-12-31": "101.44810", "2019-09-30": "96.65500", "2019-06-30": "72.63400", "2019-03-31": "77.93700", "2018-12-31": "84.60430", "2018-09-30": "98.06400", "2018-06-30": "78.79900", "2018-03-31": "71.88900", "2017-12-31": "87.21970", "2017-09-30": "111.47300", "2017-06-30": "77.80200", "2017-03-31": "69.73800", "2016-12-31": "96.09020", "2016-09-30": "105.44200", "2016-06-30": "85.45500", "2016-03-31": "68.85100", "2015-12-31": "83.22210", "2015-09-30": "97.09500", "2015-06-30": "72.73000", "2015-03-31": "69.50600", "2014-12-31": "68.16720", "2014-09-30": "92.03600", "2014-06-30": "83.18300", "2014-03-31": "89.21410", "2013-12-31": "80.43790", "2013-09-30": "88.03800", "2013-06-30": "80.20700", "2013-03-31": "68.82500", "2012-12-31": "37.27220", "2012-09-30": "91.70200", "2012-06-30": "79.40590", "2012-03-31": "75.81600", "2011-12-31": "68.17000", "2011-09-30": "94.49000", "2011-06-30": "63.66100", "2011-03-31": "63.37500", "2010-12-31": "59.24190", "2010-09-30": "72.63100", "2010-06-30": "63.63100", "2010-03-31": "60.70700", "2009-12-31": "39.31210", "2009-09-30": "68.63900", "2009-06-30": "35.05500", "2009-03-31": "44.65800", "2008-12-31": "37.67990", "2008-09-30": "74.12910", "2008-06-30": "21.60200", "2008-03-31": "70.74600", "2007-12-31": "81.86520", "2007-09-30": "48.01700", "2007-06-30": "45.30900", "2007-03-31": "28.54100", "2006-12-31": "43.16010", "2006-09-30": "66.35600", "2006-06-30": "60.72900", "2006-03-31": "69.15100", "2005-12-31": "76.06290", "2005-09-30": "77.23900", "2005-06-30": "61.44900", "2005-03-31": "56.67100"}, "Total Non-Operating Income/Expense": {"2020-09-30": "-20.04000", "2020-06-30": "-11.32600", "2020-03-31": "-20.00600", "2019-12-31": "-19.46500", "2019-09-30": "-17.96200", "2019-06-30": "-19.94000", "2019-03-31": "-19.89800", "2018-12-31": "-20.23400", "2018-09-30": "-20.83100", "2018-06-30": "-19.21700", "2018-03-31": "-18.61300", "2017-12-31": "-16.98700", "2017-09-30": "-16.33400", "2017-06-30": "-18.17600", "2017-03-31": "-18.15600", "2016-12-31": "-23.49100", "2016-09-30": "73.76300", "2016-06-30": "-14.54400", "2016-03-31": "-17.72500", "2015-12-31": "-17.81400", "2015-09-30": "-16.43500", "2015-06-30": "-16.32800", "2015-03-31": "-17.18800", "2014-12-31": "-15.16400", "2014-09-30": "-16.49300", "2014-06-30": "-18.11200", "2014-03-31": "-17.23300", "2013-12-31": "-17.11200", "2013-09-30": "-17.29000", "2013-06-30": "-16.48400", "2013-03-31": "-16.78600", "2012-12-31": "-16.03000", "2012-09-30": "-17.72100", "2012-06-30": "-17.30900", "2012-03-31": "-15.72900", "2011-12-31": "-15.24000", "2011-09-30": "-17.72100", "2011-06-30": "-22.30700", "2011-03-31": "-18.37600", "2010-12-31": "-17.92600", "2010-09-30": "-19.32600", "2010-06-30": "-17.88300", "2010-03-31": "-17.82900", "2009-12-31": "-18.23900", "2009-09-30": "-15.93200", "2009-06-30": "-12.06300", "2009-03-31": "-12.60600", "2008-12-31": "-15.22700", "2008-09-30": "-15.95200", "2008-06-30": "-15.24600", "2008-03-31": "-16.58600", "2007-12-31": "-15.59300", "2007-09-30": "-18.07100", "2007-06-30": "-17.96700", "2007-03-31": "-19.15400", "2006-12-31": "-17.63100", "2006-09-30": "-16.07000", "2006-06-30": "-17.30000", "2006-03-31": "-17.34000", "2005-12-31": "-16.83700", "2005-09-30": "-17.49700", "2005-06-30": "-17.94700", "2005-03-31": "-17.79700"}, "Pre-Tax Income": {"2020-09-30": "79.52100", "2020-06-30": "60.23000", "2020-03-31": "39.69600", "2019-12-31": "81.98300", "2019-09-30": "78.69300", "2019-06-30": "52.69400", "2019-03-31": "58.03900", "2018-12-31": "64.37000", "2018-09-30": "77.23300", "2018-06-30": "59.58200", "2018-03-31": "53.27600", "2017-12-31": "70.23300", "2017-09-30": "95.13900", "2017-06-30": "59.62600", "2017-03-31": "51.58200", "2016-12-31": "72.59900", "2016-09-30": "179.20500", "2016-06-30": "70.91100", "2016-03-31": "51.12600", "2015-12-31": "65.40800", "2015-09-30": "80.66000", "2015-06-30": "56.40200", "2015-03-31": "52.31800", "2014-12-31": "53.00300", "2014-09-30": "75.54300", "2014-06-30": "65.07100", "2014-03-31": "71.98100", "2013-12-31": "63.32600", "2013-09-30": "70.74800", "2013-06-30": "63.72300", "2013-03-31": "52.03900", "2012-12-31": "21.24200", "2012-09-30": "73.98100", "2012-06-30": "62.09700", "2012-03-31": "60.08700", "2011-12-31": "52.93000", "2011-09-30": "76.76900", "2011-06-30": "41.35400", "2011-03-31": "44.99900", "2010-12-31": "41.31600", "2010-09-30": "53.30500", "2010-06-30": "45.74800", "2010-03-31": "42.87800", "2009-12-31": "21.07300", "2009-09-30": "52.70700", "2009-06-30": "22.99200", "2009-03-31": "32.05200", "2008-12-31": "22.45300", "2008-09-30": "58.17700", "2008-06-30": "6.35600", "2008-03-31": "54.16000", "2007-12-31": "66.27200", "2007-09-30": "29.94600", "2007-06-30": "27.34200", "2007-03-31": "9.38700", "2006-12-31": "25.52900", "2006-09-30": "50.28600", "2006-06-30": "43.42900", "2006-03-31": "51.81100", "2005-12-31": "59.22600", "2005-09-30": "59.74200", "2005-06-30": "43.50200", "2005-03-31": "38.87400"}, "Income Taxes": {"2020-09-30": "14.01800", "2020-06-30": "10.87000", "2020-03-31": "5.80300", "2019-12-31": "15.24700", "2019-09-30": "14.80300", "2019-06-30": "9.70900", "2019-03-31": "11.87800", "2018-12-31": "14.32400", "2018-09-30": "10.86200", "2018-06-30": "13.05500", "2018-03-31": "12.55600", "2017-12-31": "37.39000", "2017-09-30": "34.59500", "2017-06-30": "20.49200", "2017-03-31": "16.91600", "2016-12-31": "27.49200", "2016-09-30": "51.59200", "2016-06-30": "26.31000", "2016-03-31": "18.30100", "2015-12-31": "22.61500", "2015-09-30": "29.51600", "2015-06-30": "20.91100", "2015-03-31": "19.97900", "2014-12-31": "19.27700", "2014-09-30": "27.26400", "2014-06-30": "23.31700", "2014-03-31": "25.72100", "2013-12-31": "23.64700", "2013-09-30": "22.04100", "2013-06-30": "22.66200", "2013-03-31": "17.88700", "2012-12-31": "6.93300", "2012-09-30": "25.80400", "2012-06-30": "22.82400", "2012-03-31": "21.29800", "2011-12-31": "18.23200", "2011-09-30": "27.89400", "2011-06-30": "13.74200", "2011-03-31": "16.06400", "2010-12-31": "16.14500", "2010-09-30": "20.38500", "2010-06-30": "16.01300", "2010-03-31": "15.27900", "2009-12-31": "6.94600", "2009-09-30": "18.75300", "2009-06-30": "7.04000", "2009-03-31": "11.18400", "2008-12-31": "8.08600", "2008-09-30": "20.42500", "2008-06-30": "0.74700", "2008-03-31": "19.72000", "2007-12-31": "23.79700", "2007-09-30": "10.06500", "2007-06-30": "9.79300", "2007-03-31": "2.62300", "2006-12-31": "9.41200", "2006-09-30": "17.96300", "2006-06-30": "16.20500", "2006-03-31": "19.47400", "2005-12-31": "21.70200", "2005-09-30": "22.25200", "2005-06-30": "15.16700", "2005-03-31": "14.77900"}, "Income After Taxes": {"2020-09-30": "65.50300", "2020-06-30": "49.36000", "2020-03-31": "33.89300", "2019-12-31": "66.73600", "2019-09-30": "63.89000", "2019-06-30": "42.98500", "2019-03-31": "46.16100", "2018-12-31": "50.04600", "2018-09-30": "66.37100", "2018-06-30": "46.52700", "2018-03-31": "40.72000", "2017-12-31": "32.84300", "2017-09-30": "60.54400", "2017-06-30": "39.13400", "2017-03-31": "34.66600", "2016-12-31": "45.10700", "2016-09-30": "127.61300", "2016-06-30": "44.60100", "2016-03-31": "32.82500", "2015-12-31": "42.79300", "2015-09-30": "51.14400", "2015-06-30": "35.49100", "2015-03-31": "32.33900", "2014-12-31": "33.72600", "2014-09-30": "48.27900", "2014-06-30": "41.75400", "2014-03-31": "46.26000", "2013-12-31": "39.67900", "2013-09-30": "48.70700", "2013-06-30": "41.06100", "2013-03-31": "34.15200", "2012-12-31": "14.30900", "2012-09-30": "48.17700", "2012-06-30": "39.27300", "2012-03-31": "38.78900", "2011-12-31": "34.69800", "2011-09-30": "48.87500", "2011-06-30": "27.61200", "2011-03-31": "28.93500", "2010-12-31": "25.17100", "2010-09-30": "32.92000", "2010-06-30": "29.73500", "2010-03-31": "27.59900", "2009-12-31": "14.12700", "2009-09-30": "33.95400", "2009-06-30": "15.95200", "2009-03-31": "20.86800", "2008-12-31": "14.36700", "2008-09-30": "37.75200", "2008-06-30": "5.60900", "2008-03-31": "34.44000", "2007-12-31": "42.47500", "2007-09-30": "19.88100", "2007-06-30": "17.54900", "2007-03-31": "6.76400", "2006-12-31": "16.11700", "2006-09-30": "32.32300", "2006-06-30": "27.22400", "2006-03-31": "32.33700", "2005-12-31": "37.52400", "2005-09-30": "37.49000", "2005-06-30": "28.33500", "2005-03-31": "24.09500"}, "Other Income": {"2020-09-30": "", "2020-06-30": "", "2020-03-31": "", "2019-12-31": "", "2019-09-30": "", "2019-06-30": "", "2019-03-31": "", "2018-12-31": "", "2018-09-30": "", "2018-06-30": "", "2018-03-31": "", "2017-12-31": "", "2017-09-30": "", "2017-06-30": "", "2017-03-31": "", "2016-12-31": "", "2016-09-30": "", "2016-06-30": "", "2016-03-31": "", "2015-12-31": "", "2015-09-30": "", "2015-06-30": "", "2015-03-31": "", "2014-12-31": "", "2014-09-30": "", "2014-06-30": "", "2014-03-31": "", "2013-12-31": "", "2013-09-30": "", "2013-06-30": "", "2013-03-31": "", "2012-12-31": "", "2012-09-30": "", "2012-06-30": "", "2012-03-31": "", "2011-12-31": "", "2011-09-30": "", "2011-06-30": "", "2011-03-31": "", "2010-12-31": "", "2010-09-30": "", "2010-06-30": "", "2010-03-31": "", "2009-12-31": "", "2009-09-30": "", "2009-06-30": "", "2009-03-31": "", "2008-12-31": "", "2008-09-30": "", "2008-06-30": "", "2008-03-31": "", "2007-12-31": "", "2007-09-30": "", "2007-06-30": "", "2007-03-31": "", "2006-12-31": "", "2006-09-30": "", "2006-06-30": "", "2006-03-31": "", "2005-12-31": "", "2005-09-30": "", "2005-06-30": "", "2005-03-31": ""}, "Income From Continuous Operations": {"2020-09-30": "65.50300", "2020-06-30": "49.36000", "2020-03-31": "33.89300", "2019-12-31": "66.73600", "2019-09-30": "63.89000", "2019-06-30": "42.98500", "2019-03-31": "46.16100", "2018-12-31": "50.04600", "2018-09-30": "66.37100", "2018-06-30": "46.52700", "2018-03-31": "40.72000", "2017-12-31": "32.84300", "2017-09-30": "60.54400", "2017-06-30": "39.13400", "2017-03-31": "34.66600", "2016-12-31": "45.10700", "2016-09-30": "127.61300", "2016-06-30": "44.60100", "2016-03-31": "32.82500", "2015-12-31": "42.79300", "2015-09-30": "51.14400", "2015-06-30": "35.49100", "2015-03-31": "32.33900", "2014-12-31": "33.72600", "2014-09-30": "48.27900", "2014-06-30": "41.75400", "2014-03-31": "46.26000", "2013-12-31": "39.67900", "2013-09-30": "48.70700", "2013-06-30": "41.06100", "2013-03-31": "34.15200", "2012-12-31": "14.30900", "2012-09-30": "48.17700", "2012-06-30": "39.27300", "2012-03-31": "38.78900", "2011-12-31": "34.69800", "2011-09-30": "48.87500", "2011-06-30": "27.61200", "2011-03-31": "28.93500", "2010-12-31": "25.17100", "2010-09-30": "32.92000", "2010-06-30": "29.73500", "2010-03-31": "27.59900", "2009-12-31": "14.12700", "2009-09-30": "33.95400", "2009-06-30": "15.95200", "2009-03-31": "20.86800", "2008-12-31": "14.36700", "2008-09-30": "37.75200", "2008-06-30": "5.60900", "2008-03-31": "34.44000", "2007-12-31": "42.47500", "2007-09-30": "19.88100", "2007-06-30": "17.54900", "2007-03-31": "6.76400", "2006-12-31": "16.11700", "2006-09-30": "32.32300", "2006-06-30": "27.22400", "2006-03-31": "32.33700", "2005-12-31": "37.52400", "2005-09-30": "37.49000", "2005-06-30": "28.33500", "2005-03-31": "24.09500"}, "Income From Discontinued Operations": {"2020-09-30": "", "2020-06-30": "", "2020-03-31": "", "2019-12-31": "", "2019-09-30": "", "2019-06-30": "", "2019-03-31": "", "2018-12-31": "", "2018-09-30": "", "2018-06-30": "", "2018-03-31": "", "2017-12-31": "", "2017-09-30": "", "2017-06-30": "", "2017-03-31": "", "2016-12-31": "", "2016-09-30": "", "2016-06-30": "", "2016-03-31": "", "2015-12-31": "", "2015-09-30": "", "2015-06-30": "", "2015-03-31": "", "2014-12-31": "", "2014-09-30": "", "2014-06-30": "", "2014-03-31": "", "2013-12-31": "", "2013-09-30": "", "2013-06-30": "", "2013-03-31": "", "2012-12-31": "", "2012-09-30": "", "2012-06-30": "", "2012-03-31": "", "2011-12-31": "", "2011-09-30": "", "2011-06-30": "", "2011-03-31": "", "2010-12-31": "", "2010-09-30": "", "2010-06-30": "", "2010-03-31": "", "2009-12-31": "", "2009-09-30": "", "2009-06-30": "", "2009-03-31": "", "2008-12-31": "", "2008-09-30": "", "2008-06-30": "", "2008-03-31": "", "2007-12-31": "", "2007-09-30": "", "2007-06-30": "", "2007-03-31": "", "2006-12-31": "", "2006-09-30": "", "2006-06-30": "", "2006-03-31": "", "2005-12-31": "", "2005-09-30": "", "2005-06-30": "-0.75500", "2005-03-31": ""}, "Net Income": {"2020-09-30": "65.03200", "2020-06-30": "48.88700", "2020-03-31": "33.42000", "2019-12-31": "66.26300", "2019-09-30": "63.41900", "2019-06-30": "42.51200", "2019-03-31": "45.68800", "2018-12-31": "49.57300", "2018-09-30": "65.90000", "2018-06-30": "46.05400", "2018-03-31": "40.24700", "2017-12-31": "32.37000", "2017-09-30": "60.07300", "2017-06-30": "38.66100", "2017-03-31": "34.19300", "2016-12-31": "44.63400", "2016-09-30": "127.14200", "2016-06-30": "44.12800", "2016-03-31": "32.35200", "2015-12-31": "42.32000", "2015-09-30": "50.67300", "2015-06-30": "35.01800", "2015-03-31": "31.86600", "2014-12-31": "33.25300", "2014-09-30": "47.80800", "2014-06-30": "41.28100", "2014-03-31": "45.78700", "2013-12-31": "39.20600", "2013-09-30": "48.23600", "2013-06-30": "40.58800", "2013-03-31": "33.67900", "2012-12-31": "13.83600", "2012-09-30": "47.70600", "2012-06-30": "38.80000", "2012-03-31": "38.31600", "2011-12-31": "34.22500", "2011-09-30": "48.40400", "2011-06-30": "27.13900", "2011-03-31": "28.46200", "2010-12-31": "24.69800", "2010-09-30": "32.44900", "2010-06-30": "29.26200", "2010-03-31": "27.12600", "2009-12-31": "13.65400", "2009-09-30": "33.48300", "2009-06-30": "15.47900", "2009-03-31": "20.39500", "2008-12-31": "13.89400", "2008-09-30": "37.28100", "2008-06-30": "5.13600", "2008-03-31": "33.96700", "2007-12-31": "40.58500", "2007-09-30": "19.88100", "2007-06-30": "17.54900", "2007-03-31": "6.76400", "2006-12-31": "16.11700", "2006-09-30": "32.32300", "2006-06-30": "27.22400", "2006-03-31": "32.33700", "2005-12-31": "37.52400", "2005-09-30": "37.49000", "2005-06-30": "27.58000", "2005-03-31": "24.09500"}, "EBITDA": {"2020-09-30": "172.39300", "2020-06-30": "145.94600", "2020-03-31": "130.73400", "2019-12-31": "171.70110", "2019-09-30": "167.21300", "2019-06-30": "142.70900", "2019-03-31": "145.16400", "2018-12-31": "149.11430", "2018-09-30": "162.51700", "2018-06-30": "143.62900", "2018-03-31": "133.72500", "2017-12-31": "143.73270", "2017-09-30": "170.79500", "2017-06-30": "131.54200", "2017-03-31": "122.16100", "2016-12-31": "147.78420", "2016-09-30": "156.50600", "2016-06-30": "136.92100", "2016-03-31": "119.37300", "2015-12-31": "133.83410", "2015-09-30": "145.54500", "2015-06-30": "121.01700", "2015-03-31": "117.74200", "2014-12-31": "116.55620", "2014-09-30": "136.28000", "2014-06-30": "128.80400", "2014-03-31": "134.00410", "2013-12-31": "125.11590", "2013-09-30": "128.03400", "2013-06-30": "122.25700", "2013-03-31": "109.48600", "2012-12-31": "77.86220", "2012-09-30": "130.94300", "2012-06-30": "118.59190", "2012-03-31": "115.14600", "2011-12-31": "109.57200", "2011-09-30": "133.35000", "2011-06-30": "110.80700", "2011-03-31": "103.43700", "2010-12-31": "98.26590", "2010-09-30": "110.98000", "2010-06-30": "104.02300", "2010-03-31": "102.07000", "2009-12-31": "78.03010", "2009-09-30": "107.10900", "2009-06-30": "75.45000", "2009-03-31": "83.74600", "2008-12-31": "76.39190", "2008-09-30": "111.54310", "2008-06-30": "60.79600", "2008-03-31": "111.48800", "2007-12-31": "121.34220", "2007-09-30": "89.66600", "2007-06-30": "84.40600", "2007-03-31": "68.07700", "2006-12-31": "81.47010", "2006-09-30": "105.22300", "2006-06-30": "98.05700", "2006-03-31": "106.60800", "2005-12-31": "110.26790", "2005-09-30": "112.36000", "2005-06-30": "100.78100", "2005-03-31": "90.17400"}, "EBIT": {"2020-09-30": "99.56100", "2020-06-30": "71.55600", "2020-03-31": "59.70200", "2019-12-31": "101.44810", "2019-09-30": "96.65500", "2019-06-30": "72.63400", "2019-03-31": "77.93700", "2018-12-31": "84.60420", "2018-09-30": "98.06400", "2018-06-30": "78.79900", "2018-03-31": "71.88900", "2017-12-31": "87.21990", "2017-09-30": "111.47300", "2017-06-30": "77.80200", "2017-03-31": "69.73800", "2016-12-31": "96.09020", "2016-09-30": "105.44200", "2016-06-30": "85.45500", "2016-03-31": "68.85100", "2015-12-31": "83.22200", "2015-09-30": "97.09500", "2015-06-30": "72.73000", "2015-03-31": "69.50600", "2014-12-31": "68.16710", "2014-09-30": "92.03600", "2014-06-30": "83.18300", "2014-03-31": "89.21410", "2013-12-31": "80.43800", "2013-09-30": "88.03800", "2013-06-30": "80.20700", "2013-03-31": "68.82500", "2012-12-31": "37.27220", "2012-09-30": "91.70200", "2012-06-30": "79.40590", "2012-03-31": "75.81600", "2011-12-31": "68.17000", "2011-09-30": "94.49000", "2011-06-30": "63.66100", "2011-03-31": "63.37500", "2010-12-31": "59.24190", "2010-09-30": "72.63100", "2010-06-30": "63.63100", "2010-03-31": "60.70700", "2009-12-31": "39.31210", "2009-09-30": "68.63900", "2009-06-30": "35.05500", "2009-03-31": "44.65800", "2008-12-31": "37.67990", "2008-09-30": "74.12910", "2008-06-30": "21.60200", "2008-03-31": "70.74600", "2007-12-31": "81.86500", "2007-09-30": "48.01700", "2007-06-30": "45.30900", "2007-03-31": "28.54100", "2006-12-31": "43.16010", "2006-09-30": "66.35600", "2006-06-30": "60.72900", "2006-03-31": "69.15100", "2005-12-31": "76.06290", "2005-09-30": "77.23900", "2005-06-30": "61.44900", "2005-03-31": "56.67100"}, "Basic Shares Outstanding": {"2020-09-30": "109.18100", "2020-06-30": "109.14600", "2020-03-31": "109.05100", "2019-12-31": "108.94900", "2019-09-30": "108.97300", "2019-06-30": "108.93800", "2019-03-31": "108.91300", "2018-12-31": "108.85500", "2018-09-30": "108.87900", "2018-06-30": "108.84200", "2018-03-31": "108.81800", "2017-12-31": "108.74900", "2017-09-30": "108.78600", "2017-06-30": "108.75000", "2017-03-31": "108.67400", "2016-12-31": "108.10200", "2016-09-30": "108.26800", "2016-06-30": "107.96200", "2016-03-31": "107.62000", "2015-12-31": "106.41800", "2015-09-30": "107.45700", "2015-06-30": "107.41800", "2015-03-31": "103.28100", "2014-12-31": "101.96800", "2014-09-30": "102.41600", "2014-06-30": "101.49500", "2014-03-31": "101.38200", "2013-12-31": "98.96800", "2013-09-30": "99.20400", "2013-06-30": "98.66000", "2013-03-31": "98.13500", "2012-12-31": "96.90800", "2012-09-30": "97.15700", "2012-06-30": "96.69300", "2012-03-31": "96.16700", "2011-12-31": "95.51000", "2011-09-30": "95.87300", "2011-06-30": "95.39300", "2011-03-31": "94.81700", "2010-12-31": "93.42100", "2010-09-30": "93.69900", "2010-06-30": "93.15900", "2010-03-31": "92.57200", "2009-12-31": "91.39600", "2009-09-30": "91.52200", "2009-06-30": "91.38400", "2009-03-31": "90.60400", "2008-12-31": "84.63100", "2008-09-30": "84.62500", "2008-06-30": "84.05200", "2008-03-31": "83.47200", "2007-12-31": "82.21500", "2007-09-30": "82.48100", "2007-06-30": "81.90700", "2007-03-31": "81.44800", "2006-12-31": "81.14500", "2006-09-30": "81.21300", "2006-06-30": "81.10000", "2006-03-31": "80.98100", "2005-12-31": "80.82800", "2005-09-30": "80.90300", "2005-06-30": "80.81400", "2005-03-31": "80.70100"}, "Shares Outstanding": {"2020-09-30": "109.33600", "2020-06-30": "109.30500", "2020-03-31": "109.36500", "2019-12-31": "109.40700", "2019-09-30": "109.36300", "2019-06-30": "109.25500", "2019-03-31": "109.26800", "2018-12-31": "109.14600", "2018-09-30": "109.05500", "2018-06-30": "108.96300", "2018-03-31": "109.02400", "2017-12-31": "108.93300", "2017-09-30": "108.86500", "2017-06-30": "108.79700", "2017-03-31": "108.85800", "2016-12-31": "108.30900", "2016-09-30": "108.47200", "2016-06-30": "108.13300", "2016-03-31": "107.78100", "2015-12-31": "106.72100", "2015-09-30": "107.73800", "2015-06-30": "107.69400", "2015-03-31": "103.56700", "2014-12-31": "102.93700", "2014-09-30": "103.02600", "2014-06-30": "101.82500", "2014-03-31": "102.16500", "2013-12-31": "99.62300", "2013-09-30": "99.81800", "2013-06-30": "99.24900", "2013-03-31": "98.54000", "2012-12-31": "97.33800", "2012-09-30": "97.51800", "2012-06-30": "96.97900", "2012-03-31": "96.56100", "2011-12-31": "95.82000", "2011-09-30": "96.10000", "2011-06-30": "95.55500", "2011-03-31": "95.18200", "2010-12-31": "93.69300", "2010-09-30": "93.89100", "2010-06-30": "93.41400", "2010-03-31": "92.84800", "2009-12-31": "91.51600", "2009-09-30": "91.65300", "2009-06-30": "91.49400", "2009-03-31": "90.69200", "2008-12-31": "84.72000", "2008-09-30": "84.84200", "2008-06-30": "84.15500", "2008-03-31": "83.61400", "2007-12-31": "82.41900", "2007-09-30": "82.64000", "2007-06-30": "82.12400", "2007-03-31": "81.71300", "2006-12-31": "81.37300", "2006-09-30": "81.55600", "2006-06-30": "81.43200", "2006-03-31": "81.36300", "2005-12-31": "81.20000", "2005-09-30": "81.34700", "2005-06-30": "81.21300", "2005-03-31": "81.13500"}, "Basic EPS": {"2020-09-30": "0.60000", "2020-06-30": "0.45000", "2020-03-31": "0.31000", "2019-12-31": "0.61000", "2019-09-30": "0.58000", "2019-06-30": "0.39000", "2019-03-31": "0.42000", "2018-12-31": "0.45000", "2018-09-30": "0.61000", "2018-06-30": "0.42000", "2018-03-31": "0.37000", "2017-12-31": "0.30000", "2017-09-30": "0.55000", "2017-06-30": "0.36000", "2017-03-31": "0.31000", "2016-12-31": "0.42000", "2016-09-30": "1.17000", "2016-06-30": "0.41000", "2016-03-31": "0.30000", "2015-12-31": "0.39000", "2015-09-30": "0.47000", "2015-06-30": "0.33000", "2015-03-31": "0.31000", "2014-12-31": "0.32000", "2014-09-30": "0.47000", "2014-06-30": "0.41000", "2014-03-31": "0.45000", "2013-12-31": "0.39000", "2013-09-30": "0.49000", "2013-06-30": "0.41000", "2013-03-31": "0.34000", "2012-12-31": "0.14000", "2012-09-30": "0.49000", "2012-06-30": "0.40000", "2012-03-31": "0.40000", "2011-12-31": "0.37000", "2011-09-30": "0.50000", "2011-06-30": "0.28000", "2011-03-31": "0.30000", "2010-12-31": "0.27000", "2010-09-30": "0.35000", "2010-06-30": "0.31000", "2010-03-31": "0.29000", "2009-12-31": "0.14000", "2009-09-30": "0.37000", "2009-06-30": "0.17000", "2009-03-31": "0.23000", "2008-12-31": "0.16000", "2008-09-30": "0.44000", "2008-06-30": "0.06000", "2008-03-31": "0.41000", "2007-12-31": "0.50000", "2007-09-30": "0.24000", "2007-06-30": "0.21000", "2007-03-31": "0.08000", "2006-12-31": "0.19000", "2006-09-30": "0.40000", "2006-06-30": "0.34000", "2006-03-31": "0.40000", "2005-12-31": "0.47000", "2005-09-30": "0.46000", "2005-06-30": "0.34000", "2005-03-31": "0.30000"}, "EPS - Earnings Per Share": {"2020-09-30": "0.59000", "2020-06-30": "0.45000", "2020-03-31": "0.31000", "2019-12-31": "0.60000", "2019-09-30": "0.58000", "2019-06-30": "0.39000", "2019-03-31": "0.42000", "2018-12-31": "0.46000", "2018-09-30": "0.60000", "2018-06-30": "0.42000", "2018-03-31": "0.37000", "2017-12-31": "0.30000", "2017-09-30": "0.55000", "2017-06-30": "0.36000", "2017-03-31": "0.31000", "2016-12-31": "0.41000", "2016-09-30": "1.17000", "2016-06-30": "0.41000", "2016-03-31": "0.30000", "2015-12-31": "0.39000", "2015-09-30": "0.47000", "2015-06-30": "0.33000", "2015-03-31": "0.31000", "2014-12-31": "0.31000", "2014-09-30": "0.46000", "2014-06-30": "0.41000", "2014-03-31": "0.45000", "2013-12-31": "0.39000", "2013-09-30": "0.48000", "2013-06-30": "0.41000", "2013-03-31": "0.34000", "2012-12-31": "0.13000", "2012-09-30": "0.49000", "2012-06-30": "0.40000", "2012-03-31": "0.40000", "2011-12-31": "0.36000", "2011-09-30": "0.50000", "2011-06-30": "0.28000", "2011-03-31": "0.30000", "2010-12-31": "0.26000", "2010-09-30": "0.35000", "2010-06-30": "0.31000", "2010-03-31": "0.29000", "2009-12-31": "0.15000", "2009-09-30": "0.37000", "2009-06-30": "0.17000", "2009-03-31": "0.22000", "2008-12-31": "0.16000", "2008-09-30": "0.44000", "2008-06-30": "0.06000", "2008-03-31": "0.41000", "2007-12-31": "0.50000", "2007-09-30": "0.24000", "2007-06-30": "0.21000", "2007-03-31": "0.08000", "2006-12-31": "0.20000", "2006-09-30": "0.40000", "2006-06-30": "0.33000", "2006-03-31": "0.40000", "2005-12-31": "0.46000", "2005-09-30": "0.46000", "2005-06-30": "0.34000", "2005-03-31": "0.30000"}}, "balance sheet": {"Cash On Hand": {"2019-12-31": "227.68500", "2018-12-31": "169.20800", "2017-12-31": "261.88100", "2016-12-31": "278.45200", "2015-12-31": "300.47800", "2014-12-31": "175.54200", "2013-12-31": "220.03600", "2012-12-31": "219.66200", "2011-12-31": "270.26500", "2010-12-31": "330.65100", "2009-12-31": "503.92200", "2008-12-31": "182.90300", "2007-12-31": "145.85500", "2006-12-31": "177.63000", "2005-12-31": "151.51300"}, "Receivables": {"2019-12-31": "300.79400", "2018-12-31": "325.67200", "2017-12-31": "263.20900", "2016-12-31": "237.95000", "2015-12-31": "242.76600", "2014-12-31": "313.69600", "2013-12-31": "346.78500", "2012-12-31": "362.82300", "2011-12-31": "344.32200", "2010-12-31": "266.99600", "2009-12-31": "241.11600", "2008-12-31": "300.66600", "2007-12-31": "294.44700", "2006-12-31": "248.63900", "2005-12-31": "249.47300"}, "Inventory": {"2019-12-31": "", "2018-12-31": "", "2017-12-31": "", "2016-12-31": "", "2015-12-31": "", "2014-12-31": "", "2013-12-31": "", "2012-12-31": "", "2011-12-31": "", "2010-12-31": "", "2009-12-31": "", "2008-12-31": "", "2007-12-31": "", "2006-12-31": "", "2005-12-31": ""}, "Pre-Paid Expenses": {"2019-12-31": "", "2018-12-31": "", "2017-12-31": "", "2016-12-31": "", "2015-12-31": "", "2014-12-31": "", "2013-12-31": "", "2012-12-31": "", "2011-12-31": "", "2010-12-31": "", "2009-12-31": "", "2008-12-31": "", "2007-12-31": "", "2006-12-31": "", "2005-12-31": ""}, "Other Current Assets": {"2019-12-31": "", "2018-12-31": "", "2017-12-31": "", "2016-12-31": "", "2015-12-31": "", "2014-12-31": "", "2013-12-31": "", "2012-12-31": "", "2011-12-31": "", "2010-12-31": "", "2009-12-31": "", "2008-12-31": "", "2007-12-31": "", "2006-12-31": "", "2005-12-31": ""}, "Total Current Assets": {"2019-12-31": "540.76500", "2018-12-31": "496.68500", "2017-12-31": "536.34000", "2016-12-31": "5218.37900", "2015-12-31": "5113.65600", "2014-12-31": "4886.69500", "2013-12-31": "4682.23600", "2012-12-31": "4345.72300", "2011-12-31": "4267.00600", "2010-12-31": "4095.37600", "2009-12-31": "4415.53100", "2008-12-31": "4690.06100", "2007-12-31": "4541.49500", "2006-12-31": "4206.73000", "2005-12-31": "3967.82000"}, "Property, Plant, And Equipment": {"2019-12-31": "5109.62800", "2018-12-31": "4830.11800", "2017-12-31": "4460.24800", "2016-12-31": "4603.46500", "2015-12-31": "4377.65800", "2014-12-31": "4148.77400", "2013-12-31": "3865.51400", "2012-12-31": "3594.82900", "2011-12-31": "3334.50100", "2010-12-31": "3165.91800", "2009-12-31": "3088.61100", "2008-12-31": "2907.37600", "2007-12-31": "2743.41000", "2006-12-31": "2647.49000", "2005-12-31": "2542.77600"}, "Long-Term Investments": {"2019-12-31": "6448.53200", "2018-12-31": "6331.26800", "2017-12-31": "6072.55000", "2016-12-31": "1116.40000", "2015-12-31": "831.32600", "2014-12-31": "619.69600", "2013-12-31": "621.55300", "2012-12-31": "767.37990", "2011-12-31": "722.09500", "2010-12-31": "775.91600", "2009-12-31": "530.64500", "2008-12-31": "755.48100", "2007-12-31": "2238.53600", "2006-12-31": "2465.19100", "2005-12-31": "2727.11500"}, "Goodwill And Intangible Assets": {"2019-12-31": "82.19000", "2018-12-31": "82.19000", "2017-12-31": "82.19000", "2016-12-31": "82.19000", "2015-12-31": "82.19000", "2014-12-31": "82.19000", "2013-12-31": "82.19000", "2012-12-31": "82.19000", "2011-12-31": "82.19000", "2010-12-31": "82.19000", "2009-12-31": "82.19000", "2008-12-31": "82.19000", "2007-12-31": "83.08000", "2006-12-31": "83.08000", "2005-12-31": "89.58000"}, "Other Long-Term Assets": {"2019-12-31": "649.88500", "2018-12-31": "530.36400", "2017-12-31": "513.53500", "2016-12-31": "447.62060", "2015-12-31": "480.45700", "2014-12-31": "542.52300", "2013-12-31": "512.62700", "2012-12-31": "494.41400", "2011-12-31": "519.29600", "2010-12-31": "487.61400", "2009-12-31": "381.16300", "2008-12-31": "329.35500", "2007-12-31": "402.40500", "2006-12-31": "376.36900", "2005-12-31": "513.56800"}, "Total Long-Term Assets": {"2019-12-31": "13005.32000", "2018-12-31": "12607.37000", "2017-12-31": "11997.82000", "2016-12-31": "7207.12600", "2015-12-31": "6668.36200", "2014-12-31": "6298.44700", "2013-12-31": "5657.80800", "2012-12-31": "5803.40900", "2011-12-31": "5327.47100", "2010-12-31": "4989.96800", "2009-12-31": "4509.47100", "2008-12-31": "4605.02100", "2007-12-31": "5752.42000", "2006-12-31": "5684.47900", "2005-12-31": "5983.75600"}, "Total Assets": {"2019-12-31": "13745.25000", "2018-12-31": "13104.05000", "2017-12-31": "12534.16000", "2016-12-31": "12425.51000", "2015-12-31": "11782.02000", "2014-12-31": "11185.14000", "2013-12-31": "10340.04000", "2012-12-31": "10149.13000", "2011-12-31": "9594.47700", "2010-12-31": "9085.34400", "2009-12-31": "8925.00200", "2008-12-31": "9295.08200", "2007-12-31": "10293.92000", "2006-12-31": "9891.20900", "2005-12-31": "9951.57700"}, "Total Current Liabilities": {"2019-12-31": "6818.29600", "2018-12-31": "6585.91100", "2017-12-31": "6418.95200", "2016-12-31": "5910.05100", "2015-12-31": "5621.46400", "2014-12-31": "5244.80400", "2013-12-31": "4961.52000", "2012-12-31": "4748.17200", "2011-12-31": "4613.29900", "2010-12-31": "4467.87400", "2009-12-31": "4585.37100", "2008-12-31": "5044.73200", "2007-12-31": "6452.00800", "2006-12-31": "6485.91000", "2005-12-31": "6504.80700"}, "Long Term Debt": {"2019-12-31": "1964.36500", "2018-12-31": "1879.64100", "2017-12-31": "1683.79700", "2016-12-31": "1619.01900", "2015-12-31": "1578.36800", "2014-12-31": "1506.54600", "2013-12-31": "1492.94500", "2012-12-31": "1422.87200", "2011-12-31": "1340.07000", "2010-12-31": "1364.94200", "2009-12-31": "1364.81500", "2008-12-31": "1211.50100", "2007-12-31": "1242.09900", "2006-12-31": "1133.18500", "2005-12-31": "1142.99300"}, "Other Non-Current Liabilities": {"2019-12-31": "1555.85500", "2018-12-31": "1531.02400", "2017-12-31": "1401.78800", "2016-12-31": "1427.73000", "2015-12-31": "1349.45800", "2014-12-31": "1342.51100", "2013-12-31": "1306.41700", "2012-12-31": "1254.20700", "2011-12-31": "1193.65100", "2010-12-31": "1078.64600", "2009-12-31": "1310.00000", "2008-12-31": "1471.79400", "2007-12-31": "1134.75200", "2006-12-31": "1035.80100", "2005-12-31": "844.85700"}, "Total Long Term Liabilities": {"2019-12-31": "4646.69500", "2018-12-31": "4355.86000", "2017-12-31": "4017.82200", "2016-12-31": "4448.70200", "2015-12-31": "4232.91400", "2014-12-31": "4149.76500", "2013-12-31": "3651.45400", "2012-12-31": "3807.09500", "2011-12-31": "3452.47200", "2010-12-31": "3133.83300", "2009-12-31": "2897.98300", "2008-12-31": "2826.60300", "2007-12-31": "2566.48100", "2006-12-31": "2310.05900", "2005-12-31": "2230.14000"}, "Total Liabilities": {"2019-12-31": "11464.99000", "2018-12-31": "10941.77000", "2017-12-31": "10436.77000", "2016-12-31": "10358.75000", "2015-12-31": "9854.37800", "2014-12-31": "9394.56900", "2013-12-31": "8612.97400", "2012-12-31": "8555.26700", "2011-12-31": "8065.77100", "2010-12-31": "7601.70700", "2009-12-31": "7483.35400", "2008-12-31": "7871.33500", "2007-12-31": "9018.48900", "2006-12-31": "8795.96900", "2005-12-31": "8734.94700"}, "Common Stock Net": {"2019-12-31": "1678.25700", "2018-12-31": "1669.26700", "2017-12-31": "1662.49100", "2016-12-31": "1660.91000", "2015-12-31": "1629.13600", "2014-12-31": "1521.29700", "2013-12-31": "1488.12600", "2012-12-31": "1403.48400", "2011-12-31": "1349.44600", "2010-12-31": "1314.19900", "2009-12-31": "1265.15700", "2008-12-31": "1231.62900", "2007-12-31": "1072.10100", "2006-12-31": "1028.10100", "2005-12-31": "1018.96600"}, "Retained Earnings (Accumulated Deficit)": {"2019-12-31": "622.04200", "2018-12-31": "543.62300", "2017-12-31": "476.83600", "2016-12-31": "438.97200", "2015-12-31": "324.76600", "2014-12-31": "296.65400", "2013-12-31": "255.69400", "2012-12-31": "216.80400", "2011-12-31": "198.39700", "2010-12-31": "181.91000", "2009-12-31": "184.21300", "2008-12-31": "210.84000", "2007-12-31": "225.16800", "2006-12-31": "242.66700", "2005-12-31": "235.39400"}, "Comprehensive Income": {"2019-12-31": "", "2018-12-31": "", "2017-12-31": "-41.94100", "2016-12-31": "-33.12900", "2015-12-31": "-26.26200", "2014-12-31": "-27.37800", "2013-12-31": "-16.75000", "2012-12-31": "", "2011-12-31": "", "2010-12-31": "", "2009-12-31": "", "2008-12-31": "", "2007-12-31": "", "2006-12-31": "", "2005-12-31": ""}, "Other Share Holders Equity": {"2019-12-31": "-20.03900", "2018-12-31": "-50.61000", "2017-12-31": "", "2016-12-31": "", "2015-12-31": "", "2014-12-31": "", "2013-12-31": "", "2012-12-31": "-26.42300", "2011-12-31": "-19.13700", "2010-12-31": "-12.47200", "2009-12-31": "-7.72200", "2008-12-31": "-53.01500", "2007-12-31": "-21.84200", "2006-12-31": "-175.52800", "2005-12-31": "-37.73000"}, "Share Holder Equity": {"2019-12-31": "2280.26000", "2018-12-31": "2162.28000", "2017-12-31": "2097.38600", "2016-12-31": "2066.75300", "2015-12-31": "1927.64000", "2014-12-31": "1790.57300", "2013-12-31": "1727.07000", "2012-12-31": "1593.86500", "2011-12-31": "1528.70600", "2010-12-31": "1483.63700", "2009-12-31": "1441.64800", "2008-12-31": "1423.74700", "2007-12-31": "1275.42700", "2006-12-31": "1095.24000", "2005-12-31": "1216.63000"}, "Total Liabilities And Share Holders Equity": {"2019-12-31": "13745.25000", "2018-12-31": "13104.05000", "2017-12-31": "12534.16000", "2016-12-31": "12425.51000", "2015-12-31": "11782.02000", "2014-12-31": "11185.14000", "2013-12-31": "10340.04000", "2012-12-31": "10149.13000", "2011-12-31": "9594.47700", "2010-12-31": "9085.34400", "2009-12-31": "8925.00200", "2008-12-31": "9295.08200", "2007-12-31": "10293.92000", "2006-12-31": "9891.20900", "2005-12-31": "9951.57700"}}, "balance sheet, quarterly": {"Cash On Hand": {"2020-09-30": "215.00700", "2020-06-30": "603.85800", "2020-03-31": "236.41600", "2019-12-31": "227.68500", "2019-09-30": "176.98800", "2019-06-30": "198.54900", "2019-03-31": "186.40700", "2018-12-31": "169.20800", "2018-09-30": "172.05400", "2018-06-30": "254.66500", "2018-03-31": "244.78500", "2017-12-31": "261.88100", "2017-09-30": "202.17300", "2017-06-30": "210.38100", "2017-03-31": "234.23000", "2016-12-31": "278.45200", "2016-09-30": "284.35500", "2016-06-30": "257.20800", "2016-03-31": "334.74300", "2015-12-31": "300.47800", "2015-09-30": "228.41700", "2015-06-30": "300.68700", "2015-03-31": "292.16800", "2014-12-31": "175.54200", "2014-09-30": "192.55500", "2014-06-30": "188.37700", "2014-03-31": "269.12000", "2013-12-31": "220.03600", "2013-09-30": "215.04200", "2013-06-30": "153.71200", "2013-03-31": "262.70800", "2012-12-31": "219.66200", "2012-09-30": "168.51200", "2012-06-30": "207.54900", "2012-03-31": "236.34600", "2011-12-31": "270.26500", "2011-09-30": "283.48300", "2011-06-30": "266.74600", "2011-03-31": "316.25400", "2010-12-31": "330.65100", "2010-09-30": "387.48800", "2010-06-30": "278.32400", "2010-03-31": "341.33000", "2009-12-31": "503.92200", "2009-09-30": "257.33100", "2009-06-30": "265.14300", "2009-03-31": "160.22200", "2008-12-31": "182.90300", "2008-09-30": "166.70900", "2008-06-30": "147.77400", "2008-03-31": "189.95900", "2007-12-31": "145.85500", "2007-09-30": "167.02000", "2007-06-30": "152.16300", "2007-03-31": "156.09300", "2006-12-31": "177.63000", "2006-09-30": "146.91700", "2006-06-30": "144.94500", "2006-03-31": "155.38200", "2005-12-31": "151.51300", "2005-09-30": "165.39500", "2005-06-30": "168.33000", "2005-03-31": "203.39800"}, "Receivables": {"2020-09-30": "276.29900", "2020-06-30": "271.31400", "2020-03-31": "303.16100", "2019-12-31": "300.79400", "2019-09-30": "311.23500", "2019-06-30": "309.28500", "2019-03-31": "265.44000", "2018-12-31": "325.67200", "2018-09-30": "336.30900", "2018-06-30": "299.77100", "2018-03-31": "266.33600", "2017-12-31": "263.20900", "2017-09-30": "264.42600", "2017-06-30": "249.53900", "2017-03-31": "252.41600", "2016-12-31": "237.95000", "2016-09-30": "250.07600", "2016-06-30": "224.17900", "2016-03-31": "210.28000", "2015-12-31": "242.76600", "2015-09-30": "305.44800", "2015-06-30": "269.20700", "2015-03-31": "255.36500", "2014-12-31": "313.69600", "2014-09-30": "365.72800", "2014-06-30": "349.77100", "2014-03-31": "324.43300", "2013-12-31": "346.78500", "2013-09-30": "350.08300", "2013-06-30": "359.25900", "2013-03-31": "348.48700", "2012-12-31": "362.82300", "2012-09-30": "374.93200", "2012-06-30": "386.75000", "2012-03-31": "306.76000", "2011-12-31": "344.32200", "2011-09-30": "342.90100", "2011-06-30": "319.53300", "2011-03-31": "286.87600", "2010-12-31": "266.99600", "2010-09-30": "259.13200", "2010-06-30": "266.70100", "2010-03-31": "233.88500", "2009-12-31": "241.11600", "2009-09-30": "252.18600", "2009-06-30": "212.35800", "2009-03-31": "198.92300", "2008-12-31": "300.66600", "2008-09-30": "370.48100", "2008-06-30": "323.01100", "2008-03-31": "298.30400", "2007-12-31": "294.44700", "2007-09-30": "276.78600", "2007-06-30": "250.99000", "2007-03-31": "220.89400", "2006-12-31": "248.63900", "2006-09-30": "271.20300", "2006-06-30": "247.81700", "2006-03-31": "228.77100", "2005-12-31": "249.47300", "2005-09-30": "239.13300", "2005-06-30": "212.42800", "2005-03-31": "181.94500"}, "Inventory": {"2020-09-30": "", "2020-06-30": "", "2020-03-31": "", "2019-12-31": "", "2019-09-30": "", "2019-06-30": "", "2019-03-31": "", "2018-12-31": "", "2018-09-30": "", "2018-06-30": "", "2018-03-31": "", "2017-12-31": "", "2017-09-30": "", "2017-06-30": "", "2017-03-31": "", "2016-12-31": "", "2016-09-30": "", "2016-06-30": "", "2016-03-31": "", "2015-12-31": "", "2015-09-30": "", "2015-06-30": "", "2015-03-31": "", "2014-12-31": "", "2014-09-30": "", "2014-06-30": "", "2014-03-31": "", "2013-12-31": "", "2013-09-30": "", "2013-06-30": "", "2013-03-31": "", "2012-12-31": "", "2012-09-30": "", "2012-06-30": "", "2012-03-31": "", "2011-12-31": "", "2011-09-30": "", "2011-06-30": "", "2011-03-31": "", "2010-12-31": "", "2010-09-30": "", "2010-06-30": "", "2010-03-31": "", "2009-12-31": "", "2009-09-30": "", "2009-06-30": "", "2009-03-31": "", "2008-12-31": "", "2008-09-30": "", "2008-06-30": "", "2008-03-31": "", "2007-12-31": "", "2007-09-30": "", "2007-06-30": "", "2007-03-31": "", "2006-12-31": "", "2006-09-30": "", "2006-06-30": "", "2006-03-31": "", "2005-12-31": "", "2005-09-30": "", "2005-06-30": "", "2005-03-31": ""}, "Pre-Paid Expenses": {"2020-09-30": "", "2020-06-30": "", "2020-03-31": "", "2019-12-31": "", "2019-09-30": "", "2019-06-30": "", "2019-03-31": "", "2018-12-31": "", "2018-09-30": "", "2018-06-30": "", "2018-03-31": "", "2017-12-31": "", "2017-09-30": "", "2017-06-30": "", "2017-03-31": "", "2016-12-31": "", "2016-09-30": "", "2016-06-30": "", "2016-03-31": "", "2015-12-31": "", "2015-09-30": "", "2015-06-30": "", "2015-03-31": "", "2014-12-31": "", "2014-09-30": "", "2014-06-30": "", "2014-03-31": "", "2013-12-31": "", "2013-09-30": "", "2013-06-30": "", "2013-03-31": "", "2012-12-31": "", "2012-09-30": "", "2012-06-30": "", "2012-03-31": "", "2011-12-31": "", "2011-09-30": "", "2011-06-30": "", "2011-03-31": "", "2010-12-31": "", "2010-09-30": "", "2010-06-30": "", "2010-03-31": "", "2009-12-31": "", "2009-09-30": "", "2009-06-30": "", "2009-03-31": "", "2008-12-31": "", "2008-09-30": "", "2008-06-30": "", "2008-03-31": "", "2007-12-31": "", "2007-09-30": "", "2007-06-30": "", "2007-03-31": "", "2006-12-31": "", "2006-09-30": "", "2006-06-30": "", "2006-03-31": "", "2005-12-31": "", "2005-09-30": "", "2005-06-30": "", "2005-03-31": ""}, "Other Current Assets": {"2020-09-30": "", "2020-06-30": "", "2020-03-31": "", "2019-12-31": "", "2019-09-30": "", "2019-06-30": "", "2019-03-31": "", "2018-12-31": "", "2018-09-30": "", "2018-06-30": "", "2018-03-31": "", "2017-12-31": "", "2017-09-30": "", "2017-06-30": "", "2017-03-31": "", "2016-12-31": "", "2016-09-30": "", "2016-06-30": "", "2016-03-31": "", "2015-12-31": "", "2015-09-30": "", "2015-06-30": "", "2015-03-31": "", "2014-12-31": "", "2014-09-30": "", "2014-06-30": "", "2014-03-31": "", "2013-12-31": "", "2013-09-30": "", "2013-06-30": "", "2013-03-31": "", "2012-12-31": "", "2012-09-30": "", "2012-06-30": "", "2012-03-31": "", "2011-12-31": "", "2011-09-30": "", "2011-06-30": "", "2011-03-31": "", "2010-12-31": "", "2010-09-30": "", "2010-06-30": "", "2010-03-31": "", "2009-12-31": "", "2009-09-30": "", "2009-06-30": "", "2009-03-31": "", "2008-12-31": "", "2008-09-30": "", "2008-06-30": "", "2008-03-31": "", "2007-12-31": "", "2007-09-30": "", "2007-06-30": "", "2007-03-31": "", "2006-12-31": "", "2006-09-30": "", "2006-06-30": "", "2006-03-31": "", "2005-12-31": "", "2005-09-30": "", "2005-06-30": "", "2005-03-31": ""}, "Total Current Assets": {"2020-09-30": "508.11200", "2020-06-30": "912.31490", "2020-03-31": "557.73200", "2019-12-31": "540.76500", "2019-09-30": "505.33800", "2019-06-30": "517.03000", "2019-03-31": "459.98300", "2018-12-31": "496.68500", "2018-09-30": "509.39900", "2018-06-30": "559.68400", "2018-03-31": "518.50000", "2017-12-31": "536.34000", "2017-09-30": "5105.56100", "2017-06-30": "5153.45900", "2017-03-31": "5166.37400", "2016-12-31": "5218.37900", "2016-09-30": "5237.07500", "2016-06-30": "5187.22700", "2016-03-31": "5142.87300", "2015-12-31": "5113.65600", "2015-09-30": "5026.59300", "2015-06-30": "4986.29200", "2015-03-31": "4958.94300", "2014-12-31": "4886.69500", "2014-09-30": "4852.57100", "2014-06-30": "4784.34400", "2014-03-31": "4745.45300", "2013-12-31": "4682.23600", "2013-09-30": "4576.08600", "2013-06-30": "4459.67400", "2013-03-31": "4419.54800", "2012-12-31": "4345.72300", "2012-09-30": "4265.68700", "2012-06-30": "4301.68800", "2012-03-31": "4230.16400", "2011-12-31": "4267.00600", "2011-09-30": "4273.58100", "2011-06-30": "4171.48100", "2011-03-31": "4157.18800", "2010-12-31": "4095.37600", "2010-09-30": "4113.17000", "2010-06-30": "4118.15600", "2010-03-31": "4198.34200", "2009-12-31": "4415.53100", "2009-09-30": "4268.41500", "2009-06-30": "4330.10600", "2009-03-31": "4374.10600", "2008-12-31": "4690.06100", "2008-09-30": "4696.19700", "2008-06-30": "4592.16400", "2008-03-31": "4642.21300", "2007-12-31": "4541.49500", "2007-09-30": "4463.91800", "2007-06-30": "4290.89200", "2007-03-31": "4193.37400", "2006-12-31": "4206.73000", "2006-09-30": "4181.94300", "2006-06-30": "4110.26300", "2006-03-31": "4002.39900", "2005-12-31": "3967.82000", "2005-09-30": "3906.06800", "2005-06-30": "3808.44500", "2005-03-31": "3715.91400"}, "Property, Plant, And Equipment": {"2020-09-30": "5232.17700", "2020-06-30": "5181.42700", "2020-03-31": "5150.38500", "2019-12-31": "5109.62800", "2019-09-30": "5006.39400", "2019-06-30": "4932.24500", "2019-03-31": "4867.12700", "2018-12-31": "4830.11800", "2018-09-30": "4694.10100", "2018-06-30": "4611.94900", "2018-03-31": "4542.55800", "2017-12-31": "4460.24800", "2017-09-30": "4813.87500", "2017-06-30": "4726.52400", "2017-03-31": "4641.51400", "2016-12-31": "4603.46500", "2016-09-30": "4532.55600", "2016-06-30": "4482.99000", "2016-03-31": "4423.56700", "2015-12-31": "4377.65800", "2015-09-30": "4317.12100", "2015-06-30": "4269.24100", "2015-03-31": "4190.83500", "2014-12-31": "4148.77400", "2014-09-30": "4048.10600", "2014-06-30": "3980.09600", "2014-03-31": "3908.39200", "2013-12-31": "3865.51400", "2013-09-30": "3776.30500", "2013-06-30": "3701.90500", "2013-03-31": "3640.30800", "2012-12-31": "3594.82900", "2012-09-30": "3506.48900", "2012-06-30": "3436.02100", "2012-03-31": "3375.65400", "2011-12-31": "3334.50100", "2011-09-30": "3248.65800", "2011-06-30": "3204.99600", "2011-03-31": "3175.37500", "2010-12-31": "3165.91800", "2010-09-30": "3131.19800", "2010-06-30": "3106.81200", "2010-03-31": "3091.19000", "2009-12-31": "3088.61100", "2009-09-30": "3052.20900", "2009-06-30": "3026.62100", "2009-03-31": "2959.90000", "2008-12-31": "2907.37600", "2008-09-30": "2823.34200", "2008-06-30": "2782.95000", "2008-03-31": "2761.39600", "2007-12-31": "2743.41000", "2007-09-30": "2686.58400", "2007-06-30": "2656.13900", "2007-03-31": "2641.22700", "2006-12-31": "2647.49000", "2006-09-30": "2605.39200", "2006-06-30": "2582.63300", "2006-03-31": "2558.80000", "2005-12-31": "2542.77600", "2005-09-30": "2488.60300", "2005-06-30": "2452.77500", "2005-03-31": "2433.45300"}, "Long-Term Investments": {"2020-09-30": "7281.87900", "2020-06-30": "6880.64600", "2020-03-31": "6588.50500", "2019-12-31": "6448.53200", "2019-09-30": "6384.70100", "2019-06-30": "6393.53700", "2019-03-31": "6301.78300", "2018-12-31": "6331.26800", "2018-09-30": "6198.45900", "2018-06-30": "6204.25700", "2018-03-31": "6160.22700", "2017-12-31": "6072.55000", "2017-09-30": "1329.81600", "2017-06-30": "1314.59200", "2017-03-31": "1240.62800", "2016-12-31": "1116.40000", "2016-09-30": "1008.20200", "2016-06-30": "905.23900", "2016-03-31": "917.51300", "2015-12-31": "831.32600", "2015-09-30": "796.51500", "2015-06-30": "704.19800", "2015-03-31": "654.35900", "2014-12-31": "619.69600", "2014-09-30": "606.66600", "2014-06-30": "630.18400", "2014-03-31": "604.23100", "2013-12-31": "621.55300", "2013-09-30": "628.67700", "2013-06-30": "654.45300", "2013-03-31": "754.55200", "2012-12-31": "767.37990", "2012-09-30": "760.94400", "2012-06-30": "736.87600", "2012-03-31": "728.82700", "2011-12-31": "722.09500", "2011-09-30": "668.80900", "2011-06-30": "809.11100", "2011-03-31": "768.71300", "2010-12-31": "775.91600", "2010-09-30": "668.02600", "2010-06-30": "721.72900", "2010-03-31": "682.24900", "2009-12-31": "530.64500", "2009-09-30": "720.86800", "2009-06-30": "719.50400", "2009-03-31": "698.03300", "2008-12-31": "755.48100", "2008-09-30": "863.80900", "2008-06-30": "984.92600", "2008-03-31": "2183.80100", "2007-12-31": "2238.53600", "2007-09-30": "2258.60500", "2007-06-30": "2399.12400", "2007-03-31": "2503.01400", "2006-12-31": "2465.19100", "2006-09-30": "2454.77600", "2006-06-30": "2604.20800", "2006-03-31": "2706.92400", "2005-12-31": "2727.11500", "2005-09-30": "2027.19700", "2005-06-30": "2011.32900", "2005-03-31": "2005.47600"}, "Goodwill And Intangible Assets": {"2020-09-30": "82.19000", "2020-06-30": "82.19000", "2020-03-31": "82.19000", "2019-12-31": "82.19000", "2019-09-30": "82.19000", "2019-06-30": "82.19000", "2019-03-31": "82.19000", "2018-12-31": "82.19000", "2018-09-30": "82.19000", "2018-06-30": "82.19000", "2018-03-31": "82.19000", "2017-12-31": "82.19000", "2017-09-30": "82.19000", "2017-06-30": "82.19000", "2017-03-31": "82.19000", "2016-12-31": "82.19000", "2016-09-30": "82.19000", "2016-06-30": "82.19000", "2016-03-31": "82.19000", "2015-12-31": "82.19000", "2015-09-30": "82.19000", "2015-06-30": "82.19000", "2015-03-31": "82.19000", "2014-12-31": "82.19000", "2014-09-30": "82.19000", "2014-06-30": "82.19000", "2014-03-31": "82.19000", "2013-12-31": "82.19000", "2013-09-30": "82.19000", "2013-06-30": "82.19000", "2013-03-31": "82.19000", "2012-12-31": "82.19000", "2012-09-30": "82.19000", "2012-06-30": "82.19000", "2012-03-31": "82.19000", "2011-12-31": "82.19000", "2011-09-30": "82.19000", "2011-06-30": "82.19000", "2011-03-31": "82.19000", "2010-12-31": "82.19000", "2010-09-30": "82.19000", "2010-06-30": "82.19000", "2010-03-31": "82.19000", "2009-12-31": "82.19000", "2009-09-30": "82.19000", "2009-06-30": "82.19000", "2009-03-31": "82.19000", "2008-12-31": "82.19000", "2008-09-30": "83.08000", "2008-06-30": "83.08000", "2008-03-31": "83.08000", "2007-12-31": "83.08000", "2007-09-30": "85.62200", "2007-06-30": "87.13000", "2007-03-31": "86.64500", "2006-12-31": "83.08000", "2006-09-30": "88.01100", "2006-06-30": "88.59800", "2006-03-31": "89.02300", "2005-12-31": "89.58000", "2005-09-30": "89.69600", "2005-06-30": "90.14000", "2005-03-31": "90.78100"}, "Other Long-Term Assets": {"2020-09-30": "591.25800", "2020-06-30": "556.79300", "2020-03-31": "570.72000", "2019-12-31": "649.88500", "2019-09-30": "576.26290", "2019-06-30": "598.84200", "2019-03-31": "581.35000", "2018-12-31": "530.36400", "2018-09-30": "596.48100", "2018-06-30": "565.61400", "2018-03-31": "526.74400", "2017-12-31": "513.53500", "2017-09-30": "474.44400", "2017-06-30": "478.76300", "2017-03-31": "467.16000", "2016-12-31": "447.62060", "2016-09-30": "459.18700", "2016-06-30": "436.47900", "2016-03-31": "415.95500", "2015-12-31": "480.45700", "2015-09-30": "453.09900", "2015-06-30": "493.15100", "2015-03-31": "481.53100", "2014-12-31": "542.52300", "2014-09-30": "505.22600", "2014-06-30": "557.68400", "2014-03-31": "537.84100", "2013-12-31": "512.62700", "2013-09-30": "475.33500", "2013-06-30": "454.89800", "2013-03-31": "527.82000", "2012-12-31": "494.41400", "2012-09-30": "573.52300", "2012-06-30": "566.73400", "2012-03-31": "538.44300", "2011-12-31": "519.29600", "2011-09-30": "496.63800", "2011-06-30": "494.52700", "2011-03-31": "462.25800", "2010-12-31": "487.61400", "2010-09-30": "478.40600", "2010-06-30": "426.86000", "2010-03-31": "412.82300", "2009-12-31": "381.16300", "2009-09-30": "346.04400", "2009-06-30": "318.53500", "2009-03-31": "314.64900", "2008-12-31": "329.35500", "2008-09-30": "500.85900", "2008-06-30": "460.43100", "2008-03-31": "368.59200", "2007-12-31": "402.40500", "2007-09-30": "393.19500", "2007-06-30": "391.66600", "2007-03-31": "381.23800", "2006-12-31": "376.36900", "2006-09-30": "469.37900", "2006-06-30": "524.41500", "2006-03-31": "511.12400", "2005-12-31": "513.56800", "2005-09-30": "1354.43600", "2005-06-30": "1335.31900", "2005-03-31": "1355.13800"}, "Total Long-Term Assets": {"2020-09-30": "13865.19000", "2020-06-30": "13383.63000", "2020-03-31": "13090.44000", "2019-12-31": "13005.32000", "2019-09-30": "12798.72000", "2019-06-30": "12794.58000", "2019-03-31": "12658.64000", "2018-12-31": "12607.37000", "2018-09-30": "12402.16000", "2018-06-30": "12324.42000", "2018-03-31": "12184.22000", "2017-12-31": "11997.82000", "2017-09-30": "7637.28900", "2017-06-30": "7540.34600", "2017-03-31": "7376.90100", "2016-12-31": "7207.12600", "2016-09-30": "6961.91000", "2016-06-30": "6792.01200", "2016-03-31": "6727.63300", "2015-12-31": "6668.36200", "2015-09-30": "6546.87400", "2015-06-30": "6453.33900", "2015-03-31": "6314.50400", "2014-12-31": "6298.44700", "2014-09-30": "5817.90000", "2014-06-30": "5832.79900", "2014-03-31": "5712.61700", "2013-12-31": "5657.80800", "2013-09-30": "5852.92600", "2013-06-30": "5778.47100", "2013-03-31": "5879.02100", "2012-12-31": "5803.40900", "2012-09-30": "5639.14000", "2012-06-30": "5520.26900", "2012-03-31": "5402.78800", "2011-12-31": "5327.47100", "2011-09-30": "4990.78200", "2011-06-30": "5069.59000", "2011-03-31": "4970.34800", "2010-12-31": "4989.96800", "2010-09-30": "4781.99700", "2010-06-30": "4762.20500", "2010-03-31": "4694.59800", "2009-12-31": "4509.47100", "2009-09-30": "4736.59800", "2009-06-30": "4678.55800", "2009-03-31": "4585.85000", "2008-12-31": "4605.02100", "2008-09-30": "4544.73000", "2008-06-30": "4590.03200", "2008-03-31": "5680.36700", "2007-12-31": "5752.42000", "2007-09-30": "5566.68100", "2007-06-30": "5666.66400", "2007-03-31": "5729.20200", "2006-12-31": "5684.47900", "2006-09-30": "5727.89300", "2006-06-30": "5910.46500", "2006-03-31": "5977.30900", "2005-12-31": "5983.75600", "2005-09-30": "6069.45000", "2005-06-30": "5998.62600", "2005-03-31": "5994.27100"}, "Total Assets": {"2020-09-30": "14542.36000", "2020-06-30": "14480.70000", "2020-03-31": "13849.02000", "2019-12-31": "13745.25000", "2019-09-30": "13517.97000", "2019-06-30": "13537.77000", "2019-03-31": "13360.11000", "2018-12-31": "13104.05000", "2018-09-30": "12911.55000", "2018-06-30": "12884.10000", "2018-03-31": "12702.72000", "2017-12-31": "12534.16000", "2017-09-30": "12742.85000", "2017-06-30": "12693.80000", "2017-03-31": "12543.28000", "2016-12-31": "12425.51000", "2016-09-30": "12198.99000", "2016-06-30": "11979.24000", "2016-03-31": "11870.51000", "2015-12-31": "11782.02000", "2015-09-30": "11573.47000", "2015-06-30": "11439.63000", "2015-03-31": "11273.45000", "2014-12-31": "11185.14000", "2014-09-30": "10670.47000", "2014-06-30": "10617.14000", "2014-03-31": "10458.07000", "2013-12-31": "10340.04000", "2013-09-30": "10429.01000", "2013-06-30": "10238.14000", "2013-03-31": "10298.57000", "2012-12-31": "10149.13000", "2012-09-30": "9904.82700", "2012-06-30": "9821.95700", "2012-03-31": "9632.95200", "2011-12-31": "9594.47700", "2011-09-30": "9264.36300", "2011-06-30": "9241.07100", "2011-03-31": "9127.53600", "2010-12-31": "9085.34400", "2010-09-30": "8895.16700", "2010-06-30": "8880.36100", "2010-03-31": "8892.94000", "2009-12-31": "8925.00200", "2009-09-30": "9005.01300", "2009-06-30": "9008.66400", "2009-03-31": "8959.95600", "2008-12-31": "9295.08200", "2008-09-30": "9240.92700", "2008-06-30": "9182.19600", "2008-03-31": "10322.58000", "2007-12-31": "10293.92000", "2007-09-30": "10030.60000", "2007-06-30": "9957.55600", "2007-03-31": "9922.57600", "2006-12-31": "9891.20900", "2006-09-30": "9909.83600", "2006-06-30": "10020.73000", "2006-03-31": "9979.70800", "2005-12-31": "9951.57700", "2005-09-30": "9975.51800", "2005-06-30": "9807.07100", "2005-03-31": "9710.18500"}, "Total Current Liabilities": {"2020-09-30": "7520.35800", "2020-06-30": "7452.61600", "2020-03-31": "6863.49500", "2019-12-31": "6818.29600", "2019-09-30": "6710.83100", "2019-06-30": "6799.54600", "2019-03-31": "6635.17700", "2018-12-31": "6585.91100", "2018-09-30": "6602.35600", "2018-06-30": "6687.32200", "2018-03-31": "6637.94900", "2017-12-31": "6418.95200", "2017-09-30": "6117.75700", "2017-06-30": "6179.18400", "2017-03-31": "6065.77000", "2016-12-31": "5910.05100", "2016-09-30": "5807.40000", "2016-06-30": "5774.72500", "2016-03-31": "5711.67600", "2015-12-31": "5621.46400", "2015-09-30": "5545.34900", "2015-06-30": "5450.42500", "2015-03-31": "5286.93100", "2014-12-31": "5244.80400", "2014-09-30": "5151.12300", "2014-06-30": "5154.18400", "2014-03-31": "5098.02900", "2013-12-31": "4961.52000", "2013-09-30": "4915.83000", "2013-06-30": "4790.45400", "2013-03-31": "4919.24400", "2012-12-31": "4748.17200", "2012-09-30": "4682.43700", "2012-06-30": "4708.42200", "2012-03-31": "4721.84600", "2011-12-31": "4613.29900", "2011-09-30": "4545.84900", "2011-06-30": "4491.85100", "2011-03-31": "4470.17300", "2010-12-31": "4467.87400", "2010-09-30": "4406.79200", "2010-06-30": "4508.42800", "2010-03-31": "4551.93200", "2009-12-31": "4585.37100", "2009-09-30": "4598.76700", "2009-06-30": "4775.40200", "2009-03-31": "4748.90600", "2008-12-31": "5044.73200", "2008-09-30": "5353.42500", "2008-06-30": "5374.74300", "2008-03-31": "6532.76000", "2007-12-31": "6452.00800", "2007-09-30": "6439.83900", "2007-06-30": "6447.77300", "2007-03-31": "6463.60400", "2006-12-31": "6485.91000", "2006-09-30": "6424.42300", "2006-06-30": "6703.24400", "2006-03-31": "6600.12200", "2005-12-31": "6504.80700", "2005-09-30": "4854.94900", "2005-06-30": "4726.23200", "2005-03-31": "4635.07200"}, "Long Term Debt": {"2020-09-30": "2068.85200", "2020-06-30": "2070.22400", "2020-03-31": "2068.09200", "2019-12-31": "1964.36500", "2019-09-30": "1885.45400", "2019-06-30": "1884.03000", "2019-03-31": "1880.33900", "2018-12-31": "1879.64100", "2018-09-30": "1782.24200", "2018-06-30": "1783.00900", "2018-03-31": "1684.00200", "2017-12-31": "1683.79700", "2017-09-30": "1618.44600", "2017-06-30": "1618.64700", "2017-03-31": "1618.65100", "2016-12-31": "1619.01900", "2016-09-30": "1579.06500", "2016-06-30": "1578.84200", "2016-03-31": "1578.61800", "2015-12-31": "1578.36800", "2015-09-30": "1506.54600", "2015-06-30": "1506.54600", "2015-03-31": "1506.54600", "2014-12-31": "1506.54600", "2014-09-30": "1517.94600", "2014-06-30": "1517.94500", "2014-03-31": "1492.94500", "2013-12-31": "1492.94500", "2013-09-30": "1422.88000", "2013-06-30": "1422.87700", "2013-03-31": "1422.87500", "2012-12-31": "1422.87200", "2012-09-30": "1429.86900", "2012-06-30": "1429.65300", "2012-03-31": "1282.60200", "2011-12-31": "1340.07000", "2011-09-30": "1340.03800", "2011-06-30": "1440.00600", "2011-03-31": "1439.97400", "2010-12-31": "1364.94200", "2010-09-30": "1364.91100", "2010-06-30": "1364.87900", "2010-03-31": "1364.84700", "2009-12-31": "1364.81500", "2009-09-30": "1364.78400", "2009-06-30": "1214.73300", "2009-03-31": "1214.68100", "2008-12-31": "1211.50100", "2008-09-30": "1210.90100", "2008-06-30": "1206.96500", "2008-03-31": "1202.02800", "2007-12-31": "1242.09900", "2007-09-30": "1229.94900", "2007-06-30": "1230.82400", "2007-03-31": "1225.14400", "2006-12-31": "1133.18500", "2006-09-30": "1133.13700", "2006-06-30": "1033.08900", "2006-03-31": "1133.04100", "2005-12-31": "1142.99300", "2005-09-30": "1173.00900", "2005-06-30": "1168.07900", "2005-03-31": "1168.87300"}, "Other Non-Current Liabilities": {"2020-09-30": "1554.69900", "2020-06-30": "1557.86200", "2020-03-31": "1511.94800", "2019-12-31": "1555.85500", "2019-09-30": "1503.72700", "2019-06-30": "1466.46200", "2019-03-31": "1472.01100", "2018-12-31": "1531.02400", "2018-09-30": "1478.21400", "2018-06-30": "1406.08900", "2018-03-31": "1370.91500", "2017-12-31": "1401.78800", "2017-09-30": "1491.73000", "2017-06-30": "1409.44400", "2017-03-31": "1385.50300", "2016-12-31": "1427.73000", "2016-09-30": "1415.43600", "2016-06-30": "1334.34700", "2016-03-31": "1318.46800", "2015-12-31": "1349.45800", "2015-09-30": "1314.64400", "2015-06-30": "1301.18400", "2015-03-31": "1282.43500", "2014-12-31": "1342.51100", "2014-09-30": "1305.36000", "2014-06-30": "1292.19300", "2014-03-31": "1264.51100", "2013-12-31": "1306.41700", "2013-09-30": "1275.97800", "2013-06-30": "1251.77700", "2013-03-31": "1212.53900", "2012-12-31": "1254.20700", "2012-09-30": "1214.81900", "2012-06-30": "1179.32000", "2012-03-31": "1151.41600", "2011-12-31": "1193.65100", "2011-09-30": "1464.19300", "2011-06-30": "1445.87100", "2011-03-31": "1395.07500", "2010-12-31": "1078.64600", "2010-09-30": "1356.23400", "2010-06-30": "1318.31900", "2010-03-31": "1298.91300", "2009-12-31": "1310.00000", "2009-09-30": "1422.80900", "2009-06-30": "1423.42100", "2009-03-31": "1411.22200", "2008-12-31": "1471.79400", "2008-09-30": "1145.45300", "2008-06-30": "1106.46300", "2008-03-31": "1094.50100", "2007-12-31": "1134.75200", "2007-09-30": "1100.63200", "2007-06-30": "1052.83700", "2007-03-31": "1006.59300", "2006-12-31": "1035.80100", "2006-09-30": "882.17600", "2006-06-30": "861.54100", "2006-03-31": "804.85600", "2005-12-31": "844.85700", "2005-09-30": "2465.57000", "2005-06-30": "2435.53600", "2005-03-31": "2473.60200"}, "Total Long Term Liabilities": {"2020-09-30": "4698.77200", "2020-06-30": "4736.68600", "2020-03-31": "4709.01800", "2019-12-31": "4646.69500", "2019-09-30": "4564.45000", "2019-06-30": "4529.63400", "2019-03-31": "4541.41300", "2018-12-31": "4355.86000", "2018-09-30": "4177.15300", "2018-06-30": "4093.76400", "2018-03-31": "3972.99200", "2017-12-31": "4017.82200", "2017-09-30": "4522.07100", "2017-06-30": "4439.59200", "2017-03-31": "4411.91700", "2016-12-31": "4448.70200", "2016-09-30": "4323.19700", "2016-06-30": "4238.33200", "2016-03-31": "4216.65100", "2015-12-31": "4232.91400", "2015-09-30": "4107.11600", "2015-06-30": "4090.68600", "2015-03-31": "4088.60700", "2014-12-31": "4149.76500", "2014-09-30": "3717.94000", "2014-06-30": "3702.08000", "2014-03-31": "3614.11300", "2013-12-31": "3651.45400", "2013-09-30": "3857.71700", "2013-06-30": "3823.04200", "2013-03-31": "3772.06000", "2012-12-31": "3807.09500", "2012-09-30": "3615.25500", "2012-06-30": "3537.75900", "2012-03-31": "3357.00800", "2011-12-31": "3452.47200", "2011-09-30": "3180.75600", "2011-06-30": "3237.01300", "2011-03-31": "3160.81200", "2010-12-31": "3133.83300", "2010-09-30": "3008.72200", "2010-06-30": "2905.30000", "2010-03-31": "2887.56500", "2009-12-31": "2897.98300", "2009-09-30": "2950.04500", "2009-06-30": "2797.22300", "2009-03-31": "2772.65400", "2008-12-31": "2826.60300", "2008-09-30": "2566.90200", "2008-06-30": "2510.61300", "2008-03-31": "2485.81000", "2007-12-31": "2566.48100", "2007-09-30": "2460.33600", "2007-06-30": "2401.38400", "2007-03-31": "2362.40400", "2006-12-31": "2310.05900", "2006-09-30": "2247.40600", "2006-06-30": "2112.34300", "2006-03-31": "2168.06400", "2005-12-31": "2230.14000", "2005-09-30": "3907.21100", "2005-06-30": "3864.75300", "2005-03-31": "3891.84000"}, "Total Liabilities": {"2020-09-30": "12219.13000", "2020-06-30": "12189.30000", "2020-03-31": "11572.51000", "2019-12-31": "11464.99000", "2019-09-30": "11275.28000", "2019-06-30": "11329.18000", "2019-03-31": "11176.59000", "2018-12-31": "10941.77000", "2018-09-30": "10779.51000", "2018-06-30": "10781.09000", "2018-03-31": "10610.94000", "2017-12-31": "10436.77000", "2017-09-30": "10639.83000", "2017-06-30": "10618.78000", "2017-03-31": "10477.69000", "2016-12-31": "10358.75000", "2016-09-30": "10130.60000", "2016-06-30": "10013.06000", "2016-03-31": "9928.32700", "2015-12-31": "9854.37800", "2015-09-30": "9652.46500", "2015-06-30": "9541.11100", "2015-03-31": "9375.53800", "2014-12-31": "9394.56900", "2014-09-30": "8869.06300", "2014-06-30": "8856.26400", "2014-03-31": "8712.14200", "2013-12-31": "8612.97400", "2013-09-30": "8773.54700", "2013-06-30": "8613.49600", "2013-03-31": "8691.30400", "2012-12-31": "8555.26700", "2012-09-30": "8297.69200", "2012-06-30": "8246.18100", "2012-03-31": "8078.85400", "2011-12-31": "8065.77100", "2011-09-30": "7726.60500", "2011-06-30": "7728.86400", "2011-03-31": "7630.98500", "2010-12-31": "7601.70700", "2010-09-30": "7415.51400", "2010-06-30": "7413.72800", "2010-03-31": "7439.49700", "2009-12-31": "7483.35400", "2009-09-30": "7548.81200", "2009-06-30": "7572.62500", "2009-03-31": "7521.56000", "2008-12-31": "7871.33500", "2008-09-30": "7920.32700", "2008-06-30": "7885.35600", "2008-03-31": "9018.57000", "2007-12-31": "9018.48900", "2007-09-30": "8900.17500", "2007-06-30": "8849.15800", "2007-03-31": "8826.00800", "2006-12-31": "8795.96900", "2006-09-30": "8671.82900", "2006-06-30": "8815.58700", "2006-03-31": "8768.18600", "2005-12-31": "8734.94700", "2005-09-30": "8762.16000", "2005-06-30": "8590.98500", "2005-03-31": "8526.91200"}, "Common Stock Net": {"2020-09-30": "1678.00700", "2020-06-30": "1676.61600", "2020-03-31": "1674.26100", "2019-12-31": "1678.25700", "2019-09-30": "1676.41100", "2019-06-30": "1674.15300", "2019-03-31": "1670.43300", "2018-12-31": "1669.26700", "2018-09-30": "1667.37100", "2018-06-30": "1665.90100", "2018-03-31": "1663.14900", "2017-12-31": "1662.49100", "2017-09-30": "1661.49200", "2017-06-30": "1660.40300", "2017-03-31": "1658.28000", "2016-12-31": "1660.91000", "2016-09-30": "1657.42100", "2016-06-30": "1647.13800", "2016-03-31": "1635.89000", "2015-12-31": "1629.13600", "2015-09-30": "1627.25900", "2015-06-30": "1626.56900", "2015-03-31": "1624.54900", "2014-12-31": "1521.29700", "2014-09-30": "1519.25600", "2014-06-30": "1493.43600", "2014-03-31": "1491.33800", "2013-12-31": "1488.12600", "2013-09-30": "1443.58300", "2013-06-30": "1429.37100", "2013-03-31": "1413.70000", "2012-12-31": "1403.48400", "2012-09-30": "1389.60700", "2012-06-30": "1377.42600", "2012-03-31": "1362.88000", "2011-12-31": "1349.44600", "2011-09-30": "1347.25500", "2011-06-30": "1343.53700", "2011-03-31": "1329.90100", "2010-12-31": "1314.19900", "2010-09-30": "1301.71000", "2010-06-30": "1289.47100", "2010-03-31": "1277.33300", "2009-12-31": "1265.15700", "2009-09-30": "1254.89300", "2009-06-30": "1246.82800", "2009-03-31": "1245.04800", "2008-12-31": "1231.62900", "2008-09-30": "1111.03400", "2008-06-30": "1099.94800", "2008-03-31": "1084.26700", "2007-12-31": "1072.10100", "2007-09-30": "1061.19100", "2007-06-30": "1048.56200", "2007-03-31": "1036.24900", "2006-12-31": "1028.10100", "2006-09-30": "1025.31200", "2006-06-30": "1023.56400", "2006-03-31": "1020.16100", "2005-12-31": "1018.96600", "2005-09-30": "1018.17000", "2005-06-30": "1017.27200", "2005-03-31": "1012.00400"}, "Retained Earnings (Accumulated Deficit)": {"2020-09-30": "645.94300", "2020-06-30": "616.94100", "2020-03-31": "604.07100", "2019-12-31": "622.04200", "2019-09-30": "590.65100", "2019-06-30": "562.10300", "2019-03-31": "554.45100", "2018-12-31": "543.62300", "2018-09-30": "527.80200", "2018-06-30": "495.65600", "2018-03-31": "483.34200", "2017-12-31": "476.83600", "2017-09-30": "470.75000", "2017-06-30": "444.40000", "2017-03-31": "439.45200", "2016-12-31": "438.97200", "2016-09-30": "427.99000", "2016-06-30": "334.39800", "2016-03-31": "323.75100", "2015-12-31": "324.76600", "2015-09-30": "315.75900", "2015-06-30": "298.39800", "2015-03-31": "296.68000", "2014-12-31": "296.65400", "2014-09-30": "296.14600", "2014-06-30": "280.12600", "2014-03-31": "270.17300", "2013-12-31": "255.69400", "2013-09-30": "247.56800", "2013-06-30": "230.06700", "2013-03-31": "220.04900", "2012-12-31": "216.80400", "2012-09-30": "233.21800", "2012-06-30": "215.62600", "2012-03-31": "210.04400", "2011-12-31": "198.39700", "2011-09-30": "197.16500", "2011-06-30": "178.51300", "2011-03-31": "180.96000", "2010-12-31": "181.91000", "2010-09-30": "186.42500", "2010-06-30": "183.01500", "2010-03-31": "182.64600", "2009-12-31": "184.21300", "2009-09-30": "199.11800", "2009-06-30": "194.01800", "2009-03-31": "203.12200", "2008-12-31": "210.84000", "2008-09-30": "223.29400", "2008-06-30": "212.27500", "2008-03-31": "233.21300", "2007-12-31": "225.16800", "2007-09-30": "210.34400", "2007-06-30": "216.06300", "2007-03-31": "223.94600", "2006-12-31": "242.66700", "2006-09-30": "251.76800", "2006-06-30": "244.64500", "2006-03-31": "242.60500", "2005-12-31": "235.39400", "2005-09-30": "222.96900", "2005-06-30": "210.57300", "2005-03-31": "208.07300"}, "Comprehensive Income": {"2020-09-30": "-0.71900", "2020-06-30": "-2.15900", "2020-03-31": "-1.82700", "2019-12-31": "-20.03900", "2019-09-30": "-24.37300", "2019-06-30": "-27.67000", "2019-03-31": "-41.36900", "2018-12-31": "", "2018-09-30": "-63.12800", "2018-06-30": "-58.53900", "2018-03-31": "-54.71400", "2017-12-31": "-41.94100", "2017-09-30": "-29.22000", "2017-06-30": "-29.77400", "2017-03-31": "-32.14400", "2016-12-31": "-33.12900", "2016-09-30": "-17.02300", "2016-06-30": "-15.35400", "2016-03-31": "", "2015-12-31": "-26.26200", "2015-09-30": "-22.01700", "2015-06-30": "-26.44700", "2015-03-31": "-23.32000", "2014-12-31": "-27.37800", "2014-09-30": "-13.99400", "2014-06-30": "-12.68300", "2014-03-31": "", "2013-12-31": "-16.75000", "2013-09-30": "", "2013-06-30": "", "2013-03-31": "", "2012-12-31": "", "2012-09-30": "-15.69000", "2012-06-30": "-17.27600", "2012-03-31": "-18.82600", "2011-12-31": "", "2011-09-30": "-6.66200", "2011-06-30": "-9.84300", "2011-03-31": "-14.31000", "2010-12-31": "", "2010-09-30": "-8.48200", "2010-06-30": "-5.85300", "2010-03-31": "-6.53600", "2009-12-31": "", "2009-09-30": "-32.10300", "2009-06-30": "-39.10000", "2009-03-31": "-44.06700", "2008-12-31": "", "2008-09-30": "-13.72800", "2008-06-30": "-15.38300", "2008-03-31": "-13.47000", "2007-12-31": "", "2007-09-30": "-141.11100", "2007-06-30": "-156.22700", "2007-03-31": "-163.62700", "2006-12-31": "", "2006-09-30": "-39.07300", "2006-06-30": "-63.06800", "2006-03-31": "-51.24400", "2005-12-31": "", "2005-09-30": "-27.78100", "2005-06-30": "-11.75900", "2005-03-31": "-36.80400"}, "Other Share Holders Equity": {"2020-09-30": "", "2020-06-30": "", "2020-03-31": "", "2019-12-31": "", "2019-09-30": "", "2019-06-30": "", "2019-03-31": "", "2018-12-31": "-50.61000", "2018-09-30": "", "2018-06-30": "", "2018-03-31": "", "2017-12-31": "", "2017-09-30": "", "2017-06-30": "", "2017-03-31": "", "2016-12-31": "", "2016-09-30": "", "2016-06-30": "", "2016-03-31": "-17.46200", "2015-12-31": "", "2015-09-30": "", "2015-06-30": "", "2015-03-31": "", "2014-12-31": "", "2014-09-30": "", "2014-06-30": "", "2014-03-31": "-15.58300", "2013-12-31": "", "2013-09-30": "-35.68600", "2013-06-30": "-34.78900", "2013-03-31": "-26.48400", "2012-12-31": "-26.42300", "2012-09-30": "", "2012-06-30": "", "2012-03-31": "", "2011-12-31": "-19.13700", "2011-09-30": "", "2011-06-30": "", "2011-03-31": "", "2010-12-31": "-12.47200", "2010-09-30": "", "2010-06-30": "", "2010-03-31": "", "2009-12-31": "-7.72200", "2009-09-30": "", "2009-06-30": "", "2009-03-31": "", "2008-12-31": "-53.01500", "2008-09-30": "", "2008-06-30": "", "2008-03-31": "", "2007-12-31": "-21.84200", "2007-09-30": "", "2007-06-30": "", "2007-03-31": "", "2006-12-31": "-175.52800", "2006-09-30": "", "2006-06-30": "", "2006-03-31": "", "2005-12-31": "-37.73000", "2005-09-30": "", "2005-06-30": "", "2005-03-31": ""}, "Share Holder Equity": {"2020-09-30": "2323.23100", "2020-06-30": "2291.39800", "2020-03-31": "2276.50500", "2019-12-31": "2280.26000", "2019-09-30": "2242.68900", "2019-06-30": "2208.58600", "2019-03-31": "2183.51500", "2018-12-31": "2162.28000", "2018-09-30": "2132.04500", "2018-06-30": "2103.01800", "2018-03-31": "2091.77700", "2017-12-31": "2097.38600", "2017-09-30": "2103.02200", "2017-06-30": "2075.02900", "2017-03-31": "2065.58800", "2016-12-31": "2066.75300", "2016-09-30": "2068.38800", "2016-06-30": "1966.18200", "2016-03-31": "1942.17900", "2015-12-31": "1927.64000", "2015-09-30": "1921.00100", "2015-06-30": "1898.52000", "2015-03-31": "1897.90900", "2014-12-31": "1790.57300", "2014-09-30": "1801.40800", "2014-06-30": "1760.87900", "2014-03-31": "1745.92800", "2013-12-31": "1727.07000", "2013-09-30": "1655.46500", "2013-06-30": "1624.64900", "2013-03-31": "1607.26500", "2012-12-31": "1593.86500", "2012-09-30": "1607.13500", "2012-06-30": "1575.77600", "2012-03-31": "1554.09800", "2011-12-31": "1528.70600", "2011-09-30": "1537.75800", "2011-06-30": "1512.20700", "2011-03-31": "1496.55100", "2010-12-31": "1483.63700", "2010-09-30": "1479.65300", "2010-06-30": "1466.63300", "2010-03-31": "1453.44300", "2009-12-31": "1441.64800", "2009-09-30": "1456.20100", "2009-06-30": "1436.03900", "2009-03-31": "1438.39600", "2008-12-31": "1423.74700", "2008-09-30": "1320.60000", "2008-06-30": "1296.84000", "2008-03-31": "1304.01000", "2007-12-31": "1275.42700", "2007-09-30": "1130.42400", "2007-06-30": "1108.39800", "2007-03-31": "1096.56800", "2006-12-31": "1095.24000", "2006-09-30": "1238.00700", "2006-06-30": "1205.14100", "2006-03-31": "1211.52200", "2005-12-31": "1216.63000", "2005-09-30": "1213.35800", "2005-06-30": "1216.08600", "2005-03-31": "1183.27300"}, "Total Liabilities And Share Holders Equity": {"2020-09-30": "14542.36000", "2020-06-30": "14480.70000", "2020-03-31": "13849.02000", "2019-12-31": "13745.25000", "2019-09-30": "13517.97000", "2019-06-30": "13537.77000", "2019-03-31": "13360.11000", "2018-12-31": "13104.05000", "2018-09-30": "12911.55000", "2018-06-30": "12884.10000", "2018-03-31": "12702.72000", "2017-12-31": "12534.16000", "2017-09-30": "12742.85000", "2017-06-30": "12693.80000", "2017-03-31": "12543.28000", "2016-12-31": "12425.51000", "2016-09-30": "12198.99000", "2016-06-30": "11979.24000", "2016-03-31": "11870.51000", "2015-12-31": "11782.02000", "2015-09-30": "11573.47000", "2015-06-30": "11439.63000", "2015-03-31": "11273.45000", "2014-12-31": "11185.14000", "2014-09-30": "10670.47000", "2014-06-30": "10617.14000", "2014-03-31": "10458.07000", "2013-12-31": "10340.04000", "2013-09-30": "10429.01000", "2013-06-30": "10238.14000", "2013-03-31": "10298.57000", "2012-12-31": "10149.13000", "2012-09-30": "9904.82700", "2012-06-30": "9821.95700", "2012-03-31": "9632.95200", "2011-12-31": "9594.47700", "2011-09-30": "9264.36300", "2011-06-30": "9241.07100", "2011-03-31": "9127.53600", "2010-12-31": "9085.34400", "2010-09-30": "8895.16700", "2010-06-30": "8880.36100", "2010-03-31": "8892.94000", "2009-12-31": "8925.00200", "2009-09-30": "9005.01300", "2009-06-30": "9008.66400", "2009-03-31": "8959.95600", "2008-12-31": "9295.08200", "2008-09-30": "9240.92700", "2008-06-30": "9182.19600", "2008-03-31": "10322.58000", "2007-12-31": "10293.92000", "2007-09-30": "10030.60000", "2007-06-30": "9957.55600", "2007-03-31": "9922.57600", "2006-12-31": "9891.20900", "2006-09-30": "9909.83600", "2006-06-30": "10020.73000", "2006-03-31": "9979.70800", "2005-12-31": "9951.57700", "2005-09-30": "9975.51800", "2005-06-30": "9807.07100", "2005-03-31": "9710.18500"}}, "cash flow statement": {"Net Income/Loss": {"2019-12-31": "219.77200", "2018-12-31": "203.66400", "2017-12-31": "167.18700", "2016-12-31": "250.14600", "2015-12-31": "161.76700", "2014-12-31": "170.01900", "2013-12-31": "163.59900", "2012-12-31": "140.54800", "2011-12-31": "140.12000", "2010-12-31": "115.42500", "2009-12-31": "84.90100", "2008-12-31": "92.16800", "2007-12-31": "86.66900", "2006-12-31": "108.00100", "2005-12-31": "126.68900"}, "Total Depreciation And Amortization - Cash Flow": {"2019-12-31": "278.11300", "2018-12-31": "255.62900", "2017-12-31": "221.99800", "2016-12-31": "204.74600", "2015-12-31": "195.58500", "2014-12-31": "183.04400", "2013-12-31": "167.38500", "2012-12-31": "158.34700", "2011-12-31": "167.47000", "2010-12-31": "159.12800", "2009-12-31": "156.67100", "2008-12-31": "156.06200", "2007-12-31": "159.75900", "2006-12-31": "151.96200", "2005-12-31": "142.16100"}, "Other Non-Cash Items": {"2019-12-31": "-278.58800", "2018-12-31": "-111.46400", "2017-12-31": "-76.77100", "2016-12-31": "-188.84600", "2015-12-31": "-213.26500", "2014-12-31": "-41.57900", "2013-12-31": "-167.83200", "2012-12-31": "-376.26100", "2011-12-31": "-169.95200", "2010-12-31": "-247.81300", "2009-12-31": "-363.49000", "2008-12-31": "-174.11600", "2007-12-31": "-72.24300", "2006-12-31": "-44.44800", "2005-12-31": "-35.05500"}, "Total Non-Cash Items": {"2019-12-31": "-0.47500", "2018-12-31": "144.16500", "2017-12-31": "145.22700", "2016-12-31": "15.90000", "2015-12-31": "-17.68000", "2014-12-31": "141.46500", "2013-12-31": "-0.44700", "2012-12-31": "-217.91400", "2011-12-31": "-2.48200", "2010-12-31": "-88.68500", "2009-12-31": "-206.81900", "2008-12-31": "-18.05400", "2007-12-31": "87.51600", "2006-12-31": "107.51400", "2005-12-31": "107.10600"}, "Change In Accounts Receivable": {"2019-12-31": "26.08300", "2018-12-31": "-64.32100", "2017-12-31": "-12.87500", "2016-12-31": "-0.89800", "2015-12-31": "62.30400", "2014-12-31": "33.08900", "2013-12-31": "16.03800", "2012-12-31": "-18.50100", "2011-12-31": "-77.32600", "2010-12-31": "-25.88000", "2009-12-31": "59.55000", "2008-12-31": "-6.21900", "2007-12-31": "-45.80800", "2006-12-31": "0.83400", "2005-12-31": "-40.94000"}, "Change In Inventories": {"2019-12-31": "", "2018-12-31": "", "2017-12-31": "", "2016-12-31": "", "2015-12-31": "", "2014-12-31": "", "2013-12-31": "", "2012-12-31": "", "2011-12-31": "", "2010-12-31": "", "2009-12-31": "", "2008-12-31": "", "2007-12-31": "", "2006-12-31": "", "2005-12-31": ""}, "Change In Accounts Payable": {"2019-12-31": "", "2018-12-31": "", "2017-12-31": "", "2016-12-31": "", "2015-12-31": "", "2014-12-31": "", "2013-12-31": "", "2012-12-31": "", "2011-12-31": "", "2010-12-31": "", "2009-12-31": "", "2008-12-31": "-18.71500", "2007-12-31": "36.79400", "2006-12-31": "-17.83100", "2005-12-31": "36.28200"}, "Change In Assets/Liabilities": {"2019-12-31": "297.68200", "2018-12-31": "164.84700", "2017-12-31": "65.23200", "2016-12-31": "201.04400", "2015-12-31": "245.72600", "2014-12-31": "87.12700", "2013-12-31": "188.34000", "2012-12-31": "348.22500", "2011-12-31": "154.06900", "2010-12-31": "322.84000", "2009-12-31": "405.40300", "2008-12-31": "194.16800", "2007-12-31": "11.44300", "2006-12-31": "59.80700", "2005-12-31": "-18.33000"}, "Total Change In Assets/Liabilities": {"2019-12-31": "293.17300", "2018-12-31": "151.48300", "2017-12-31": "108.02700", "2016-12-31": "229.61200", "2015-12-31": "212.77100", "2014-12-31": "13.93600", "2013-12-31": "197.37800", "2012-12-31": "356.30000", "2011-12-31": "115.41600", "2010-12-31": "314.11800", "2009-12-31": "390.50400", "2008-12-31": "185.70000", "2007-12-31": "45.04600", "2006-12-31": "70.53700", "2005-12-31": "-15.35700"}, "Cash Flow From Operating Activities": {"2019-12-31": "512.47000", "2018-12-31": "499.31200", "2017-12-31": "420.44100", "2016-12-31": "495.65800", "2015-12-31": "356.85800", "2014-12-31": "325.42000", "2013-12-31": "361.56800", "2012-12-31": "278.93400", "2011-12-31": "250.36600", "2010-12-31": "340.71700", "2009-12-31": "268.58600", "2008-12-31": "259.81400", "2007-12-31": "219.23100", "2006-12-31": "286.05200", "2005-12-31": "218.43800"}, "Net Change In Property, Plant, And Equipment": {"2019-12-31": "-436.46000", "2018-12-31": "-506.77000", "2017-12-31": "-430.45400", "2016-12-31": "-297.35000", "2015-12-31": "-314.95300", "2014-12-31": "-319.80700", "2013-12-31": "-348.06600", "2012-12-31": "-313.39700", "2011-12-31": "-203.56200", "2010-12-31": "-153.60300", "2009-12-31": "-273.15400", "2008-12-31": "-264.73200", "2007-12-31": "-199.28600", "2006-12-31": "-190.41900", "2005-12-31": "-201.96800"}, "Net Change In Intangible Assets": {"2019-12-31": "", "2018-12-31": "", "2017-12-31": "", "2016-12-31": "", "2015-12-31": "", "2014-12-31": "", "2013-12-31": "", "2012-12-31": "", "2011-12-31": "", "2010-12-31": "", "2009-12-31": "", "2008-12-31": "", "2007-12-31": "", "2006-12-31": "", "2005-12-31": ""}, "Net Acquisitions/Divestitures": {"2019-12-31": "", "2018-12-31": "", "2017-12-31": "-76.32300", "2016-12-31": "", "2015-12-31": "", "2014-12-31": "", "2013-12-31": "", "2012-12-31": "", "2011-12-31": "", "2010-12-31": "", "2009-12-31": "", "2008-12-31": "", "2007-12-31": "", "2006-12-31": "", "2005-12-31": ""}, "Net Change In Short-term Investments": {"2019-12-31": "184.67100", "2018-12-31": "-5.40500", "2017-12-31": "-308.14800", "2016-12-31": "-297.68800", "2015-12-31": "-275.99100", "2014-12-31": "-13.20100", "2013-12-31": "117.27100", "2012-12-31": "-48.83200", "2011-12-31": "60.82900", "2010-12-31": "-249.11500", "2009-12-31": "244.50300", "2008-12-31": "1432.85300", "2007-12-31": "251.12100", "2006-12-31": "259.90600", "2005-12-31": "269.50800"}, "Net Change In Long-Term Investments": {"2019-12-31": "-296.23800", "2018-12-31": "-279.91900", "2017-12-31": "9.64400", "2016-12-31": "-142.28300", "2015-12-31": "-122.72000", "2014-12-31": "-260.56600", "2013-12-31": "-394.95000", "2012-12-31": "-110.98800", "2011-12-31": "-181.08000", "2010-12-31": "118.89200", "2009-12-31": "484.96000", "2008-12-31": "-92.22400", "2007-12-31": "-279.86600", "2006-12-31": "-211.87200", "2005-12-31": "-270.40300"}, "Net Change In Investments - Total": {"2019-12-31": "-111.56700", "2018-12-31": "-285.32400", "2017-12-31": "-298.50400", "2016-12-31": "-439.97100", "2015-12-31": "-398.71100", "2014-12-31": "-273.76700", "2013-12-31": "-277.67900", "2012-12-31": "-159.82000", "2011-12-31": "-120.25100", "2010-12-31": "-130.22300", "2009-12-31": "729.46300", "2008-12-31": "1340.62900", "2007-12-31": "-28.74510", "2006-12-31": "48.03400", "2005-12-31": "-0.89500"}, "Investing Activities - Other": {"2019-12-31": "6.31800", "2018-12-31": "0.03500", "2017-12-31": "-10.01800", "2016-12-31": "0.85600", "2015-12-31": "7.94000", "2014-12-31": "1.12500", "2013-12-31": "27.56300", "2012-12-31": "1.77800", "2011-12-31": "-2.97400", "2010-12-31": "5.09200", "2009-12-31": "1.19900", "2008-12-31": "1.11600", "2007-12-31": "5.90200", "2006-12-31": "1.70800", "2005-12-31": "0.90900"}, "Cash Flow From Investing Activities": {"2019-12-31": "-541.70900", "2018-12-31": "-792.05900", "2017-12-31": "-815.29900", "2016-12-31": "-736.46500", "2015-12-31": "-705.72400", "2014-12-31": "-592.44900", "2013-12-31": "-598.18200", "2012-12-31": "-471.43900", "2011-12-31": "-326.78700", "2010-12-31": "-278.73400", "2009-12-31": "457.50800", "2008-12-31": "1077.01300", "2007-12-31": "-222.12900", "2006-12-31": "-140.67700", "2005-12-31": "-201.95400"}, "Net Long-Term Debt": {"2019-12-31": "2.06400", "2018-12-31": "196.11300", "2017-12-31": "67.32500", "2016-12-31": "40.00000", "2015-12-31": "80.00000", "2014-12-31": "13.60000", "2013-12-31": "70.00000", "2012-12-31": "81.50000", "2011-12-31": "-25.00000", "2010-12-31": "", "2009-12-31": "153.18600", "2008-12-31": "-30.72500", "2007-12-31": "106.53900", "2006-12-31": "-10.00000", "2005-12-31": "-24.53800"}, "Net Current Debt": {"2019-12-31": "116.78800", "2018-12-31": "-22.44300", "2017-12-31": "116.23400", "2016-12-31": "-195.13000", "2015-12-31": "-15.90900", "2014-12-31": "69.09100", "2013-12-31": "71.78900", "2012-12-31": "14.87200", "2011-12-31": "28.89800", "2010-12-31": "-17.06600", "2009-12-31": "-347.07300", "2008-12-31": "-1179.99900", "2007-12-31": "67.04100", "2006-12-31": "-79.67810", "2005-12-31": "-136.87610"}, "Debt Issuance/Retirement Net - Total": {"2019-12-31": "118.85200", "2018-12-31": "173.67000", "2017-12-31": "183.55900", "2016-12-31": "-155.13000", "2015-12-31": "64.09100", "2014-12-31": "82.69100", "2013-12-31": "141.78900", "2012-12-31": "96.37200", "2011-12-31": "3.89800", "2010-12-31": "-17.06600", "2009-12-31": "-193.88700", "2008-12-31": "-1210.72400", "2007-12-31": "173.58000", "2006-12-31": "-89.67810", "2005-12-31": "-161.41410"}, "Net Common Equity Issued/Repurchased": {"2019-12-31": "", "2018-12-31": "", "2017-12-31": "", "2016-12-31": "13.22000", "2015-12-31": "104.43500", "2014-12-31": "26.89800", "2013-12-31": "55.08600", "2012-12-31": "23.61300", "2011-12-31": "15.97900", "2010-12-31": "22.70600", "2009-12-31": "15.32900", "2008-12-31": "136.44300", "2007-12-31": "21.07200", "2006-12-31": "5.48100", "2005-12-31": "3.68900"}, "Net Total Equity Issued/Repurchased": {"2019-12-31": "", "2018-12-31": "", "2017-12-31": "", "2016-12-31": "13.22000", "2015-12-31": "104.43500", "2014-12-31": "26.89800", "2013-12-31": "55.08600", "2012-12-31": "23.61300", "2011-12-31": "15.97900", "2010-12-31": "22.70600", "2009-12-31": "15.32900", "2008-12-31": "136.44300", "2007-12-31": "21.07200", "2006-12-31": "5.48100", "2005-12-31": "3.68900"}, "Total Common And Preferred Stock Dividends Paid": {"2019-12-31": "-141.35300", "2018-12-31": "-136.87700", "2017-12-31": "-136.76300", "2016-12-31": "-119.16400", "2015-12-31": "-133.65500", "2014-12-31": "-128.34800", "2013-12-31": "-100.27300", "2012-12-31": "-98.09200", "2011-12-31": "-108.70200", "2010-12-31": "-94.92400", "2009-12-31": "-98.73300", "2008-12-31": "-85.49400", "2007-12-31": "-83.37900", "2006-12-31": "-100.67300", "2005-12-31": "-100.23800"}, "Financial Activities - Other": {"2019-12-31": "110.21700", "2018-12-31": "163.28100", "2017-12-31": "331.49100", "2016-12-31": "479.85500", "2015-12-31": "438.93100", "2014-12-31": "241.29400", "2013-12-31": "140.38600", "2012-12-31": "120.00900", "2011-12-31": "104.86000", "2010-12-31": "-145.97000", "2009-12-31": "-128.31600", "2008-12-31": "-203.47200", "2007-12-31": "-155.82100", "2006-12-31": "80.31900", "2005-12-31": "279.65400"}, "Cash Flow From Financial Activities": {"2019-12-31": "87.71600", "2018-12-31": "200.07400", "2017-12-31": "378.28700", "2016-12-31": "218.78100", "2015-12-31": "473.80200", "2014-12-31": "222.53500", "2013-12-31": "236.98800", "2012-12-31": "141.90200", "2011-12-31": "16.03500", "2010-12-31": "-235.25400", "2009-12-31": "-405.60700", "2008-12-31": "-1363.24700", "2007-12-31": "-44.54800", "2006-12-31": "-104.55100", "2005-12-31": "21.69100"}, "Net Cash Flow": {"2019-12-31": "58.47700", "2018-12-31": "-92.67300", "2017-12-31": "-16.57100", "2016-12-31": "-22.02600", "2015-12-31": "124.93600", "2014-12-31": "-44.49400", "2013-12-31": "0.37400", "2012-12-31": "-50.60300", "2011-12-31": "-60.38600", "2010-12-31": "-173.27100", "2009-12-31": "320.48700", "2008-12-31": "-26.42000", "2007-12-31": "-47.44600", "2006-12-31": "48.35400", "2005-12-31": "35.31800"}, "Stock-Based Compensation": {"2019-12-31": "9.98600", "2018-12-31": "7.79200", "2017-12-31": "5.40400", "2016-12-31": "4.78900", "2015-12-31": "6.54200", "2014-12-31": "9.28700", "2013-12-31": "7.78000", "2012-12-31": "6.69800", "2011-12-31": "", "2010-12-31": "", "2009-12-31": "", "2008-12-31": "", "2007-12-31": "", "2006-12-31": "", "2005-12-31": ""}, "Common Stock Dividends Paid": {"2019-12-31": "-139.46300", "2018-12-31": "-134.98700", "2017-12-31": "-134.87300", "2016-12-31": "-117.27400", "2015-12-31": "-131.76500", "2014-12-31": "-126.45800", "2013-12-31": "-98.38300", "2012-12-31": "-96.20200", "2011-12-31": "-106.81200", "2010-12-31": "-93.03400", "2009-12-31": "-96.84300", "2008-12-31": "-83.60400", "2007-12-31": "-81.48900", "2006-12-31": "-100.67300", "2005-12-31": "-100.23800"}}, "cash flow statement, quarterly": {"Net Income/Loss": {"2020-09-30": 65.503, "2020-06-30": 49.36, "2020-03-31": "33.89300", "2019-12-31": 66.736, "2019-09-30": 63.89, "2019-06-30": 42.985, "2019-03-31": "46.16100", "2018-12-31": 50.046, "2018-09-30": 66.371, "2018-06-30": 46.527, "2018-03-31": "40.72000", "2017-12-31": 32.843, "2017-09-30": 60.544, "2017-06-30": 39.134, "2017-03-31": "34.66600", "2016-12-31": 45.107, "2016-09-30": 127.613, "2016-06-30": 44.601, "2016-03-31": "32.82500", "2015-12-31": 42.793, "2015-09-30": 51.144, "2015-06-30": 35.491, "2015-03-31": "32.33900", "2014-12-31": 33.726, "2014-09-30": 48.279, "2014-06-30": 41.754, "2014-03-31": "46.26000", "2013-12-31": 39.679, "2013-09-30": 48.707, "2013-06-30": 41.061, "2013-03-31": "34.15200", "2012-12-31": 14.309, "2012-09-30": 48.177, "2012-06-30": 39.273, "2012-03-31": "38.78900", "2011-12-31": 34.698, "2011-09-30": 48.875, "2011-06-30": 27.612, "2011-03-31": "28.93500", "2010-12-31": 25.171, "2010-09-30": 32.92, "2010-06-30": 29.735, "2010-03-31": "27.59900", "2009-12-31": 14.127, "2009-09-30": 33.954, "2009-06-30": 15.952, "2009-03-31": "20.86800", "2008-12-31": 14.367, "2008-09-30": 37.752, "2008-06-30": 6.082, "2008-03-31": "33.96700", "2007-12-31": 42.475, "2007-09-30": 19.881, "2007-06-30": 17.549, "2007-03-31": "6.76400", "2006-12-31": 16.117, "2006-09-30": 32.323, "2006-06-30": 27.224, "2006-03-31": "32.33700", "2005-12-31": 36.769, "2005-09-30": 38.245, "2005-06-30": 27.58, "2005-03-31": "24.09500"}, "Total Depreciation And Amortization - Cash Flow": {"2020-09-30": 72.832, "2020-06-30": 74.39, "2020-03-31": "71.03200", "2019-12-31": 70.253, "2019-09-30": 70.558, "2019-06-30": 70.075, "2019-03-31": "67.22700", "2018-12-31": 64.51, "2018-09-30": 64.453, "2018-06-30": 64.83, "2018-03-31": "61.83600", "2017-12-31": 56.513, "2017-09-30": 59.322, "2017-06-30": 53.74, "2017-03-31": "52.42300", "2016-12-31": 51.694, "2016-09-30": 51.064, "2016-06-30": 51.466, "2016-03-31": "50.52200", "2015-12-31": 50.612, "2015-09-30": 48.45, "2015-06-30": 48.287, "2015-03-31": "48.23600", "2014-12-31": 48.389, "2014-09-30": 44.244, "2014-06-30": 45.621, "2014-03-31": "44.79000", "2013-12-31": 44.678, "2013-09-30": 39.996, "2013-06-30": 42.05, "2013-03-31": "40.66100", "2012-12-31": 40.59, "2012-09-30": 39.241, "2012-06-30": 39.186, "2012-03-31": "39.33000", "2011-12-31": 41.402, "2011-09-30": 38.86, "2011-06-30": 47.146, "2011-03-31": "40.06200", "2010-12-31": 39.024, "2010-09-30": 38.349, "2010-06-30": 40.392, "2010-03-31": "41.36300", "2009-12-31": 38.718, "2009-09-30": 38.47, "2009-06-30": 40.395, "2009-03-31": "39.08800", "2008-12-31": 38.712, "2008-09-30": 37.414, "2008-06-30": 39.194, "2008-03-31": "40.74200", "2007-12-31": 39.477, "2007-09-30": 41.649, "2007-06-30": 39.097, "2007-03-31": "39.53600", "2006-12-31": 38.31, "2006-09-30": 38.867, "2006-06-30": 37.328, "2006-03-31": "37.45700", "2005-12-31": 34.205, "2005-09-30": 35.121, "2005-06-30": 39.332, "2005-03-31": "33.50300"}, "Other Non-Cash Items": {"2020-09-30": -91.612, "2020-06-30": -221.848, "2020-03-31": "-73.45200", "2019-12-31": -94.943, "2019-09-30": -88.788, "2019-06-30": -63.631, "2019-03-31": "-31.22600", "2018-12-31": -21.796, "2018-09-30": -5.977, "2018-06-30": -48.447, "2018-03-31": "-35.24400", "2017-12-31": 6.292, "2017-09-30": -35.361, "2017-06-30": -24.29, "2017-03-31": "-23.41200", "2016-12-31": -62.927, "2016-09-30": -60.429, "2016-06-30": -41.521, "2016-03-31": "-23.96900", "2015-12-31": -2.494, "2015-09-30": -41.079, "2015-06-30": -94.437, "2015-03-31": "-75.25500", "2014-12-31": 5.086, "2014-09-30": -25.462, "2014-06-30": 17.755, "2014-03-31": "-38.95800", "2013-12-31": -22.843, "2013-09-30": -54.795, "2013-06-30": -31.166, "2013-03-31": "-59.02800", "2012-12-31": -158.445, "2012-09-30": -99.96, "2012-06-30": -51.591, "2012-03-31": "-66.26500", "2011-12-31": -100.159, "2011-09-30": -49.305, "2011-06-30": -5.444, "2011-03-31": "-15.04400", "2010-12-31": -44.233, "2010-09-30": -67.828, "2010-06-30": -60.481, "2010-03-31": "-75.27100", "2009-12-31": -29.939, "2009-09-30": -65.954, "2009-06-30": -98.351, "2009-03-31": "-169.24600", "2008-12-31": -41.393, "2008-09-30": -32.371, "2008-06-30": -26.785, "2008-03-31": "-73.56700", "2007-12-31": -33.961, "2007-09-30": -17.196, "2007-06-30": -14.397, "2007-03-31": "-6.68900", "2006-12-31": -8.939, "2006-09-30": -13.051, "2006-06-30": -17.755, "2006-03-31": "-4.70300", "2005-12-31": -48.123, "2005-09-30": 16.371, "2005-06-30": 2.477, "2005-03-31": "-5.78000"}, "Total Non-Cash Items": {"2020-09-30": -18.78, "2020-06-30": -147.458, "2020-03-31": "-2.42000", "2019-12-31": -24.69, "2019-09-30": -18.23, "2019-06-30": 6.444, "2019-03-31": "36.00100", "2018-12-31": 42.714, "2018-09-30": 58.476, "2018-06-30": 16.383, "2018-03-31": "26.59200", "2017-12-31": 62.805, "2017-09-30": 23.961, "2017-06-30": 29.45, "2017-03-31": "29.01100", "2016-12-31": -11.233, "2016-09-30": -9.365, "2016-06-30": 9.945, "2016-03-31": "26.55300", "2015-12-31": 48.118, "2015-09-30": 7.371, "2015-06-30": -46.15, "2015-03-31": "-27.01900", "2014-12-31": 53.475, "2014-09-30": 18.782, "2014-06-30": 63.376, "2014-03-31": "5.83200", "2013-12-31": 21.835, "2013-09-30": -14.799, "2013-06-30": 10.884, "2013-03-31": "-18.36700", "2012-12-31": -117.855, "2012-09-30": -60.719, "2012-06-30": -12.405, "2012-03-31": "-26.93500", "2011-12-31": -58.757, "2011-09-30": -10.445, "2011-06-30": 41.702, "2011-03-31": "25.01800", "2010-12-31": -5.209, "2010-09-30": -29.479, "2010-06-30": -20.089, "2010-03-31": "-33.90800", "2009-12-31": 8.779, "2009-09-30": -27.484, "2009-06-30": -57.956, "2009-03-31": "-130.15800", "2008-12-31": -2.681, "2008-09-30": 5.043, "2008-06-30": 12.409, "2008-03-31": "-32.82500", "2007-12-31": 5.516, "2007-09-30": 24.453, "2007-06-30": 24.7, "2007-03-31": "32.84700", "2006-12-31": 29.371, "2006-09-30": 25.816, "2006-06-30": 19.573, "2006-03-31": "32.75400", "2005-12-31": -13.918, "2005-09-30": 51.492, "2005-06-30": 41.809, "2005-03-31": "27.72300"}, "Change In Accounts Receivable": {"2020-09-30": -12.206, "2020-06-30": 30.021, "2020-03-31": "-6.56300", "2019-12-31": 15.36, "2019-09-30": -1.325, "2019-06-30": -45.662, "2019-03-31": "57.71000", "2018-12-31": 14.807, "2018-09-30": -37.602, "2018-06-30": -33.697, "2018-03-31": "-7.82900", "2017-12-31": 13.375, "2017-09-30": -13.856, "2017-06-30": -0.057, "2017-03-31": "-12.33700", "2016-12-31": 11.206, "2016-09-30": -24.998, "2016-06-30": -15.214, "2016-03-31": "28.10800", "2015-12-31": 54.056, "2015-09-30": -36.241, "2015-06-30": -13.842, "2015-03-31": "58.33100", "2014-12-31": 52.032, "2014-09-30": -15.957, "2014-06-30": -25.338, "2014-03-31": "22.35200", "2013-12-31": 3.298, "2013-09-30": 9.176, "2013-06-30": -10.771, "2013-03-31": "14.33500", "2012-12-31": 12.109, "2012-09-30": 11.818, "2012-06-30": -79.99, "2012-03-31": "37.56200", "2011-12-31": -77.326, "2011-09-30": 52.537, "2011-06-30": -32.657, "2011-03-31": "-19.88000", "2010-12-31": -7.864, "2010-09-30": 6.996, "2010-06-30": -32.243, "2010-03-31": "7.23100", "2009-12-31": 11.07, "2009-09-30": -39.828, "2009-06-30": -13.435, "2009-03-31": "101.74300", "2008-12-31": 69.815, "2008-09-30": -47.47, "2008-06-30": -24.707, "2008-03-31": "-3.85700", "2007-12-31": -17.661, "2007-09-30": -25.796, "2007-06-30": -30.096, "2007-03-31": "27.74500", "2006-12-31": 22.564, "2006-09-30": -23.386, "2006-06-30": -19.046, "2006-03-31": "20.70200", "2005-12-31": -10.34, "2005-09-30": -26.705, "2005-06-30": -30.483, "2005-03-31": "26.58800"}, "Change In Inventories": {"2020-09-30": 0, "2020-06-30": 0, "2020-03-31": "", "2019-12-31": 0, "2019-09-30": 0, "2019-06-30": 0, "2019-03-31": "", "2018-12-31": 0, "2018-09-30": 0, "2018-06-30": 0, "2018-03-31": "", "2017-12-31": 0, "2017-09-30": 0, "2017-06-30": 0, "2017-03-31": "", "2016-12-31": 0, "2016-09-30": 0, "2016-06-30": 0, "2016-03-31": "", "2015-12-31": 0, "2015-09-30": 0, "2015-06-30": 0, "2015-03-31": "", "2014-12-31": 0, "2014-09-30": 0, "2014-06-30": 0, "2014-03-31": "", "2013-12-31": 0, "2013-09-30": 0, "2013-06-30": 0, "2013-03-31": "", "2012-12-31": 0, "2012-09-30": 0, "2012-06-30": 0, "2012-03-31": "", "2011-12-31": 0, "2011-09-30": 0, "2011-06-30": 0, "2011-03-31": "", "2010-12-31": 0, "2010-09-30": 0, "2010-06-30": 0, "2010-03-31": "", "2009-12-31": 0, "2009-09-30": 0, "2009-06-30": 0, "2009-03-31": "", "2008-12-31": 0, "2008-09-30": 0, "2008-06-30": 0, "2008-03-31": "", "2007-12-31": 0, "2007-09-30": 0, "2007-06-30": 0, "2007-03-31": "", "2006-12-31": 0, "2006-09-30": 0, "2006-06-30": 0, "2006-03-31": "", "2005-12-31": 0, "2005-09-30": 0, "2005-06-30": 0, "2005-03-31": ""}, "Change In Accounts Payable": {"2020-09-30": 0, "2020-06-30": 0, "2020-03-31": "", "2019-12-31": 0, "2019-09-30": 0, "2019-06-30": 0, "2019-03-31": "", "2018-12-31": 0, "2018-09-30": 0, "2018-06-30": 0, "2018-03-31": "", "2017-12-31": 0, "2017-09-30": 0, "2017-06-30": 0, "2017-03-31": "", "2016-12-31": 0, "2016-09-30": 0, "2016-06-30": 0, "2016-03-31": "", "2015-12-31": 0, "2015-09-30": 0, "2015-06-30": 0, "2015-03-31": "", "2014-12-31": 0, "2014-09-30": 0, "2014-06-30": 0, "2014-03-31": "", "2013-12-31": 0, "2013-09-30": 0, "2013-06-30": 0, "2013-03-31": "", "2012-12-31": 0, "2012-09-30": 0, "2012-06-30": 0, "2012-03-31": "", "2011-12-31": 75.905, "2011-09-30": -75.905, "2011-06-30": 0, "2011-03-31": "", "2010-12-31": 0, "2010-09-30": 0, "2010-06-30": -2.155, "2010-03-31": "2.15500", "2009-12-31": 0.641, "2009-09-30": 20.107, "2009-06-30": 4.125, "2009-03-31": "-24.87300", "2008-12-31": -73.175, "2008-09-30": 8.586, "2008-06-30": 34.207, "2008-03-31": "11.66700", "2007-12-31": -17.438, "2007-09-30": 47.796, "2007-06-30": -0.613, "2007-03-31": "7.04900", "2006-12-31": -12.627, "2006-09-30": -10.109, "2006-06-30": 4.389, "2006-03-31": "0.51600", "2005-12-31": 7.755, "2005-09-30": 36.448, "2005-06-30": -22.065, "2005-03-31": "14.14400"}, "Change In Assets/Liabilities": {"2020-09-30": 73.27, "2020-06-30": 228.539, "2020-03-31": "72.65300", "2019-12-31": 112.007, "2019-09-30": 153.857, "2019-06-30": 71.798, "2019-03-31": "-39.98000", "2018-12-31": 43.981, "2018-09-30": 106.517, "2018-06-30": 32.121, "2018-03-31": "-17.77200", "2017-12-31": -42.957, "2017-09-30": 59.53, "2017-06-30": 35.736, "2017-03-31": "12.92300", "2016-12-31": 67.769, "2016-09-30": 55.709, "2016-06-30": 9.872, "2016-03-31": "67.69400", "2015-12-31": 43.269, "2015-09-30": 81.932, "2015-06-30": 58.158, "2015-03-31": "62.36700", "2014-12-31": 40.876, "2014-09-30": 56.402, "2014-06-30": 15.396, "2014-03-31": "-25.54700", "2013-12-31": 15.072, "2013-09-30": 36.564, "2013-06-30": 105.72, "2013-03-31": "30.98400", "2012-12-31": 211.165, "2012-09-30": 127.506, "2012-06-30": -3.431, "2012-03-31": "12.98500", "2011-12-31": 118.756, "2011-09-30": 14.901, "2011-06-30": 23.895, "2011-03-31": "-3.48300", "2010-12-31": 64.407, "2010-09-30": 128.877, "2010-06-30": 74.756, "2010-03-31": "54.80000", "2009-12-31": 30.925, "2009-09-30": 54.036, "2009-06-30": 124.092, "2009-03-31": "196.35000", "2008-12-31": 129.846, "2008-09-30": 15.377, "2008-06-30": -9.959, "2008-03-31": "58.90400", "2007-12-31": 12.488, "2007-09-30": -1.651, "2007-06-30": -10.718, "2007-03-31": "11.32400", "2006-12-31": 40.924, "2006-09-30": 19.154, "2006-06-30": 8.509, "2006-03-31": "-8.78000", "2005-12-31": 4.162, "2005-09-30": -13.268, "2005-06-30": 13.456, "2005-03-31": "-22.68000"}, "Total Change In Assets/Liabilities": {"2020-09-30": 68.162, "2020-06-30": 234.188, "2020-03-31": "29.82000", "2019-12-31": 128.996, "2019-09-30": 162.362, "2019-06-30": 6.808, "2019-03-31": "-4.99300", "2018-12-31": 148.873, "2018-09-30": 24.561, "2018-06-30": 10.684, "2018-03-31": "-32.63500", "2017-12-31": 4.679, "2017-09-30": 61.507, "2017-06-30": 58.527, "2017-03-31": "-16.68600", "2016-12-31": 52.484, "2016-09-30": 65.209, "2016-06-30": 0.325, "2016-03-31": "111.59400", "2015-12-31": 44.695, "2015-09-30": -5.442, "2015-06-30": 40.228, "2015-03-31": "133.29000", "2014-12-31": 39.871, "2014-09-30": 59.942, "2014-06-30": -78.514, "2014-03-31": "-7.36300", "2013-12-31": 52.29, "2013-09-30": 82.026, "2013-06-30": 30.528, "2013-03-31": "32.53400", "2012-12-31": 260.876, "2012-09-30": 137.718, "2012-06-30": -14.724, "2012-03-31": "-27.57000", "2011-12-31": 173.336, "2011-09-30": 7.861, "2011-06-30": -1.282, "2011-03-31": "-64.49900", "2010-12-31": 144.921, "2010-09-30": 93.993, "2010-06-30": 59.707, "2010-03-31": "15.49700", "2009-12-31": 18.701, "2009-09-30": 40.198, "2009-06-30": 106.638, "2009-03-31": "224.96700", "2008-12-31": 172.592, "2008-09-30": 15.343, "2008-06-30": -27.061, "2008-03-31": "24.82600", "2007-12-31": 1.262, "2007-09-30": 46.229, "2007-06-30": -13.735, "2007-03-31": "11.29000", "2006-12-31": 37.182, "2006-09-30": -2.446, "2006-06-30": 29.58, "2006-03-31": "6.22100", "2005-12-31": 39.208, "2005-09-30": -3.525, "2005-06-30": -46.736, "2005-03-31": "-4.30400"}, "Cash Flow From Operating Activities": {"2020-09-30": 114.885, "2020-06-30": 136.09, "2020-03-31": "61.29300", "2019-12-31": 171.042, "2019-09-30": 208.022, "2019-06-30": 56.237, "2019-03-31": "77.16900", "2018-12-31": 241.633, "2018-09-30": 149.408, "2018-06-30": 73.594, "2018-03-31": "34.67700", "2017-12-31": 100.327, "2017-09-30": 146.012, "2017-06-30": 127.111, "2017-03-31": "46.99100", "2016-12-31": 86.358, "2016-09-30": 183.457, "2016-06-30": 54.871, "2016-03-31": "170.97200", "2015-12-31": 135.606, "2015-09-30": 52.88, "2015-06-30": 29.762, "2015-03-31": "138.61000", "2014-12-31": 128.11, "2014-09-30": 127.003, "2014-06-30": 26.616, "2014-03-31": "43.69100", "2013-12-31": 114.842, "2013-09-30": 115.934, "2013-06-30": 82.473, "2013-03-31": "48.31900", "2012-12-31": 157.33, "2012-09-30": 125.176, "2012-06-30": 12.144, "2012-03-31": "-15.71600", "2011-12-31": 149.277, "2011-09-30": 45.908, "2011-06-30": 68.415, "2011-03-31": "-13.23400", "2010-12-31": 163.858, "2010-09-30": 98.62, "2010-06-30": 68.37, "2010-03-31": "9.86900", "2009-12-31": 41.607, "2009-09-30": 46.668, "2009-06-30": 64.634, "2009-03-31": "115.67700", "2008-12-31": 184.278, "2008-09-30": 58.138, "2008-06-30": -8.57, "2008-03-31": "25.96800", "2007-12-31": 49.253, "2007-09-30": 90.563, "2007-06-30": 28.514, "2007-03-31": "50.90100", "2006-12-31": 82.67, "2006-09-30": 55.693, "2006-06-30": 76.377, "2006-03-31": "71.31200", "2005-12-31": 62.059, "2005-09-30": 86.212, "2005-06-30": 22.653, "2005-03-31": "47.51400"}, "Net Change In Property, Plant, And Equipment": {"2020-09-30": -98.356, "2020-06-30": -72.262, "2020-03-31": "-125.55400", "2019-12-31": -104.187, "2019-09-30": -102.991, "2019-06-30": -108.858, "2019-03-31": "-120.42400", "2018-12-31": -126.147, "2018-09-30": -134.298, "2018-06-30": -117.892, "2018-03-31": "-128.43300", "2017-12-31": -128.093, "2017-09-30": -109.792, "2017-06-30": -112.162, "2017-03-31": "-80.40700", "2016-12-31": -64.304, "2016-09-30": -46.778, "2016-06-30": -72.443, "2016-03-31": "-113.82500", "2015-12-31": -81.932, "2015-09-30": -46.552, "2015-06-30": -72.693, "2015-03-31": "-113.77600", "2014-12-31": -83.861, "2014-09-30": -77.451, "2014-06-30": -76.44, "2014-03-31": "-82.05500", "2013-12-31": -133.084, "2013-09-30": -79.052, "2013-06-30": -79.645, "2013-03-31": "-56.28500", "2012-12-31": -130.201, "2012-09-30": -70.95, "2012-06-30": -73.172, "2012-03-31": "-39.07400", "2011-12-31": -75.859, "2011-09-30": -50.745, "2011-06-30": -45.469, "2011-03-31": "-31.48900", "2010-12-31": -48.883, "2010-09-30": -39.609, "2010-06-30": -35.303, "2010-03-31": "-29.80800", "2009-12-31": -41.185, "2009-09-30": -61.794, "2009-06-30": -92.027, "2009-03-31": "-78.14800", "2008-12-31": -104.05, "2008-09-30": -65.969, "2008-06-30": -49.667, "2008-03-31": "-45.04600", "2007-12-31": -73.276, "2007-09-30": -53.7, "2007-06-30": -39.284, "2007-03-31": "-33.02600", "2006-12-31": -56.664, "2006-09-30": -46.686, "2006-06-30": -48.375, "2006-03-31": "-38.69400", "2005-12-31": -65.546, "2005-09-30": -55.72, "2005-06-30": -43.47, "2005-03-31": "-37.23200"}, "Net Change In Intangible Assets": {"2020-09-30": 0, "2020-06-30": 0, "2020-03-31": "", "2019-12-31": 0, "2019-09-30": 0, "2019-06-30": 0, "2019-03-31": "", "2018-12-31": 0, "2018-09-30": 0, "2018-06-30": 0, "2018-03-31": "", "2017-12-31": 0, "2017-09-30": 0, "2017-06-30": 0, "2017-03-31": "", "2016-12-31": 0, "2016-09-30": 0, "2016-06-30": 0, "2016-03-31": "", "2015-12-31": 0, "2015-09-30": 0, "2015-06-30": 0, "2015-03-31": "", "2014-12-31": 0, "2014-09-30": 0, "2014-06-30": 0, "2014-03-31": "", "2013-12-31": 0, "2013-09-30": 0, "2013-06-30": 0, "2013-03-31": "", "2012-12-31": 0, "2012-09-30": 0, "2012-06-30": 0, "2012-03-31": "", "2011-12-31": 0, "2011-09-30": 0, "2011-06-30": 0, "2011-03-31": "", "2010-12-31": 0, "2010-09-30": 0, "2010-06-30": 0, "2010-03-31": "", "2009-12-31": 0, "2009-09-30": 0, "2009-06-30": 0, "2009-03-31": "", "2008-12-31": 0, "2008-09-30": 0, "2008-06-30": 0, "2008-03-31": "", "2007-12-31": 0, "2007-09-30": 0, "2007-06-30": 0, "2007-03-31": "", "2006-12-31": 0, "2006-09-30": 0, "2006-06-30": 0, "2006-03-31": "", "2005-12-31": 0, "2005-09-30": 0, "2005-06-30": 0, "2005-03-31": ""}, "Net Acquisitions/Divestitures": {"2020-09-30": 0, "2020-06-30": 0, "2020-03-31": "", "2019-12-31": 0, "2019-09-30": 0, "2019-06-30": 0, "2019-03-31": "", "2018-12-31": 0, "2018-09-30": 0, "2018-06-30": 0, "2018-03-31": "", "2017-12-31": -76.323, "2017-09-30": 0, "2017-06-30": 0, "2017-03-31": "", "2016-12-31": 0, "2016-09-30": 0, "2016-06-30": 0, "2016-03-31": "", "2015-12-31": 0, "2015-09-30": 0, "2015-06-30": 0, "2015-03-31": "", "2014-12-31": 0, "2014-09-30": 0, "2014-06-30": 0, "2014-03-31": "", "2013-12-31": 0, "2013-09-30": 0, "2013-06-30": 0, "2013-03-31": "", "2012-12-31": 0, "2012-09-30": 0, "2012-06-30": 0, "2012-03-31": "", "2011-12-31": 0, "2011-09-30": 0, "2011-06-30": 0, "2011-03-31": "", "2010-12-31": 0, "2010-09-30": 0, "2010-06-30": 0, "2010-03-31": "", "2009-12-31": 0, "2009-09-30": 0, "2009-06-30": 0, "2009-03-31": "", "2008-12-31": 0, "2008-09-30": 0, "2008-06-30": 0, "2008-03-31": "", "2007-12-31": 0, "2007-09-30": 0, "2007-06-30": 0, "2007-03-31": "", "2006-12-31": 0, "2006-09-30": 0, "2006-06-30": 0, "2006-03-31": "", "2005-12-31": 0, "2005-09-30": 0, "2005-06-30": 0, "2005-03-31": ""}, "Net Change In Short-term Investments": {"2020-09-30": -359.505, "2020-06-30": -44.443, "2020-03-31": "-81.53100", "2019-12-31": -25.161, "2019-09-30": 90.507, "2019-06-30": 66.585, "2019-03-31": "52.74000", "2018-12-31": 16.672, "2018-09-30": 3.242, "2018-06-30": 11.189, "2018-03-31": "-36.50800", "2017-12-31": -93.707, "2017-09-30": -18.594, "2017-06-30": -72.169, "2017-03-31": "-123.67800", "2016-12-31": -132.775, "2016-09-30": -107.454, "2016-06-30": 16.109, "2016-03-31": "-73.56800", "2015-12-31": -45.079, "2015-09-30": -86.37, "2015-06-30": -109.658, "2015-03-31": "-34.88400", "2014-12-31": -14.865, "2014-09-30": 14.429, "2014-06-30": -28.014, "2014-03-31": "15.24900", "2013-12-31": 1.138, "2013-09-30": 21.668, "2013-06-30": 84.666, "2013-03-31": "9.79900", "2012-12-31": -9.896, "2012-09-30": -24.083, "2012-06-30": -7.277, "2012-03-31": "-7.57600", "2011-12-31": -53.84, "2011-09-30": 144.196, "2011-06-30": -34.749, "2011-03-31": "5.22200", "2010-12-31": -114.293, "2010-09-30": 41.291, "2010-06-30": -54.066, "2010-03-31": "-122.04700", "2009-12-31": 187.156, "2009-09-30": -0.711, "2009-06-30": -13.496, "2009-03-31": "71.55400", "2008-12-31": 63.162, "2008-09-30": 125.222, "2008-06-30": 1176.794, "2008-03-31": "67.67500", "2007-12-31": 31.724, "2007-09-30": 160.087, "2007-06-30": 82.949, "2007-03-31": "-23.63900", "2006-12-31": -8.185, "2006-09-30": 188.982, "2006-06-30": 82.477, "2006-03-31": "-3.36800", "2005-12-31": 97.64, "2005-09-30": -35.16, "2005-06-30": 87.454, "2005-03-31": "119.57400"}, "Net Change In Long-Term Investments": {"2020-09-30": -55.946, "2020-06-30": -252.69, "2020-03-31": "-62.01900", "2019-12-31": -47.362, "2019-09-30": -81.629, "2019-06-30": -149.648, "2019-03-31": "-17.59900", "2018-12-31": -134.314, "2018-09-30": -15.451, "2018-06-30": -62.876, "2018-03-31": "-67.27800", "2017-12-31": -36.483, "2017-09-30": 53.448, "2017-06-30": -21.216, "2017-03-31": "13.89500", "2016-12-31": -4.386, "2016-09-30": 4.468, "2016-06-30": -113.688, "2016-03-31": "-28.67700", "2015-12-31": -79.572, "2015-09-30": -78.565, "2015-06-30": 42.351, "2015-03-31": "-6.93400", "2014-12-31": -93.282, "2014-09-30": -41.845, "2014-06-30": -93.4, "2014-03-31": "-32.03900", "2013-12-31": -103.563, "2013-09-30": -91.945, "2013-06-30": -132.508, "2013-03-31": "-66.93400", "2012-12-31": -35.006, "2012-09-30": -14.768, "2012-06-30": -27.002, "2012-03-31": "-34.21200", "2011-12-31": -27.335, "2011-09-30": -48.921, "2011-06-30": -34.555, "2011-03-31": "-70.26900", "2010-12-31": -52.35, "2010-09-30": 110.225, "2010-06-30": 22.945, "2010-03-31": "38.07200", "2009-12-31": 88.254, "2009-09-30": 91.325, "2009-06-30": 141.66, "2009-03-31": "163.72100", "2008-12-31": -36.396, "2008-09-30": -26.469, "2008-06-30": 23.042, "2008-03-31": "-52.40100", "2007-12-31": -48.667, "2007-09-30": -125.88, "2007-06-30": -66.623, "2007-03-31": "-38.69600", "2006-12-31": -15.077, "2006-09-30": -37.699, "2006-06-30": -101.018, "2006-03-31": "-58.07800", "2005-12-31": -26.951, "2005-09-30": -64.126, "2005-06-30": -97.439, "2005-03-31": "-81.88700"}, "Net Change In Investments - Total": {"2020-09-30": -415.451, "2020-06-30": -297.133, "2020-03-31": "-143.55000", "2019-12-31": -72.523, "2019-09-30": 8.878, "2019-06-30": -83.063, "2019-03-31": "35.14100", "2018-12-31": -117.642, "2018-09-30": -12.209, "2018-06-30": -51.687, "2018-03-31": "-103.78600", "2017-12-31": -130.19, "2017-09-30": 34.854, "2017-06-30": -93.385, "2017-03-31": "-109.78300", "2016-12-31": -137.161, "2016-09-30": -102.986, "2016-06-30": -97.579, "2016-03-31": "-102.24500", "2015-12-31": -124.651, "2015-09-30": -164.935, "2015-06-30": -67.307, "2015-03-31": "-41.81800", "2014-12-31": -108.147, "2014-09-30": -27.416, "2014-06-30": -121.414, "2014-03-31": "-16.79000", "2013-12-31": -102.425, "2013-09-30": -70.277, "2013-06-30": -47.842, "2013-03-31": "-57.13500", "2012-12-31": -44.902, "2012-09-30": -38.851, "2012-06-30": -34.279, "2012-03-31": "-41.78800", "2011-12-31": -81.175, "2011-09-30": 95.275, "2011-06-30": -69.304, "2011-03-31": "-65.04700", "2010-12-31": -166.643, "2010-09-30": 151.516, "2010-06-30": -31.121, "2010-03-31": "-83.97500", "2009-12-31": 275.41, "2009-09-30": 90.614, "2009-06-30": 128.164, "2009-03-31": "235.27500", "2008-12-31": 26.766, "2008-09-30": 98.753, "2008-06-30": 1199.836, "2008-03-31": "15.27400", "2007-12-31": -16.9431, "2007-09-30": 34.207, "2007-06-30": 16.326, "2007-03-31": "-62.33500", "2006-12-31": -23.262, "2006-09-30": 151.283, "2006-06-30": -18.541, "2006-03-31": "-61.44600", "2005-12-31": 70.689, "2005-09-30": -99.286, "2005-06-30": -9.985, "2005-03-31": "37.68700"}, "Investing Activities - Other": {"2020-09-30": -1.57, "2020-06-30": 0.602, "2020-03-31": "8.64100", "2019-12-31": 8.435, "2019-09-30": -4.191, "2019-06-30": -0.231, "2019-03-31": "2.30500", "2018-12-31": -6.509, "2018-09-30": -3.834, "2018-06-30": 9.21, "2018-03-31": "1.16800", "2017-12-31": -11.363, "2017-09-30": -6.871, "2017-06-30": 2.507, "2017-03-31": "5.70900", "2016-12-31": 0.744, "2016-09-30": -0.994, "2016-06-30": 0.287, "2016-03-31": "0.81900", "2015-12-31": 3.856, "2015-09-30": 0.265, "2015-06-30": 0.27, "2015-03-31": "3.54900", "2014-12-31": 0.451, "2014-09-30": 0.189, "2014-06-30": 0.142, "2014-03-31": "0.34300", "2013-12-31": 0.751, "2013-09-30": 26.19, "2013-06-30": -0.247, "2013-03-31": "0.86900", "2012-12-31": 0.913, "2012-09-30": 0.865, "2012-06-30": 0, "2012-03-31": "", "2011-12-31": -0.051, "2011-09-30": -0.012, "2011-06-30": -3.056, "2011-03-31": "0.14500", "2010-12-31": 3.477, "2010-09-30": 1.625, "2010-06-30": -0.01, "2010-03-31": "", "2009-12-31": 0.773, "2009-09-30": 0.34, "2009-06-30": 0, "2009-03-31": "0.08600", "2008-12-31": 0.392, "2008-09-30": -0.026, "2008-06-30": 0.807, "2008-03-31": "-0.05700", "2007-12-31": 0.181, "2007-09-30": 5.263, "2007-06-30": 0.457, "2007-03-31": "0.00100", "2006-12-31": -0.335, "2006-09-30": 0.607, "2006-06-30": 0.259, "2006-03-31": "1.17700", "2005-12-31": -0.288, "2005-09-30": 0.053, "2005-06-30": -0.104, "2005-03-31": "1.24800"}, "Cash Flow From Investing Activities": {"2020-09-30": -515.377, "2020-06-30": -368.793, "2020-03-31": "-260.46300", "2019-12-31": -168.275, "2019-09-30": -98.304, "2019-06-30": -192.152, "2019-03-31": "-82.97800", "2018-12-31": -250.298, "2018-09-30": -150.341, "2018-06-30": -160.369, "2018-03-31": "-231.05100", "2017-12-31": -345.969, "2017-09-30": -81.809, "2017-06-30": -203.04, "2017-03-31": "-184.48100", "2016-12-31": -200.721, "2016-09-30": -150.758, "2016-06-30": -169.735, "2016-03-31": "-215.25100", "2015-12-31": -202.727, "2015-09-30": -211.222, "2015-06-30": -139.73, "2015-03-31": "-152.04500", "2014-12-31": -191.557, "2014-09-30": -104.678, "2014-06-30": -197.712, "2014-03-31": "-98.50200", "2013-12-31": -234.758, "2013-09-30": -123.139, "2013-06-30": -127.734, "2013-03-31": "-112.55100", "2012-12-31": -174.19, "2012-09-30": -108.936, "2012-06-30": -107.451, "2012-03-31": "-80.86200", "2011-12-31": -157.085, "2011-09-30": 44.518, "2011-06-30": -117.829, "2011-03-31": "-96.39100", "2010-12-31": -212.049, "2010-09-30": 113.532, "2010-06-30": -66.434, "2010-03-31": "-113.78300", "2009-12-31": 234.998, "2009-09-30": 29.16, "2009-06-30": 36.137, "2009-03-31": "157.21300", "2008-12-31": -76.892, "2008-09-30": 32.758, "2008-06-30": 1150.976, "2008-03-31": "-29.82900", "2007-12-31": -90.038, "2007-09-30": -14.23, "2007-06-30": -22.501, "2007-03-31": "-95.36000", "2006-12-31": -80.261, "2006-09-30": 105.204, "2006-06-30": -66.657, "2006-03-31": "-98.96300", "2005-12-31": 4.855, "2005-09-30": -154.953, "2005-06-30": -53.559, "2005-03-31": "1.70300"}, "Net Long-Term Debt": {"2020-09-30": 12.158, "2020-06-30": -11.319, "2020-03-31": "186.01600", "2019-12-31": -2.628, "2019-09-30": 1.031, "2019-06-30": 3.111, "2019-03-31": "0.55000", "2018-12-31": 97.98, "2018-09-30": -0.989, "2018-06-30": 99.122, "2018-03-31": "", "2017-12-31": 67.325, "2017-09-30": 0, "2017-06-30": 0, "2017-03-31": "", "2016-12-31": 40, "2016-09-30": 0, "2016-06-30": 0, "2016-03-31": "", "2015-12-31": 80, "2015-09-30": 0, "2015-06-30": 0, "2015-03-31": "", "2014-12-31": -11.4, "2014-09-30": 0, "2014-06-30": 25, "2014-03-31": "", "2013-12-31": 70, "2013-09-30": 0, "2013-06-30": 0, "2013-03-31": "", "2012-12-31": -7, "2012-09-30": 0, "2012-06-30": 146, "2012-03-31": "-57.50000", "2011-12-31": 0, "2011-09-30": -100, "2011-06-30": 0, "2011-03-31": "75.00000", "2010-12-31": 0, "2010-09-30": 0, "2010-06-30": 0, "2010-03-31": "", "2009-12-31": 0, "2009-09-30": 150.018, "2009-06-30": 0.02, "2009-03-31": "3.14800", "2008-12-31": 0.568, "2008-09-30": 3.905, "2008-06-30": 4.905, "2008-03-31": "-40.10300", "2007-12-31": 12.118, "2007-09-30": -0.906, "2007-06-30": 5.648, "2007-03-31": "89.67900", "2006-12-31": 0, "2006-09-30": 100, "2006-06-30": -100, "2006-03-31": "-10.00000", "2005-12-31": -30.063, "2005-09-30": 4.882, "2005-06-30": -0.842, "2005-03-31": "1.48500"}, "Net Current Debt": {"2020-09-30": 33.401, "2020-06-30": -1.131, "2020-03-31": "-43.21500", "2019-12-31": 7.794, "2019-09-30": -30.352, "2019-06-30": 123.109, "2019-03-31": "16.23700", "2018-12-31": -90.438, "2018-09-30": -55.332, "2018-06-30": 2.842, "2018-03-31": "120.48500", "2017-12-31": 155.27, "2017-09-30": -75.291, "2017-06-30": 47.489, "2017-03-31": "-11.23400", "2016-12-31": -50, "2016-09-30": -129.518, "2016-06-30": 10.5, "2016-03-31": "-26.11200", "2015-12-31": -78.929, "2015-09-30": 47.449, "2015-06-30": 104.043, "2015-03-31": "-88.47200", "2014-12-31": -1.003, "2014-09-30": -9.599, "2014-06-30": 48.806, "2014-03-31": "30.88700", "2013-12-31": -25.859, "2013-09-30": 55.555, "2013-06-30": -8.151, "2013-03-31": "50.24400", "2012-12-31": 1.474, "2012-09-30": -14.021, "2012-06-30": -60.048, "2012-03-31": "87.46700", "2011-12-31": 2.626, "2011-09-30": 51.195, "2011-06-30": 0, "2011-03-31": "-24.92300", "2010-12-31": -2.373, "2010-09-30": -27.716, "2010-06-30": -5.226, "2010-03-31": "18.24900", "2009-12-31": -42.709, "2009-09-30": -90.885, "2009-06-30": 34.903, "2009-03-31": "-248.38200", "2008-12-31": -209.169, "2008-09-30": 61.115, "2008-06-30": -1094.764, "2008-03-31": "62.81900", "2007-12-31": 41.095, "2007-09-30": -28.661, "2007-06-30": 118.57, "2007-03-31": "-63.96300", "2006-12-31": 28.0289, "2006-09-30": -282.9011, "2006-06-30": 148.6381, "2006-03-31": "26.55600", "2005-12-31": -51.9821, "2005-09-30": -12.045, "2005-06-30": -42.264, "2005-03-31": "-30.58500"}, "Debt Issuance/Retirement Net - Total": {"2020-09-30": 45.559, "2020-06-30": -12.45, "2020-03-31": "142.80100", "2019-12-31": 5.166, "2019-09-30": -29.321, "2019-06-30": 126.22, "2019-03-31": "16.78700", "2018-12-31": 7.542, "2018-09-30": -56.321, "2018-06-30": 101.964, "2018-03-31": "120.48500", "2017-12-31": 222.595, "2017-09-30": -75.291, "2017-06-30": 47.489, "2017-03-31": "-11.23400", "2016-12-31": -10, "2016-09-30": -129.518, "2016-06-30": 10.5, "2016-03-31": "-26.11200", "2015-12-31": 1.071, "2015-09-30": 47.449, "2015-06-30": 104.043, "2015-03-31": "-88.47200", "2014-12-31": -12.403, "2014-09-30": -9.599, "2014-06-30": 73.806, "2014-03-31": "30.88700", "2013-12-31": 44.141, "2013-09-30": 55.555, "2013-06-30": -8.151, "2013-03-31": "50.24400", "2012-12-31": -5.526, "2012-09-30": -14.021, "2012-06-30": 85.952, "2012-03-31": "29.96700", "2011-12-31": 2.626, "2011-09-30": -48.805, "2011-06-30": 0, "2011-03-31": "50.07700", "2010-12-31": -2.373, "2010-09-30": -27.716, "2010-06-30": -5.226, "2010-03-31": "18.24900", "2009-12-31": -42.709, "2009-09-30": 59.133, "2009-06-30": 34.923, "2009-03-31": "-245.23400", "2008-12-31": -208.601, "2008-09-30": 65.02, "2008-06-30": -1089.859, "2008-03-31": "22.71600", "2007-12-31": 53.213, "2007-09-30": -29.567, "2007-06-30": 124.218, "2007-03-31": "25.71600", "2006-12-31": 28.0289, "2006-09-30": -182.9011, "2006-06-30": 48.6381, "2006-03-31": "16.55600", "2005-12-31": -82.0451, "2005-09-30": -7.163, "2005-06-30": -43.106, "2005-03-31": "-29.10000"}, "Net Common Equity Issued/Repurchased": {"2020-09-30": 0, "2020-06-30": 0, "2020-03-31": "", "2019-12-31": 0, "2019-09-30": 0, "2019-06-30": 0, "2019-03-31": "", "2018-12-31": 0, "2018-09-30": 0, "2018-06-30": 0, "2018-03-31": "", "2017-12-31": 0, "2017-09-30": 0, "2017-06-30": 0, "2017-03-31": "", "2016-12-31": 2.319, "2016-09-30": 3.233, "2016-06-30": 4.646, "2016-03-31": "3.02200", "2015-12-31": -0.002, "2015-09-30": -0.032, "2015-06-30": 0.001, "2015-03-31": "104.46800", "2014-12-31": -0.012, "2014-09-30": 23.862, "2014-06-30": -0.006, "2014-03-31": "3.05400", "2013-12-31": 36.703, "2013-09-30": 6.389, "2013-06-30": 7.291, "2013-03-31": "4.70300", "2012-12-31": 6.732, "2012-09-30": 4.972, "2012-06-30": 5.969, "2012-03-31": "5.94000", "2011-12-31": 1.118, "2011-09-30": 2.79, "2011-06-30": 6.397, "2011-03-31": "5.67400", "2010-12-31": 6.034, "2010-09-30": 5.883, "2010-06-30": 5.232, "2010-03-31": "5.55700", "2009-12-31": 4.325, "2009-09-30": 2.218, "2009-06-30": 1.421, "2009-03-31": "7.36500", "2008-12-31": 115.376, "2008-09-30": 5.594, "2008-06-30": 9.159, "2008-03-31": "6.31400", "2007-12-31": 5.623, "2007-09-30": 7.108, "2007-06-30": 5.93, "2007-03-31": "2.41100", "2006-12-31": 2.089, "2006-09-30": 0.911, "2006-06-30": 2.378, "2006-03-31": "0.10300", "2005-12-31": 0.457, "2005-09-30": 0.314, "2005-06-30": 2.918, "2005-03-31": ""}, "Net Total Equity Issued/Repurchased": {"2020-09-30": 0, "2020-06-30": 0, "2020-03-31": "", "2019-12-31": 0, "2019-09-30": 0, "2019-06-30": 0, "2019-03-31": "", "2018-12-31": 0, "2018-09-30": 0, "2018-06-30": 0, "2018-03-31": "", "2017-12-31": 0, "2017-09-30": 0, "2017-06-30": 0, "2017-03-31": "", "2016-12-31": 2.319, "2016-09-30": 3.233, "2016-06-30": 4.646, "2016-03-31": "3.02200", "2015-12-31": -0.002, "2015-09-30": -0.032, "2015-06-30": 0.001, "2015-03-31": "104.46800", "2014-12-31": -0.012, "2014-09-30": 23.862, "2014-06-30": -0.006, "2014-03-31": "3.05400", "2013-12-31": 36.703, "2013-09-30": 6.389, "2013-06-30": 7.291, "2013-03-31": "4.70300", "2012-12-31": 6.732, "2012-09-30": 4.972, "2012-06-30": 5.969, "2012-03-31": "5.94000", "2011-12-31": 1.118, "2011-09-30": 2.79, "2011-06-30": 6.397, "2011-03-31": "5.67400", "2010-12-31": 6.034, "2010-09-30": 5.883, "2010-06-30": 5.232, "2010-03-31": "5.55700", "2009-12-31": 4.325, "2009-09-30": 2.218, "2009-06-30": 1.894, "2009-03-31": "6.89200", "2008-12-31": 115.376, "2008-09-30": 5.594, "2008-06-30": 9.159, "2008-03-31": "6.31400", "2007-12-31": 5.623, "2007-09-30": 7.108, "2007-06-30": 5.93, "2007-03-31": "2.41100", "2006-12-31": 2.089, "2006-09-30": 0.911, "2006-06-30": 2.378, "2006-03-31": "0.10300", "2005-12-31": 0.457, "2005-09-30": 0.314, "2005-06-30": 2.918, "2005-03-31": ""}, "Total Common And Preferred Stock Dividends Paid": {"2020-09-30": -36.5, "2020-06-30": -36.492, "2020-03-31": "-36.49100", "2019-12-31": -35.345, "2019-09-30": -35.342, "2019-06-30": -35.333, "2019-03-31": "-35.33300", "2018-12-31": -34.225, "2018-09-30": -34.225, "2018-06-30": -34.213, "2018-03-31": "-34.21400", "2017-12-31": -34.197, "2017-09-30": -34.194, "2017-06-30": -34.186, "2017-03-31": "-34.18600", "2016-12-31": -34.127, "2016-09-30": -28.5, "2016-06-30": -28.348, "2016-03-31": "-28.18900", "2015-12-31": -33.786, "2015-09-30": -33.783, "2015-06-30": -33.784, "2015-03-31": "-32.30200", "2014-12-31": -32.257, "2014-09-30": -32.229, "2014-06-30": -31.954, "2014-03-31": "-31.90800", "2013-12-31": -25.272, "2013-09-30": -25.134, "2013-06-30": -25, "2013-03-31": "-24.86700", "2012-12-31": -24.709, "2012-09-30": -24.586, "2012-06-30": -24.469, "2012-03-31": "-24.32800", "2011-12-31": -30.215, "2011-09-30": -30.21, "2011-06-30": -24.211, "2011-03-31": "-24.06600", "2010-12-31": -23.922, "2010-09-30": -23.81, "2010-06-30": -23.671, "2010-03-31": "-23.52100", "2009-12-31": -23.385, "2009-09-30": -23.275, "2009-06-30": -29.308, "2009-03-31": "-22.76500", "2008-12-31": -21.584, "2008-09-30": -21.467, "2008-06-30": -21.767, "2008-03-31": "-20.67600", "2007-12-31": -22.441, "2007-09-30": -20.458, "2007-06-30": -20.314, "2007-03-31": "-20.16600", "2006-12-31": -25.204, "2006-09-30": -25.187, "2006-06-30": -25.17, "2006-03-31": "-25.11200", "2005-12-31": -25.085, "2005-09-30": -25.08, "2005-06-30": -25.067, "2005-03-31": "-25.00600"}, "Financial Activities - Other": {"2020-09-30": 2.582, "2020-06-30": 649.087, "2020-03-31": "101.59100", "2019-12-31": 78.109, "2019-09-30": -66.616, "2019-06-30": 57.17, "2019-03-31": "41.55400", "2018-12-31": 32.502, "2018-09-30": 8.868, "2018-06-30": 28.904, "2018-03-31": "93.00700", "2017-12-31": 116.952, "2017-09-30": 37.074, "2017-06-30": 38.777, "2017-03-31": "138.68800", "2016-12-31": 150.268, "2016-09-30": 149.233, "2016-06-30": 50.531, "2016-03-31": "129.82300", "2015-12-31": 171.899, "2015-09-30": 72.438, "2015-06-30": 48.227, "2015-03-31": "146.36700", "2014-12-31": 91.106, "2014-09-30": -0.181, "2014-06-30": 48.507, "2014-03-31": "101.86200", "2013-12-31": 69.338, "2013-09-30": 31.725, "2013-06-30": -37.875, "2013-03-31": "77.19800", "2012-12-31": 91.513, "2012-09-30": -21.642, "2012-06-30": -0.942, "2012-03-31": "51.08000", "2011-12-31": 21.061, "2011-09-30": 2.536, "2011-06-30": 17.72, "2011-03-31": "63.54300", "2010-12-31": 11.615, "2010-09-30": -57.345, "2010-06-30": -41.979, "2010-03-31": "-58.26100", "2009-12-31": 30.047, "2009-09-30": -120.796, "2009-06-30": -3.708, "2009-03-31": "-33.85900", "2008-12-31": -10.89, "2008-09-30": -96.502, "2008-06-30": -88.875, "2008-03-31": "-7.20500", "2007-12-31": -11.784, "2007-09-30": -34.694, "2007-06-30": -129.437, "2007-03-31": "20.09400", "2006-12-31": 58.054, "2006-09-30": 11.454, "2006-06-30": -50.002, "2006-03-31": "60.81300", "2005-12-31": 16.626, "2005-09-30": 107.377, "2005-06-30": 84.511, "2005-03-31": "71.14000"}, "Cash Flow From Financial Activities": {"2020-09-30": 11.641, "2020-06-30": 600.145, "2020-03-31": "207.90100", "2019-12-31": 47.93, "2019-09-30": -131.279, "2019-06-30": 148.057, "2019-03-31": "23.00800", "2018-12-31": 5.819, "2018-09-30": -81.678, "2018-06-30": 96.655, "2018-03-31": "179.27800", "2017-12-31": 305.35, "2017-09-30": -72.411, "2017-06-30": 52.08, "2017-03-31": "93.26800", "2016-12-31": 108.46, "2016-09-30": -5.552, "2016-06-30": 37.329, "2016-03-31": "78.54400", "2015-12-31": 139.182, "2015-09-30": 86.072, "2015-06-30": 118.487, "2015-03-31": "130.06100", "2014-12-31": 46.434, "2014-09-30": -18.147, "2014-06-30": 90.353, "2014-03-31": "103.89500", "2013-12-31": 124.91, "2013-09-30": 68.535, "2013-06-30": -63.735, "2013-03-31": "107.27800", "2012-12-31": 68.01, "2012-09-30": -55.277, "2012-06-30": 66.51, "2012-03-31": "62.65900", "2011-12-31": -5.41, "2011-09-30": -73.689, "2011-06-30": -0.094, "2011-03-31": "95.22800", "2010-12-31": -8.646, "2010-09-30": -102.988, "2010-06-30": -65.644, "2010-03-31": "-57.97600", "2009-12-31": -31.722, "2009-09-30": -82.72, "2009-06-30": 3.801, "2009-03-31": "-294.96600", "2008-12-31": -125.699, "2008-09-30": -47.355, "2008-06-30": -1191.342, "2008-03-31": "1.14900", "2007-12-31": 24.611, "2007-09-30": -77.611, "2007-06-30": -19.603, "2007-03-31": "28.05500", "2006-12-31": 62.968, "2006-09-30": -195.723, "2006-06-30": -24.156, "2006-03-31": "52.36000", "2005-12-31": -90.047, "2005-09-30": 75.448, "2005-06-30": 19.256, "2005-03-31": "17.03400"}, "Net Cash Flow": {"2020-09-30": -388.851, "2020-06-30": 367.442, "2020-03-31": "8.73100", "2019-12-31": 50.697, "2019-09-30": -21.561, "2019-06-30": 12.142, "2019-03-31": "17.19900", "2018-12-31": -2.846, "2018-09-30": -82.611, "2018-06-30": 9.88, "2018-03-31": "-17.09600", "2017-12-31": 59.708, "2017-09-30": -8.208, "2017-06-30": -23.849, "2017-03-31": "-44.22200", "2016-12-31": -5.903, "2016-09-30": 27.147, "2016-06-30": -77.535, "2016-03-31": "34.26500", "2015-12-31": 72.061, "2015-09-30": -72.27, "2015-06-30": 8.519, "2015-03-31": "116.62600", "2014-12-31": -17.013, "2014-09-30": 4.178, "2014-06-30": -80.743, "2014-03-31": "49.08400", "2013-12-31": 4.994, "2013-09-30": 61.33, "2013-06-30": -108.996, "2013-03-31": "43.04600", "2012-12-31": 51.15, "2012-09-30": -39.037, "2012-06-30": -28.797, "2012-03-31": "-33.91900", "2011-12-31": -13.218, "2011-09-30": 16.737, "2011-06-30": -49.508, "2011-03-31": "-14.39700", "2010-12-31": -56.837, "2010-09-30": 109.164, "2010-06-30": -63.708, "2010-03-31": "-161.89000", "2009-12-31": 244.883, "2009-09-30": -6.892, "2009-06-30": 104.572, "2009-03-31": "-22.07600", "2008-12-31": -18.313, "2008-09-30": 43.541, "2008-06-30": -48.936, "2008-03-31": "-2.71200", "2007-12-31": -16.174, "2007-09-30": -1.278, "2007-06-30": -13.59, "2007-03-31": "-16.40400", "2006-12-31": 65.717, "2006-09-30": -34.482, "2006-06-30": -14.548, "2006-03-31": "31.66700", "2005-12-31": -23.528, "2005-09-30": 6.081, "2005-06-30": -13.064, "2005-03-31": "65.82900"}, "Stock-Based Compensation": {"2020-09-30": 1.39, "2020-06-30": 2.355, "2020-03-31": "1.70400", "2019-12-31": 1.844, "2019-09-30": 2.259, "2019-06-30": 3.721, "2019-03-31": "2.16200", "2018-12-31": 1.901, "2018-09-30": 1.477, "2018-06-30": 2.757, "2018-03-31": "1.65700", "2017-12-31": 1.021, "2017-09-30": 1.098, "2017-06-30": 2.229, "2017-03-31": "1.05600", "2016-12-31": 1.208, "2016-09-30": 1.57, "2016-06-30": 0.998, "2016-03-31": "1.01300", "2015-12-31": 1.762, "2015-09-30": 1.011, "2015-06-30": 2.015, "2015-03-31": "1.75400", "2014-12-31": 2.087, "2014-09-30": 1.994, "2014-06-30": 2.845, "2014-03-31": "2.36100", "2013-12-31": 7.78, "2013-09-30": 0, "2013-06-30": 0, "2013-03-31": "", "2012-12-31": 6.698, "2012-09-30": 0, "2012-06-30": 0, "2012-03-31": "", "2011-12-31": 0, "2011-09-30": 0, "2011-06-30": 0, "2011-03-31": "", "2010-12-31": 0, "2010-09-30": 0, "2010-06-30": 0, "2010-03-31": "", "2009-12-31": 0, "2009-09-30": 0, "2009-06-30": 0, "2009-03-31": "", "2008-12-31": 0, "2008-09-30": 0, "2008-06-30": 0, "2008-03-31": "", "2007-12-31": 0, "2007-09-30": 0, "2007-06-30": 0, "2007-03-31": "", "2006-12-31": 0, "2006-09-30": 0, "2006-06-30": 0, "2006-03-31": "", "2005-12-31": 0, "2005-09-30": 0, "2005-06-30": 0, "2005-03-31": ""}, "Common Stock Dividends Paid": {"2020-09-30": -36.029, "2020-06-30": -36.019, "2020-03-31": "-36.01800", "2019-12-31": -34.872, "2019-09-30": -34.871, "2019-06-30": -34.86, "2019-03-31": "-34.86000", "2018-12-31": -33.752, "2018-09-30": -33.754, "2018-06-30": -33.74, "2018-03-31": "-33.74100", "2017-12-31": -33.724, "2017-09-30": -33.723, "2017-06-30": -33.713, "2017-03-31": "-33.71300", "2016-12-31": -33.654, "2016-09-30": -28.029, "2016-06-30": -27.875, "2016-03-31": "-27.71600", "2015-12-31": -33.313, "2015-09-30": -33.312, "2015-06-30": -33.311, "2015-03-31": "-31.82900", "2014-12-31": -31.784, "2014-09-30": -31.758, "2014-06-30": -31.481, "2014-03-31": "-31.43500", "2013-12-31": -24.799, "2013-09-30": -24.663, "2013-06-30": -24.527, "2013-03-31": "-24.39400", "2012-12-31": -24.236, "2012-09-30": -24.115, "2012-06-30": -23.996, "2012-03-31": "-23.85500", "2011-12-31": -29.742, "2011-09-30": -29.739, "2011-06-30": -23.738, "2011-03-31": "-23.59300", "2010-12-31": -23.449, "2010-09-30": -23.339, "2010-06-30": -23.198, "2010-03-31": "-23.04800", "2009-12-31": -22.912, "2009-09-30": -22.804, "2009-06-30": -28.362, "2009-03-31": "-22.76500", "2008-12-31": -21.111, "2008-09-30": -20.996, "2008-06-30": -20.821, "2008-03-31": "-20.67600", "2007-12-31": -20.551, "2007-09-30": -20.458, "2007-06-30": -20.314, "2007-03-31": "-20.16600", "2006-12-31": -25.204, "2006-09-30": -25.187, "2006-06-30": -25.17, "2006-03-31": "-25.11200", "2005-12-31": -25.085, "2005-09-30": -25.08, "2005-06-30": -25.067, "2005-03-31": "-25.00600"}}, "financial ratios": {"Current Ratio": {"2019-12-31": "0.07930", "2018-12-31": "0.07540", "2017-12-31": "0.08360", "2016-12-31": "0.88300", "2015-12-31": "0.90970", "2014-12-31": "0.93170", "2013-12-31": "0.94370", "2012-12-31": "0.91520", "2011-12-31": "0.92490", "2010-12-31": "0.91660", "2009-12-31": "0.96300", "2008-12-31": "0.92970", "2007-12-31": "0.70390", "2006-12-31": "0.64860", "2005-12-31": "0.61000"}, "Long-term Debt / Capital": {"2019-12-31": "0.46280", "2018-12-31": "0.46500", "2017-12-31": "0.44530", "2016-12-31": "0.43930", "2015-12-31": "0.45020", "2014-12-31": "0.45690", "2013-12-31": "0.46360", "2012-12-31": "0.47170", "2011-12-31": "0.46710", "2010-12-31": "0.47920", "2009-12-31": "0.48630", "2008-12-31": "0.45970", "2007-12-31": "0.49340", "2006-12-31": "0.50850", "2005-12-31": "0.48440"}, "Debt/Equity Ratio": {"2019-12-31": "0.99340", "2018-12-31": "0.95440", "2017-12-31": "0.95000", "2016-12-31": "0.87660", "2015-12-31": "1.04270", "2014-12-31": "1.07010", "2013-12-31": "1.06710", "2012-12-31": "1.06820", "2011-12-31": "1.07420", "2010-12-31": "1.09680", "2009-12-31": "1.18230", "2008-12-31": "1.32920", "2007-12-31": "2.46550", "2006-12-31": "2.62780", "2005-12-31": "2.38940"}, "Gross Margin": {"2019-12-31": "20.28240", "2018-12-31": "19.43430", "2017-12-31": "21.97440", "2016-12-31": "24.21000", "2015-12-31": "20.81970", "2014-12-31": "16.29820", "2013-12-31": "15.55710", "2012-12-31": "14.17980", "2011-12-31": "14.76650", "2010-12-31": "17.29860", "2009-12-31": "19.23510", "2008-12-31": "17.08430", "2007-12-31": "22.10550", "2006-12-31": "23.27320", "2005-12-31": "25.76690"}, "Operating Margin": {"2019-12-31": "12.12950", "2018-12-31": "11.65240", "2017-12-31": "13.54790", "2016-12-31": "14.94710", "2015-12-31": "12.39170", "2014-12-31": "10.26690", "2013-12-31": "9.80430", "2012-12-31": "8.42060", "2011-12-31": "8.93480", "2010-12-31": "9.61400", "2009-12-31": "8.12540", "2008-12-31": "6.34240", "2007-12-31": "8.03230", "2006-12-31": "9.72800", "2005-12-31": "12.25070"}, "EBIT Margin": {"2019-12-31": "12.12950", "2018-12-31": "11.65240", "2017-12-31": "13.54790", "2016-12-31": "14.94710", "2015-12-31": "12.39170", "2014-12-31": "10.26690", "2013-12-31": "9.80430", "2012-12-31": "8.42060", "2011-12-31": "8.93480", "2010-12-31": "9.61400", "2009-12-31": "8.12540", "2008-12-31": "6.34240", "2007-12-31": "8.03230", "2006-12-31": "9.72800", "2005-12-31": "12.25070"}, "EBITDA Margin": {"2019-12-31": "21.80430", "2018-12-31": "20.58780", "2017-12-31": "22.23450", "2016-12-31": "23.54750", "2015-12-31": "19.90560", "2014-12-31": "15.91720", "2013-12-31": "14.97290", "2012-12-31": "13.11240", "2011-12-31": "14.09990", "2010-12-31": "15.58510", "2009-12-31": "14.90890", "2008-12-31": "11.19070", "2007-12-31": "14.33090", "2006-12-31": "15.90300", "2005-12-31": "18.66720"}, "Pre-Tax Profit Margin": {"2019-12-31": "9.44160", "2018-12-31": "8.89460", "2017-12-31": "10.82240", "2016-12-31": "15.70330", "2015-12-31": "9.78830", "2014-12-31": "8.19860", "2013-12-31": "7.71460", "2012-12-31": "6.44170", "2011-12-31": "6.66350", "2010-12-31": "6.87610", "2009-12-31": "5.57780", "2008-12-31": "4.38490", "2007-12-31": "5.24150", "2006-12-31": "6.95090", "2005-12-31": "9.08770"}, "Net Profit Margin": {"2019-12-31": "7.57960", "2018-12-31": "7.05290", "2017-12-31": "6.46800", "2016-12-31": "10.42810", "2015-12-31": "6.14210", "2014-12-31": "5.18990", "2013-12-31": "4.99340", "2012-12-31": "4.10840", "2011-12-31": "4.26330", "2010-12-31": "4.26030", "2009-12-31": "3.59420", "2008-12-31": "2.80460", "2007-12-31": "3.34250", "2006-12-31": "4.38870", "2005-12-31": "5.71810"}, "Asset Turnover": {"2019-12-31": "0.20910", "2018-12-31": "0.21830", "2017-12-31": "0.20390", "2016-12-31": "0.19160", "2015-12-31": "0.22090", "2014-12-31": "0.28960", "2013-12-31": "0.31320", "2012-12-31": "0.33250", "2011-12-31": "0.33790", "2010-12-31": "0.29330", "2009-12-31": "0.25880", "2008-12-31": "0.34630", "2007-12-31": "0.24640", "2006-12-31": "0.24880", "2005-12-31": "0.22260"}, "Inventory Turnover Ratio": {"2019-12-31": "", "2018-12-31": "", "2017-12-31": "", "2016-12-31": "", "2015-12-31": "", "2014-12-31": "", "2013-12-31": "", "2012-12-31": "", "2011-12-31": "", "2010-12-31": "", "2009-12-31": "", "2008-12-31": "", "2007-12-31": "", "2006-12-31": "", "2005-12-31": ""}, "Receiveable Turnover": {"2019-12-31": "9.55670", "2018-12-31": "8.78450", "2017-12-31": "9.70950", "2016-12-31": "10.00490", "2015-12-31": "10.72220", "2014-12-31": "10.32700", "2013-12-31": "9.33860", "2012-12-31": "9.30200", "2011-12-31": "9.41660", "2010-12-31": "9.98140", "2009-12-31": "9.57880", "2008-12-31": "10.70600", "2007-12-31": "8.61420", "2006-12-31": "9.89750", "2005-12-31": "8.88100"}, "Days Sales In Receivables": {"2019-12-31": "38.19310", "2018-12-31": "41.55070", "2017-12-31": "37.59210", "2016-12-31": "36.48230", "2015-12-31": "34.04160", "2014-12-31": "35.34420", "2013-12-31": "39.08530", "2012-12-31": "39.23870", "2011-12-31": "38.76140", "2010-12-31": "36.56820", "2009-12-31": "38.10520", "2008-12-31": "34.09310", "2007-12-31": "42.37200", "2006-12-31": "36.87800", "2005-12-31": "41.09910"}, "ROE - Return On Equity": {"2019-12-31": "9.63800", "2018-12-31": "9.41890", "2017-12-31": "7.97120", "2016-12-31": "12.10330", "2015-12-31": "8.39200", "2014-12-31": "9.49520", "2013-12-31": "9.47260", "2012-12-31": "8.81810", "2011-12-31": "9.16590", "2010-12-31": "7.77990", "2009-12-31": "5.88920", "2008-12-31": "6.47360", "2007-12-31": "6.79530", "2006-12-31": "9.86090", "2005-12-31": "10.47520"}, "Return On Tangible Equity": {"2019-12-31": "9.99840", "2018-12-31": "9.79110", "2017-12-31": "8.29630", "2016-12-31": "12.60460", "2015-12-31": "8.76570", "2014-12-31": "9.95200", "2013-12-31": "9.94600", "2012-12-31": "9.29750", "2011-12-31": "9.68670", "2010-12-31": "8.23610", "2009-12-31": "6.24520", "2008-12-31": "6.87020", "2007-12-31": "7.26880", "2006-12-31": "10.67040", "2005-12-31": "11.30780"}, "ROA - Return On Assets": {"2019-12-31": "1.59890", "2018-12-31": "1.55420", "2017-12-31": "1.33390", "2016-12-31": "2.01320", "2015-12-31": "1.37300", "2014-12-31": "1.52000", "2013-12-31": "1.58220", "2012-12-31": "1.38480", "2011-12-31": "1.46040", "2010-12-31": "1.27050", "2009-12-31": "0.95130", "2008-12-31": "0.99160", "2007-12-31": "0.84190", "2006-12-31": "1.09190", "2005-12-31": "1.28060"}, "ROI - Return On Investment": {"2019-12-31": "5.17770", "2018-12-31": "5.03880", "2017-12-31": "4.42160", "2016-12-31": "6.78680", "2015-12-31": "4.61400", "2014-12-31": "5.15660", "2013-12-31": "5.08070", "2012-12-31": "4.65890", "2011-12-31": "4.88430", "2010-12-31": "4.05200", "2009-12-31": "3.02520", "2008-12-31": "3.49750", "2007-12-31": "3.44260", "2006-12-31": "4.84650", "2005-12-31": "5.40100"}, "Book Value Per Share": {"2019-12-31": "20.92500", "2018-12-31": "19.85950", "2017-12-31": "19.27960", "2016-12-31": "19.03380", "2015-12-31": "17.93810", "2014-12-31": "17.45790", "2013-12-31": "17.05580", "2012-12-31": "16.27590", "2011-12-31": "15.91770", "2010-12-31": "15.66820", "2009-12-31": "15.58190", "2008-12-31": "15.72920", "2007-12-31": "15.28700", "2006-12-31": "13.44500", "2005-12-31": "15.02330"}, "Operating Cash Flow Per Share": {"2019-12-31": 0.1094, "2018-12-31": 0.7151, "2017-12-31": -0.7167, "2016-12-31": 1.2325, "2015-12-31": 0.1824, "2014-12-31": -0.468, "2013-12-31": 0.7638, "2012-12-31": 0.2527, "2011-12-31": -1.0236, "2010-12-31": 0.7016, "2009-12-31": -0.1318, "2008-12-31": 0.4067, "2007-12-31": -0.8553, "2006-12-31": 0.8252, "2005-12-31": 2.6901}, "Free Cash Flow Per Share": {"2019-12-31": 0.763, "2018-12-31": 0.0236, "2017-12-31": -1.9228, "2016-12-31": 1.4382, "2015-12-31": 0.3382, "2014-12-31": -0.081, "2013-12-31": 0.4896, "2012-12-31": -0.8426, "2011-12-31": -1.5086, "2010-12-31": 2.047, "2009-12-31": 0.0082, "2008-12-31": -0.3001, "2007-12-31": -0.9332, "2006-12-31": 0.9724, "2005-12-31": 0.2028}}, "financial ratios, quarterly": {"Current Ratio": {"2020-09-30": "0.06760", "2020-06-30": "0.12240", "2020-03-31": "0.08130", "2019-12-31": "0.07930", "2019-09-30": "0.07530", "2019-06-30": "0.07600", "2019-03-31": "0.06930", "2018-12-31": "0.07540", "2018-09-30": "0.07720", "2018-06-30": "0.08370", "2018-03-31": "0.07810", "2017-12-31": "0.08360", "2017-09-30": "0.83450", "2017-06-30": "0.83400", "2017-03-31": "0.85170", "2016-12-31": "0.88300", "2016-09-30": "0.90180", "2016-06-30": "0.89830", "2016-03-31": "0.90040", "2015-12-31": "0.90970", "2015-09-30": "0.90650", "2015-06-30": "0.91480", "2015-03-31": "0.93800", "2014-12-31": "0.93170", "2014-09-30": "0.94200", "2014-06-30": "0.92820", "2014-03-31": "0.93080", "2013-12-31": "0.94370", "2013-09-30": "0.93090", "2013-06-30": "0.93100", "2013-03-31": "0.89840", "2012-12-31": "0.91520", "2012-09-30": "0.91100", "2012-06-30": "0.91360", "2012-03-31": "0.89590", "2011-12-31": "0.92490", "2011-09-30": "0.94010", "2011-06-30": "0.92870", "2011-03-31": "0.93000", "2010-12-31": "0.91660", "2010-09-30": "0.93340", "2010-06-30": "0.91340", "2010-03-31": "0.92230", "2009-12-31": "0.96300", "2009-09-30": "0.92820", "2009-06-30": "0.90680", "2009-03-31": "0.92110", "2008-12-31": "0.92970", "2008-09-30": "0.87720", "2008-06-30": "0.85440", "2008-03-31": "0.71060", "2007-12-31": "0.70390", "2007-09-30": "0.69320", "2007-06-30": "0.66550", "2007-03-31": "0.64880", "2006-12-31": "0.64860", "2006-09-30": "0.65090", "2006-06-30": "0.61320", "2006-03-31": "0.60640", "2005-12-31": "0.61000", "2005-09-30": "0.80460", "2005-06-30": "0.80580", "2005-03-31": "0.80170"}, "Long-term Debt / Capital": {"2020-09-30": "0.47100", "2020-06-30": "0.47460", "2020-03-31": "0.47600", "2019-12-31": "0.46280", "2019-09-30": "0.45670", "2019-06-30": "0.46030", "2019-03-31": "0.46270", "2018-12-31": "0.46500", "2018-09-30": "0.45530", "2018-06-30": "0.45880", "2018-03-31": "0.44600", "2017-12-31": "0.44530", "2017-09-30": "0.43490", "2017-06-30": "0.43820", "2017-03-31": "0.43930", "2016-12-31": "0.43930", "2016-09-30": "0.43290", "2016-06-30": "0.44540", "2016-03-31": "0.44840", "2015-12-31": "0.45020", "2015-09-30": "0.43950", "2015-06-30": "0.44240", "2015-03-31": "0.44250", "2014-12-31": "0.45690", "2014-09-30": "0.45730", "2014-06-30": "0.46300", "2014-03-31": "0.46090", "2013-12-31": "0.46360", "2013-09-30": "0.46220", "2013-06-30": "0.46690", "2013-03-31": "0.46960", "2012-12-31": "0.47170", "2012-09-30": "0.47080", "2012-06-30": "0.47570", "2012-03-31": "0.45210", "2011-12-31": "0.46710", "2011-09-30": "0.46560", "2011-06-30": "0.48780", "2011-03-31": "0.49040", "2010-12-31": "0.47920", "2010-09-30": "0.47980", "2010-06-30": "0.48200", "2010-03-31": "0.48430", "2009-12-31": "0.48630", "2009-09-30": "0.48380", "2009-06-30": "0.45830", "2009-03-31": "0.45780", "2008-12-31": "0.45970", "2008-09-30": "0.47830", "2008-06-30": "0.48210", "2008-03-31": "0.47970", "2007-12-31": "0.49340", "2007-09-30": "0.52110", "2007-06-30": "0.52620", "2007-03-31": "0.52770", "2006-12-31": "0.50850", "2006-09-30": "0.47790", "2006-06-30": "0.46160", "2006-03-31": "0.48330", "2005-12-31": "0.48440", "2005-09-30": "0.49150", "2005-06-30": "0.48990", "2005-03-31": "0.49690"}, "Debt/Equity Ratio": {"2020-09-30": "1.01520", "2020-06-30": "1.01530", "2020-03-31": "1.02160", "2019-12-31": "0.99340", "2019-09-30": "0.97140", "2019-06-30": "0.99950", "2019-03-31": "0.95290", "2018-12-31": "0.95440", "2018-09-30": "0.96470", "2018-06-30": "1.00460", "2018-03-31": "0.96710", "2017-12-31": "0.95000", "2017-09-30": "0.85420", "2017-06-30": "0.89470", "2017-03-31": "0.88160", "2016-12-31": "0.87660", "2016-09-30": "0.89170", "2016-06-30": "1.00080", "2016-03-31": "1.03140", "2015-12-31": "1.04270", "2015-09-30": "1.06570", "2015-06-30": "1.02460", "2015-03-31": "0.97430", "2014-12-31": "1.07010", "2014-09-30": "1.07230", "2014-06-30": "1.10490", "2014-03-31": "1.07330", "2013-12-31": "1.06710", "2013-09-30": "1.08360", "2013-06-30": "1.06890", "2013-03-31": "1.08880", "2012-12-31": "1.06820", "2012-09-30": "1.07230", "2012-06-30": "1.10710", "2012-03-31": "1.07570", "2011-12-31": "1.07420", "2011-09-30": "1.05940", "2011-06-30": "1.11040", "2011-03-31": "1.12570", "2010-12-31": "1.09680", "2010-09-30": "1.10750", "2010-06-30": "1.14300", "2010-03-31": "1.18290", "2009-12-31": "1.18230", "2009-09-30": "1.18990", "2009-06-30": "1.15500", "2009-03-31": "1.14760", "2008-12-31": "1.32920", "2008-09-30": "1.60910", "2008-06-30": "1.59080", "2008-03-31": "2.44670", "2007-12-31": "2.46550", "2007-09-30": "2.70950", "2007-06-30": "2.77370", "2007-03-31": "2.68030", "2006-12-31": "2.62780", "2006-09-30": "2.29340", "2006-06-30": "2.49040", "2006-03-31": "2.42580", "2005-12-31": "2.38940", "2005-09-30": "1.06620", "2005-06-30": "1.06490", "2005-03-31": "1.07240"}, "Gross Margin": {"2020-09-30": "26.09450", "2020-06-30": "23.40620", "2020-03-31": "18.26710", "2019-12-31": "20.86610", "2019-09-30": "20.02190", "2019-06-30": "19.20310", "2019-03-31": "21.11200", "2018-12-31": "18.66990", "2018-09-30": "20.13870", "2018-06-30": "19.30530", "2018-03-31": "19.63480", "2017-12-31": "21.78420", "2017-09-30": "24.20030", "2017-06-30": "20.85910", "2017-03-31": "20.84520", "2016-12-31": "23.80540", "2016-09-30": "25.32510", "2016-06-30": "24.99540", "2016-03-31": "22.54860", "2015-12-31": "21.83540", "2015-09-30": "21.15330", "2015-06-30": "21.14240", "2015-03-31": "19.13520", "2014-12-31": "15.65120", "2014-09-30": "16.10980", "2014-06-30": "16.31440", "2014-03-31": "17.14240", "2013-12-31": "15.36510", "2013-09-30": "16.27740", "2013-06-30": "15.73400", "2013-03-31": "14.81810", "2012-12-31": "10.54810", "2012-09-30": "16.30070", "2012-06-30": "14.77430", "2012-03-31": "15.03370", "2011-12-31": "13.99680", "2011-09-30": "15.91430", "2011-06-30": "13.60900", "2011-03-31": "15.55040", "2010-12-31": "16.05550", "2010-09-30": "17.67470", "2010-06-30": "17.23510", "2010-03-31": "18.34100", "2009-12-31": "15.73510", "2009-09-30": "20.31960", "2009-06-30": "20.46910", "2009-03-31": "20.79250", "2008-12-31": "14.05300", "2008-09-30": "15.23760", "2008-06-30": "18.25840", "2008-03-31": "21.47850", "2007-12-31": "23.62420", "2007-09-30": "20.37420", "2007-06-30": "22.77770", "2007-03-31": "21.54010", "2006-12-31": "22.02200", "2006-09-30": "22.66040", "2006-06-30": "23.28190", "2006-03-31": "25.30360", "2005-12-31": "24.67130", "2005-09-30": "25.52530", "2005-06-30": "25.88340", "2005-03-31": "27.39130"}, "Operating Margin": {"2020-09-30": "15.52180", "2020-06-30": "11.75080", "2020-03-31": "8.81620", "2019-12-31": "13.96170", "2019-09-30": "12.53820", "2019-06-30": "10.15170", "2019-03-31": "11.77980", "2018-12-31": "11.10800", "2018-09-30": "12.76800", "2018-06-30": "11.49890", "2018-03-31": "11.13050", "2017-12-31": "13.24330", "2017-09-30": "16.55910", "2017-06-30": "12.30500", "2017-03-31": "11.78880", "2016-12-31": "15.56380", "2016-09-30": "16.32090", "2016-06-30": "15.09160", "2016-03-31": "12.49660", "2015-12-31": "13.33620", "2015-09-30": "13.53850", "2015-06-30": "11.65710", "2015-03-31": "10.89670", "2014-12-31": "8.62830", "2014-09-30": "10.61430", "2014-06-30": "10.41540", "2014-03-31": "11.38300", "2013-12-31": "9.66220", "2013-09-30": "10.61760", "2013-06-30": "10.09440", "2013-03-31": "8.79850", "2012-12-31": "4.44700", "2012-09-30": "10.56820", "2012-06-30": "9.29520", "2012-03-31": "9.30420", "2011-12-31": "8.01030", "2011-09-30": "10.66050", "2011-06-30": "8.01450", "2011-03-31": "8.91810", "2010-12-31": "8.51500", "2010-09-30": "10.45740", "2010-06-30": "9.70480", "2010-03-31": "9.80660", "2009-12-31": "6.34500", "2009-09-30": "11.06520", "2009-06-30": "6.66570", "2009-03-31": "8.21230", "2008-12-31": "4.71110", "2008-09-30": "8.09770", "2008-06-30": "2.79080", "2008-03-31": "9.69630", "2007-12-31": "11.56010", "2007-09-30": "7.12990", "2007-06-30": "7.54190", "2007-03-31": "5.15160", "2006-12-31": "7.10950", "2006-09-30": "9.84660", "2006-06-30": "10.03840", "2006-03-31": "12.02710", "2005-12-31": "12.17480", "2005-09-30": "12.96140", "2005-06-30": "11.76590", "2005-03-31": "11.99060"}, "EBIT Margin": {"2020-09-30": "15.52180", "2020-06-30": "11.75080", "2020-03-31": "8.81620", "2019-12-31": "13.96170", "2019-09-30": "12.53820", "2019-06-30": "10.15170", "2019-03-31": "11.77980", "2018-12-31": "11.10800", "2018-09-30": "12.76800", "2018-06-30": "11.49890", "2018-03-31": "11.13050", "2017-12-31": "13.24330", "2017-09-30": "16.55910", "2017-06-30": "12.30500", "2017-03-31": "11.78880", "2016-12-31": "15.56380", "2016-09-30": "16.32090", "2016-06-30": "15.09160", "2016-03-31": "12.49660", "2015-12-31": "13.33620", "2015-09-30": "13.53850", "2015-06-30": "11.65710", "2015-03-31": "10.89670", "2014-12-31": "8.62830", "2014-09-30": "10.61430", "2014-06-30": "10.41540", "2014-03-31": "11.38300", "2013-12-31": "9.66220", "2013-09-30": "10.61760", "2013-06-30": "10.09440", "2013-03-31": "8.79850", "2012-12-31": "4.44700", "2012-09-30": "10.56820", "2012-06-30": "9.29520", "2012-03-31": "9.30420", "2011-12-31": "8.01030", "2011-09-30": "10.66050", "2011-06-30": "8.01450", "2011-03-31": "8.91810", "2010-12-31": "8.51500", "2010-09-30": "10.45740", "2010-06-30": "9.70480", "2010-03-31": "9.80660", "2009-12-31": "6.34500", "2009-09-30": "11.06520", "2009-06-30": "6.66570", "2009-03-31": "8.21230", "2008-12-31": "4.71110", "2008-09-30": "8.09770", "2008-06-30": "2.79080", "2008-03-31": "9.69630", "2007-12-31": "11.56010", "2007-09-30": "7.12990", "2007-06-30": "7.54190", "2007-03-31": "5.15160", "2006-12-31": "7.10950", "2006-09-30": "9.84660", "2006-06-30": "10.03840", "2006-03-31": "12.02710", "2005-12-31": "12.17480", "2005-09-30": "12.96140", "2005-06-30": "11.76590", "2005-03-31": "11.99060"}, "EBITDA Margin": {"2020-09-30": "", "2020-06-30": "", "2020-03-31": "", "2019-12-31": "", "2019-09-30": "", "2019-06-30": "", "2019-03-31": "", "2018-12-31": "", "2018-09-30": "", "2018-06-30": "", "2018-03-31": "", "2017-12-31": "", "2017-09-30": "", "2017-06-30": "", "2017-03-31": "", "2016-12-31": "", "2016-09-30": "", "2016-06-30": "", "2016-03-31": "", "2015-12-31": "", "2015-09-30": "", "2015-06-30": "", "2015-03-31": "", "2014-12-31": "", "2014-09-30": "", "2014-06-30": "", "2014-03-31": "", "2013-12-31": "", "2013-09-30": "", "2013-06-30": "", "2013-03-31": "", "2012-12-31": "", "2012-09-30": "", "2012-06-30": "", "2012-03-31": "", "2011-12-31": "", "2011-09-30": "", "2011-06-30": "", "2011-03-31": "", "2010-12-31": "", "2010-09-30": "", "2010-06-30": "", "2010-03-31": "", "2009-12-31": "", "2009-09-30": "", "2009-06-30": "", "2009-03-31": "", "2008-12-31": "", "2008-09-30": "", "2008-06-30": "", "2008-03-31": "", "2007-12-31": "", "2007-09-30": "", "2007-06-30": "", "2007-03-31": "", "2006-12-31": "", "2006-09-30": "", "2006-06-30": "", "2006-03-31": "", "2005-12-31": "", "2005-09-30": "", "2005-06-30": "", "2005-03-31": ""}, "Pre-Tax Profit Margin": {"2020-09-30": "12.39750", "2020-06-30": "9.89090", "2020-03-31": "5.86190", "2019-12-31": "11.28280", "2019-09-30": "10.20820", "2019-06-30": "7.36480", "2019-03-31": "8.77230", "2018-12-31": "8.45140", "2018-09-30": "10.05580", "2018-06-30": "8.69460", "2018-03-31": "8.24870", "2017-12-31": "10.66400", "2017-09-30": "14.13270", "2017-06-30": "9.43030", "2017-03-31": "8.71960", "2016-12-31": "11.75890", "2016-09-30": "27.73840", "2016-06-30": "12.52310", "2016-03-31": "9.27940", "2015-12-31": "10.48150", "2015-09-30": "11.24690", "2015-06-30": "9.04010", "2015-03-31": "8.20210", "2014-12-31": "6.70890", "2014-09-30": "8.71220", "2014-06-30": "8.14760", "2014-03-31": "9.18420", "2013-12-31": "7.60670", "2013-09-30": "8.53240", "2013-06-30": "8.01980", "2013-03-31": "6.65260", "2012-12-31": "2.53440", "2012-09-30": "8.52590", "2012-06-30": "7.26900", "2012-03-31": "7.37390", "2011-12-31": "6.21950", "2011-09-30": "8.66120", "2011-06-30": "5.20620", "2011-03-31": "6.33220", "2010-12-31": "5.93850", "2010-09-30": "7.67490", "2010-06-30": "6.97740", "2010-03-31": "6.92650", "2009-12-31": "3.40120", "2009-09-30": "8.49680", "2009-06-30": "4.37190", "2009-03-31": "5.89410", "2008-12-31": "2.80730", "2008-09-30": "6.35510", "2008-06-30": "0.82110", "2008-03-31": "7.42310", "2007-12-31": "9.35820", "2007-09-30": "4.44660", "2007-06-30": "4.55120", "2007-03-31": "1.69430", "2006-12-31": "4.20520", "2006-09-30": "7.46200", "2006-06-30": "7.17870", "2006-03-31": "9.01120", "2005-12-31": "9.47980", "2005-09-30": "10.02530", "2005-06-30": "8.32950", "2005-03-31": "8.22510"}, "Net Profit Margin": {"2020-09-30": "10.13860", "2020-06-30": "8.02810", "2020-03-31": "4.93510", "2019-12-31": "9.11940", "2019-09-30": "8.22680", "2019-06-30": "5.94170", "2019-03-31": "6.90550", "2018-12-31": "6.50860", "2018-09-30": "8.58020", "2018-06-30": "6.72050", "2018-03-31": "6.23140", "2017-12-31": "4.91500", "2017-09-30": "8.92370", "2017-06-30": "6.11450", "2017-03-31": "5.78010", "2016-12-31": "7.22940", "2016-09-30": "19.67980", "2016-06-30": "7.79310", "2016-03-31": "5.87190", "2015-12-31": "6.78170", "2015-09-30": "7.06560", "2015-06-30": "5.61270", "2015-03-31": "4.99580", "2014-12-31": "4.20900", "2014-09-30": "5.51360", "2014-06-30": "5.16880", "2014-03-31": "5.84200", "2013-12-31": "4.70940", "2013-09-30": "5.81740", "2013-06-30": "5.10820", "2013-03-31": "4.30550", "2012-12-31": "1.65080", "2012-09-30": "5.49790", "2012-06-30": "4.54190", "2012-03-31": "4.70220", "2011-12-31": "4.02160", "2011-09-30": "5.46100", "2011-06-30": "3.41660", "2011-03-31": "4.00520", "2010-12-31": "3.54990", "2010-09-30": "4.67200", "2010-06-30": "4.46300", "2010-03-31": "4.38190", "2009-12-31": "2.20380", "2009-09-30": "5.39780", "2009-06-30": "2.94330", "2009-03-31": "3.75050", "2008-12-31": "1.73710", "2008-09-30": "4.07250", "2008-06-30": "0.66350", "2008-03-31": "4.65550", "2007-12-31": "5.73100", "2007-09-30": "2.95210", "2007-06-30": "2.92110", "2007-03-31": "1.22090", "2006-12-31": "2.65480", "2006-09-30": "4.79650", "2006-06-30": "4.50010", "2006-03-31": "5.62420", "2005-12-31": "6.00620", "2005-09-30": "6.29120", "2005-06-30": "5.28090", "2005-03-31": "5.09810"}, "Asset Turnover": {"2020-09-30": "0.04410", "2020-06-30": "0.04210", "2020-03-31": "0.04890", "2019-12-31": "0.05290", "2019-09-30": "0.05700", "2019-06-30": "0.05290", "2019-03-31": "0.04950", "2018-12-31": "0.05810", "2018-09-30": "0.05950", "2018-06-30": "0.05320", "2018-03-31": "0.05080", "2017-12-31": "0.05250", "2017-09-30": "0.05280", "2017-06-30": "0.04980", "2017-03-31": "0.04720", "2016-12-31": "0.04970", "2016-09-30": "0.05300", "2016-06-30": "0.04730", "2016-03-31": "0.04640", "2015-12-31": "0.05300", "2015-09-30": "0.06200", "2015-06-30": "0.05450", "2015-03-31": "0.05660", "2014-12-31": "0.07060", "2014-09-30": "0.08130", "2014-06-30": "0.07520", "2014-03-31": "0.07490", "2013-12-31": "0.08050", "2013-09-30": "0.07950", "2013-06-30": "0.07760", "2013-03-31": "0.07600", "2012-12-31": "0.08260", "2012-09-30": "0.08760", "2012-06-30": "0.08700", "2012-03-31": "0.08460", "2011-12-31": "0.08870", "2011-09-30": "0.09570", "2011-06-30": "0.08600", "2011-03-31": "0.07790", "2010-12-31": "0.07660", "2010-09-30": "0.07810", "2010-06-30": "0.07380", "2010-03-31": "0.06960", "2009-12-31": "0.06940", "2009-09-30": "0.06890", "2009-06-30": "0.05840", "2009-03-31": "0.06070", "2008-12-31": "0.08600", "2008-09-30": "0.09910", "2008-06-30": "0.08430", "2008-03-31": "0.07070", "2007-12-31": "0.06880", "2007-09-30": "0.06710", "2007-06-30": "0.06030", "2007-03-31": "0.05580", "2006-12-31": "0.06140", "2006-09-30": "0.06800", "2006-06-30": "0.06040", "2006-03-31": "0.05760", "2005-12-31": "0.06280", "2005-09-30": "0.05970", "2005-06-30": "0.05330", "2005-03-31": "0.04870"}, "Inventory Turnover Ratio": {"2020-09-30": "", "2020-06-30": "", "2020-03-31": "", "2019-12-31": "", "2019-09-30": "", "2019-06-30": "", "2019-03-31": "", "2018-12-31": "", "2018-09-30": "", "2018-06-30": "", "2018-03-31": "", "2017-12-31": "", "2017-09-30": "", "2017-06-30": "", "2017-03-31": "", "2016-12-31": "", "2016-09-30": "", "2016-06-30": "", "2016-03-31": "", "2015-12-31": "", "2015-09-30": "", "2015-06-30": "", "2015-03-31": "", "2014-12-31": "", "2014-09-30": "", "2014-06-30": "", "2014-03-31": "", "2013-12-31": "", "2013-09-30": "", "2013-06-30": "", "2013-03-31": "", "2012-12-31": "", "2012-09-30": "", "2012-06-30": "", "2012-03-31": "", "2011-12-31": "", "2011-09-30": "", "2011-06-30": "", "2011-03-31": "", "2010-12-31": "", "2010-09-30": "", "2010-06-30": "", "2010-03-31": "", "2009-12-31": "", "2009-09-30": "", "2009-06-30": "", "2009-03-31": "", "2008-12-31": "", "2008-09-30": "", "2008-06-30": "", "2008-03-31": "", "2007-12-31": "", "2007-09-30": "", "2007-06-30": "", "2007-03-31": "", "2006-12-31": "", "2006-09-30": "", "2006-06-30": "", "2006-03-31": "", "2005-12-31": "", "2005-09-30": "", "2005-06-30": "", "2005-03-31": ""}, "Receiveable Turnover": {"2020-09-30": "2.32150", "2020-06-30": "2.24440", "2020-03-31": "2.23380", "2019-12-31": "2.41570", "2019-09-30": "2.47680", "2019-06-30": "2.31340", "2019-03-31": "2.49250", "2018-12-31": "2.33870", "2018-09-30": "2.28380", "2018-06-30": "2.28600", "2018-03-31": "2.42500", "2017-12-31": "2.50220", "2017-09-30": "2.54580", "2017-06-30": "2.53380", "2017-03-31": "2.34360", "2016-12-31": "2.59460", "2016-09-30": "2.58340", "2016-06-30": "2.52590", "2016-03-31": "2.62010", "2015-12-31": "2.57050", "2015-09-30": "2.34790", "2015-06-30": "2.31760", "2015-03-31": "2.49780", "2014-12-31": "2.51850", "2014-09-30": "2.37090", "2014-06-30": "2.28340", "2014-03-31": "2.41580", "2013-12-31": "2.40060", "2013-09-30": "2.36850", "2013-06-30": "2.21170", "2013-03-31": "2.24470", "2012-12-31": "2.31010", "2012-09-30": "2.31430", "2012-06-30": "2.20880", "2012-03-31": "2.65630", "2011-12-31": "2.47160", "2011-09-30": "2.58490", "2011-06-30": "2.48590", "2011-03-31": "2.47710", "2010-12-31": "2.60580", "2010-09-30": "2.68030", "2010-06-30": "2.45840", "2010-03-31": "2.64680", "2009-12-31": "2.56960", "2009-09-30": "2.45970", "2009-06-30": "2.47650", "2009-03-31": "2.73370", "2008-12-31": "2.66020", "2008-09-30": "2.47090", "2008-06-30": "2.39640", "2008-03-31": "2.44590", "2007-12-31": "2.40510", "2007-09-30": "2.43310", "2007-06-30": "2.39360", "2007-03-31": "2.50810", "2006-12-31": "2.44160", "2006-09-30": "2.48480", "2006-06-30": "2.44120", "2006-03-31": "2.51330", "2005-12-31": "2.50430", "2005-09-30": "2.49200", "2005-06-30": "2.45850", "2005-03-31": "2.59760"}, "Days Sales In Receivables": {"2020-09-30": "38.76810", "2020-06-30": "40.09930", "2020-03-31": "40.29100", "2019-12-31": "37.25670", "2019-09-30": "36.33650", "2019-06-30": "38.90460", "2019-03-31": "36.10800", "2018-12-31": "38.48290", "2018-09-30": "39.40870", "2018-06-30": "39.37010", "2018-03-31": "37.11290", "2017-12-31": "35.96860", "2017-09-30": "35.35190", "2017-06-30": "35.51980", "2017-03-31": "38.40250", "2016-12-31": "34.68690", "2016-09-30": "34.83740", "2016-06-30": "35.63150", "2016-03-31": "34.34950", "2015-12-31": "35.01250", "2015-09-30": "38.33130", "2015-06-30": "38.83340", "2015-03-31": "36.03110", "2014-12-31": "35.73570", "2014-09-30": "37.96060", "2014-06-30": "39.41540", "2014-03-31": "37.25550", "2013-12-31": "37.49010", "2013-09-30": "37.99890", "2013-06-30": "40.69300", "2013-03-31": "40.09530", "2012-12-31": "38.95980", "2012-09-30": "38.88800", "2012-06-30": "40.74540", "2012-03-31": "33.88120", "2011-12-31": "36.41360", "2011-09-30": "34.81800", "2011-06-30": "36.20460", "2011-03-31": "36.33220", "2010-12-31": "34.53840", "2010-09-30": "33.57880", "2010-06-30": "36.60880", "2010-03-31": "34.00370", "2009-12-31": "35.02450", "2009-09-30": "36.58920", "2009-06-30": "36.34190", "2009-03-31": "32.92230", "2008-12-31": "33.83270", "2008-09-30": "36.42360", "2008-06-30": "37.55680", "2008-03-31": "36.79650", "2007-12-31": "37.42070", "2007-09-30": "36.98910", "2007-06-30": "37.60070", "2007-03-31": "35.88380", "2006-12-31": "36.86100", "2006-09-30": "36.21980", "2006-06-30": "36.86720", "2006-03-31": "35.81000", "2005-12-31": "35.93800", "2005-09-30": "36.11580", "2005-06-30": "36.60710", "2005-03-31": "34.64680"}, "ROE - Return On Equity": {"2020-09-30": "2.81950", "2020-06-30": "2.15410", "2020-03-31": "1.48880", "2019-12-31": "2.92670", "2019-09-30": "2.84880", "2019-06-30": "1.94630", "2019-03-31": "2.11410", "2018-12-31": "2.31450", "2018-09-30": "3.11300", "2018-06-30": "2.21240", "2018-03-31": "1.94670", "2017-12-31": "1.56590", "2017-09-30": "2.87890", "2017-06-30": "1.88590", "2017-03-31": "1.67830", "2016-12-31": "2.18250", "2016-09-30": "6.16970", "2016-06-30": "2.26840", "2016-03-31": "1.69010", "2015-12-31": "2.22000", "2015-09-30": "2.66240", "2015-06-30": "1.86940", "2015-03-31": "1.70390", "2014-12-31": "1.88350", "2014-09-30": "2.68010", "2014-06-30": "2.37120", "2014-03-31": "2.64960", "2013-12-31": "2.29750", "2013-09-30": "2.94220", "2013-06-30": "2.52740", "2013-03-31": "2.12490", "2012-12-31": "0.89780", "2012-09-30": "2.99770", "2012-06-30": "2.49230", "2012-03-31": "2.49590", "2011-12-31": "2.26980", "2011-09-30": "3.17830", "2011-06-30": "1.82590", "2011-03-31": "1.93340", "2010-12-31": "1.69660", "2010-09-30": "2.22480", "2010-06-30": "2.02740", "2010-03-31": "1.89890", "2009-12-31": "0.97990", "2009-09-30": "2.33170", "2009-06-30": "1.11080", "2009-03-31": "1.45080", "2008-12-31": "1.00910", "2008-09-30": "2.85870", "2008-06-30": "0.43250", "2008-03-31": "2.64110", "2007-12-31": "3.33030", "2007-09-30": "1.75870", "2007-06-30": "1.58330", "2007-03-31": "0.61680", "2006-12-31": "1.47150", "2006-09-30": "2.61090", "2006-06-30": "2.25900", "2006-03-31": "2.66910", "2005-12-31": "3.08430", "2005-09-30": "3.08980", "2005-06-30": "2.33000", "2005-03-31": "2.03630"}, "Return On Tangible Equity": {"2020-09-30": "2.92290", "2020-06-30": "2.23430", "2020-03-31": "1.54460", "2019-12-31": "3.03610", "2019-09-30": "2.95720", "2019-06-30": "2.02150", "2019-03-31": "2.19680", "2018-12-31": "2.40600", "2018-09-30": "3.23780", "2018-06-30": "2.30240", "2018-03-31": "2.02630", "2017-12-31": "1.62980", "2017-09-30": "2.99600", "2017-06-30": "1.96370", "2017-03-31": "1.74780", "2016-12-31": "2.27290", "2016-09-30": "6.42500", "2016-06-30": "2.36740", "2016-03-31": "1.76480", "2015-12-31": "2.31880", "2015-09-30": "2.78140", "2015-06-30": "1.95400", "2015-03-31": "1.78110", "2014-12-31": "1.97410", "2014-09-30": "2.80820", "2014-06-30": "2.48730", "2014-03-31": "2.78050", "2013-12-31": "2.41230", "2013-09-30": "3.09590", "2013-06-30": "2.66200", "2013-03-31": "2.23940", "2012-12-31": "0.94660", "2012-09-30": "3.15930", "2012-06-30": "2.62940", "2012-03-31": "2.63530", "2011-12-31": "2.39870", "2011-09-30": "3.35780", "2011-06-30": "1.93090", "2011-03-31": "2.04580", "2010-12-31": "1.79610", "2010-09-30": "2.35570", "2010-06-30": "2.14780", "2010-03-31": "2.01270", "2009-12-31": "1.03920", "2009-09-30": "2.47120", "2009-06-30": "1.17830", "2009-03-31": "1.53870", "2008-12-31": "1.07090", "2008-09-30": "3.05060", "2008-06-30": "0.46210", "2008-03-31": "2.82080", "2007-12-31": "3.56230", "2007-09-30": "1.90280", "2007-06-30": "1.71840", "2007-03-31": "0.66980", "2006-12-31": "1.59230", "2006-09-30": "2.81070", "2006-06-30": "2.43820", "2006-03-31": "2.88080", "2005-12-31": "3.32940", "2005-09-30": "3.33640", "2005-06-30": "2.51660", "2005-03-31": "2.20550"}, "ROA - Return On Assets": {"2020-09-30": "0.45040", "2020-06-30": "0.34090", "2020-03-31": "0.24470", "2019-12-31": "0.48550", "2019-09-30": "0.47260", "2019-06-30": "0.31750", "2019-03-31": "0.34550", "2018-12-31": "0.38190", "2018-09-30": "0.51400", "2018-06-30": "0.36110", "2018-03-31": "0.32060", "2017-12-31": "0.26200", "2017-09-30": "0.47510", "2017-06-30": "0.30830", "2017-03-31": "0.27640", "2016-12-31": "0.36300", "2016-09-30": "1.04610", "2016-06-30": "0.37230", "2016-03-31": "0.27650", "2015-12-31": "0.36320", "2015-09-30": "0.44190", "2015-06-30": "0.31020", "2015-03-31": "0.28690", "2014-12-31": "0.30150", "2014-09-30": "0.45250", "2014-06-30": "0.39330", "2014-03-31": "0.44230", "2013-12-31": "0.38370", "2013-09-30": "0.46700", "2013-06-30": "0.40110", "2013-03-31": "0.33160", "2012-12-31": "0.14100", "2012-09-30": "0.48640", "2012-06-30": "0.39980", "2012-03-31": "0.40270", "2011-12-31": "0.36160", "2011-09-30": "0.52760", "2011-06-30": "0.29880", "2011-03-31": "0.31700", "2010-12-31": "0.27710", "2010-09-30": "0.37010", "2010-06-30": "0.33480", "2010-03-31": "0.31030", "2009-12-31": "0.15830", "2009-09-30": "0.37710", "2009-06-30": "0.17710", "2009-03-31": "0.23290", "2008-12-31": "0.15460", "2008-09-30": "0.40850", "2008-06-30": "0.06110", "2008-03-31": "0.33360", "2007-12-31": "0.41260", "2007-09-30": "0.19820", "2007-06-30": "0.17620", "2007-03-31": "0.06820", "2006-12-31": "0.16290", "2006-09-30": "0.32620", "2006-06-30": "0.27170", "2006-03-31": "0.32400", "2005-12-31": "0.37710", "2005-09-30": "0.37580", "2005-06-30": "0.28890", "2005-03-31": "0.24810"}, "ROI - Return On Investment": {"2020-09-30": "1.49140", "2020-06-30": "1.13170", "2020-03-31": "0.78010", "2019-12-31": "1.57220", "2019-09-30": "1.54770", "2019-06-30": "1.05030", "2019-03-31": "1.13590", "2018-12-31": "1.23820", "2018-09-30": "1.69560", "2018-06-30": "1.19730", "2018-03-31": "1.07850", "2017-12-31": "0.86860", "2017-09-30": "1.62690", "2017-06-30": "1.05950", "2017-03-31": "0.94090", "2016-12-31": "1.22380", "2016-09-30": "3.49870", "2016-06-30": "1.25810", "2016-03-31": "0.93230", "2015-12-31": "1.22060", "2015-09-30": "1.49210", "2015-06-30": "1.04230", "2015-03-31": "0.94990", "2014-12-31": "1.02290", "2014-09-30": "1.45450", "2014-06-30": "1.27340", "2014-03-31": "1.42830", "2013-12-31": "1.23230", "2013-09-30": "1.58220", "2013-06-30": "1.34740", "2013-03-31": "1.12710", "2012-12-31": "0.47430", "2012-09-30": "1.58630", "2012-06-30": "1.30670", "2012-03-31": "1.36740", "2011-12-31": "1.20950", "2011-09-30": "1.69830", "2011-06-30": "0.93530", "2011-03-31": "0.98530", "2010-12-31": "0.88360", "2010-09-30": "1.15730", "2010-06-30": "1.05010", "2010-03-31": "0.97930", "2009-12-31": "0.50340", "2009-09-30": "1.20360", "2009-06-30": "0.60180", "2009-03-31": "0.78660", "2008-12-31": "0.54520", "2008-09-30": "1.49130", "2008-06-30": "0.22400", "2008-03-31": "1.37430", "2007-12-31": "1.68720", "2007-09-30": "0.84230", "2007-06-30": "0.75020", "2007-03-31": "0.29130", "2006-12-31": "0.72320", "2006-09-30": "1.36320", "2006-06-30": "1.21630", "2006-03-31": "1.37920", "2005-12-31": "1.59030", "2005-09-30": "1.57100", "2005-06-30": "1.18850", "2005-03-31": "1.02440"}, "Book Value Per Share": {"2020-09-30": "21.27870", "2020-06-30": "20.98720", "2020-03-31": "20.85750", "2019-12-31": "20.92500", "2019-09-30": "20.58020", "2019-06-30": "20.26740", "2019-03-31": "20.04380", "2018-12-31": "19.85950", "2018-09-30": "19.58170", "2018-06-30": "19.31520", "2018-03-31": "19.21870", "2017-12-31": "19.27960", "2017-09-30": "19.33170", "2017-06-30": "19.07450", "2017-03-31": "18.99470", "2016-12-31": "19.03380", "2016-09-30": "19.06290", "2016-06-30": "18.17390", "2016-03-31": "18.00390", "2015-12-31": "17.93810", "2015-09-30": "17.87670", "2015-06-30": "17.66940", "2015-03-31": "17.66850", "2014-12-31": "17.45790", "2014-09-30": "17.56410", "2014-06-30": "17.33830", "2014-03-31": "17.20500", "2013-12-31": "17.05580", "2013-09-30": "16.63080", "2013-06-30": "16.40330", "2013-03-31": "16.32220", "2012-12-31": "16.27590", "2012-09-30": "16.49610", "2012-06-30": "16.24130", "2012-03-31": "16.09780", "2011-12-31": "15.91770", "2011-09-30": "16.02230", "2011-06-30": "15.77630", "2011-03-31": "15.70540", "2010-12-31": "15.66820", "2010-09-30": "15.72080", "2010-06-30": "15.66580", "2010-03-31": "15.61230", "2009-12-31": "15.58190", "2009-09-30": "15.82570", "2009-06-30": "15.68380", "2009-03-31": "15.73050", "2008-12-31": "15.72920", "2008-09-30": "15.52170", "2008-06-30": "15.32080", "2008-03-31": "15.53210", "2007-12-31": "15.28700", "2007-09-30": "13.62650", "2007-06-30": "13.45290", "2007-03-31": "13.40160", "2006-12-31": "13.44500", "2006-09-30": "15.21830", "2006-06-30": "14.82790", "2006-03-31": "14.94600", "2005-12-31": "15.02330", "2005-09-30": "14.98790", "2005-06-30": "15.02570", "2005-03-31": "14.66040"}, "Operating Cash Flow Per Share": {"2020-09-30": 1.0502, "2020-06-30": 1.2454, "2020-03-31": "0.56040", "2019-12-31": 1.5621, "2019-09-30": 1.9009, "2019-06-30": 0.5149, "2019-03-31": "0.70620", "2018-12-31": 2.2119, "2018-09-30": 1.3692, "2018-06-30": 0.6755, "2018-03-31": "0.31810", "2017-12-31": 0.9191, "2017-09-30": 1.3403, "2017-06-30": 1.1685, "2017-03-31": "0.43170", "2016-12-31": 0.803, "2016-09-30": 1.6847, "2016-06-30": 0.5023, "2016-03-31": "1.58630", "2015-12-31": 1.2902, "2015-09-30": 0.4902, "2015-06-30": 0.225, "2015-03-31": "1.33840", "2014-12-31": 1.2463, "2014-09-30": 1.2246, "2014-06-30": 0.2628, "2014-03-31": "0.42770", "2013-12-31": 1.1576, "2013-09-30": 1.154, "2013-06-30": 0.8275, "2013-03-31": "0.49030", "2012-12-31": 1.6186, "2012-09-30": 1.2838, "2012-06-30": 0.126, "2012-03-31": "-0.16280", "2011-12-31": 1.561, "2011-09-30": 0.4744, "2011-06-30": 0.7165, "2011-03-31": "-0.13900", "2010-12-31": 1.7528, "2010-09-30": 1.0461, "2010-06-30": 0.7313, "2010-03-31": "0.10630", "2009-12-31": 0.4584, "2009-09-30": 0.5058, "2009-06-30": 0.6952, "2009-03-31": "1.27550", "2008-12-31": 2.1764, "2008-09-30": 0.6836, "2008-06-30": -0.1039, "2008-03-31": "0.31060", "2007-12-31": 0.6032, "2007-09-30": 1.0898, "2007-06-30": 0.3441, "2007-03-31": "0.62290", "2006-12-31": 1.0215, "2006-09-30": 0.6802, "2006-06-30": 0.9371, "2006-03-31": "0.87650", "2005-12-31": 0.7677, "2005-09-30": 1.0584, "2005-06-30": 0.2784, "2005-03-31": "0.58560"}, "Free Cash Flow Per Share": {"2020-09-30": 0.1512, "2020-06-30": 0.5836, "2020-03-31": "-0.58760", "2019-12-31": 0.611, "2019-09-30": 0.9612, "2019-06-30": -0.4816, "2019-03-31": "-0.39590", "2018-12-31": 1.0591, "2018-09-30": 0.1396, "2018-06-30": -0.407, "2018-03-31": "-0.86000", "2017-12-31": -0.255, "2017-09-30": 0.3328, "2017-06-30": 0.1373, "2017-03-31": "-0.30700", "2016-12-31": 0.206, "2016-09-30": 1.2589, "2016-06-30": -0.1642, "2016-03-31": "0.53020", "2015-12-31": 0.5019, "2015-09-30": 0.0588, "2015-06-30": -0.4078, "2015-03-31": "0.23980", "2014-12-31": 0.4295, "2014-09-30": 0.4911, "2014-06-30": -0.4906, "2014-03-31": "-0.37550", "2013-12-31": -0.1825, "2013-09-30": 0.3698, "2013-06-30": 0.029, "2013-03-31": "-0.08080", "2012-12-31": 0.2775, "2012-09-30": 0.5627, "2012-06-30": -0.6269, "2012-03-31": "-0.56740", "2011-12-31": 0.7654, "2011-09-30": -0.049, "2011-06-30": 0.242, "2011-03-31": "-0.46990", "2010-12-31": 1.2288, "2010-09-30": 0.6278, "2010-06-30": 0.3552, "2010-03-31": "-0.21470", "2009-12-31": 0.0045, "2009-09-30": -0.1652, "2009-06-30": -0.303, "2009-03-31": "0.41380", "2008-12-31": 0.9455, "2008-09-30": -0.0849, "2008-06-30": -0.6905, "2008-03-31": "-0.22820", "2007-12-31": -0.29, "2007-09-30": 0.4455, "2007-06-30": -0.1323, "2007-03-31": "0.21880", "2006-12-31": 0.3215, "2006-09-30": 0.1093, "2006-06-30": 0.3435, "2006-03-31": "0.40090", "2005-12-31": -0.0425, "2005-09-30": 0.375, "2005-06-30": -0.2564, "2005-03-31": "0.12670"}}, "revenue": {"Hawaiian Electric Industries Annual Revenue (Millions of US $)": {"2019": "$2,875", "2018": "$2,861", "2017": "$2,556", "2016": "$2,381", "2015": "$2,603", "2014": "$3,240", "2013": "$3,238", "2012": "$3,375", "2011": "$3,242", "2010": "$2,665", "2009": "$2,310", "2008": "$3,219", "2007": "$2,536", "2006": "$2,461", "2005": "$2,216"}, "Hawaiian Electric Industries Quarterly Revenue (Millions of US $)": {"2020-09-30": "$641", "2020-06-30": "$609", "2020-03-31": "$677", "2019-12-31": "$727", "2019-09-30": "$771", "2019-06-30": "$715", "2019-03-31": "$662", "2018-12-31": "$762", "2018-09-30": "$768", "2018-06-30": "$685", "2018-03-31": "$646", "2017-12-31": "$659", "2017-09-30": "$673", "2017-06-30": "$632", "2017-03-31": "$592", "2016-12-31": "$617", "2016-09-30": "$646", "2016-06-30": "$566", "2016-03-31": "$551", "2015-12-31": "$624", "2015-09-30": "$717", "2015-06-30": "$624", "2015-03-31": "$638", "2014-12-31": "$790", "2014-09-30": "$867", "2014-06-30": "$799", "2014-03-31": "$784", "2013-12-31": "$833", "2013-09-30": "$829", "2013-06-30": "$795", "2013-03-31": "$782", "2012-12-31": "$838", "2012-09-30": "$868", "2012-06-30": "$854", "2012-03-31": "$815", "2011-12-31": "$851", "2011-09-30": "$886", "2011-06-30": "$794", "2011-03-31": "$711", "2010-12-31": "$696", "2010-09-30": "$695", "2010-06-30": "$656", "2010-03-31": "$619", "2009-12-31": "$620", "2009-09-30": "$620", "2009-06-30": "$526", "2009-03-31": "$544", "2008-12-31": "$800", "2008-09-30": "$915", "2008-06-30": "$774", "2008-03-31": "$730", "2007-12-31": "$708", "2007-09-30": "$673", "2007-06-30": "$601", "2007-03-31": "$554", "2006-12-31": "$607", "2006-09-30": "$674", "2006-06-30": "$605", "2006-03-31": "$575", "2005-12-31": "$625", "2005-09-30": "$596", "2005-06-30": "$522", "2005-03-31": "$473"}}, "gross-profit": {"Hawaiian Electric Industries Annual Gross Profit (Millions of US $)": {"2019": "$583", "2018": "$556", "2017": "$562", "2016": "$576", "2015": "$542", "2014": "$528", "2013": "$504", "2012": "$479", "2011": "$479", "2010": "$461", "2009": "$444", "2008": "$550", "2007": "$561", "2006": "$573", "2005": "$571"}, "Hawaiian Electric Industries Quarterly Gross Profit (Millions of US $)": {"2020-09-30": "$167", "2020-06-30": "$143", "2020-03-31": "$124", "2019-12-31": "$152", "2019-09-30": "$154", "2019-06-30": "$137", "2019-03-31": "$140", "2018-12-31": "$142", "2018-09-30": "$155", "2018-06-30": "$132", "2018-03-31": "$127", "2017-12-31": "$143", "2017-09-30": "$163", "2017-06-30": "$132", "2017-03-31": "$123", "2016-12-31": "$147", "2016-09-30": "$164", "2016-06-30": "$142", "2016-03-31": "$124", "2015-12-31": "$136", "2015-09-30": "$152", "2015-06-30": "$132", "2015-03-31": "$122", "2014-12-31": "$124", "2014-09-30": "$140", "2014-06-30": "$130", "2014-03-31": "$134", "2013-12-31": "$128", "2013-09-30": "$135", "2013-06-30": "$125", "2013-03-31": "$116", "2012-12-31": "$88", "2012-09-30": "$141", "2012-06-30": "$126", "2012-03-31": "$123", "2011-12-31": "$119", "2011-09-30": "$141", "2011-06-30": "$108", "2011-03-31": "$111", "2010-12-31": "$112", "2010-09-30": "$123", "2010-06-30": "$113", "2010-03-31": "$114", "2009-12-31": "$97", "2009-09-30": "$126", "2009-06-30": "$108", "2009-03-31": "$113", "2008-12-31": "$112", "2008-09-30": "$139", "2008-06-30": "$141", "2008-03-31": "$157", "2007-12-31": "$167", "2007-09-30": "$137", "2007-06-30": "$137", "2007-03-31": "$119", "2006-12-31": "$134", "2006-09-30": "$153", "2006-06-30": "$141", "2006-03-31": "$145", "2005-12-31": "$154", "2005-09-30": "$152", "2005-06-30": "$135", "2005-03-31": "$129"}}, "operating-income": {"Hawaiian Electric Industries Annual Operating Income (Millions of US $)": {"2019": "$349", "2018": "$333", "2017": "$346", "2016": "$356", "2015": "$323", "2014": "$333", "2013": "$318", "2012": "$284", "2011": "$290", "2010": "$256", "2009": "$188", "2008": "$204", "2007": "$204", "2006": "$239", "2005": "$271"}, "Hawaiian Electric Industries Quarterly Operating Income (Millions of US $)": {"2020-09-30": "$100", "2020-06-30": "$72", "2020-03-31": "$60", "2019-12-31": "$101", "2019-09-30": "$97", "2019-06-30": "$73", "2019-03-31": "$78", "2018-12-31": "$85", "2018-09-30": "$98", "2018-06-30": "$79", "2018-03-31": "$72", "2017-12-31": "$87", "2017-09-30": "$111", "2017-06-30": "$78", "2017-03-31": "$70", "2016-12-31": "$96", "2016-09-30": "$105", "2016-06-30": "$85", "2016-03-31": "$69", "2015-12-31": "$83", "2015-09-30": "$97", "2015-06-30": "$73", "2015-03-31": "$70", "2014-12-31": "$68", "2014-09-30": "$92", "2014-06-30": "$83", "2014-03-31": "$89", "2013-12-31": "$80", "2013-09-30": "$88", "2013-06-30": "$80", "2013-03-31": "$69", "2012-12-31": "$37", "2012-09-30": "$92", "2012-06-30": "$79", "2012-03-31": "$76", "2011-12-31": "$68", "2011-09-30": "$94", "2011-06-30": "$64", "2011-03-31": "$63", "2010-12-31": "$59", "2010-09-30": "$73", "2010-06-30": "$64", "2010-03-31": "$61", "2009-12-31": "$39", "2009-09-30": "$69", "2009-06-30": "$35", "2009-03-31": "$45", "2008-12-31": "$38", "2008-09-30": "$74", "2008-06-30": "$22", "2008-03-31": "$71", "2007-12-31": "$82", "2007-09-30": "$48", "2007-06-30": "$45", "2007-03-31": "$29", "2006-12-31": "$43", "2006-09-30": "$66", "2006-06-30": "$61", "2006-03-31": "$69", "2005-12-31": "$76", "2005-09-30": "$77", "2005-06-30": "$61", "2005-03-31": "$57"}}, "ebitda": {"Hawaiian Electric Industries Annual EBITDA (Millions of US $)": {"2019": "$627", "2018": "$589", "2017": "$568", "2016": "$561", "2015": "$518", "2014": "$516", "2013": "$485", "2012": "$443", "2011": "$457", "2010": "$415", "2009": "$344", "2008": "$360", "2007": "$363", "2006": "$391", "2005": "$414"}, "Hawaiian Electric Industries Quarterly EBITDA (Millions of US $)": {"2020-09-30": "$172", "2020-06-30": "$146", "2020-03-31": "$131", "2019-12-31": "$172", "2019-09-30": "$167", "2019-06-30": "$143", "2019-03-31": "$145", "2018-12-31": "$149", "2018-09-30": "$163", "2018-06-30": "$144", "2018-03-31": "$134", "2017-12-31": "$144", "2017-09-30": "$171", "2017-06-30": "$132", "2017-03-31": "$122", "2016-12-31": "$148", "2016-09-30": "$157", "2016-06-30": "$137", "2016-03-31": "$119", "2015-12-31": "$134", "2015-09-30": "$146", "2015-06-30": "$121", "2015-03-31": "$118", "2014-12-31": "$117", "2014-09-30": "$136", "2014-06-30": "$129", "2014-03-31": "$134", "2013-12-31": "$125", "2013-09-30": "$128", "2013-06-30": "$122", "2013-03-31": "$109", "2012-12-31": "$78", "2012-09-30": "$131", "2012-06-30": "$119", "2012-03-31": "$115", "2011-12-31": "$110", "2011-09-30": "$133", "2011-06-30": "$111", "2011-03-31": "$103", "2010-12-31": "$98", "2010-09-30": "$111", "2010-06-30": "$104", "2010-03-31": "$102", "2009-12-31": "$78", "2009-09-30": "$107", "2009-06-30": "$75", "2009-03-31": "$84", "2008-12-31": "$76", "2008-09-30": "$112", "2008-06-30": "$61", "2008-03-31": "$111", "2007-12-31": "$121", "2007-09-30": "$90", "2007-06-30": "$84", "2007-03-31": "$68", "2006-12-31": "$81", "2006-09-30": "$105", "2006-06-30": "$98", "2006-03-31": "$107", "2005-12-31": "$110", "2005-09-30": "$112", "2005-06-30": "$101", "2005-03-31": "$90"}}, "net-income": {"Hawaiian Electric Industries Annual Net Income (Millions of US $)": {"2019": "$218", "2018": "$202", "2017": "$165", "2016": "$248", "2015": "$160", "2014": "$168", "2013": "$162", "2012": "$139", "2011": "$138", "2010": "$114", "2009": "$83", "2008": "$90", "2007": "$85", "2006": "$108", "2005": "$127"}, "Hawaiian Electric Industries Quarterly Net Income (Millions of US $)": {"2020-09-30": "$65", "2020-06-30": "$49", "2020-03-31": "$33", "2019-12-31": "$66", "2019-09-30": "$63", "2019-06-30": "$43", "2019-03-31": "$46", "2018-12-31": "$50", "2018-09-30": "$66", "2018-06-30": "$46", "2018-03-31": "$40", "2017-12-31": "$32", "2017-09-30": "$60", "2017-06-30": "$39", "2017-03-31": "$34", "2016-12-31": "$45", "2016-09-30": "$127", "2016-06-30": "$44", "2016-03-31": "$32", "2015-12-31": "$42", "2015-09-30": "$51", "2015-06-30": "$35", "2015-03-31": "$32", "2014-12-31": "$33", "2014-09-30": "$48", "2014-06-30": "$41", "2014-03-31": "$46", "2013-12-31": "$39", "2013-09-30": "$48", "2013-06-30": "$41", "2013-03-31": "$34", "2012-12-31": "$14", "2012-09-30": "$48", "2012-06-30": "$39", "2012-03-31": "$38", "2011-12-31": "$34", "2011-09-30": "$48", "2011-06-30": "$27", "2011-03-31": "$28", "2010-12-31": "$25", "2010-09-30": "$32", "2010-06-30": "$29", "2010-03-31": "$27", "2009-12-31": "$14", "2009-09-30": "$33", "2009-06-30": "$15", "2009-03-31": "$20", "2008-12-31": "$14", "2008-09-30": "$37", "2008-06-30": "$5", "2008-03-31": "$34", "2007-12-31": "$41", "2007-09-30": "$20", "2007-06-30": "$18", "2007-03-31": "$7", "2006-12-31": "$16", "2006-09-30": "$32", "2006-06-30": "$27", "2006-03-31": "$32", "2005-12-31": "$38", "2005-09-30": "$37", "2005-06-30": "$28", "2005-03-31": "$24"}}, "eps-earnings-per-share-diluted": {"Hawaiian Electric Industries Annual EPS": {"2019": "$1.99", "2018": "$1.85", "2017": "$1.52", "2016": "$2.29", "2015": "$1.50", "2014": "$1.63", "2013": "$1.62", "2012": "$1.42", "2011": "$1.44", "2010": "$1.21", "2009": "$0.91", "2008": "$1.07", "2007": "$1.03", "2006": "$1.33", "2005": "$1.56"}, "Hawaiian Electric Industries Quarterly EPS": {"2020-09-30": "$0.59", "2020-06-30": "$0.45", "2020-03-31": "$0.31", "2019-12-31": "$0.60", "2019-09-30": "$0.58", "2019-06-30": "$0.39", "2019-03-31": "$0.42", "2018-12-31": "$0.46", "2018-09-30": "$0.60", "2018-06-30": "$0.42", "2018-03-31": "$0.37", "2017-12-31": "$0.30", "2017-09-30": "$0.55", "2017-06-30": "$0.36", "2017-03-31": "$0.31", "2016-12-31": "$0.41", "2016-09-30": "$1.17", "2016-06-30": "$0.41", "2016-03-31": "$0.30", "2015-12-31": "$0.39", "2015-09-30": "$0.47", "2015-06-30": "$0.33", "2015-03-31": "$0.31", "2014-12-31": "$0.31", "2014-09-30": "$0.46", "2014-06-30": "$0.41", "2014-03-31": "$0.45", "2013-12-31": "$0.39", "2013-09-30": "$0.48", "2013-06-30": "$0.41", "2013-03-31": "$0.34", "2012-12-31": "$0.13", "2012-09-30": "$0.49", "2012-06-30": "$0.40", "2012-03-31": "$0.40", "2011-12-31": "$0.36", "2011-09-30": "$0.50", "2011-06-30": "$0.28", "2011-03-31": "$0.30", "2010-12-31": "$0.26", "2010-09-30": "$0.35", "2010-06-30": "$0.31", "2010-03-31": "$0.29", "2009-12-31": "$0.15", "2009-09-30": "$0.37", "2009-06-30": "$0.17", "2009-03-31": "$0.22", "2008-12-31": "$0.16", "2008-09-30": "$0.44", "2008-06-30": "$0.06", "2008-03-31": "$0.41", "2007-12-31": "$0.50", "2007-09-30": "$0.24", "2007-06-30": "$0.21", "2007-03-31": "$0.08", "2006-12-31": "$0.20", "2006-09-30": "$0.40", "2006-06-30": "$0.33", "2006-03-31": "$0.40", "2005-12-31": "$0.46", "2005-09-30": "$0.46", "2005-06-30": "$0.34", "2005-03-31": "$0.30"}}, "shares-outstanding": {"Hawaiian Electric Industries Annual Shares Outstanding (Millions of Shares)": {"2019": "109", "2018": "109", "2017": "109", "2016": "108", "2015": "107", "2014": "103", "2013": "100", "2012": "97", "2011": "96", "2010": "94", "2009": "92", "2008": "85", "2007": "82", "2006": "81", "2005": "81"}, "Hawaiian Electric Industries Quarterly Shares Outstanding (Millions of Shares)": {"2020-09-30": "109", "2020-06-30": "109", "2020-03-31": "109", "2019-12-31": "109", "2019-09-30": "109", "2019-06-30": "109", "2019-03-31": "109", "2018-12-31": "109", "2018-09-30": "109", "2018-06-30": "109", "2018-03-31": "109", "2017-12-31": "109", "2017-09-30": "109", "2017-06-30": "109", "2017-03-31": "109", "2016-12-31": "108", "2016-09-30": "108", "2016-06-30": "108", "2016-03-31": "108", "2015-12-31": "107", "2015-09-30": "108", "2015-06-30": "108", "2015-03-31": "104", "2014-12-31": "103", "2014-09-30": "103", "2014-06-30": "102", "2014-03-31": "102", "2013-12-31": "100", "2013-09-30": "100", "2013-06-30": "99", "2013-03-31": "99", "2012-12-31": "97", "2012-09-30": "98", "2012-06-30": "97", "2012-03-31": "97", "2011-12-31": "96", "2011-09-30": "96", "2011-06-30": "96", "2011-03-31": "95", "2010-12-31": "94", "2010-09-30": "94", "2010-06-30": "93", "2010-03-31": "93", "2009-12-31": "92", "2009-09-30": "92", "2009-06-30": "91", "2009-03-31": "91", "2008-12-31": "85", "2008-09-30": "85", "2008-06-30": "84", "2008-03-31": "84", "2007-12-31": "82", "2007-09-30": "83", "2007-06-30": "82", "2007-03-31": "82", "2006-12-31": "81", "2006-09-30": "82", "2006-06-30": "81", "2006-03-31": "81", "2005-12-31": "81", "2005-09-30": "81", "2005-06-30": "81", "2005-03-31": "81"}}, "total-assets": {"Hawaiian Electric Industries Annual Total Assets (Millions of US $)": {"2019": "$13,745", "2018": "$13,104", "2017": "$12,534", "2016": "$12,426", "2015": "$11,782", "2014": "$11,185", "2013": "$10,340", "2012": "$10,149", "2011": "$9,594", "2010": "$9,085", "2009": "$8,925", "2008": "$9,295", "2007": "$10,294", "2006": "$9,891", "2005": "$9,952"}, "Hawaiian Electric Industries Quarterly Total Assets (Millions of US $)": {"2020-09-30": "$14,542", "2020-06-30": "$14,481", "2020-03-31": "$13,849", "2019-12-31": "$13,745", "2019-09-30": "$13,518", "2019-06-30": "$13,538", "2019-03-31": "$13,360", "2018-12-31": "$13,104", "2018-09-30": "$12,912", "2018-06-30": "$12,884", "2018-03-31": "$12,703", "2017-12-31": "$12,534", "2017-09-30": "$12,743", "2017-06-30": "$12,694", "2017-03-31": "$12,543", "2016-12-31": "$12,426", "2016-09-30": "$12,199", "2016-06-30": "$11,979", "2016-03-31": "$11,871", "2015-12-31": "$11,782", "2015-09-30": "$11,573", "2015-06-30": "$11,440", "2015-03-31": "$11,273", "2014-12-31": "$11,185", "2014-09-30": "$10,670", "2014-06-30": "$10,617", "2014-03-31": "$10,458", "2013-12-31": "$10,340", "2013-09-30": "$10,429", "2013-06-30": "$10,238", "2013-03-31": "$10,299", "2012-12-31": "$10,149", "2012-09-30": "$9,905", "2012-06-30": "$9,822", "2012-03-31": "$9,633", "2011-12-31": "$9,594", "2011-09-30": "$9,264", "2011-06-30": "$9,241", "2011-03-31": "$9,128", "2010-12-31": "$9,085", "2010-09-30": "$8,895", "2010-06-30": "$8,880", "2010-03-31": "$8,893", "2009-12-31": "$8,925", "2009-09-30": "$9,005", "2009-06-30": "$9,009", "2009-03-31": "$8,960", "2008-12-31": "$9,295", "2008-09-30": "$9,241", "2008-06-30": "$9,182", "2008-03-31": "$10,323", "2007-12-31": "$10,294", "2007-09-30": "$10,031", "2007-06-30": "$9,958", "2007-03-31": "$9,923", "2006-12-31": "$9,891", "2006-09-30": "$9,910", "2006-06-30": "$10,021", "2006-03-31": "$9,980", "2005-12-31": "$9,952", "2005-09-30": "$9,976", "2005-06-30": "$9,807", "2005-03-31": "$9,710"}}, "cash-on-hand": {"Hawaiian Electric Industries Annual Cash on Hand (Millions of US $)": {"2019": "$228", "2018": "$169", "2017": "$262", "2016": "$278", "2015": "$300", "2014": "$176", "2013": "$220", "2012": "$220", "2011": "$270", "2010": "$331", "2009": "$504", "2008": "$183", "2007": "$146", "2006": "$178", "2005": "$152"}, "Hawaiian Electric Industries Quarterly Cash on Hand (Millions of US $)": {"2020-09-30": "$215", "2020-06-30": "$604", "2020-03-31": "$236", "2019-12-31": "$228", "2019-09-30": "$177", "2019-06-30": "$199", "2019-03-31": "$186", "2018-12-31": "$169", "2018-09-30": "$172", "2018-06-30": "$255", "2018-03-31": "$245", "2017-12-31": "$262", "2017-09-30": "$202", "2017-06-30": "$210", "2017-03-31": "$234", "2016-12-31": "$278", "2016-09-30": "$284", "2016-06-30": "$257", "2016-03-31": "$335", "2015-12-31": "$300", "2015-09-30": "$228", "2015-06-30": "$301", "2015-03-31": "$292", "2014-12-31": "$176", "2014-09-30": "$193", "2014-06-30": "$188", "2014-03-31": "$269", "2013-12-31": "$220", "2013-09-30": "$215", "2013-06-30": "$154", "2013-03-31": "$263", "2012-12-31": "$220", "2012-09-30": "$169", "2012-06-30": "$208", "2012-03-31": "$236", "2011-12-31": "$270", "2011-09-30": "$283", "2011-06-30": "$267", "2011-03-31": "$316", "2010-12-31": "$331", "2010-09-30": "$387", "2010-06-30": "$278", "2010-03-31": "$341", "2009-12-31": "$504", "2009-09-30": "$257", "2009-06-30": "$265", "2009-03-31": "$160", "2008-12-31": "$183", "2008-09-30": "$167", "2008-06-30": "$148", "2008-03-31": "$190", "2007-12-31": "$146", "2007-09-30": "$167", "2007-06-30": "$152", "2007-03-31": "$156", "2006-12-31": "$178", "2006-09-30": "$147", "2006-06-30": "$145", "2006-03-31": "$155", "2005-12-31": "$152", "2005-09-30": "$165", "2005-06-30": "$168", "2005-03-31": "$203"}}, "long-term-debt": {"Hawaiian Electric Industries Annual Long Term Debt (Millions of US $)": {"2019": "$1,964", "2018": "$1,880", "2017": "$1,684", "2016": "$1,619", "2015": "$1,578", "2014": "$1,507", "2013": "$1,493", "2012": "$1,423", "2011": "$1,340", "2010": "$1,365", "2009": "$1,365", "2008": "$1,212", "2007": "$1,242", "2006": "$1,133", "2005": "$1,143"}, "Hawaiian Electric Industries Quarterly Long Term Debt (Millions of US $)": {"2020-09-30": "$2,069", "2020-06-30": "$2,070", "2020-03-31": "$2,068", "2019-12-31": "$1,964", "2019-09-30": "$1,885", "2019-06-30": "$1,884", "2019-03-31": "$1,880", "2018-12-31": "$1,880", "2018-09-30": "$1,782", "2018-06-30": "$1,783", "2018-03-31": "$1,684", "2017-12-31": "$1,684", "2017-09-30": "$1,618", "2017-06-30": "$1,619", "2017-03-31": "$1,619", "2016-12-31": "$1,619", "2016-09-30": "$1,579", "2016-06-30": "$1,579", "2016-03-31": "$1,579", "2015-12-31": "$1,578", "2015-09-30": "$1,507", "2015-06-30": "$1,507", "2015-03-31": "$1,507", "2014-12-31": "$1,507", "2014-09-30": "$1,518", "2014-06-30": "$1,518", "2014-03-31": "$1,493", "2013-12-31": "$1,493", "2013-09-30": "$1,423", "2013-06-30": "$1,423", "2013-03-31": "$1,423", "2012-12-31": "$1,423", "2012-09-30": "$1,430", "2012-06-30": "$1,430", "2012-03-31": "$1,283", "2011-12-31": "$1,340", "2011-09-30": "$1,340", "2011-06-30": "$1,440", "2011-03-31": "$1,440", "2010-12-31": "$1,365", "2010-09-30": "$1,365", "2010-06-30": "$1,365", "2010-03-31": "$1,365", "2009-12-31": "$1,365", "2009-09-30": "$1,365", "2009-06-30": "$1,215", "2009-03-31": "$1,215", "2008-12-31": "$1,212", "2008-09-30": "$1,211", "2008-06-30": "$1,207", "2008-03-31": "$1,202", "2007-12-31": "$1,242", "2007-09-30": "$1,230", "2007-06-30": "$1,231", "2007-03-31": "$1,225", "2006-12-31": "$1,133", "2006-09-30": "$1,133", "2006-06-30": "$1,033", "2006-03-31": "$1,133", "2005-12-31": "$1,143", "2005-09-30": "$1,173", "2005-06-30": "$1,168", "2005-03-31": "$1,169"}}, "total-liabilities": {"Hawaiian Electric Industries Annual Total Liabilities (Millions of US $)": {"2019": "$11,465", "2018": "$10,942", "2017": "$10,437", "2016": "$10,359", "2015": "$9,854", "2014": "$9,395", "2013": "$8,613", "2012": "$8,555", "2011": "$8,066", "2010": "$7,602", "2009": "$7,483", "2008": "$7,871", "2007": "$9,018", "2006": "$8,796", "2005": "$8,735"}, "Hawaiian Electric Industries Quarterly Total Liabilities (Millions of US $)": {"2020-09-30": "$12,219", "2020-06-30": "$12,189", "2020-03-31": "$11,573", "2019-12-31": "$11,465", "2019-09-30": "$11,275", "2019-06-30": "$11,329", "2019-03-31": "$11,177", "2018-12-31": "$10,942", "2018-09-30": "$10,780", "2018-06-30": "$10,781", "2018-03-31": "$10,611", "2017-12-31": "$10,437", "2017-09-30": "$10,640", "2017-06-30": "$10,619", "2017-03-31": "$10,478", "2016-12-31": "$10,359", "2016-09-30": "$10,131", "2016-06-30": "$10,013", "2016-03-31": "$9,928", "2015-12-31": "$9,854", "2015-09-30": "$9,652", "2015-06-30": "$9,541", "2015-03-31": "$9,376", "2014-12-31": "$9,395", "2014-09-30": "$8,869", "2014-06-30": "$8,856", "2014-03-31": "$8,712", "2013-12-31": "$8,613", "2013-09-30": "$8,774", "2013-06-30": "$8,613", "2013-03-31": "$8,691", "2012-12-31": "$8,555", "2012-09-30": "$8,298", "2012-06-30": "$8,246", "2012-03-31": "$8,079", "2011-12-31": "$8,066", "2011-09-30": "$7,727", "2011-06-30": "$7,729", "2011-03-31": "$7,631", "2010-12-31": "$7,602", "2010-09-30": "$7,416", "2010-06-30": "$7,414", "2010-03-31": "$7,439", "2009-12-31": "$7,483", "2009-09-30": "$7,549", "2009-06-30": "$7,573", "2009-03-31": "$7,522", "2008-12-31": "$7,871", "2008-09-30": "$7,920", "2008-06-30": "$7,885", "2008-03-31": "$9,019", "2007-12-31": "$9,018", "2007-09-30": "$8,900", "2007-06-30": "$8,849", "2007-03-31": "$8,826", "2006-12-31": "$8,796", "2006-09-30": "$8,672", "2006-06-30": "$8,816", "2006-03-31": "$8,768", "2005-12-31": "$8,735", "2005-09-30": "$8,762", "2005-06-30": "$8,591", "2005-03-31": "$8,527"}}, "total-share-holder-equity": {"Hawaiian Electric Industries Annual Share Holder Equity (Millions of US $)": {"2019": "$2,280", "2018": "$2,162", "2017": "$2,097", "2016": "$2,067", "2015": "$1,928", "2014": "$1,791", "2013": "$1,727", "2012": "$1,594", "2011": "$1,529", "2010": "$1,484", "2009": "$1,442", "2008": "$1,424", "2007": "$1,275", "2006": "$1,095", "2005": "$1,217"}, "Hawaiian Electric Industries Quarterly Share Holder Equity (Millions of US $)": {"2020-09-30": "$2,323", "2020-06-30": "$2,291", "2020-03-31": "$2,277", "2019-12-31": "$2,280", "2019-09-30": "$2,243", "2019-06-30": "$2,209", "2019-03-31": "$2,184", "2018-12-31": "$2,162", "2018-09-30": "$2,132", "2018-06-30": "$2,103", "2018-03-31": "$2,092", "2017-12-31": "$2,097", "2017-09-30": "$2,103", "2017-06-30": "$2,075", "2017-03-31": "$2,066", "2016-12-31": "$2,067", "2016-09-30": "$2,068", "2016-06-30": "$1,966", "2016-03-31": "$1,942", "2015-12-31": "$1,928", "2015-09-30": "$1,921", "2015-06-30": "$1,899", "2015-03-31": "$1,898", "2014-12-31": "$1,791", "2014-09-30": "$1,801", "2014-06-30": "$1,761", "2014-03-31": "$1,746", "2013-12-31": "$1,727", "2013-09-30": "$1,655", "2013-06-30": "$1,625", "2013-03-31": "$1,607", "2012-12-31": "$1,594", "2012-09-30": "$1,607", "2012-06-30": "$1,576", "2012-03-31": "$1,554", "2011-12-31": "$1,529", "2011-09-30": "$1,538", "2011-06-30": "$1,512", "2011-03-31": "$1,497", "2010-12-31": "$1,484", "2010-09-30": "$1,480", "2010-06-30": "$1,467", "2010-03-31": "$1,453", "2009-12-31": "$1,442", "2009-09-30": "$1,456", "2009-06-30": "$1,436", "2009-03-31": "$1,438", "2008-12-31": "$1,424", "2008-09-30": "$1,321", "2008-06-30": "$1,297", "2008-03-31": "$1,304", "2007-12-31": "$1,275", "2007-09-30": "$1,130", "2007-06-30": "$1,108", "2007-03-31": "$1,097", "2006-12-31": "$1,095", "2006-09-30": "$1,238", "2006-06-30": "$1,205", "2006-03-31": "$1,212", "2005-12-31": "$1,217", "2005-09-30": "$1,213", "2005-06-30": "$1,216", "2005-03-31": "$1,183"}}, "profit-margins": {"current": "8.1%"}, "gross margin": {"2020-09-30": "22.08%", "2020-06-30": "20.58%", "2020-03-31": "19.62%", "2019-12-31": "20.28%", "2019-09-30": "19.69%", "2019-06-30": "19.75%", "2019-03-31": "19.78%", "2018-12-31": "19.43%", "2018-09-30": "20.20%", "2018-06-30": "21.22%", "2018-03-31": "21.65%", "2017-12-31": "21.95%", "2017-09-30": "22.47%", "2017-06-30": "22.76%", "2017-03-31": "23.79%", "2016-12-31": "24.24%", "2016-09-30": "23.71%", "2016-06-30": "22.54%", "2016-03-31": "21.62%", "2015-12-31": "20.82%", "2015-09-30": "19.14%", "2015-06-30": "17.75%", "2015-03-31": "16.68%", "2014-12-31": "16.30%", "2014-09-30": "16.20%", "2014-06-30": "16.24%", "2014-03-31": "16.11%", "2013-12-31": "15.56%", "2013-09-30": "14.30%", "2013-06-30": "14.32%", "2013-03-31": "14.09%", "2012-12-31": "14.16%", "2012-09-30": "15.02%", "2012-06-30": "14.94%", "2012-03-31": "14.67%", "2011-12-31": "14.77%", "2011-09-30": "15.29%", "2011-06-30": "15.68%", "2011-03-31": "16.64%", "2010-12-31": "17.33%", "2010-09-30": "17.26%", "2010-06-30": "17.89%", "2010-03-31": "18.66%", "2009-12-31": "19.22%", "2009-09-30": "18.43%", "2009-06-30": "16.95%", "2009-03-31": "16.65%", "2008-12-31": "17.05%", "2008-09-30": "19.32%", "2008-06-30": "20.87%", "2008-03-31": "22.05%", "2007-12-31": "22.08%", "2007-09-30": "21.64%", "2007-06-30": "22.29%", "2007-03-31": "22.42%", "2006-12-31": "23.28%", "2006-09-30": "23.92%", "2006-06-30": "24.66%", "2006-03-31": "25.28%", "2005-12-31": "25.72%"}, "operating margin": {"2020-09-30": "12.55%", "2020-06-30": "11.85%", "2020-03-31": "11.45%", "2019-12-31": "12.14%", "2019-09-30": "11.44%", "2019-06-30": "11.49%", "2019-03-31": "11.82%", "2018-12-31": "11.67%", "2018-09-30": "12.18%", "2018-06-30": "13.11%", "2018-03-31": "13.33%", "2017-12-31": "13.54%", "2017-09-30": "14.12%", "2017-06-30": "14.03%", "2017-03-31": "14.70%", "2016-12-31": "14.92%", "2016-09-30": "14.33%", "2016-06-30": "13.59%", "2016-03-31": "12.80%", "2015-12-31": "12.41%", "2015-09-30": "11.12%", "2015-06-30": "10.38%", "2015-03-31": "10.12%", "2014-12-31": "10.25%", "2014-09-30": "10.48%", "2014-06-30": "10.48%", "2014-03-31": "10.40%", "2013-12-31": "9.79%", "2013-09-30": "8.45%", "2013-06-30": "8.47%", "2013-03-31": "8.29%", "2012-12-31": "8.41%", "2012-09-30": "9.30%", "2012-06-30": "9.31%", "2012-03-31": "9.03%", "2011-12-31": "8.91%", "2011-09-30": "9.07%", "2011-06-30": "8.94%", "2011-03-31": "9.39%", "2010-12-31": "9.64%", "2010-09-30": "9.15%", "2010-06-30": "9.26%", "2010-03-31": "8.55%", "2009-12-31": "8.14%", "2009-09-30": "7.51%", "2009-06-30": "6.89%", "2009-03-31": "5.90%", "2008-12-31": "6.37%", "2008-09-30": "7.96%", "2008-06-30": "7.73%", "2008-03-31": "9.07%", "2007-12-31": "8.04%", "2007-09-30": "6.78%", "2007-06-30": "7.51%", "2007-03-31": "8.16%", "2006-12-31": "9.71%", "2006-09-30": "10.97%", "2006-06-30": "11.79%", "2006-03-31": "12.21%", "2005-12-31": "12.23%"}, "ebitda margin": {"2020-09-30": "23.40%", "2020-06-30": "22.13%", "2020-03-31": "21.21%", "2019-12-31": "21.81%", "2019-09-30": "20.76%", "2019-06-30": "20.64%", "2019-03-31": "20.89%", "2018-12-31": "20.62%", "2018-09-30": "21.21%", "2018-06-30": "22.27%", "2018-03-31": "22.26%", "2017-12-31": "22.26%", "2017-09-30": "22.79%", "2017-06-30": "22.48%", "2017-03-31": "23.30%", "2016-12-31": "23.57%", "2016-09-30": "22.92%", "2016-06-30": "21.81%", "2016-03-31": "20.67%", "2015-12-31": "19.94%", "2015-09-30": "18.13%", "2015-06-30": "16.86%", "2015-03-31": "16.16%", "2014-12-31": "15.93%", "2014-09-30": "15.96%", "2014-06-30": "15.90%", "2014-03-31": "15.71%", "2013-12-31": "14.94%", "2013-09-30": "13.47%", "2013-06-30": "13.40%", "2013-03-31": "13.08%", "2012-12-31": "13.13%", "2012-09-30": "14.02%", "2012-06-30": "14.00%", "2012-03-31": "14.02%", "2011-12-31": "14.10%", "2011-09-30": "14.42%", "2011-06-30": "14.61%", "2011-03-31": "15.08%", "2010-12-31": "15.57%", "2010-09-30": "15.25%", "2010-06-30": "15.55%", "2010-03-31": "15.18%", "2009-12-31": "14.89%", "2009-09-30": "13.73%", "2009-06-30": "12.46%", "2009-03-31": "10.98%", "2008-12-31": "11.18%", "2008-09-30": "12.95%", "2008-06-30": "13.28%", "2008-03-31": "14.97%", "2007-12-31": "14.31%", "2007-09-30": "13.26%", "2007-06-30": "13.88%", "2007-03-31": "14.43%", "2006-12-31": "15.89%", "2006-09-30": "16.94%", "2006-06-30": "17.78%", "2006-03-31": "18.55%", "2005-12-31": "18.64%"}, "pre tax profit margin": {"2020-09-30": "9.87%", "2020-06-30": "9.38%", "2020-03-31": "8.79%", "2019-12-31": "9.46%", "2019-09-30": "8.73%", "2019-06-30": "8.67%", "2019-03-31": "9.00%", "2018-12-31": "8.88%", "2018-09-30": "9.43%", "2018-06-30": "10.44%", "2018-03-31": "10.65%", "2017-12-31": "10.84%", "2017-09-30": "11.14%", "2017-06-30": "14.64%", "2017-03-31": "15.49%", "2016-12-31": "15.71%", "2016-09-30": "15.33%", "2016-06-30": "10.90%", "2016-03-31": "10.06%", "2015-12-31": "9.76%", "2015-09-30": "8.74%", "2015-06-30": "8.12%", "2015-03-31": "7.95%", "2014-12-31": "8.21%", "2014-09-30": "8.41%", "2014-06-30": "8.35%", "2014-03-31": "8.33%", "2013-12-31": "7.72%", "2013-09-30": "6.41%", "2013-06-30": "6.43%", "2013-03-31": "6.25%", "2012-12-31": "6.43%", "2012-09-30": "7.35%", "2012-06-30": "7.40%", "2012-03-31": "6.90%", "2011-12-31": "6.66%", "2011-09-30": "6.61%", "2011-06-30": "6.22%", "2011-03-31": "6.71%", "2010-12-31": "6.86%", "2010-09-30": "6.29%", "2010-06-30": "6.48%", "2010-03-31": "5.87%", "2009-12-31": "5.58%", "2009-09-30": "5.22%", "2009-06-30": "4.85%", "2009-03-31": "3.89%", "2008-12-31": "4.35%", "2008-09-30": "5.88%", "2008-06-30": "5.41%", "2008-03-31": "6.53%", "2007-12-31": "5.21%", "2007-09-30": "3.78%", "2007-06-30": "4.60%", "2007-03-31": "5.25%", "2006-12-31": "6.95%", "2006-09-30": "8.23%", "2006-06-30": "8.91%", "2006-03-31": "9.28%", "2005-12-31": "9.12%"}, "net profit margin": {"2020-09-30": "8.03%", "2020-06-30": "7.58%", "2020-03-31": "7.09%", "2019-12-31": "7.58%", "2019-09-30": "6.94%", "2019-06-30": "7.05%", "2019-03-31": "7.23%", "2018-12-31": "7.06%", "2018-09-30": "6.67%", "2018-06-30": "6.68%", "2018-03-31": "6.55%", "2017-12-31": "6.46%", "2017-09-30": "7.08%", "2017-06-30": "9.85%", "2017-03-31": "10.33%", "2016-12-31": "10.42%", "2016-09-30": "10.26%", "2016-06-30": "6.88%", "2016-03-31": "6.36%", "2015-12-31": "6.15%", "2015-09-30": "5.45%", "2015-06-30": "5.07%", "2015-03-31": "4.98%", "2014-12-31": "5.19%", "2014-09-30": "5.30%", "2014-06-30": "5.36%", "2014-03-31": "5.37%", "2013-12-31": "5.00%", "2013-09-30": "4.22%", "2013-06-30": "4.17%", "2013-03-31": "4.04%", "2012-12-31": "4.12%", "2012-09-30": "4.69%", "2012-06-30": "4.67%", "2012-03-31": "4.39%", "2011-12-31": "4.23%", "2011-09-30": "4.15%", "2011-06-30": "3.87%", "2011-03-31": "4.13%", "2010-12-31": "4.24%", "2010-09-30": "3.94%", "2010-06-30": "4.10%", "2010-03-31": "3.73%", "2009-12-31": "3.55%", "2009-09-30": "3.29%", "2009-06-30": "3.09%", "2009-03-31": "2.51%", "2008-12-31": "2.80%", "2008-09-30": "3.74%", "2008-06-30": "3.47%", "2008-03-31": "4.17%", "2007-12-31": "3.39%", "2007-09-30": "2.51%", "2007-06-30": "3.00%", "2007-03-31": "3.36%", "2006-12-31": "4.35%", "2006-09-30": "5.20%", "2006-06-30": "5.58%", "2006-03-31": "5.82%", "2005-12-31": "5.73%"}, "pe ratio": {"current": "18.04", "2021-02-05": "17.40", "2020-09-30": "16.81", "2020-06-30": "18.15", "2020-03-31": "22.17", "2019-12-31": "22.65", "2019-09-30": "23.79", "2019-06-30": "22.31", "2019-03-31": "20.40", "2018-12-31": "18.66", "2018-09-30": "19.58", "2018-06-30": "19.28", "2018-03-31": "19.88", "2017-12-31": "21.52", "2017-09-30": "18.37", "2017-06-30": "12.79", "2017-03-31": "12.75", "2016-12-31": "12.60", "2016-09-30": "11.35", "2016-06-30": "17.85", "2016-03-31": "18.41", "2015-12-31": "16.17", "2015-09-30": "16.62", "2015-06-30": "17.17", "2015-03-31": "17.39", "2014-12-31": "16.42", "2014-09-30": "12.35", "2014-06-30": "11.50", "2014-03-31": "11.39", "2013-12-31": "12.32", "2013-09-30": "13.87", "2013-06-30": "13.72", "2013-03-31": "14.96", "2012-12-31": "12.86", "2012-09-30": "11.51", "2012-06-30": "12.26", "2012-03-31": "11.61", "2011-12-31": "12.82", "2011-09-30": "12.48", "2011-06-30": "13.74", "2011-03-31": "13.64", "2010-12-31": "12.48", "2010-09-30": "13.40", "2010-06-30": "13.13", "2010-03-31": "14.59", "2009-12-31": "14.40", "2009-09-30": "12.15", "2009-06-30": "11.67", "2009-03-31": "9.29", "2008-12-31": "12.05", "2008-09-30": "11.98", "2008-06-30": "11.73", "2008-03-31": "9.94", "2007-12-31": "12.39", "2007-09-30": "16.27", "2007-06-30": "14.35", "2007-03-31": "13.70", "2006-12-31": "10.75"}, "price sales": {"2021-02-05": "1.40", "2020-09-30": "1.36", "2020-06-30": "1.39", "2020-03-31": "1.59", "2019-12-31": "1.72", "2019-09-30": "1.64", "2019-06-30": "1.56", "2019-03-31": "1.46", "2018-12-31": "1.31", "2018-09-30": "1.31", "2018-06-30": "1.29", "2018-03-31": "1.31", "2017-12-31": "1.39", "2017-09-30": "1.29", "2017-06-30": "1.26", "2017-03-31": "1.31", "2016-12-31": "1.31", "2016-09-30": "1.16", "2016-06-30": "1.23", "2016-03-31": "1.17", "2015-12-31": "0.99", "2015-09-30": "0.90", "2015-06-30": "0.87", "2015-03-31": "0.87", "2014-12-31": "0.85", "2014-09-30": "0.65", "2014-06-30": "0.62", "2014-03-31": "0.61", "2013-12-31": "0.61", "2013-09-30": "0.58", "2013-06-30": "0.57", "2013-03-31": "0.60", "2012-12-31": "0.53", "2012-09-30": "0.54", "2012-06-30": "0.58", "2012-03-31": "0.51", "2011-12-31": "0.54", "2011-09-30": "0.52", "2011-06-30": "0.53", "2011-03-31": "0.57", "2010-12-31": "0.53", "2010-09-30": "0.53", "2010-06-30": "0.54", "2010-03-31": "0.55", "2009-12-31": "0.52", "2009-09-30": "0.40", "2009-06-30": "0.36", "2009-03-31": "0.23", "2008-12-31": "0.34", "2008-09-30": "0.45", "2008-06-30": "0.41", "2008-03-31": "0.41", "2007-12-31": "0.41", "2007-09-30": "0.40", "2007-06-30": "0.43", "2007-03-31": "0.46", "2006-12-31": "0.47"}, "price book": {"current": "1.60", "2021-02-05": "1.60", "2020-09-30": "1.55", "2020-06-30": "1.69", "2020-03-31": "2.01", "2019-12-31": "2.16", "2019-09-30": "2.13", "2019-06-30": "2.05", "2019-03-31": "1.92", "2018-12-31": "1.73", "2018-09-30": "1.69", "2018-06-30": "1.64", "2018-03-31": "1.63", "2017-12-31": "1.70", "2017-09-30": "1.55", "2017-06-30": "1.51", "2017-03-31": "1.54", "2016-12-31": "1.52", "2016-09-30": "1.35", "2016-06-30": "1.54", "2016-03-31": "1.52", "2015-12-31": "1.35", "2015-09-30": "1.33", "2015-06-30": "1.38", "2015-03-31": "1.48", "2014-12-31": "1.54", "2014-09-30": "1.20", "2014-06-30": "1.15", "2014-03-31": "1.15", "2013-12-31": "1.17", "2013-09-30": "1.14", "2013-06-30": "1.15", "2013-03-31": "1.26", "2012-12-31": "1.13", "2012-09-30": "1.15", "2012-06-30": "1.25", "2012-03-31": "1.11", "2011-12-31": "1.16", "2011-09-30": "1.04", "2011-06-30": "1.04", "2011-03-31": "1.06", "2010-12-31": "0.96", "2010-09-30": "0.94", "2010-06-30": "0.94", "2010-03-31": "0.92", "2009-12-31": "0.84", "2009-09-30": "0.71", "2009-06-30": "0.74", "2009-03-31": "0.52", "2008-12-31": "0.82", "2008-09-30": "1.08", "2008-06-30": "0.92", "2008-03-31": "0.86", "2007-12-31": "0.83", "2007-09-30": "0.87", "2007-06-30": "0.95", "2007-03-31": "1.03", "2006-12-31": "1.06", "2006-09-30": "0.93", "2006-06-30": "0.97", "2006-03-31": "0.92"}, "price fcf": {"2021-02-05": "", "2020-09-30": "$0.76", "2020-06-30": "$1.57", "2020-03-31": "$0.50", "2019-12-31": "$0.69", "2019-09-30": "$1.14", "2019-06-30": "$0.32", "2019-03-31": "$0.40", "2018-12-31": "$-0.07", "2018-09-30": "$-1.38", "2018-06-30": "$-1.19", "2018-03-31": "$-0.64", "2017-12-31": "$-0.09", "2017-09-30": "$0.37", "2017-06-30": "$1.30", "2017-03-31": "$0.99", "2016-12-31": "$1.83", "2016-09-30": "$2.13", "2016-06-30": "$0.93", "2016-03-31": "$0.68", "2015-12-31": "$0.39", "2015-09-30": "$0.32", "2015-06-30": "$0.75", "2015-03-31": "$0.67", "2014-12-31": "$0.05", "2014-09-30": "$-0.56", "2014-06-30": "$-0.68", "2014-03-31": "$-0.16", "2013-12-31": "$0.14", "2013-09-30": "$0.60", "2013-06-30": "$0.79", "2013-03-31": "$0.13", "2012-12-31": "$-0.35", "2012-09-30": "$0.13", "2012-06-30": "$-0.48", "2012-03-31": "$0.39", "2011-12-31": "$0.49", "2011-09-30": "$0.95", "2011-06-30": "$1.63", "2011-03-31": "$1.74", "2010-12-31": "$2.00", "2010-09-30": "$0.77", "2010-06-30": "$-0.02", "2010-03-31": "$-0.68", "2009-12-31": "$-0.05", "2009-09-30": "$0.89", "2009-06-30": "$0.97", "2009-03-31": "$0.58", "2008-12-31": "$-0.06", "2008-09-30": "$-1.29", "2008-06-30": "$-0.76", "2008-03-31": "$-0.21", "2007-12-31": "$0.24", "2007-09-30": "$0.85", "2007-06-30": "$0.52", "2007-03-31": "$0.99", "2006-12-31": "$1.18"}, "net worth": {"value": "$3.72B"}, "current ratio": {"2020-09-30": "0.07", "2020-06-30": "0.12", "2020-03-31": "0.08", "2019-12-31": "0.08", "2019-09-30": "0.08", "2019-06-30": "0.08", "2019-03-31": "0.07", "2018-12-31": "0.08", "2018-09-30": "0.08", "2018-06-30": "0.08", "2018-03-31": "0.08", "2017-12-31": "0.08", "2017-09-30": "0.84", "2017-06-30": "0.83", "2017-03-31": "0.85", "2016-12-31": "0.88", "2016-09-30": "0.90", "2016-06-30": "0.90", "2016-03-31": "0.90", "2015-12-31": "0.91", "2015-09-30": "0.91", "2015-06-30": "0.92", "2015-03-31": "0.94", "2014-12-31": "0.93", "2014-09-30": "0.94", "2014-06-30": "0.93", "2014-03-31": "0.93", "2013-12-31": "0.94", "2013-09-30": "0.93", "2013-06-30": "0.93", "2013-03-31": "0.90", "2012-12-31": "0.92", "2012-09-30": "0.91", "2012-06-30": "0.91", "2012-03-31": "0.90", "2011-12-31": "0.93", "2011-09-30": "0.94", "2011-06-30": "0.93", "2011-03-31": "0.93", "2010-12-31": "0.92", "2010-09-30": "0.93", "2010-06-30": "0.91", "2010-03-31": "0.92", "2009-12-31": "0.96", "2009-09-30": "0.93", "2009-06-30": "0.91", "2009-03-31": "0.92", "2008-12-31": "0.93", "2008-09-30": "0.88", "2008-06-30": "0.85", "2008-03-31": "0.71", "2007-12-31": "0.70", "2007-09-30": "0.69", "2007-06-30": "0.67", "2007-03-31": "0.65", "2006-12-31": "0.65", "2006-09-30": "0.65", "2006-06-30": "0.61", "2006-03-31": "0.61", "2005-12-31": "0.61", "2005-09-30": "0.81", "2005-06-30": "0.81", "2005-03-31": "0.80"}, "quick ratio": {"2020-09-30": "0.00", "2020-06-30": "0.00", "2020-03-31": "0.00", "2019-12-31": "0.00", "2019-09-30": "0.00", "2019-06-30": "0.00", "2019-03-31": "0.00", "2018-12-31": "0.00", "2018-09-30": "0.00", "2018-06-30": "0.00", "2018-03-31": "0.00", "2017-12-31": "0.00", "2017-09-30": "0.00", "2017-06-30": "0.00", "2017-03-31": "0.00", "2016-12-31": "0.00", "2016-09-30": "0.00", "2016-06-30": "0.00", "2016-03-31": "0.00", "2015-12-31": "0.00", "2015-09-30": "0.00", "2015-06-30": "0.00", "2015-03-31": "0.00", "2014-12-31": "0.00", "2014-09-30": "0.00", "2014-06-30": "0.00", "2014-03-31": "0.00", "2013-12-31": "0.00", "2013-09-30": "0.00", "2013-06-30": "0.00", "2013-03-31": "0.00", "2012-12-31": "0.00", "2012-09-30": "0.00", "2012-06-30": "0.00", "2012-03-31": "0.00", "2011-12-31": "0.00", "2011-09-30": "0.00", "2011-06-30": "0.00", "2011-03-31": "0.00", "2010-12-31": "0.00", "2010-09-30": "0.00", "2010-06-30": "0.00", "2010-03-31": "0.00", "2009-12-31": "0.00", "2009-09-30": "0.00", "2009-06-30": "0.00", "2009-03-31": "0.00", "2008-12-31": "0.00", "2008-09-30": "0.00", "2008-06-30": "0.00", "2008-03-31": "0.00", "2007-12-31": "0.00", "2007-09-30": "0.00", "2007-06-30": "0.00", "2007-03-31": "0.00", "2006-12-31": "0.00", "2006-09-30": "0.00", "2006-06-30": "0.00", "2006-03-31": "0.00", "2005-12-31": "0.00", "2005-09-30": "0.00", "2005-06-30": "0.00", "2005-03-31": "0.00"}, "debt equity ratio": {"current": "0.89", "2020-09-30": "5.26", "2020-06-30": "5.32", "2020-03-31": "5.08", "2019-12-31": "5.03", "2019-09-30": "5.03", "2019-06-30": "5.13", "2019-03-31": "5.12", "2018-12-31": "5.06", "2018-09-30": "5.06", "2018-06-30": "5.13", "2018-03-31": "5.07", "2017-12-31": "4.98", "2017-09-30": "5.06", "2017-06-30": "5.12", "2017-03-31": "5.07", "2016-12-31": "5.01", "2016-09-30": "4.90", "2016-06-30": "5.09", "2016-03-31": "5.11", "2015-12-31": "5.11", "2015-09-30": "5.03", "2015-06-30": "5.03", "2015-03-31": "4.94", "2014-12-31": "5.25", "2014-09-30": "4.92", "2014-06-30": "5.03", "2014-03-31": "4.99", "2013-12-31": "4.99", "2013-09-30": "5.30", "2013-06-30": "5.30", "2013-03-31": "5.41", "2012-12-31": "5.37", "2012-09-30": "5.16", "2012-06-30": "5.23", "2012-03-31": "5.20", "2011-12-31": "5.28", "2011-09-30": "5.03", "2011-06-30": "5.11", "2011-03-31": "5.10", "2010-12-31": "5.12", "2010-09-30": "5.01", "2010-06-30": "5.06", "2010-03-31": "5.12", "2009-12-31": "5.19", "2009-09-30": "5.18", "2009-06-30": "5.27", "2009-03-31": "5.23", "2008-12-31": "5.53", "2008-09-30": "6.00", "2008-06-30": "6.08", "2008-03-31": "6.92", "2007-12-31": "7.07", "2007-09-30": "7.87", "2007-06-30": "7.98", "2007-03-31": "8.05", "2006-12-31": "8.03", "2006-09-30": "7.01", "2006-06-30": "7.32", "2006-03-31": "7.24", "2005-12-31": "7.18", "2005-09-30": "7.22", "2005-06-30": "7.06", "2005-03-31": "7.21"}, "return on equity": {"2020-09-30": "9.29%", "2020-06-30": "9.28%", "2020-03-31": "9.10%", "2019-12-31": "9.78%", "2019-09-30": "9.18%", "2019-06-30": "9.44%", "2019-03-31": "9.70%", "2018-12-31": "9.52%", "2018-09-30": "8.74%", "2018-06-30": "8.48%", "2018-03-31": "8.17%", "2017-12-31": "7.91%", "2017-09-30": "8.57%", "2017-06-30": "11.84%", "2017-03-31": "12.24%", "2016-12-31": "12.33%", "2016-09-30": "12.40%", "2016-06-30": "8.71%", "2016-03-31": "8.32%", "2015-12-31": "8.37%", "2015-09-30": "8.04%", "2015-06-30": "8.01%", "2015-03-31": "8.50%", "2014-12-31": "9.47%", "2014-09-30": "9.89%", "2014-06-30": "10.10%", "2014-03-31": "10.31%", "2013-12-31": "9.80%", "2013-09-30": "8.46%", "2013-06-30": "8.52%", "2013-03-31": "8.46%", "2012-12-31": "8.78%", "2012-09-30": "10.15%", "2012-06-30": "10.26%", "2012-03-31": "9.59%", "2011-12-31": "9.02%", "2011-09-30": "8.49%", "2011-06-30": "7.50%", "2011-03-31": "7.69%", "2010-12-31": "7.68%", "2010-09-30": "6.98%", "2010-06-30": "7.08%", "2010-03-31": "6.15%", "2009-12-31": "5.68%", "2009-09-30": "5.70%", "2009-06-30": "6.12%", "2009-03-31": "5.55%", "2008-12-31": "6.73%", "2008-09-30": "9.01%", "2008-06-30": "7.99%", "2008-03-31": "9.38%", "2007-12-31": "7.46%", "2007-09-30": "5.51%", "2007-06-30": "6.43%", "2007-03-31": "7.08%", "2006-12-31": "9.01%", "2006-09-30": "10.59%", "2006-06-30": "11.06%", "2006-03-31": "11.12%", "2005-12-31": "10.52%"}, "return on assets": {"2020-09-30": "1.50%", "2020-06-30": "1.52%", "2020-03-31": "1.50%", "2019-12-31": "1.61%", "2019-09-30": "1.51%", "2019-06-30": "1.55%", "2019-03-31": "1.59%", "2018-12-31": "1.57%", "2018-09-30": "1.44%", "2018-06-30": "1.40%", "2018-03-31": "1.35%", "2017-12-31": "1.31%", "2017-09-30": "1.41%", "2017-06-30": "1.97%", "2017-03-31": "2.03%", "2016-12-31": "2.05%", "2016-09-30": "2.05%", "2016-06-30": "1.43%", "2016-03-31": "1.37%", "2015-12-31": "1.39%", "2015-09-30": "1.33%", "2015-06-30": "1.33%", "2015-03-31": "1.41%", "2014-12-31": "1.57%", "2014-09-30": "1.65%", "2014-06-30": "1.66%", "2014-03-31": "1.68%", "2013-12-31": "1.57%", "2013-09-30": "1.33%", "2013-06-30": "1.35%", "2013-03-31": "1.34%", "2012-12-31": "1.41%", "2012-09-30": "1.63%", "2012-06-30": "1.66%", "2012-03-31": "1.56%", "2011-12-31": "1.47%", "2011-09-30": "1.39%", "2011-06-30": "1.23%", "2011-03-31": "1.27%", "2010-12-31": "1.26%", "2010-09-30": "1.15%", "2010-06-30": "1.15%", "2010-03-31": "0.99%", "2009-12-31": "0.91%", "2009-09-30": "0.90%", "2009-06-30": "0.94%", "2009-03-31": "0.83%", "2008-12-31": "0.95%", "2008-09-30": "1.20%", "2008-06-30": "1.00%", "2008-03-31": "1.11%", "2007-12-31": "0.86%", "2007-09-30": "0.61%", "2007-06-30": "0.74%", "2007-03-31": "0.83%", "2006-12-31": "1.08%", "2006-09-30": "1.29%", "2006-06-30": "1.34%", "2006-03-31": "1.36%", "2005-12-31": "1.29%"}, "return on investments": {"2020-09-30": "7.68%", "2020-06-30": "7.73%", "2020-03-31": "7.88%", "2019-12-31": "8.45%", "2019-09-30": "8.16%", "2019-06-30": "8.29%", "2019-03-31": "8.55%", "2018-12-31": "8.55%", "2018-09-30": "8.75%", "2018-06-30": "9.21%", "2018-03-31": "9.30%", "2017-12-31": "9.30%", "2017-09-30": "9.60%", "2017-06-30": "9.49%", "2017-03-31": "9.78%", "2016-12-31": "9.86%", "2016-09-30": "9.62%", "2016-06-30": "9.54%", "2016-03-31": "9.29%", "2015-12-31": "9.40%", "2015-09-30": "9.10%", "2015-06-30": "9.03%", "2015-03-31": "9.41%", "2014-12-31": "10.11%", "2014-09-30": "10.54%", "2014-06-30": "10.61%", "2014-03-31": "10.71%", "2013-12-31": "10.25%", "2013-09-30": "9.00%", "2013-06-30": "9.17%", "2013-03-31": "9.17%", "2012-12-31": "9.55%", "2012-09-30": "10.73%", "2012-06-30": "10.94%", "2012-03-31": "10.47%", "2011-12-31": "9.93%", "2011-09-30": "9.64%", "2011-06-30": "8.94%", "2011-03-31": "9.04%", "2010-12-31": "9.06%", "2010-09-30": "8.39%", "2010-06-30": "8.26%", "2010-03-31": "7.35%", "2009-12-31": "6.88%", "2009-09-30": "6.95%", "2009-06-30": "7.33%", "2009-03-31": "6.94%", "2008-12-31": "8.06%", "2008-09-30": "9.90%", "2008-06-30": "9.02%", "2008-03-31": "10.12%", "2007-12-31": "8.55%", "2007-09-30": "7.14%", "2007-06-30": "7.90%", "2007-03-31": "8.69%", "2006-12-31": "10.41%", "2006-09-30": "11.68%", "2006-06-30": "12.13%", "2006-03-31": "11.95%", "2005-12-31": "11.43%"}, "return on tangible equity": {"2020-09-30": "9.64%", "2020-06-30": "9.63%", "2020-03-31": "9.45%", "2019-12-31": "10.16%", "2019-09-30": "9.54%", "2019-06-30": "9.81%", "2019-03-31": "10.08%", "2018-12-31": "9.90%", "2018-09-30": "9.09%", "2018-06-30": "8.83%", "2018-03-31": "8.51%", "2017-12-31": "8.24%", "2017-09-30": "8.92%", "2017-06-30": "12.33%", "2017-03-31": "12.76%", "2016-12-31": "12.86%", "2016-09-30": "12.94%", "2016-06-30": "9.10%", "2016-03-31": "8.70%", "2015-12-31": "8.75%", "2015-09-30": "8.41%", "2015-06-30": "8.39%", "2015-03-31": "8.90%", "2014-12-31": "9.93%", "2014-09-30": "10.38%", "2014-06-30": "10.61%", "2014-03-31": "10.83%", "2013-12-31": "10.31%", "2013-09-30": "8.91%", "2013-06-30": "8.98%", "2013-03-31": "8.92%", "2012-12-31": "9.26%", "2012-09-30": "10.71%", "2012-06-30": "10.84%", "2012-03-31": "10.13%", "2011-12-31": "9.54%", "2011-09-30": "8.98%", "2011-06-30": "7.94%", "2011-03-31": "8.15%", "2010-12-31": "8.14%", "2010-09-30": "7.40%", "2010-06-30": "7.51%", "2010-03-31": "6.52%", "2009-12-31": "6.03%", "2009-09-30": "6.04%", "2009-06-30": "6.50%", "2009-03-31": "5.90%", "2008-12-31": "7.18%", "2008-09-30": "9.62%", "2008-06-30": "8.56%", "2008-03-31": "10.09%", "2007-12-31": "8.06%", "2007-09-30": "5.97%", "2007-06-30": "6.96%", "2007-03-31": "7.65%", "2006-12-31": "9.72%", "2006-09-30": "11.42%", "2006-06-30": "11.93%", "2006-03-31": "12.00%", "2005-12-31": "11.37%"}, "dividend yield history": {"last payout": "$1.32", "last yield": "3.87%"}}