{"ticker": "HBI", "price": {"title": "Hanesbrands Historical Annual Stock Price Data", "value": 18.47, "historical": {"2020": {"Average Stock Price": "13.1251", "Year Open": "14.5700", "Year High": "17.6200", "Year Low": "7.1700", "Year Close": "14.5800", "Annual % Change": "-1.82%"}, "2019": {"Average Stock Price": "16.0516", "Year Open": "12.6700", "Year High": "19.1400", "Year Low": "12.5200", "Year Close": "14.8500", "Annual % Change": "18.52%"}, "2018": {"Average Stock Price": "18.6009", "Year Open": "21.3000", "Year High": "23.2400", "Year Low": "11.6200", "Year Close": "12.5300", "Annual % Change": "-40.08%"}, "2017": {"Average Stock Price": "22.0326", "Year Open": "22.1200", "Year High": "25.6700", "Year Low": "18.9800", "Year Close": "20.9100", "Annual % Change": "-3.06%"}, "2016": {"Average Stock Price": "26.5071", "Year Open": "29.2800", "Year High": "31.1800", "Year Low": "21.5300", "Year Close": "21.5700", "Annual % Change": "-26.71%"}, "2015": {"Average Stock Price": "31.0000", "Year Open": "27.6525", "Year High": "34.5800", "Year Low": "26.5350", "Year Close": "29.4300", "Annual % Change": "5.46%"}, "2014": {"Average Stock Price": "22.9292", "Year Open": "17.3875", "Year High": "28.9300", "Year Low": "16.0425", "Year Close": "27.9050", "Annual % Change": "58.84%"}, "2013": {"Average Stock Price": "13.4769", "Year Open": "8.8975", "Year High": "17.7375", "Year Low": "8.8975", "Year Close": "17.5675", "Annual % Change": "96.18%"}, "2012": {"Average Stock Price": "7.4982", "Year Open": "5.5475", "Year High": "9.1250", "Year Low": "5.5475", "Year Close": "8.9550", "Annual % Change": "63.86%"}, "2011": {"Average Stock Price": "6.7059", "Year Open": "6.4025", "Year High": "8.3150", "Year Low": "5.4600", "Year Close": "5.4650", "Annual % Change": "-13.94%"}, "2010": {"Average Stock Price": "6.5332", "Year Open": "6.1750", "Year High": "7.7025", "Year Low": "5.4175", "Year Close": "6.3500", "Annual % Change": "5.35%"}, "2009": {"Average Stock Price": "4.2352", "Year Open": "3.2950", "Year High": "6.4925", "Year Low": "1.4450", "Year Close": "6.0275", "Annual % Change": "89.10%"}, "2008": {"Average Stock Price": "6.0823", "Year Open": "6.6200", "Year High": "9.3750", "Year Low": "2.3475", "Year Close": "3.1875", "Annual % Change": "-53.07%"}, "2007": {"Average Stock Price": "6.9416", "Year Open": "6.0100", "Year High": "8.1875", "Year Low": "6.0100", "Year Close": "6.7925", "Annual % Change": "15.03%"}, "2006": {"Average Stock Price": "5.7881", "Year Open": "5.2775", "Year High": "6.1775", "Year Low": "5.2775", "Year Close": "5.9050", "Annual % Change": "0.00%"}}}, "market cap": {"value": "$6.95B"}, "income statement": {"Revenue": {"2019-12-31": "6966.92300", "2018-12-31": "6803.95500", "2017-12-31": "6471.41000", "2016-12-31": "6028.19900", "2015-12-31": "5731.54900", "2014-12-31": "5324.74600", "2013-12-31": "4627.80200", "2012-12-31": "4525.72100", "2011-12-31": "4434.29100", "2010-12-31": "4146.01200", "2009-12-31": "3891.27500", "2008-12-31": "4248.77000", "2007-12-31": "4474.53700", "2006-12-31": "", "2006-06-30": "4472.83200", "2005-12-31": "", "2005-06-30": "4683.68300"}, "Cost Of Goods Sold": {"2019-12-31": "4247.59300", "2018-12-31": "4150.73600", "2017-12-31": "3981.95900", "2016-12-31": "3752.15100", "2015-12-31": "3595.21700", "2014-12-31": "3420.33900", "2013-12-31": "3016.10900", "2012-12-31": "3105.67400", "2011-12-31": "2941.08300", "2010-12-31": "2770.17400", "2009-12-31": "2626.00100", "2008-12-31": "2871.42000", "2007-12-31": "3033.62700", "2006-12-31": "", "2006-06-30": "2987.50000", "2005-12-31": "", "2005-06-30": "3223.57100"}, "Gross Profit": {"2019-12-31": "2719.33000", "2018-12-31": "2653.21900", "2017-12-31": "2489.45100", "2016-12-31": "2276.04800", "2015-12-31": "2136.33200", "2014-12-31": "1904.40700", "2013-12-31": "1611.69300", "2012-12-31": "1420.04700", "2011-12-31": "1493.20800", "2010-12-31": "1375.83800", "2009-12-31": "1265.27400", "2008-12-31": "1377.35000", "2007-12-31": "1440.91000", "2006-12-31": "", "2006-06-30": "1485.33200", "2005-12-31": "", "2005-06-30": "1460.11200"}, "Research And Development Expenses": {"2019-12-31": "", "2018-12-31": "", "2017-12-31": "", "2016-12-31": "", "2015-12-31": "", "2014-12-31": "", "2013-12-31": "", "2012-12-31": "", "2011-12-31": "", "2010-12-31": "", "2009-12-31": "", "2008-12-31": "", "2007-12-31": "", "2006-12-31": "", "2006-06-30": "", "2005-12-31": "0.00000", "2005-06-30": ""}, "SG&A Expenses": {"2019-12-31": "1829.60000", "2018-12-31": "1788.56800", "2017-12-31": "1725.42400", "2016-12-31": "1485.99700", "2015-12-31": "1541.21400", "2014-12-31": "1340.45300", "2013-12-31": "1096.50700", "2012-12-31": "979.93200", "2011-12-31": "1046.08100", "2010-12-31": "994.97300", "2009-12-31": "940.53000", "2008-12-31": "1009.60700", "2007-12-31": "1040.75400", "2006-12-31": "", "2006-06-30": "1051.83300", "2005-12-31": "1051.73200", "2005-06-30": "1053.65400"}, "Other Operating Income Or Expenses": {"2019-12-31": "0.00000", "2018-12-31": "0.00000", "2017-12-31": "-27.85200", "2016-12-31": "", "2015-12-31": "", "2014-12-31": "", "2013-12-31": "", "2012-12-31": "", "2011-12-31": "", "2010-12-31": "", "2009-12-31": "", "2008-12-31": "", "2007-12-31": "", "2006-12-31": "", "2006-06-30": "", "2005-12-31": "", "2005-06-30": ""}, "Operating Expenses": {"2019-12-31": "6077.19300", "2018-12-31": "5939.30400", "2017-12-31": "5735.23500", "2016-12-31": "5238.14800", "2015-12-31": "5136.43100", "2014-12-31": "4760.79200", "2013-12-31": "4112.61600", "2012-12-31": "4085.60600", "2011-12-31": "3987.16400", "2010-12-31": "3765.14700", "2009-12-31": "3620.41900", "2008-12-31": "3931.29000", "2007-12-31": "4085.96800", "2006-12-31": "", "2006-06-30": "4039.23200", "2005-12-31": "1051.73200", "2005-06-30": "4324.20300"}, "Operating Income": {"2019-12-31": "889.73000", "2018-12-31": "864.65140", "2017-12-31": "736.17530", "2016-12-31": "790.05130", "2015-12-31": "595.11770", "2014-12-31": "563.95410", "2013-12-31": "515.18600", "2012-12-31": "440.11520", "2011-12-31": "447.12700", "2010-12-31": "380.86520", "2009-12-31": "270.85600", "2008-12-31": "317.48020", "2007-12-31": "388.56930", "2006-12-31": "", "2006-06-30": "433.60010", "2005-12-31": "-1051.73200", "2005-06-30": "359.48000"}, "Total Non-Operating Income/Expense": {"2019-12-31": "-210.00300", "2018-12-31": "-221.07000", "2017-12-31": "-207.08000", "2016-12-31": "-218.85200", "2015-12-31": "-121.24500", "2014-12-31": "-98.98600", "2013-12-31": "-119.38500", "2012-12-31": "-177.17000", "2011-12-31": "-162.57500", "2010-12-31": "-170.36400", "2009-12-31": "-212.58000", "2008-12-31": "-154.44300", "2007-12-31": "-204.44300", "2006-12-31": "", "2006-06-30": "-17.28000", "2005-12-31": "0.10000", "2005-06-30": "-13.96400"}, "Pre-Tax Income": {"2019-12-31": "679.72700", "2018-12-31": "643.58100", "2017-12-31": "529.09500", "2016-12-31": "571.19900", "2015-12-31": "473.87300", "2014-12-31": "464.96800", "2013-12-31": "395.80100", "2012-12-31": "262.94500", "2011-12-31": "284.55200", "2010-12-31": "210.50100", "2009-12-31": "58.27600", "2008-12-31": "163.03700", "2007-12-31": "184.12600", "2006-12-31": "", "2006-06-30": "416.32000", "2005-12-31": "-1051.63200", "2005-06-30": "345.51600"}, "Income Taxes": {"2019-12-31": "79.00700", "2018-12-31": "103.91500", "2017-12-31": "453.11700", "2016-12-31": "34.27200", "2015-12-31": "45.01800", "2014-12-31": "60.44900", "2013-12-31": "65.30700", "2012-12-31": "30.50200", "2011-12-31": "41.98300", "2010-12-31": "17.88900", "2009-12-31": "6.99300", "2008-12-31": "35.86800", "2007-12-31": "57.99900", "2006-12-31": "", "2006-06-30": "93.82700", "2005-12-31": "", "2005-06-30": "127.00700"}, "Income After Taxes": {"2019-12-31": "600.72000", "2018-12-31": "539.66600", "2017-12-31": "75.97800", "2016-12-31": "536.92700", "2015-12-31": "428.85500", "2014-12-31": "404.51900", "2013-12-31": "330.49400", "2012-12-31": "232.44300", "2011-12-31": "242.56900", "2010-12-31": "192.61200", "2009-12-31": "51.28300", "2008-12-31": "127.16900", "2007-12-31": "126.12700", "2006-12-31": "", "2006-06-30": "322.49300", "2005-12-31": "-1051.63200", "2005-06-30": "218.50900"}, "Other Income": {"2019-12-31": "", "2018-12-31": "", "2017-12-31": "", "2016-12-31": "", "2015-12-31": "", "2014-12-31": "", "2013-12-31": "", "2012-12-31": "", "2011-12-31": "", "2010-12-31": "", "2009-12-31": "", "2008-12-31": "", "2007-12-31": "", "2006-12-31": "", "2006-06-30": "", "2005-12-31": "0.00000", "2005-06-30": ""}, "Income From Continuous Operations": {"2019-12-31": "600.72000", "2018-12-31": "539.66600", "2017-12-31": "75.97800", "2016-12-31": "536.92700", "2015-12-31": "428.85500", "2014-12-31": "404.51900", "2013-12-31": "330.49400", "2012-12-31": "232.44300", "2011-12-31": "242.56900", "2010-12-31": "192.61200", "2009-12-31": "51.28300", "2008-12-31": "127.16900", "2007-12-31": "126.12700", "2006-12-31": "", "2006-06-30": "322.49300", "2005-12-31": "-1051.63200", "2005-06-30": "218.50900"}, "Income From Discontinued Operations": {"2019-12-31": "0.00000", "2018-12-31": "0.00000", "2017-12-31": "-2.09700", "2016-12-31": "2.45500", "2015-12-31": "", "2014-12-31": "", "2013-12-31": "", "2012-12-31": "-67.76200", "2011-12-31": "24.11900", "2010-12-31": "18.68100", "2009-12-31": "", "2008-12-31": "", "2007-12-31": "", "2006-12-31": "", "2006-06-30": "", "2005-12-31": "0.00000", "2005-06-30": ""}, "Net Income": {"2019-12-31": "600.72000", "2018-12-31": "539.66600", "2017-12-31": "73.88100", "2016-12-31": "539.38200", "2015-12-31": "428.85500", "2014-12-31": "404.51900", "2013-12-31": "330.49400", "2012-12-31": "164.68100", "2011-12-31": "266.68800", "2010-12-31": "211.29300", "2009-12-31": "51.28300", "2008-12-31": "127.16900", "2007-12-31": "126.12700", "2006-12-31": "", "2006-06-30": "322.49300", "2005-12-31": "322.49300", "2005-06-30": "218.50900"}, "EBITDA": {"2019-12-31": "1031.42800", "2018-12-31": "1005.72500", "2017-12-31": "869.05630", "2016-12-31": "902.26030", "2015-12-31": "706.09770", "2014-12-31": "668.16710", "2013-12-31": "612.99710", "2012-12-31": "542.31920", "2011-12-31": "559.51100", "2010-12-31": "497.99020", "2009-12-31": "378.57790", "2008-12-31": "438.65720", "2007-12-31": "526.72030", "2006-12-31": "", "2006-06-30": "547.80410", "2005-12-31": "-1051.73200", "2005-06-30": "477.37100"}, "EBIT": {"2019-12-31": "889.73000", "2018-12-31": "864.65140", "2017-12-31": "736.17530", "2016-12-31": "790.05130", "2015-12-31": "595.11770", "2014-12-31": "563.95410", "2013-12-31": "515.18600", "2012-12-31": "440.11520", "2011-12-31": "447.12700", "2010-12-31": "380.86520", "2009-12-31": "270.85600", "2008-12-31": "317.48020", "2007-12-31": "388.56930", "2006-12-31": "", "2006-06-30": "433.60010", "2005-12-31": "-1051.73200", "2005-06-30": "359.48000"}, "Basic Shares Outstanding": {"2019-12-31": "364.70900", "2018-12-31": "363.51300", "2017-12-31": "367.68000", "2016-12-31": "381.78200", "2015-12-31": "399.89100", "2014-12-31": "402.30000", "2013-12-31": "399.43600", "2012-12-31": "394.83600", "2011-12-31": "390.84000", "2010-12-31": "386.00000", "2009-12-31": "380.63200", "2008-12-31": "376.68400", "2007-12-31": "383.74400", "2006-12-31": "", "2006-06-30": "385.22400", "2005-12-31": "", "2005-06-30": "385.22400"}, "Shares Outstanding": {"2019-12-31": "365.51900", "2018-12-31": "364.50500", "2017-12-31": "369.42600", "2016-12-31": "384.56600", "2015-12-31": "403.65900", "2014-12-31": "408.04400", "2013-12-31": "407.29200", "2012-12-31": "401.07600", "2011-12-31": "397.00400", "2010-12-31": "391.09600", "2009-12-31": "382.67200", "2008-12-31": "380.65600", "2007-12-31": "386.96400", "2006-12-31": "", "2006-06-30": "385.22400", "2005-12-31": "", "2005-06-30": "385.22400"}, "Basic EPS": {"2019-12-31": "1.65000", "2018-12-31": "1.48000", "2017-12-31": "0.20000", "2016-12-31": "1.41000", "2015-12-31": "1.07000", "2014-12-31": "1.01000", "2013-12-31": "0.83000", "2012-12-31": "0.41750", "2011-12-31": "0.68250", "2010-12-31": "0.54750", "2009-12-31": "0.13500", "2008-12-31": "0.33750", "2007-12-31": "0.32750", "2006-12-31": "", "2006-06-30": "0.83750", "2005-12-31": "", "2005-06-30": "0.56750"}, "EPS - Earnings Per Share": {"2019-12-31": "1.64000", "2018-12-31": "1.48000", "2017-12-31": "0.20000", "2016-12-31": "1.40000", "2015-12-31": "1.06000", "2014-12-31": "0.99000", "2013-12-31": "0.81000", "2012-12-31": "0.41000", "2011-12-31": "0.67250", "2010-12-31": "0.54000", "2009-12-31": "0.13500", "2008-12-31": "0.33500", "2007-12-31": "0.32500", "2006-12-31": "0.00000", "2006-06-30": "0.83750", "2005-12-31": "0.00000", "2005-06-30": "0.56750"}}, "income statement, quarterly": {"Revenue": {"2020-09-30": "1808.26600", "2020-06-30": "1738.77900", "2020-03-31": "1316.46200", "2019-12-31": "1751.00500", "2019-09-30": "1866.96700", "2019-06-30": "1760.92700", "2019-03-31": "1588.02400", "2018-12-31": "1768.30100", "2018-09-30": "1848.70700", "2018-06-30": "1715.44300", "2018-03-31": "1471.50400", "2017-12-31": "1645.17500", "2017-09-30": "1799.27000", "2017-06-30": "1646.61000", "2017-03-31": "1380.35500", "2016-12-31": "1575.30900", "2016-09-30": "1761.01900", "2016-06-30": "1472.73100", "2016-03-31": "1219.14000", "2015-12-31": "1409.55700", "2015-09-30": "1591.03800", "2015-06-30": "1522.03300", "2015-03-31": "1208.92100", "2014-12-31": "1522.59600", "2014-09-30": "1400.72800", "2014-06-30": "1342.05200", "2014-03-31": "1059.37000", "2013-12-31": "1285.79000", "2013-09-30": "1197.34600", "2013-06-30": "1199.20500", "2013-03-31": "945.46100", "2012-12-31": "1153.25600", "2012-09-30": "1218.68100", "2012-06-30": "1180.65100", "2012-03-31": "973.13300", "2011-12-31": "1044.59100", "2011-09-30": "1185.30400", "2011-06-30": "1167.98600", "2011-03-31": "1036.41000", "2010-12-31": "968.95810", "2010-09-30": "1173.36200", "2010-06-30": "1075.85200", "2010-03-31": "927.84000", "2009-12-31": "988.73910", "2009-09-30": "1058.67300", "2009-06-30": "986.02200", "2009-03-31": "857.84100", "2008-12-31": "1035.11700", "2008-09-30": "1153.63500", "2008-06-30": "1072.17100", "2008-03-31": "987.84700", "2007-12-31": "1159.13000", "2007-09-30": "1153.60600", "2007-06-30": "1121.90700", "2007-03-31": "1039.89400", "2006-12-31": "", "2006-09-30": "1118.96800", "2006-06-30": "1120.13300", "2006-03-31": "1032.86000", "2005-09-30": "1137.96100", "2005-06-30": ""}, "Cost Of Goods Sold": {"2020-09-30": "1191.55300", "2020-06-30": "1105.76700", "2020-03-31": "842.73000", "2019-12-31": "1044.26200", "2019-09-30": "1149.93400", "2019-06-30": "1085.40400", "2019-03-31": "967.99300", "2018-12-31": "1066.62600", "2018-09-30": "1136.04000", "2018-06-30": "1055.48700", "2018-03-31": "892.58300", "2017-12-31": "1019.61400", "2017-09-30": "1120.81300", "2017-06-30": "1000.70800", "2017-03-31": "840.82400", "2016-12-31": "963.17410", "2016-09-30": "1111.65300", "2016-06-30": "915.44000", "2016-03-31": "761.88400", "2015-12-31": "868.43100", "2015-09-30": "1010.28800", "2015-06-30": "953.80800", "2015-03-31": "762.69000", "2014-12-31": "977.03520", "2014-09-30": "903.01300", "2014-06-30": "837.69800", "2014-03-31": "702.59300", "2013-12-31": "858.55790", "2013-09-30": "775.66600", "2013-06-30": "763.72300", "2013-03-31": "618.16200", "2012-12-31": "755.18510", "2012-09-30": "818.75100", "2012-06-30": "813.71900", "2012-03-31": "718.01900", "2011-12-31": "729.98510", "2011-09-30": "771.25100", "2011-06-30": "757.96200", "2011-03-31": "681.88500", "2010-12-31": "659.23100", "2010-09-30": "809.48700", "2010-06-30": "701.04600", "2010-03-31": "600.41000", "2009-12-31": "665.41200", "2009-09-30": "701.99300", "2009-06-30": "658.63100", "2009-03-31": "599.96500", "2008-12-31": "725.47080", "2008-09-30": "811.85100", "2008-06-30": "691.21500", "2008-03-31": "642.88300", "2007-12-31": "799.27500", "2007-09-30": "792.58700", "2007-06-30": "741.55000", "2007-03-31": "700.21500", "2006-12-31": "", "2006-09-30": "753.33700", "2006-06-30": "738.67200", "2006-03-31": "691.96800", "2005-09-30": "768.44200", "2005-06-30": ""}, "Gross Profit": {"2020-09-30": "616.71300", "2020-06-30": "633.01210", "2020-03-31": "473.73210", "2019-12-31": "706.74330", "2019-09-30": "717.03310", "2019-06-30": "675.52290", "2019-03-31": "620.03110", "2018-12-31": "701.67540", "2018-09-30": "712.66700", "2018-06-30": "659.95590", "2018-03-31": "578.92100", "2017-12-31": "625.56130", "2017-09-30": "678.45700", "2017-06-30": "645.90200", "2017-03-31": "539.53100", "2016-12-31": "612.13510", "2016-09-30": "649.36610", "2016-06-30": "557.29100", "2016-03-31": "457.25600", "2015-12-31": "541.12580", "2015-09-30": "580.74990", "2015-06-30": "568.22500", "2015-03-31": "446.23100", "2014-12-31": "545.56090", "2014-09-30": "497.71500", "2014-06-30": "504.35400", "2014-03-31": "356.77700", "2013-12-31": "427.23220", "2013-09-30": "421.67990", "2013-06-30": "435.48190", "2013-03-31": "327.29900", "2012-12-31": "398.07100", "2012-09-30": "399.93010", "2012-06-30": "366.93200", "2012-03-31": "255.11400", "2011-12-31": "314.60580", "2011-09-30": "414.05300", "2011-06-30": "410.02400", "2011-03-31": "354.52500", "2010-12-31": "309.72710", "2010-09-30": "363.87510", "2010-06-30": "374.80600", "2010-03-31": "327.43010", "2009-12-31": "323.32700", "2009-09-30": "356.68000", "2009-06-30": "327.39100", "2009-03-31": "257.87600", "2008-12-31": "309.64620", "2008-09-30": "341.78400", "2008-06-30": "380.95600", "2008-03-31": "344.96400", "2007-12-31": "359.85520", "2007-09-30": "361.01900", "2007-06-30": "380.35700", "2007-03-31": "339.67900", "2006-12-31": "", "2006-09-30": "365.63100", "2006-06-30": "381.46110", "2006-03-31": "340.89200", "2005-09-30": "369.51900", "2005-06-30": ""}, "Research And Development Expenses": {"2020-09-30": "", "2020-06-30": "", "2020-03-31": "", "2019-12-31": "", "2019-09-30": "", "2019-06-30": "", "2019-03-31": "", "2018-12-31": "", "2018-09-30": "", "2018-06-30": "", "2018-03-31": "", "2017-12-31": "", "2017-09-30": "", "2017-06-30": "", "2017-03-31": "", "2016-12-31": "", "2016-09-30": "", "2016-06-30": "", "2016-03-31": "", "2015-12-31": "", "2015-09-30": "", "2015-06-30": "", "2015-03-31": "", "2014-12-31": "", "2014-09-30": "", "2014-06-30": "", "2014-03-31": "", "2013-12-31": "", "2013-09-30": "", "2013-06-30": "", "2013-03-31": "", "2012-12-31": "", "2012-09-30": "", "2012-06-30": "", "2012-03-31": "", "2011-12-31": "", "2011-09-30": "", "2011-06-30": "", "2011-03-31": "", "2010-12-31": "", "2010-09-30": "", "2010-06-30": "", "2010-03-31": "", "2009-12-31": "", "2009-09-30": "", "2009-06-30": "", "2009-03-31": "", "2008-12-31": "", "2008-09-30": "", "2008-06-30": "", "2008-03-31": "", "2007-12-31": "", "2007-09-30": "", "2007-06-30": "", "2007-03-31": "", "2006-12-31": "", "2006-09-30": "", "2006-06-30": "", "2006-03-31": "", "2005-09-30": "", "2005-06-30": ""}, "SG&A Expenses": {"2020-09-30": "442.14200", "2020-06-30": "391.47600", "2020-03-31": "439.60200", "2019-12-31": "463.32800", "2019-09-30": "449.96200", "2019-06-30": "445.92300", "2019-03-31": "470.38700", "2018-12-31": "460.03400", "2018-09-30": "455.77800", "2018-06-30": "439.89300", "2018-03-31": "432.86300", "2017-12-31": "480.13400", "2017-09-30": "419.99100", "2017-06-30": "412.19700", "2017-03-31": "413.10200", "2016-12-31": "394.05090", "2016-09-30": "421.01400", "2016-06-30": "336.08100", "2016-03-31": "334.85100", "2015-12-31": "383.20000", "2015-09-30": "372.42200", "2015-06-30": "429.29200", "2015-03-31": "356.30000", "2014-12-31": "414.41100", "2014-09-30": "343.82300", "2014-06-30": "297.23000", "2014-03-31": "284.98900", "2013-12-31": "355.53390", "2013-09-30": "244.78200", "2013-06-30": "254.03500", "2013-03-31": "242.15600", "2012-12-31": "245.06000", "2012-09-30": "243.42200", "2012-06-30": "246.98100", "2012-03-31": "244.46900", "2011-12-31": "250.08800", "2011-09-30": "269.10900", "2011-06-30": "274.20200", "2011-03-31": "252.68200", "2010-12-31": "251.43900", "2010-09-30": "249.81500", "2010-06-30": "252.00100", "2010-03-31": "241.71800", "2009-12-31": "238.32600", "2009-09-30": "248.26700", "2009-06-30": "230.69900", "2009-03-31": "223.23800", "2008-12-31": "233.34000", "2008-09-30": "255.22800", "2008-06-30": "266.42700", "2008-03-31": "254.61200", "2007-12-31": "266.93700", "2007-09-30": "253.23300", "2007-06-30": "266.01700", "2007-03-31": "254.56700", "2006-12-31": "", "2006-09-30": "262.42600", "2006-06-30": "302.59700", "2006-03-31": "243.37000", "2005-09-30": "265.92700", "2005-06-30": ""}, "Other Operating Income Or Expenses": {"2020-09-30": "", "2020-06-30": "", "2020-03-31": "", "2019-12-31": "", "2019-09-30": "", "2019-06-30": "", "2019-03-31": "", "2018-12-31": "", "2018-09-30": "", "2018-06-30": "", "2018-03-31": "", "2017-12-31": "", "2017-09-30": "", "2017-06-30": "", "2017-03-31": "", "2016-12-31": "", "2016-09-30": "", "2016-06-30": "", "2016-03-31": "", "2015-12-31": "", "2015-09-30": "", "2015-06-30": "", "2015-03-31": "", "2014-12-31": "", "2014-09-30": "", "2014-06-30": "", "2014-03-31": "", "2013-12-31": "", "2013-09-30": "", "2013-06-30": "", "2013-03-31": "", "2012-12-31": "", "2012-09-30": "", "2012-06-30": "", "2012-03-31": "", "2011-12-31": "", "2011-09-30": "", "2011-06-30": "", "2011-03-31": "", "2010-12-31": "", "2010-09-30": "", "2010-06-30": "", "2010-03-31": "", "2009-12-31": "", "2009-09-30": "", "2009-06-30": "", "2009-03-31": "", "2008-12-31": "", "2008-09-30": "", "2008-06-30": "", "2008-03-31": "", "2007-12-31": "", "2007-09-30": "", "2007-06-30": "", "2007-03-31": "", "2006-12-31": "", "2006-09-30": "", "2006-06-30": "", "2006-03-31": "", "2005-09-30": "", "2005-06-30": ""}, "Operating Expenses": {"2020-09-30": "1633.69500", "2020-06-30": "1497.24300", "2020-03-31": "1282.33200", "2019-12-31": "1507.59000", "2019-09-30": "1599.89600", "2019-06-30": "1531.32700", "2019-03-31": "1438.38000", "2018-12-31": "1526.65900", "2018-09-30": "1591.81800", "2018-06-30": "1495.38000", "2018-03-31": "1325.44600", "2017-12-31": "1527.60000", "2017-09-30": "1540.80400", "2017-06-30": "1412.90500", "2017-03-31": "1253.92600", "2016-12-31": "1357.22500", "2016-09-30": "1532.66700", "2016-06-30": "1251.52100", "2016-03-31": "1096.73500", "2015-12-31": "1251.63100", "2015-09-30": "1382.71000", "2015-06-30": "1383.10000", "2015-03-31": "1118.99000", "2014-12-31": "1391.44600", "2014-09-30": "1246.83600", "2014-06-30": "1134.92800", "2014-03-31": "987.58200", "2013-12-31": "1214.09200", "2013-09-30": "1020.44800", "2013-06-30": "1017.75800", "2013-03-31": "860.31800", "2012-12-31": "1000.24500", "2012-09-30": "1062.17300", "2012-06-30": "1060.70000", "2012-03-31": "962.48800", "2011-12-31": "980.07320", "2011-09-30": "1040.36000", "2011-06-30": "1032.16400", "2011-03-31": "934.56700", "2010-12-31": "910.67000", "2010-09-30": "1059.30200", "2010-06-30": "953.04700", "2010-03-31": "842.12800", "2009-12-31": "911.30690", "2009-09-30": "965.36400", "2009-06-30": "901.87400", "2009-03-31": "841.87400", "2008-12-31": "976.71900", "2008-09-30": "1095.43400", "2008-06-30": "959.08400", "2008-03-31": "900.05300", "2007-12-31": "1033.26600", "2007-09-30": "1047.88200", "2007-06-30": "1033.79200", "2007-03-31": "971.02800", "2006-12-31": "", "2006-09-30": "1025.07600", "2006-06-30": "1040.22300", "2006-03-31": "936.62200", "2005-09-30": "1034.14100", "2005-06-30": ""}, "Operating Income": {"2020-09-30": "174.57100", "2020-06-30": "241.53610", "2020-03-31": "34.13000", "2019-12-31": "243.41530", "2019-09-30": "267.07100", "2019-06-30": "229.60000", "2019-03-31": "149.64400", "2018-12-31": "241.64200", "2018-09-30": "256.88890", "2018-06-30": "220.06290", "2018-03-31": "146.05800", "2017-12-31": "117.57570", "2017-09-30": "258.46610", "2017-06-30": "233.70500", "2017-03-31": "126.42900", "2016-12-31": "218.08420", "2016-09-30": "228.35210", "2016-06-30": "221.21000", "2016-03-31": "122.40500", "2015-12-31": "157.92570", "2015-09-30": "208.32800", "2015-06-30": "138.93300", "2015-03-31": "89.93100", "2014-12-31": "131.15000", "2014-09-30": "153.89210", "2014-06-30": "207.12400", "2014-03-31": "71.78800", "2013-12-31": "71.69840", "2013-09-30": "176.89790", "2013-06-30": "181.44690", "2013-03-31": "85.14300", "2012-12-31": "153.01090", "2012-09-30": "156.50810", "2012-06-30": "119.95100", "2012-03-31": "10.64500", "2011-12-31": "64.51770", "2011-09-30": "144.94400", "2011-06-30": "135.82200", "2011-03-31": "101.84300", "2010-12-31": "58.28810", "2010-09-30": "114.06010", "2010-06-30": "122.80510", "2010-03-31": "85.71200", "2009-12-31": "77.43220", "2009-09-30": "93.30900", "2009-06-30": "84.14800", "2009-03-31": "15.96700", "2008-12-31": "58.39800", "2008-09-30": "58.20110", "2008-06-30": "113.08700", "2008-03-31": "87.79400", "2007-12-31": "125.86430", "2007-09-30": "105.72400", "2007-06-30": "88.11500", "2007-03-31": "68.86600", "2006-12-31": "", "2006-09-30": "93.89210", "2006-06-30": "79.91000", "2006-03-31": "96.23800", "2005-09-30": "103.82010", "2005-06-30": ""}, "Total Non-Operating Income/Expense": {"2020-09-30": "-49.17700", "2020-06-30": "-46.70900", "2020-03-31": "-43.33900", "2019-12-31": "-48.56500", "2019-09-30": "-51.15700", "2019-06-30": "-54.77100", "2019-03-31": "-55.51000", "2018-12-31": "-54.46600", "2018-09-30": "-60.08000", "2018-06-30": "-55.00000", "2018-03-31": "-51.52400", "2017-12-31": "-56.88600", "2017-09-30": "-50.96000", "2017-06-30": "-50.55200", "2017-03-31": "-48.68200", "2016-12-31": "-56.78000", "2016-09-30": "-44.99200", "2016-06-30": "-84.86500", "2016-03-31": "-32.21500", "2015-12-31": "-32.05200", "2015-09-30": "-32.07400", "2015-06-30": "-29.85000", "2015-03-31": "-27.26900", "2014-12-31": "-30.63100", "2014-09-30": "-24.32300", "2014-06-30": "-21.77900", "2014-03-31": "-22.25300", "2013-12-31": "-41.52900", "2013-09-30": "-25.79700", "2013-06-30": "-25.97200", "2013-03-31": "-26.08700", "2012-12-31": "-65.83800", "2012-09-30": "-36.27000", "2012-06-30": "-37.42200", "2012-03-31": "-37.64000", "2011-12-31": "-41.79300", "2011-09-30": "-39.13500", "2011-06-30": "-39.94100", "2011-03-31": "-41.70600", "2010-12-31": "-54.84200", "2010-09-30": "-37.42000", "2010-06-30": "-39.20100", "2010-03-31": "-38.90100", "2009-12-31": "-81.49500", "2009-09-30": "-45.36400", "2009-06-30": "-44.97500", "2009-03-31": "-40.74600", "2008-12-31": "-39.16100", "2008-09-30": "-37.25300", "2008-06-30": "-37.63500", "2008-03-31": "-40.39400", "2007-12-31": "-50.78600", "2007-09-30": "-50.15900", "2007-06-30": "-51.78100", "2007-03-31": "-51.71700", "2006-12-31": "", "2006-09-30": "-17.56900", "2006-06-30": "-5.76800", "2006-03-31": "-3.10000", "2005-09-30": "-4.08300", "2005-06-30": ""}, "Pre-Tax Income": {"2020-09-30": "125.39400", "2020-06-30": "194.82700", "2020-03-31": "-9.20900", "2019-12-31": "194.85000", "2019-09-30": "215.91400", "2019-06-30": "174.82900", "2019-03-31": "94.13400", "2018-12-31": "187.17500", "2018-09-30": "196.80900", "2018-06-30": "165.06300", "2018-03-31": "94.53400", "2017-12-31": "60.68900", "2017-09-30": "207.50600", "2017-06-30": "183.15300", "2017-03-31": "77.74700", "2016-12-31": "161.30400", "2016-09-30": "183.36000", "2016-06-30": "136.34500", "2016-03-31": "90.19000", "2015-12-31": "125.87400", "2015-09-30": "176.25400", "2015-06-30": "109.08300", "2015-03-31": "62.66200", "2014-12-31": "100.51900", "2014-09-30": "129.56900", "2014-06-30": "185.34500", "2014-03-31": "49.53500", "2013-12-31": "30.16900", "2013-09-30": "151.10100", "2013-06-30": "155.47500", "2013-03-31": "59.05600", "2012-12-31": "87.17300", "2012-09-30": "120.23800", "2012-06-30": "82.52900", "2012-03-31": "-26.99500", "2011-12-31": "22.72500", "2011-09-30": "105.80900", "2011-06-30": "95.88100", "2011-03-31": "60.13700", "2010-12-31": "3.44600", "2010-09-30": "76.64000", "2010-06-30": "83.60400", "2010-03-31": "46.81100", "2009-12-31": "-4.06300", "2009-09-30": "47.94500", "2009-06-30": "39.17300", "2009-03-31": "-24.77900", "2008-12-31": "19.23700", "2008-09-30": "20.94800", "2008-06-30": "75.45200", "2008-03-31": "47.40000", "2007-12-31": "75.07800", "2007-09-30": "55.56500", "2007-06-30": "36.33400", "2007-03-31": "17.14900", "2006-12-31": "", "2006-09-30": "76.32300", "2006-06-30": "74.14200", "2006-03-31": "93.13800", "2005-09-30": "99.73700", "2005-06-30": ""}, "Income Taxes": {"2020-09-30": "22.11600", "2020-06-30": "33.64600", "2020-03-31": "-1.33500", "2019-12-31": "9.86400", "2019-09-30": "30.82300", "2019-06-30": "25.27400", "2019-03-31": "13.04600", "2018-12-31": "38.97200", "2018-09-30": "25.38800", "2018-06-30": "24.43000", "2018-03-31": "15.12500", "2017-12-31": "433.31300", "2017-09-30": "4.15000", "2017-06-30": "10.98900", "2017-03-31": "4.66500", "2016-12-31": "5.57900", "2016-09-30": "10.57000", "2016-06-30": "8.20200", "2016-03-31": "9.92100", "2015-12-31": "6.71100", "2015-09-30": "14.10000", "2015-06-30": "14.18100", "2015-03-31": "10.02600", "2014-12-31": "11.08200", "2014-09-30": "10.62500", "2014-06-30": "30.76700", "2014-03-31": "7.97500", "2013-12-31": "-2.09700", "2013-09-30": "25.83800", "2013-06-30": "33.88900", "2013-03-31": "7.67700", "2012-12-31": "8.95800", "2012-09-30": "9.05500", "2012-06-30": "15.21300", "2012-03-31": "-2.72400", "2011-12-31": "-8.90500", "2011-09-30": "20.73900", "2011-06-30": "18.12100", "2011-03-31": "12.02800", "2010-12-31": "-5.92900", "2010-09-30": "15.32800", "2010-06-30": "-1.80800", "2010-03-31": "10.29800", "2009-12-31": "-2.98100", "2009-09-30": "6.80700", "2009-06-30": "8.61800", "2009-03-31": "-5.45100", "2008-12-31": "1.35600", "2008-09-30": "5.02800", "2008-06-30": "18.10800", "2008-03-31": "11.37600", "2007-12-31": "25.28500", "2007-09-30": "16.66900", "2007-06-30": "10.90000", "2007-03-31": "5.14500", "2006-12-31": "", "2006-09-30": "25.97800", "2006-06-30": "14.85700", "2006-03-31": "18.54600", "2005-09-30": "17.13300", "2005-06-30": ""}, "Income After Taxes": {"2020-09-30": "103.27800", "2020-06-30": "161.18100", "2020-03-31": "-7.87400", "2019-12-31": "184.98600", "2019-09-30": "185.09100", "2019-06-30": "149.55500", "2019-03-31": "81.08800", "2018-12-31": "148.20300", "2018-09-30": "171.42100", "2018-06-30": "140.63300", "2018-03-31": "79.40900", "2017-12-31": "-372.62410", "2017-09-30": "203.35600", "2017-06-30": "172.16400", "2017-03-31": "73.08200", "2016-12-31": "155.72500", "2016-09-30": "172.79000", "2016-06-30": "128.14300", "2016-03-31": "80.26900", "2015-12-31": "119.16300", "2015-09-30": "162.15400", "2015-06-30": "94.90200", "2015-03-31": "52.63600", "2014-12-31": "89.43700", "2014-09-30": "118.94400", "2014-06-30": "154.57800", "2014-03-31": "41.56000", "2013-12-31": "32.26600", "2013-09-30": "125.26300", "2013-06-30": "121.58600", "2013-03-31": "51.37900", "2012-12-31": "78.21500", "2012-09-30": "111.18300", "2012-06-30": "67.31600", "2012-03-31": "-24.27100", "2011-12-31": "31.63000", "2011-09-30": "85.07000", "2011-06-30": "77.76000", "2011-03-31": "48.10900", "2010-12-31": "9.37500", "2010-09-30": "61.31200", "2010-06-30": "85.41200", "2010-03-31": "36.51300", "2009-12-31": "-1.08200", "2009-09-30": "41.13800", "2009-06-30": "30.55500", "2009-03-31": "-19.32800", "2008-12-31": "17.88100", "2008-09-30": "15.92000", "2008-06-30": "57.34400", "2008-03-31": "36.02400", "2007-12-31": "49.79300", "2007-09-30": "38.89600", "2007-06-30": "25.43400", "2007-03-31": "12.00400", "2006-12-31": "", "2006-09-30": "50.34500", "2006-06-30": "59.28500", "2006-03-31": "74.59200", "2005-09-30": "82.60400", "2005-06-30": ""}, "Other Income": {"2020-09-30": "", "2020-06-30": "", "2020-03-31": "", "2019-12-31": "", "2019-09-30": "", "2019-06-30": "", "2019-03-31": "", "2018-12-31": "", "2018-09-30": "", "2018-06-30": "", "2018-03-31": "", "2017-12-31": "", "2017-09-30": "", "2017-06-30": "", "2017-03-31": "", "2016-12-31": "", "2016-09-30": "", "2016-06-30": "", "2016-03-31": "", "2015-12-31": "", "2015-09-30": "", "2015-06-30": "", "2015-03-31": "", "2014-12-31": "", "2014-09-30": "", "2014-06-30": "", "2014-03-31": "", "2013-12-31": "", "2013-09-30": "", "2013-06-30": "", "2013-03-31": "", "2012-12-31": "", "2012-09-30": "", "2012-06-30": "", "2012-03-31": "", "2011-12-31": "", "2011-09-30": "", "2011-06-30": "", "2011-03-31": "", "2010-12-31": "", "2010-09-30": "", "2010-06-30": "", "2010-03-31": "", "2009-12-31": "", "2009-09-30": "", "2009-06-30": "", "2009-03-31": "", "2008-12-31": "", "2008-09-30": "", "2008-06-30": "", "2008-03-31": "", "2007-12-31": "", "2007-09-30": "", "2007-06-30": "", "2007-03-31": "", "2006-12-31": "", "2006-09-30": "", "2006-06-30": "", "2006-03-31": "", "2005-09-30": "", "2005-06-30": ""}, "Income From Continuous Operations": {"2020-09-30": "103.27800", "2020-06-30": "161.18100", "2020-03-31": "-7.87400", "2019-12-31": "184.98600", "2019-09-30": "185.09100", "2019-06-30": "149.55500", "2019-03-31": "81.08800", "2018-12-31": "148.20300", "2018-09-30": "171.42100", "2018-06-30": "140.63300", "2018-03-31": "79.40900", "2017-12-31": "-372.62400", "2017-09-30": "203.35600", "2017-06-30": "172.16400", "2017-03-31": "73.08200", "2016-12-31": "155.72500", "2016-09-30": "172.79000", "2016-06-30": "128.14300", "2016-03-31": "80.26900", "2015-12-31": "119.16300", "2015-09-30": "162.15400", "2015-06-30": "94.90200", "2015-03-31": "52.63600", "2014-12-31": "89.43700", "2014-09-30": "118.94400", "2014-06-30": "154.57800", "2014-03-31": "41.56000", "2013-12-31": "32.26600", "2013-09-30": "125.26300", "2013-06-30": "121.58600", "2013-03-31": "51.37900", "2012-12-31": "78.21500", "2012-09-30": "111.18300", "2012-06-30": "67.31600", "2012-03-31": "-24.27100", "2011-12-31": "31.63000", "2011-09-30": "85.07000", "2011-06-30": "77.76000", "2011-03-31": "48.10900", "2010-12-31": "9.37500", "2010-09-30": "61.31200", "2010-06-30": "85.41200", "2010-03-31": "36.51300", "2009-12-31": "-1.08200", "2009-09-30": "41.13800", "2009-06-30": "30.55500", "2009-03-31": "-19.32800", "2008-12-31": "17.88100", "2008-09-30": "15.92000", "2008-06-30": "57.34400", "2008-03-31": "36.02400", "2007-12-31": "49.79300", "2007-09-30": "38.89600", "2007-06-30": "25.43400", "2007-03-31": "12.00400", "2006-12-31": "", "2006-09-30": "50.34500", "2006-06-30": "59.28500", "2006-03-31": "74.59200", "2005-09-30": "82.60400", "2005-06-30": ""}, "Income From Discontinued Operations": {"2020-09-30": "", "2020-06-30": "", "2020-03-31": "", "2019-12-31": "", "2019-09-30": "", "2019-06-30": "", "2019-03-31": "", "2018-12-31": "", "2018-09-30": "", "2018-06-30": "", "2018-03-31": "", "2017-12-31": "", "2017-09-30": "", "2017-06-30": "0.36800", "2017-03-31": "-2.46500", "2016-12-31": "1.38700", "2016-09-30": "1.06800", "2016-06-30": "0.00000", "2016-03-31": "0.00000", "2015-12-31": "", "2015-09-30": "0.00000", "2015-06-30": "", "2015-03-31": "", "2014-12-31": "", "2014-09-30": "", "2014-06-30": "", "2014-03-31": "", "2013-12-31": "", "2013-09-30": "", "2013-06-30": "", "2013-03-31": "", "2012-12-31": "2.17300", "2012-09-30": "-1.29100", "2012-06-30": "-66.08500", "2012-03-31": "-2.55900", "2011-12-31": "9.33500", "2011-09-30": "5.76200", "2011-06-30": "9.02200", "2011-03-31": "", "2010-12-31": "", "2010-09-30": "", "2010-06-30": "", "2010-03-31": "", "2009-12-31": "", "2009-09-30": "", "2009-06-30": "", "2009-03-31": "", "2008-12-31": "", "2008-09-30": "", "2008-06-30": "", "2008-03-31": "", "2007-12-31": "", "2007-09-30": "", "2007-06-30": "", "2007-03-31": "", "2006-12-31": "", "2006-09-30": "", "2006-06-30": "", "2006-03-31": "", "2005-09-30": "", "2005-06-30": ""}, "Net Income": {"2020-09-30": "103.27800", "2020-06-30": "161.18100", "2020-03-31": "-7.87400", "2019-12-31": "184.98600", "2019-09-30": "185.09100", "2019-06-30": "149.55500", "2019-03-31": "81.08800", "2018-12-31": "148.20300", "2018-09-30": "171.42100", "2018-06-30": "140.63300", "2018-03-31": "79.40900", "2017-12-31": "-372.62400", "2017-09-30": "203.35600", "2017-06-30": "172.53200", "2017-03-31": "70.61700", "2016-12-31": "157.11200", "2016-09-30": "173.85800", "2016-06-30": "128.14300", "2016-03-31": "80.26900", "2015-12-31": "119.16300", "2015-09-30": "162.15400", "2015-06-30": "94.90200", "2015-03-31": "52.63600", "2014-12-31": "89.43700", "2014-09-30": "118.94400", "2014-06-30": "154.57800", "2014-03-31": "41.56000", "2013-12-31": "32.26600", "2013-09-30": "125.26300", "2013-06-30": "121.58600", "2013-03-31": "51.37900", "2012-12-31": "80.38800", "2012-09-30": "109.89200", "2012-06-30": "1.23100", "2012-03-31": "-26.83000", "2011-12-31": "40.96500", "2011-09-30": "90.83200", "2011-06-30": "86.78200", "2011-03-31": "48.10900", "2010-12-31": "28.05600", "2010-09-30": "61.31200", "2010-06-30": "85.41200", "2010-03-31": "36.51300", "2009-12-31": "-1.08200", "2009-09-30": "41.13800", "2009-06-30": "30.55500", "2009-03-31": "-19.32800", "2008-12-31": "17.88100", "2008-09-30": "15.92000", "2008-06-30": "57.34400", "2008-03-31": "36.02400", "2007-12-31": "49.79300", "2007-09-30": "38.89600", "2007-06-30": "25.43400", "2007-03-31": "12.00400", "2006-12-31": "", "2006-09-30": "50.34500", "2006-06-30": "59.28500", "2006-03-31": "74.59200", "2005-09-30": "82.60400", "2005-06-30": ""}, "EBITDA": {"2020-09-30": "209.32000", "2020-06-30": "275.86610", "2020-03-31": "67.62400", "2019-12-31": "280.25030", "2019-09-30": "302.68700", "2019-06-30": "264.17300", "2019-03-31": "184.31800", "2018-12-31": "276.45100", "2018-09-30": "293.03390", "2018-06-30": "255.91490", "2018-03-31": "180.32600", "2017-12-31": "152.75170", "2017-09-30": "292.63910", "2017-06-30": "265.77100", "2017-03-31": "157.89500", "2016-12-31": "250.17720", "2016-09-30": "257.81410", "2016-06-30": "247.25400", "2016-03-31": "147.01500", "2015-12-31": "187.93370", "2015-09-30": "235.08100", "2015-06-30": "166.88900", "2015-03-31": "116.19400", "2014-12-31": "161.47900", "2014-09-30": "178.88310", "2014-06-30": "231.53200", "2014-03-31": "96.27300", "2013-12-31": "97.14840", "2013-09-30": "200.27090", "2013-06-30": "205.53490", "2013-03-31": "110.04300", "2012-12-31": "178.04190", "2012-09-30": "181.74110", "2012-06-30": "144.97110", "2012-03-31": "37.56500", "2011-12-31": "93.60670", "2011-09-30": "172.41200", "2011-06-30": "164.01100", "2011-03-31": "129.48100", "2010-12-31": "88.67910", "2010-09-30": "142.04100", "2010-06-30": "150.57910", "2010-03-31": "116.69100", "2009-12-31": "110.43420", "2009-09-30": "117.48500", "2009-06-30": "108.77300", "2009-03-31": "41.88600", "2008-12-31": "97.43900", "2008-09-30": "82.36210", "2008-06-30": "143.29200", "2008-03-31": "115.56400", "2007-12-31": "159.15730", "2007-09-30": "141.03000", "2007-06-30": "127.87200", "2007-03-31": "98.66100", "2006-12-31": "", "2006-09-30": "124.44510", "2006-06-30": "191.30200", "2006-03-31": "125.33300", "2005-09-30": "11.27710", "2005-06-30": ""}, "EBIT": {"2020-09-30": "174.57100", "2020-06-30": "241.53610", "2020-03-31": "34.13000", "2019-12-31": "243.41490", "2019-09-30": "267.07100", "2019-06-30": "229.60000", "2019-03-31": "149.64400", "2018-12-31": "241.64160", "2018-09-30": "256.88890", "2018-06-30": "220.06290", "2018-03-31": "146.05800", "2017-12-31": "117.57530", "2017-09-30": "258.46610", "2017-06-30": "233.70500", "2017-03-31": "126.42900", "2016-12-31": "218.08420", "2016-09-30": "228.35210", "2016-06-30": "221.21000", "2016-03-31": "122.40500", "2015-12-31": "157.92570", "2015-09-30": "208.32800", "2015-06-30": "138.93300", "2015-03-31": "89.93100", "2014-12-31": "131.15000", "2014-09-30": "153.89210", "2014-06-30": "207.12400", "2014-03-31": "71.78800", "2013-12-31": "71.69820", "2013-09-30": "176.89790", "2013-06-30": "181.44690", "2013-03-31": "85.14300", "2012-12-31": "153.01110", "2012-09-30": "156.50810", "2012-06-30": "119.95100", "2012-03-31": "10.64500", "2011-12-31": "64.51790", "2011-09-30": "144.94400", "2011-06-30": "135.82200", "2011-03-31": "101.84300", "2010-12-31": "58.28810", "2010-09-30": "114.06010", "2010-06-30": "122.80510", "2010-03-31": "85.71200", "2009-12-31": "77.43200", "2009-09-30": "93.30900", "2009-06-30": "84.14800", "2009-03-31": "15.96700", "2008-12-31": "58.39820", "2008-09-30": "58.20110", "2008-06-30": "113.08700", "2008-03-31": "87.79400", "2007-12-31": "125.86430", "2007-09-30": "105.72400", "2007-06-30": "88.11500", "2007-03-31": "68.86600", "2006-12-31": "", "2006-09-30": "93.89210", "2006-06-30": "79.91000", "2006-03-31": "96.23800", "2005-09-30": "103.82010", "2005-06-30": ""}, "Basic Shares Outstanding": {"2020-09-30": "350.70300", "2020-06-30": "350.53800", "2020-03-31": "359.01700", "2019-12-31": "364.70900", "2019-09-30": "364.74300", "2019-06-30": "364.63700", "2019-03-31": "364.57000", "2018-12-31": "363.51300", "2018-09-30": "363.51000", "2018-06-30": "362.01100", "2018-03-31": "361.88200", "2017-12-31": "367.68000", "2017-09-30": "366.08300", "2017-06-30": "365.91100", "2017-03-31": "373.21800", "2016-12-31": "381.78200", "2016-09-30": "379.36800", "2016-06-30": "379.23300", "2016-03-31": "386.59800", "2015-12-31": "399.89100", "2015-09-30": "399.44500", "2015-06-30": "403.94900", "2015-03-31": "403.57800", "2014-12-31": "402.30000", "2014-09-30": "402.39200", "2014-06-30": "401.92000", "2014-03-31": "401.56400", "2013-12-31": "399.43600", "2013-09-30": "400.26400", "2013-06-30": "399.42000", "2013-03-31": "397.47600", "2012-12-31": "394.83600", "2012-09-30": "394.82800", "2012-06-30": "394.28800", "2012-03-31": "394.13200", "2011-12-31": "390.84000", "2011-09-30": "391.70000", "2011-06-30": "390.14800", "2011-03-31": "388.77600", "2010-12-31": "386.00000", "2010-09-30": "385.98400", "2010-06-30": "385.68000", "2010-03-31": "385.30400", "2009-12-31": "380.63200", "2009-09-30": "380.98800", "2009-06-30": "380.09200", "2009-03-31": "377.97200", "2008-12-31": "376.68400", "2008-09-30": "375.96800", "2008-06-30": "377.42000", "2008-03-31": "377.37600", "2007-12-31": "383.74400", "2007-09-30": "382.65600", "2007-06-30": "385.01600", "2007-03-31": "385.90000", "2006-12-31": "", "2006-09-30": "385.22400", "2006-06-30": "385.22400", "2006-03-31": "385.22400", "2005-09-30": "385.22400", "2005-06-30": ""}, "Shares Outstanding": {"2020-09-30": "351.60400", "2020-06-30": "350.82900", "2020-03-31": "359.01700", "2019-12-31": "365.51900", "2019-09-30": "365.59700", "2019-06-30": "365.53700", "2019-03-31": "365.29900", "2018-12-31": "364.50500", "2018-09-30": "364.63800", "2018-06-30": "363.25400", "2018-03-31": "363.29100", "2017-12-31": "369.42600", "2017-09-30": "368.16000", "2017-06-30": "367.99200", "2017-03-31": "375.25100", "2016-12-31": "384.56600", "2016-09-30": "382.55800", "2016-06-30": "382.51100", "2016-03-31": "389.04300", "2015-12-31": "403.65900", "2015-09-30": "402.97900", "2015-06-30": "407.51000", "2015-03-31": "408.26000", "2014-12-31": "408.04400", "2014-09-30": "408.52400", "2014-06-30": "408.22800", "2014-03-31": "407.87600", "2013-12-31": "407.29200", "2013-09-30": "407.94800", "2013-06-30": "408.05200", "2013-03-31": "405.84000", "2012-12-31": "401.07600", "2012-09-30": "401.88800", "2012-06-30": "400.26400", "2012-03-31": "394.13200", "2011-12-31": "397.00400", "2011-09-30": "398.14000", "2011-06-30": "396.89600", "2011-03-31": "394.35600", "2010-12-31": "391.09600", "2010-09-30": "391.00800", "2010-06-30": "392.10800", "2010-03-31": "389.97200", "2009-12-31": "382.67200", "2009-09-30": "385.68800", "2009-06-30": "384.66800", "2009-03-31": "377.97200", "2008-12-31": "380.65600", "2008-09-30": "380.07200", "2008-06-30": "384.23600", "2008-03-31": "382.44000", "2007-12-31": "386.96400", "2007-09-30": "386.46000", "2007-06-30": "388.89600", "2007-03-31": "388.42000", "2006-12-31": "", "2006-09-30": "385.27600", "2006-06-30": "385.22400", "2006-03-31": "385.22400", "2005-09-30": "385.22400", "2005-06-30": ""}, "Basic EPS": {"2020-09-30": "0.29000", "2020-06-30": "0.46000", "2020-03-31": "-0.02000", "2019-12-31": "0.51000", "2019-09-30": "0.51000", "2019-06-30": "0.41000", "2019-03-31": "0.22000", "2018-12-31": "0.40000", "2018-09-30": "0.47000", "2018-06-30": "0.39000", "2018-03-31": "0.22000", "2017-12-31": "-1.02000", "2017-09-30": "0.56000", "2017-06-30": "0.47000", "2017-03-31": "0.19000", "2016-12-31": "0.40000", "2016-09-30": "0.46000", "2016-06-30": "0.34000", "2016-03-31": "0.21000", "2015-12-31": "0.30000", "2015-09-30": "0.41000", "2015-06-30": "0.23000", "2015-03-31": "0.13000", "2014-12-31": "0.23000", "2014-09-30": "0.30000", "2014-06-30": "0.38000", "2014-03-31": "0.10000", "2013-12-31": "0.08250", "2013-09-30": "0.31250", "2013-06-30": "0.30500", "2013-03-31": "0.13000", "2012-12-31": "0.20500", "2012-09-30": "0.27750", "2012-06-30": "0.00250", "2012-03-31": "-0.06750", "2011-12-31": "0.10500", "2011-09-30": "0.23250", "2011-06-30": "0.22250", "2011-03-31": "0.12250", "2010-12-31": "0.07000", "2010-09-30": "0.16000", "2010-06-30": "0.22250", "2010-03-31": "0.09500", "2009-12-31": "-0.00250", "2009-09-30": "0.10750", "2009-06-30": "0.08000", "2009-03-31": "-0.05000", "2008-12-31": "0.04750", "2008-09-30": "0.04250", "2008-06-30": "0.15250", "2008-03-31": "0.09500", "2007-12-31": "0.13000", "2007-09-30": "0.10250", "2007-06-30": "0.06500", "2007-03-31": "0.03000", "2006-12-31": "", "2006-09-30": "0.13000", "2006-06-30": "0.15500", "2006-03-31": "0.19250", "2005-09-30": "0.21500", "2005-06-30": ""}, "EPS - Earnings Per Share": {"2020-09-30": "0.29000", "2020-06-30": "0.46000", "2020-03-31": "-0.02000", "2019-12-31": "0.50000", "2019-09-30": "0.51000", "2019-06-30": "0.41000", "2019-03-31": "0.22000", "2018-12-31": "0.40000", "2018-09-30": "0.47000", "2018-06-30": "0.39000", "2018-03-31": "0.22000", "2017-12-31": "-1.01000", "2017-09-30": "0.55000", "2017-06-30": "0.47000", "2017-03-31": "0.19000", "2016-12-31": "0.40000", "2016-09-30": "0.45000", "2016-06-30": "0.34000", "2016-03-31": "0.21000", "2015-12-31": "0.30000", "2015-09-30": "0.40000", "2015-06-30": "0.23000", "2015-03-31": "0.13000", "2014-12-31": "0.22000", "2014-09-30": "0.29000", "2014-06-30": "0.38000", "2014-03-31": "0.10000", "2013-12-31": "0.07750", "2013-09-30": "0.30750", "2013-06-30": "0.29750", "2013-03-31": "0.12750", "2012-12-31": "0.20250", "2012-09-30": "0.27250", "2012-06-30": "0.00250", "2012-03-31": "-0.06750", "2011-12-31": "0.10500", "2011-09-30": "0.22750", "2011-06-30": "0.21750", "2011-03-31": "0.12250", "2010-12-31": "0.07250", "2010-09-30": "0.15750", "2010-06-30": "0.21750", "2010-03-31": "0.09250", "2009-12-31": "-0.00250", "2009-09-30": "0.10750", "2009-06-30": "0.08000", "2009-03-31": "-0.05000", "2008-12-31": "0.04750", "2008-09-30": "0.04250", "2008-06-30": "0.15000", "2008-03-31": "0.09500", "2007-12-31": "0.13000", "2007-09-30": "0.10000", "2007-06-30": "0.06500", "2007-03-31": "0.03000", "2006-12-31": "0.00000", "2006-09-30": "0.13000", "2006-06-30": "0.15500", "2006-03-31": "0.19250", "2005-09-30": "0.21500", "2005-06-30": "0.00000"}}, "balance sheet": {"Cash On Hand": {"2019-12-31": "328.87600", "2018-12-31": "433.02200", "2017-12-31": "421.56600", "2016-12-31": "460.24500", "2015-12-31": "319.16900", "2014-12-31": "239.85500", "2013-12-31": "115.86300", "2012-12-31": "42.79600", "2011-12-31": "35.34500", "2010-12-31": "43.67100", "2009-12-31": "38.94300", "2008-12-31": "67.34200", "2007-12-31": "174.23600", "2006-12-31": "155.97300", "2006-06-30": "298.25200", "2005-12-31": "", "2005-06-30": "1080.79900"}, "Receivables": {"2019-12-31": "815.21000", "2018-12-31": "870.87800", "2017-12-31": "903.31800", "2016-12-31": "836.92400", "2015-12-31": "680.41700", "2014-12-31": "672.04800", "2013-12-31": "578.55800", "2012-12-31": "506.27800", "2011-12-31": "470.71300", "2010-12-31": "503.24300", "2009-12-31": "450.54100", "2008-12-31": "404.93000", "2007-12-31": "575.06900", "2006-12-31": "488.62900", "2006-06-30": "685.11600", "2005-12-31": "685.11600", "2005-06-30": "575.09400"}, "Inventory": {"2019-12-31": "1905.84500", "2018-12-31": "2056.83800", "2017-12-31": "1874.99000", "2016-12-31": "1840.56500", "2015-12-31": "1814.60200", "2014-12-31": "1537.20000", "2013-12-31": "1283.33100", "2012-12-31": "1253.13600", "2011-12-31": "1607.55500", "2010-12-31": "1322.71900", "2009-12-31": "1049.20400", "2008-12-31": "1290.53000", "2007-12-31": "1117.05200", "2006-12-31": "1216.50100", "2006-06-30": "1236.58600", "2005-12-31": "", "2005-06-30": "1262.55700"}, "Pre-Paid Expenses": {"2019-12-31": "", "2018-12-31": "", "2017-12-31": "", "2016-12-31": "", "2015-12-31": "", "2014-12-31": "", "2013-12-31": "", "2012-12-31": "", "2011-12-31": "", "2010-12-31": "", "2009-12-31": "", "2008-12-31": "", "2007-12-31": "", "2006-12-31": "", "2006-06-30": "", "2005-12-31": "", "2005-06-30": ""}, "Other Current Assets": {"2019-12-31": "174.63400", "2018-12-31": "181.37700", "2017-12-31": "186.49600", "2016-12-31": "137.53500", "2015-12-31": "103.67900", "2014-12-31": "101.06400", "2013-12-31": "68.65400", "2012-12-31": "59.12600", "2011-12-31": "62.51100", "2010-12-31": "128.60700", "2009-12-31": "144.03300", "2008-12-31": "165.67300", "2007-12-31": "55.06800", "2006-12-31": "73.89900", "2006-06-30": "322.19300", "2005-12-31": "", "2005-06-30": "85.99400"}, "Total Current Assets": {"2019-12-31": "3224.56500", "2018-12-31": "3542.11500", "2017-12-31": "3386.37000", "2016-12-31": "3321.16600", "2015-12-31": "2917.86700", "2014-12-31": "2550.16700", "2013-12-31": "2243.66600", "2012-12-31": "2027.52500", "2011-12-31": "2330.79100", "2010-12-31": "2147.67100", "2009-12-31": "1822.55700", "2008-12-31": "2110.32500", "2007-12-31": "2094.33400", "2006-12-31": "2071.18000", "2006-06-30": "3755.81200", "2005-12-31": "685.11600", "2005-06-30": "3125.74000"}, "Property, Plant, And Equipment": {"2019-12-31": "587.89600", "2018-12-31": "607.68800", "2017-12-31": "623.99100", "2016-12-31": "692.46400", "2015-12-31": "650.46200", "2014-12-31": "674.37900", "2013-12-31": "579.88300", "2012-12-31": "596.15800", "2011-12-31": "635.40600", "2010-12-31": "631.25400", "2009-12-31": "602.82600", "2008-12-31": "588.18900", "2007-12-31": "534.28600", "2006-12-31": "556.86600", "2006-06-30": "617.02100", "2005-12-31": "", "2005-06-30": "558.65700"}, "Long-Term Investments": {"2019-12-31": "", "2018-12-31": "", "2017-12-31": "", "2016-12-31": "", "2015-12-31": "", "2014-12-31": "", "2013-12-31": "", "2012-12-31": "", "2011-12-31": "", "2010-12-31": "", "2009-12-31": "", "2008-12-31": "", "2007-12-31": "", "2006-12-31": "", "2006-06-30": "", "2005-12-31": "", "2005-06-30": ""}, "Goodwill And Intangible Assets": {"2019-12-31": "2756.51100", "2018-12-31": "2797.10800", "2017-12-31": "2569.86400", "2016-12-31": "2383.99800", "2015-12-31": "1534.83000", "2014-12-31": "1414.32100", "2013-12-31": "1004.14300", "2012-12-31": "553.41400", "2011-12-31": "603.07100", "2010-12-31": "608.76600", "2009-12-31": "458.21600", "2008-12-31": "469.44500", "2007-12-31": "461.69100", "2006-12-31": "418.70600", "2006-06-30": "415.01900", "2005-12-31": "", "2005-06-30": "424.56700"}, "Other Long-Term Assets": {"2019-12-31": "93.89600", "2018-12-31": "83.88000", "2017-12-31": "79.61800", "2016-12-31": "67.98000", "2015-12-31": "49.25200", "2014-12-31": "73.50200", "2013-12-31": "54.93000", "2012-12-31": "57.07400", "2011-12-31": "71.18100", "2010-12-31": "82.51300", "2009-12-31": "85.86200", "2008-12-31": "45.05300", "2007-12-31": "86.01500", "2006-12-31": "69.94100", "2006-06-30": "8.33000", "2005-12-31": "", "2005-06-30": "9.42800"}, "Total Long-Term Assets": {"2019-12-31": "4129.42100", "2018-12-31": "3696.12500", "2017-12-31": "3508.40500", "2016-12-31": "3609.31400", "2015-12-31": "2679.72300", "2014-12-31": "2658.02600", "2013-12-31": "1846.38200", "2012-12-31": "1604.17500", "2011-12-31": "1703.87800", "2010-12-31": "1642.33100", "2009-12-31": "1504.00700", "2008-12-31": "1423.72400", "2007-12-31": "1345.14900", "2006-12-31": "1364.44000", "2006-06-30": "1135.26300", "2005-12-31": "", "2005-06-30": "1111.41400"}, "Total Assets": {"2019-12-31": "7353.98600", "2018-12-31": "7238.24000", "2017-12-31": "6894.77500", "2016-12-31": "6930.48000", "2015-12-31": "5597.59000", "2014-12-31": "5208.19300", "2013-12-31": "4090.04800", "2012-12-31": "3631.70000", "2011-12-31": "4034.66900", "2010-12-31": "3790.00200", "2009-12-31": "3326.56400", "2008-12-31": "3534.04900", "2007-12-31": "3439.48300", "2006-12-31": "3435.62000", "2006-06-30": "4891.07500", "2005-12-31": "685.11600", "2005-06-30": "4237.15400"}, "Total Current Liabilities": {"2019-12-31": "1771.43900", "2018-12-31": "2045.93800", "2017-12-31": "1778.74500", "2016-12-31": "1625.66800", "2015-12-31": "1503.90900", "2014-12-31": "1482.41400", "2013-12-31": "999.27800", "2012-12-31": "875.66800", "2011-12-31": "933.71900", "2010-12-31": "829.35000", "2009-12-31": "878.97500", "2008-12-31": "748.28400", "2007-12-31": "688.98200", "2006-12-31": "611.18100", "2006-06-30": "1611.95400", "2005-12-31": "", "2005-06-30": "1581.23300"}, "Long Term Debt": {"2019-12-31": "3256.87000", "2018-12-31": "3534.18300", "2017-12-31": "3702.05400", "2016-12-31": "3507.68500", "2015-12-31": "2232.71200", "2014-12-31": "1613.99700", "2013-12-31": "1467.00000", "2012-12-31": "1317.50000", "2011-12-31": "1807.77700", "2010-12-31": "1990.73500", "2009-12-31": "1727.54700", "2008-12-31": "2130.90700", "2007-12-31": "2315.25000", "2006-12-31": "2484.00000", "2006-06-30": "2.78600", "2005-12-31": "", "2005-06-30": "6.18800"}, "Other Non-Current Liabilities": {"2019-12-31": "327.34300", "2018-12-31": "407.02100", "2017-12-31": "322.53600", "2016-12-31": "201.60100", "2015-12-31": "222.81200", "2014-12-31": "253.00700", "2013-12-31": "129.32800", "2012-12-31": "105.39900", "2011-12-31": "126.42400", "2010-12-31": "105.35400", "2009-12-31": "95.29300", "2008-12-31": "175.60800", "2007-12-31": "107.69000", "2006-12-31": "67.41800", "2006-06-30": "42.18700", "2005-12-31": "", "2005-06-30": "40.20000"}, "Total Long Term Liabilities": {"2019-12-31": "4345.95200", "2018-12-31": "4320.17600", "2017-12-31": "4429.82800", "2016-12-31": "4080.89800", "2015-12-31": "2817.79000", "2014-12-31": "2339.00700", "2013-12-31": "1860.14700", "2012-12-31": "1869.16600", "2011-12-31": "2419.88900", "2010-12-31": "2397.97800", "2009-12-31": "2112.87000", "2008-12-31": "2600.61000", "2007-12-31": "2461.59700", "2006-12-31": "2755.16800", "2006-06-30": "49.98700", "2005-12-31": "", "2005-06-30": "53.55900"}, "Total Liabilities": {"2019-12-31": "6117.39100", "2018-12-31": "6366.11400", "2017-12-31": "6208.57300", "2016-12-31": "5706.56600", "2015-12-31": "4321.69900", "2014-12-31": "3821.42100", "2013-12-31": "2859.42500", "2012-12-31": "2744.83400", "2011-12-31": "3353.60800", "2010-12-31": "3227.32800", "2009-12-31": "2991.84500", "2008-12-31": "3348.89400", "2007-12-31": "3150.57900", "2006-12-31": "3366.34900", "2006-06-30": "1661.94100", "2005-12-31": "", "2005-06-30": "1634.79200"}, "Common Stock Net": {"2019-12-31": "3.62400", "2018-12-31": "3.61300", "2017-12-31": "3.60100", "2016-12-31": "3.78700", "2015-12-31": "3.91700", "2014-12-31": "4.00800", "2013-12-31": "0.99500", "2012-12-31": "0.98300", "2011-12-31": "0.97500", "2010-12-31": "0.96200", "2009-12-31": "0.95400", "2008-12-31": "0.93500", "2007-12-31": "0.95400", "2006-12-31": "0.96300", "2006-06-30": "", "2005-12-31": "", "2005-06-30": ""}, "Retained Earnings (Accumulated Deficit)": {"2019-12-31": "1546.22400", "2018-12-31": "1079.50300", "2017-12-31": "850.34500", "2016-12-31": "1396.11600", "2015-12-31": "1389.33800", "2014-12-31": "1464.42700", "2013-12-31": "1181.41800", "2012-12-31": "911.46700", "2011-12-31": "746.78600", "2010-12-31": "480.09800", "2009-12-31": "268.80500", "2008-12-31": "217.52200", "2007-12-31": "117.84900", "2006-12-31": "33.02400", "2006-06-30": "", "2005-12-31": "", "2005-06-30": ""}, "Comprehensive Income": {"2019-12-31": "-617.64800", "2018-12-31": "-495.86700", "2017-12-31": "-439.20600", "2016-12-31": "-435.99100", "2015-12-31": "-394.93300", "2014-12-31": "-372.58900", "2013-12-31": "-237.01700", "2012-12-31": "-317.61300", "2011-12-31": "-333.25100", "2010-12-31": "-213.21500", "2009-12-31": "-222.99500", "2008-12-31": "-281.46900", "2007-12-31": "-28.91800", "2006-12-31": "-59.56800", "2006-06-30": "-8.38400", "2005-12-31": "", "2005-06-30": "-18.20900"}, "Other Share Holders Equity": {"2019-12-31": "", "2018-12-31": "", "2017-12-31": "", "2016-12-31": "", "2015-12-31": "", "2014-12-31": "", "2013-12-31": "", "2012-12-31": "", "2011-12-31": "", "2010-12-31": "", "2009-12-31": "", "2008-12-31": "", "2007-12-31": "", "2006-12-31": "", "2006-06-30": "", "2005-12-31": "", "2005-06-30": ""}, "Share Holder Equity": {"2019-12-31": "1236.59500", "2018-12-31": "872.12600", "2017-12-31": "686.20200", "2016-12-31": "1223.91400", "2015-12-31": "1275.89100", "2014-12-31": "1386.77200", "2013-12-31": "1230.62300", "2012-12-31": "886.86600", "2011-12-31": "681.06100", "2010-12-31": "562.67400", "2009-12-31": "334.71900", "2008-12-31": "185.15500", "2007-12-31": "288.90400", "2006-12-31": "69.27100", "2006-06-30": "3229.13400", "2005-12-31": "", "2005-06-30": "2602.36200"}, "Total Liabilities And Share Holders Equity": {"2019-12-31": "7353.98600", "2018-12-31": "7238.24000", "2017-12-31": "6894.77500", "2016-12-31": "6930.48000", "2015-12-31": "5597.59000", "2014-12-31": "5208.19300", "2013-12-31": "4090.04800", "2012-12-31": "3631.70000", "2011-12-31": "4034.66900", "2010-12-31": "3790.00200", "2009-12-31": "3326.56400", "2008-12-31": "3534.04900", "2007-12-31": "3439.48300", "2006-12-31": "3435.62000", "2006-06-30": "4891.07500", "2005-12-31": "", "2005-06-30": "4237.15400"}}, "balance sheet, quarterly": {"Cash On Hand": {"2020-09-30": "731.48100", "2020-06-30": "683.11400", "2020-03-31": "1083.78000", "2019-12-31": "328.87600", "2019-09-30": "317.02400", "2019-06-30": "257.94100", "2019-03-31": "287.08000", "2018-12-31": "433.02200", "2018-09-30": "398.49900", "2018-06-30": "397.97100", "2018-03-31": "373.66200", "2017-12-31": "421.56600", "2017-09-30": "400.04500", "2017-06-30": "449.41500", "2017-03-31": "463.62300", "2016-12-31": "460.24500", "2016-09-30": "450.21300", "2016-06-30": "660.99700", "2016-03-31": "332.42200", "2015-12-31": "319.16900", "2015-09-30": "284.59500", "2015-06-30": "315.35400", "2015-03-31": "277.06700", "2014-12-31": "239.85500", "2014-09-30": "215.83200", "2014-06-30": "143.61700", "2014-03-31": "151.13600", "2013-12-31": "115.86300", "2013-09-30": "132.32000", "2013-06-30": "82.30500", "2013-03-31": "68.54500", "2012-12-31": "42.79600", "2012-09-30": "182.26900", "2012-06-30": "29.66200", "2012-03-31": "34.60000", "2011-12-31": "35.34500", "2011-09-30": "47.99700", "2011-06-30": "44.65500", "2011-03-31": "64.80400", "2010-12-31": "43.67100", "2010-09-30": "75.49600", "2010-06-30": "36.79700", "2010-03-31": "42.62000", "2009-12-31": "38.94300", "2009-09-30": "38.61700", "2009-06-30": "47.56100", "2009-03-31": "31.66900", "2008-12-31": "67.34200", "2008-09-30": "86.21200", "2008-06-30": "96.91800", "2008-03-31": "120.79300", "2007-12-31": "174.23600", "2007-09-30": "176.37700", "2007-06-30": "176.39300", "2007-03-31": "149.29000", "2006-12-31": "155.97300", "2006-09-30": "209.08000", "2006-06-30": "298.25200", "2006-03-31": "", "2005-09-30": "", "2005-06-30": "1080.79000"}, "Receivables": {"2020-09-30": "984.57100", "2020-06-30": "1196.82600", "2020-03-31": "725.09200", "2019-12-31": "815.21000", "2019-09-30": "1033.93800", "2019-06-30": "1011.81600", "2019-03-31": "932.87500", "2018-12-31": "870.87800", "2018-09-30": "1044.51600", "2018-06-30": "973.80700", "2018-03-31": "874.68400", "2017-12-31": "903.31800", "2017-09-30": "1009.18800", "2017-06-30": "935.54800", "2017-03-31": "800.46700", "2016-12-31": "836.92400", "2016-09-30": "961.65900", "2016-06-30": "857.56200", "2016-03-31": "722.10300", "2015-12-31": "680.41700", "2015-09-30": "850.33400", "2015-06-30": "835.29900", "2015-03-31": "713.11300", "2014-12-31": "672.04800", "2014-09-30": "874.92200", "2014-06-30": "779.52000", "2014-03-31": "611.60000", "2013-12-31": "578.55800", "2013-09-30": "585.71000", "2013-06-30": "616.62200", "2013-03-31": "550.65000", "2012-12-31": "506.27800", "2012-09-30": "585.49000", "2012-06-30": "585.97900", "2012-03-31": "524.74500", "2011-12-31": "470.71300", "2011-09-30": "589.43900", "2011-06-30": "612.17800", "2011-03-31": "547.12100", "2010-12-31": "503.24300", "2010-09-30": "531.36000", "2010-06-30": "512.80100", "2010-03-31": "440.30000", "2009-12-31": "450.54100", "2009-09-30": "538.54000", "2009-06-30": "505.30200", "2009-03-31": "424.75900", "2008-12-31": "404.93000", "2008-09-30": "562.93700", "2008-06-30": "547.61700", "2008-03-31": "541.90000", "2007-12-31": "575.06900", "2007-09-30": "577.75900", "2007-06-30": "555.87500", "2007-03-31": "513.82300", "2006-12-31": "488.62900", "2006-09-30": "516.77800", "2006-06-30": "685.11600", "2006-03-31": "", "2005-09-30": "", "2005-06-30": "575.09000"}, "Inventory": {"2020-09-30": "2170.55200", "2020-06-30": "1958.44300", "2020-03-31": "1963.75700", "2019-12-31": "1905.84500", "2019-09-30": "2095.03500", "2019-06-30": "2223.19900", "2019-03-31": "2232.71900", "2018-12-31": "2056.83800", "2018-09-30": "2139.28100", "2018-06-30": "2112.21100", "2018-03-31": "2044.68000", "2017-12-31": "1874.99000", "2017-09-30": "1953.91800", "2017-06-30": "2000.43600", "2017-03-31": "1998.50100", "2016-12-31": "1840.56500", "2016-09-30": "2004.99700", "2016-06-30": "2006.86700", "2016-03-31": "1969.87200", "2015-12-31": "1814.60200", "2015-09-30": "1813.51000", "2015-06-30": "1766.76100", "2015-03-31": "1692.71200", "2014-12-31": "1537.20000", "2014-09-30": "1666.00800", "2014-06-30": "1401.61500", "2014-03-31": "1402.12200", "2013-12-31": "1283.33100", "2013-09-30": "1313.97100", "2013-06-30": "1337.17400", "2013-03-31": "1346.98500", "2012-12-31": "1253.13600", "2012-09-30": "1340.77600", "2012-06-30": "1435.85000", "2012-03-31": "1619.24200", "2011-12-31": "1607.55500", "2011-09-30": "1726.37200", "2011-06-30": "1640.23100", "2011-03-31": "1541.73000", "2010-12-31": "1322.71900", "2010-09-30": "1377.28600", "2010-06-30": "1295.62100", "2010-03-31": "1183.41400", "2009-12-31": "1049.20400", "2009-09-30": "1137.07700", "2009-06-30": "1234.54300", "2009-03-31": "1301.24200", "2008-12-31": "1290.53000", "2008-09-30": "1359.00800", "2008-06-30": "1342.18400", "2008-03-31": "1223.97900", "2007-12-31": "1117.05200", "2007-09-30": "1195.76500", "2007-06-30": "1233.78700", "2007-03-31": "1253.66800", "2006-12-31": "1216.50100", "2006-09-30": "1262.96100", "2006-06-30": "1236.58600", "2006-03-31": "", "2005-09-30": "", "2005-06-30": "1262.55000"}, "Pre-Paid Expenses": {"2020-09-30": "", "2020-06-30": "", "2020-03-31": "", "2019-12-31": "", "2019-09-30": "", "2019-06-30": "", "2019-03-31": "", "2018-12-31": "", "2018-09-30": "", "2018-06-30": "", "2018-03-31": "", "2017-12-31": "", "2017-09-30": "", "2017-06-30": "", "2017-03-31": "", "2016-12-31": "", "2016-09-30": "", "2016-06-30": "", "2016-03-31": "", "2015-12-31": "", "2015-09-30": "", "2015-06-30": "", "2015-03-31": "", "2014-12-31": "", "2014-09-30": "", "2014-06-30": "", "2014-03-31": "", "2013-12-31": "", "2013-09-30": "", "2013-06-30": "", "2013-03-31": "", "2012-12-31": "", "2012-09-30": "", "2012-06-30": "", "2012-03-31": "", "2011-12-31": "", "2011-09-30": "", "2011-06-30": "", "2011-03-31": "", "2010-12-31": "", "2010-09-30": "", "2010-06-30": "", "2010-03-31": "", "2009-12-31": "", "2009-09-30": "", "2009-06-30": "", "2009-03-31": "", "2008-12-31": "", "2008-09-30": "", "2008-06-30": "", "2008-03-31": "", "2007-12-31": "", "2007-09-30": "", "2007-06-30": "", "2007-03-31": "", "2006-12-31": "", "2006-09-30": "", "2006-06-30": "", "2006-03-31": "", "2005-09-30": "", "2005-06-30": ""}, "Other Current Assets": {"2020-09-30": "210.61700", "2020-06-30": "193.42200", "2020-03-31": "178.24400", "2019-12-31": "174.63400", "2019-09-30": "174.17200", "2019-06-30": "176.29600", "2019-03-31": "189.01200", "2018-12-31": "181.37700", "2018-09-30": "154.90900", "2018-06-30": "132.75700", "2018-03-31": "106.80000", "2017-12-31": "186.49600", "2017-09-30": "196.87500", "2017-06-30": "192.60300", "2017-03-31": "196.21600", "2016-12-31": "137.53500", "2016-09-30": "120.79200", "2016-06-30": "108.06600", "2016-03-31": "93.28300", "2015-12-31": "103.67900", "2015-09-30": "101.60200", "2015-06-30": "164.44000", "2015-03-31": "126.31900", "2014-12-31": "101.06400", "2014-09-30": "191.61000", "2014-06-30": "64.83500", "2014-03-31": "78.44600", "2013-12-31": "68.65400", "2013-09-30": "56.71400", "2013-06-30": "55.65500", "2013-03-31": "63.28500", "2012-12-31": "59.12600", "2012-09-30": "53.38700", "2012-06-30": "49.53000", "2012-03-31": "55.07400", "2011-12-31": "62.51100", "2011-09-30": "64.69400", "2011-06-30": "57.30500", "2011-03-31": "", "2010-12-31": "128.60700", "2010-09-30": "", "2010-06-30": "", "2010-03-31": "", "2009-12-31": "144.03300", "2009-09-30": "", "2009-06-30": "", "2009-03-31": "", "2008-12-31": "165.67300", "2008-09-30": "", "2008-06-30": "", "2008-03-31": "", "2007-12-31": "55.06800", "2007-09-30": "", "2007-06-30": "", "2007-03-31": "", "2006-12-31": "73.89900", "2006-09-30": "", "2006-06-30": "273.42800", "2006-03-31": "", "2005-09-30": "", "2005-06-30": "116.73000"}, "Total Current Assets": {"2020-09-30": "4097.22100", "2020-06-30": "4031.80500", "2020-03-31": "3950.87300", "2019-12-31": "3224.56500", "2019-09-30": "3620.16900", "2019-06-30": "3669.25200", "2019-03-31": "3641.68600", "2018-12-31": "3542.11500", "2018-09-30": "3737.20500", "2018-06-30": "3616.74600", "2018-03-31": "3399.82600", "2017-12-31": "3386.37000", "2017-09-30": "3560.02600", "2017-06-30": "3578.00200", "2017-03-31": "3458.80700", "2016-12-31": "3321.16600", "2016-09-30": "3562.12700", "2016-06-30": "3633.49200", "2016-03-31": "3117.68000", "2015-12-31": "2917.86700", "2015-09-30": "3265.45400", "2015-06-30": "3296.32200", "2015-03-31": "3020.68800", "2014-12-31": "2550.16700", "2014-09-30": "3154.42000", "2014-06-30": "2587.73600", "2014-03-31": "2440.95100", "2013-12-31": "2243.66600", "2013-09-30": "2257.05300", "2013-06-30": "2259.96400", "2013-03-31": "2197.55800", "2012-12-31": "2027.52500", "2012-09-30": "2318.85400", "2012-06-30": "2255.52800", "2012-03-31": "2387.55400", "2011-12-31": "2330.79100", "2011-09-30": "2574.85900", "2011-06-30": "2501.72900", "2011-03-31": "2434.44200", "2010-12-31": "2147.67100", "2010-09-30": "2255.01200", "2010-06-30": "2117.16400", "2010-03-31": "1945.16600", "2009-12-31": "1822.55700", "2009-09-30": "2038.58600", "2009-06-30": "2112.51700", "2009-03-31": "2096.96100", "2008-12-31": "2110.32500", "2008-09-30": "2252.38100", "2008-06-30": "2222.74000", "2008-03-31": "2125.25100", "2007-12-31": "2094.33400", "2007-09-30": "2147.01700", "2007-06-30": "2159.77600", "2007-03-31": "2113.34700", "2006-12-31": "2071.18000", "2006-09-30": "2157.62900", "2006-06-30": "3755.81200", "2006-03-31": "", "2005-09-30": "", "2005-06-30": "3125.74000"}, "Property, Plant, And Equipment": {"2020-09-30": "553.74800", "2020-06-30": "565.84900", "2020-03-31": "571.00500", "2019-12-31": "587.89600", "2019-09-30": "581.97100", "2019-06-30": "597.44400", "2019-03-31": "601.68900", "2018-12-31": "607.68800", "2018-09-30": "607.64900", "2018-06-30": "617.30200", "2018-03-31": "630.66900", "2017-12-31": "623.99100", "2017-09-30": "624.60200", "2017-06-30": "619.88300", "2017-03-31": "620.39300", "2016-12-31": "692.46400", "2016-09-30": "718.99900", "2016-06-30": "672.80700", "2016-03-31": "652.12600", "2015-12-31": "650.46200", "2015-09-30": "652.39100", "2015-06-30": "658.78900", "2015-03-31": "662.80900", "2014-12-31": "674.37900", "2014-09-30": "673.29500", "2014-06-30": "571.74400", "2014-03-31": "572.57500", "2013-12-31": "579.88300", "2013-09-30": "566.77600", "2013-06-30": "576.58000", "2013-03-31": "582.38200", "2012-12-31": "596.15800", "2012-09-30": "606.01100", "2012-06-30": "612.51500", "2012-03-31": "623.87200", "2011-12-31": "635.40600", "2011-09-30": "636.40900", "2011-06-30": "635.61200", "2011-03-31": "633.13200", "2010-12-31": "631.25400", "2010-09-30": "596.45800", "2010-06-30": "595.68700", "2010-03-31": "587.46900", "2009-12-31": "602.82600", "2009-09-30": "612.91100", "2009-06-30": "617.07200", "2009-03-31": "620.78600", "2008-12-31": "588.18900", "2008-09-30": "562.96300", "2008-06-30": "547.16200", "2008-03-31": "526.49800", "2007-12-31": "534.28600", "2007-09-30": "521.28200", "2007-06-30": "503.05200", "2007-03-31": "530.88200", "2006-12-31": "556.86600", "2006-09-30": "609.04800", "2006-06-30": "617.02100", "2006-03-31": "", "2005-09-30": "", "2005-06-30": ""}, "Long-Term Investments": {"2020-09-30": "", "2020-06-30": "", "2020-03-31": "", "2019-12-31": "", "2019-09-30": "", "2019-06-30": "", "2019-03-31": "", "2018-12-31": "", "2018-09-30": "", "2018-06-30": "", "2018-03-31": "", "2017-12-31": "", "2017-09-30": "", "2017-06-30": "", "2017-03-31": "", "2016-12-31": "", "2016-09-30": "", "2016-06-30": "", "2016-03-31": "", "2015-12-31": "", "2015-09-30": "", "2015-06-30": "", "2015-03-31": "", "2014-12-31": "", "2014-09-30": "", "2014-06-30": "", "2014-03-31": "", "2013-12-31": "", "2013-09-30": "", "2013-06-30": "", "2013-03-31": "", "2012-12-31": "", "2012-09-30": "", "2012-06-30": "", "2012-03-31": "", "2011-12-31": "", "2011-09-30": "", "2011-06-30": "", "2011-03-31": "", "2010-12-31": "", "2010-09-30": "", "2010-06-30": "", "2010-03-31": "", "2009-12-31": "", "2009-09-30": "", "2009-06-30": "", "2009-03-31": "", "2008-12-31": "", "2008-09-30": "", "2008-06-30": "", "2008-03-31": "", "2007-12-31": "", "2007-09-30": "", "2007-06-30": "", "2007-03-31": "", "2006-12-31": "", "2006-09-30": "", "2006-06-30": "", "2006-03-31": "", "2005-09-30": "", "2005-06-30": ""}, "Goodwill And Intangible Assets": {"2020-09-30": "2747.27400", "2020-06-30": "2711.90500", "2020-03-31": "2640.55100", "2019-12-31": "2756.51100", "2019-09-30": "2717.18500", "2019-06-30": "2782.15900", "2019-03-31": "2788.37000", "2018-12-31": "2797.10800", "2018-09-30": "2838.67200", "2018-06-30": "2869.57700", "2018-03-31": "2951.38000", "2017-12-31": "2569.86400", "2017-09-30": "2512.94900", "2017-06-30": "2479.35000", "2017-03-31": "2437.41300", "2016-12-31": "2383.99800", "2016-09-30": "2490.05900", "2016-06-30": "1786.10400", "2016-03-31": "1550.93400", "2015-12-31": "1534.83000", "2015-09-30": "1549.19200", "2015-06-30": "1548.81000", "2015-03-31": "1363.02400", "2014-12-31": "1414.32100", "2014-09-30": "1436.98400", "2014-06-30": "994.38800", "2014-03-31": "999.19500", "2013-12-31": "1004.14300", "2013-09-30": "544.81800", "2013-06-30": "547.47500", "2013-03-31": "550.41200", "2012-12-31": "553.41400", "2012-09-30": "556.39200", "2012-06-30": "558.11500", "2012-03-31": "600.60600", "2011-12-31": "603.07100", "2011-09-30": "605.82700", "2011-06-30": "609.43400", "2011-03-31": "606.73800", "2010-12-31": "608.76600", "2010-09-30": "451.08100", "2010-06-30": "453.43400", "2010-03-31": "455.19500", "2009-12-31": "458.21600", "2009-09-30": "460.89300", "2009-06-30": "463.67000", "2009-03-31": "466.53000", "2008-12-31": "469.44500", "2008-09-30": "473.99100", "2008-06-30": "473.98400", "2008-03-31": "467.98000", "2007-12-31": "461.69100", "2007-09-30": "452.12300", "2007-06-30": "420.35800", "2007-03-31": "419.71400", "2006-12-31": "418.70600", "2006-09-30": "417.12000", "2006-06-30": "415.01900", "2006-03-31": "", "2005-09-30": "", "2005-06-30": "424.56000"}, "Other Long-Term Assets": {"2020-09-30": "99.44700", "2020-06-30": "123.67700", "2020-03-31": "118.89000", "2019-12-31": "93.89600", "2019-09-30": "115.82100", "2019-06-30": "92.08700", "2019-03-31": "94.23300", "2018-12-31": "83.88000", "2018-09-30": "80.33100", "2018-06-30": "105.99200", "2018-03-31": "112.62100", "2017-12-31": "79.61800", "2017-09-30": "79.08700", "2017-06-30": "79.73500", "2017-03-31": "71.32200", "2016-12-31": "67.98000", "2016-09-30": "62.13900", "2016-06-30": "60.88800", "2016-03-31": "48.61200", "2015-12-31": "49.25200", "2015-09-30": "73.39500", "2015-06-30": "77.38700", "2015-03-31": "68.28900", "2014-12-31": "73.50200", "2014-09-30": "67.53300", "2014-06-30": "52.44700", "2014-03-31": "53.44000", "2013-12-31": "54.93000", "2013-09-30": "61.23500", "2013-06-30": "58.73200", "2013-03-31": "61.98400", "2012-12-31": "57.07400", "2012-09-30": "61.63500", "2012-06-30": "65.16900", "2012-03-31": "68.11500", "2011-12-31": "71.18100", "2011-09-30": "", "2011-06-30": "", "2011-03-31": "", "2010-12-31": "82.51300", "2010-09-30": "", "2010-06-30": "", "2010-03-31": "", "2009-12-31": "85.86200", "2009-09-30": "", "2009-06-30": "", "2009-03-31": "", "2008-12-31": "45.05300", "2008-09-30": "", "2008-06-30": "", "2008-03-31": "", "2007-12-31": "86.01500", "2007-09-30": "", "2007-06-30": "", "2007-03-31": "", "2006-12-31": "69.94100", "2006-09-30": "", "2006-06-30": "", "2006-03-31": "", "2005-09-30": "", "2005-06-30": "9.42000"}, "Total Long-Term Assets": {"2020-09-30": "4062.46300", "2020-06-30": "4081.15500", "2020-03-31": "3992.38500", "2019-12-31": "4129.42100", "2019-09-30": "4103.66300", "2019-06-30": "4176.78500", "2019-03-31": "4182.47300", "2018-12-31": "3696.12500", "2018-09-30": "3718.30100", "2018-06-30": "3811.14000", "2018-03-31": "3927.94900", "2017-12-31": "3508.40500", "2017-09-30": "3720.69700", "2017-06-30": "3658.96900", "2017-03-31": "3597.12100", "2016-12-31": "3609.31400", "2016-09-30": "3742.20700", "2016-06-30": "2981.15800", "2016-03-31": "2704.38100", "2015-12-31": "2679.72300", "2015-09-30": "2553.94600", "2015-06-30": "2576.05900", "2015-03-31": "2387.23800", "2014-12-31": "2658.02600", "2014-09-30": "2389.07400", "2014-06-30": "1827.28200", "2014-03-31": "1832.96800", "2013-12-31": "1846.38200", "2013-09-30": "1577.96400", "2013-06-30": "1589.56600", "2013-03-31": "1609.56700", "2012-12-31": "1604.17500", "2012-09-30": "1620.70500", "2012-06-30": "1630.52800", "2012-03-31": "1688.65800", "2011-12-31": "1703.87800", "2011-09-30": "1643.72100", "2011-06-30": "1653.04700", "2011-03-31": "1642.48700", "2010-12-31": "1642.33100", "2010-09-30": "1500.28100", "2010-06-30": "1496.55700", "2010-03-31": "1494.89700", "2009-12-31": "1504.00700", "2009-09-30": "1453.32700", "2009-06-30": "1463.57400", "2009-03-31": "1467.98300", "2008-12-31": "1423.72400", "2008-09-30": "1375.25700", "2008-06-30": "1354.83100", "2008-03-31": "1344.88800", "2007-12-31": "1345.14900", "2007-09-30": "1365.97400", "2007-06-30": "1318.68500", "2007-03-31": "1341.23600", "2006-12-31": "1364.44000", "2006-09-30": "1443.57400", "2006-06-30": "1135.26300", "2006-03-31": "", "2005-09-30": "", "2005-06-30": "552.74000"}, "Total Assets": {"2020-09-30": "8159.68400", "2020-06-30": "8112.96000", "2020-03-31": "7943.25900", "2019-12-31": "7353.98600", "2019-09-30": "7723.83200", "2019-06-30": "7846.03700", "2019-03-31": "7824.15900", "2018-12-31": "7238.24000", "2018-09-30": "7455.50600", "2018-06-30": "7427.88600", "2018-03-31": "7327.77500", "2017-12-31": "6894.77500", "2017-09-30": "7280.72300", "2017-06-30": "7236.97100", "2017-03-31": "7055.92800", "2016-12-31": "6930.48000", "2016-09-30": "7304.33400", "2016-06-30": "6614.65000", "2016-03-31": "5822.06100", "2015-12-31": "5597.59000", "2015-09-30": "5819.40000", "2015-06-30": "5872.38100", "2015-03-31": "5407.92600", "2014-12-31": "5208.19300", "2014-09-30": "5543.49400", "2014-06-30": "4415.01800", "2014-03-31": "4273.91900", "2013-12-31": "4090.04800", "2013-09-30": "3835.01700", "2013-06-30": "3849.53000", "2013-03-31": "3807.12500", "2012-12-31": "3631.70000", "2012-09-30": "3939.55900", "2012-06-30": "3886.05600", "2012-03-31": "4076.21200", "2011-12-31": "4034.66900", "2011-09-30": "4218.58000", "2011-06-30": "4154.77600", "2011-03-31": "4076.92900", "2010-12-31": "3790.00200", "2010-09-30": "3755.29300", "2010-06-30": "3613.72100", "2010-03-31": "3440.06300", "2009-12-31": "3326.56400", "2009-09-30": "3491.91300", "2009-06-30": "3576.09100", "2009-03-31": "3564.94400", "2008-12-31": "3534.04900", "2008-09-30": "3627.63800", "2008-06-30": "3577.57100", "2008-03-31": "3470.13900", "2007-12-31": "3439.48300", "2007-09-30": "3512.99100", "2007-06-30": "3478.46100", "2007-03-31": "3454.58300", "2006-12-31": "3435.62000", "2006-09-30": "3601.20300", "2006-06-30": "4891.07500", "2006-03-31": "0.00000", "2005-09-30": "0.00000", "2005-06-30": "4237.15000"}, "Total Current Liabilities": {"2020-09-30": "2022.74600", "2020-06-30": "2002.24800", "2020-03-31": "1789.06800", "2019-12-31": "1771.43900", "2019-09-30": "2094.84400", "2019-06-30": "2083.68300", "2019-03-31": "2198.87300", "2018-12-31": "2045.93800", "2018-09-30": "2027.12800", "2018-06-30": "1790.81100", "2018-03-31": "1677.76000", "2017-12-31": "1778.74500", "2017-09-30": "1896.62900", "2017-06-30": "1778.58800", "2017-03-31": "1762.49400", "2016-12-31": "1625.66800", "2016-09-30": "1872.88000", "2016-06-30": "1550.91400", "2016-03-31": "1368.51200", "2015-12-31": "1503.90900", "2015-09-30": "1572.13700", "2015-06-30": "1513.69000", "2015-03-31": "1400.74600", "2014-12-31": "1482.41400", "2014-09-30": "1675.95500", "2014-06-30": "1155.33800", "2014-03-31": "1029.36300", "2013-12-31": "999.27800", "2013-09-30": "913.68500", "2013-06-30": "894.00700", "2013-03-31": "875.56200", "2012-12-31": "875.66800", "2012-09-30": "1078.87600", "2012-06-30": "963.44300", "2012-03-31": "875.53300", "2011-12-31": "933.71900", "2011-09-30": "1037.58300", "2011-06-30": "1073.04800", "2011-03-31": "943.12000", "2010-12-31": "829.35000", "2010-09-30": "957.66000", "2010-06-30": "892.54900", "2010-03-31": "872.21800", "2009-12-31": "878.97500", "2009-09-30": "923.62400", "2009-06-30": "874.71400", "2009-03-31": "875.04900", "2008-12-31": "748.28400", "2008-09-30": "771.58400", "2008-06-30": "729.15400", "2008-03-31": "683.86500", "2007-12-31": "688.98200", "2007-09-30": "769.37900", "2007-06-30": "665.76000", "2007-03-31": "646.77600", "2006-12-31": "611.18100", "2006-09-30": "665.43400", "2006-06-30": "1611.95400", "2006-03-31": "", "2005-09-30": "", "2005-06-30": "1581.23000"}, "Long Term Debt": {"2020-09-30": "3972.21200", "2020-06-30": "3985.63100", "2020-03-31": "4236.95500", "2019-12-31": "3256.87000", "2019-09-30": "3467.59100", "2019-06-30": "3671.06600", "2019-03-31": "3615.49300", "2018-12-31": "3534.18300", "2018-09-30": "3863.58000", "2018-06-30": "4149.20100", "2018-03-31": "4185.25200", "2017-12-31": "3702.05400", "2017-09-30": "3566.54700", "2017-06-30": "3797.24500", "2017-03-31": "3763.11900", "2016-12-31": "3507.68500", "2016-09-30": "3684.40800", "2016-06-30": "3466.52500", "2016-03-31": "2963.42400", "2015-12-31": "2232.71200", "2015-09-30": "2361.60700", "2015-06-30": "2217.76000", "2015-03-31": "1973.87600", "2014-12-31": "1613.99700", "2014-09-30": "1908.73300", "2014-06-30": "1523.00000", "2014-03-31": "1620.00000", "2013-12-31": "1467.00000", "2013-09-30": "1250.00000", "2013-06-30": "1374.50000", "2013-03-31": "1435.00000", "2012-12-31": "1317.50000", "2012-09-30": "1500.00000", "2012-06-30": "1660.68500", "2012-03-31": "1935.77700", "2011-12-31": "1807.77700", "2011-09-30": "2005.73500", "2011-06-30": "1998.23500", "2011-03-31": "2095.73500", "2010-12-31": "1990.73500", "2010-09-30": "1871.67200", "2010-06-30": "1868.67200", "2010-03-31": "1781.67200", "2009-12-31": "1727.54700", "2009-09-30": "1793.68000", "2009-06-30": "1993.93000", "2009-03-31": "2042.93000", "2008-12-31": "2130.90700", "2008-09-30": "2315.25000", "2008-06-30": "2315.25000", "2008-03-31": "2315.25000", "2007-12-31": "2315.25000", "2007-09-30": "2365.25000", "2007-06-30": "2440.25000", "2007-03-31": "2474.62500", "2006-12-31": "2484.00000", "2006-09-30": "2573.50000", "2006-06-30": "", "2006-03-31": "", "2005-09-30": "", "2005-06-30": "6.18000"}, "Other Non-Current Liabilities": {"2020-09-30": "296.25900", "2020-06-30": "309.13900", "2020-03-31": "309.30600", "2019-12-31": "327.34300", "2019-09-30": "330.54700", "2019-06-30": "342.48500", "2019-03-31": "351.36800", "2018-12-31": "407.02100", "2018-09-30": "307.56300", "2018-06-30": "332.42700", "2018-03-31": "350.28100", "2017-12-31": "322.53600", "2017-09-30": "207.80700", "2017-06-30": "205.09700", "2017-03-31": "197.21900", "2016-12-31": "201.60100", "2016-09-30": "243.17000", "2016-06-30": "227.99200", "2016-03-31": "215.49800", "2015-12-31": "222.81200", "2015-09-30": "272.81200", "2015-06-30": "324.72600", "2015-03-31": "264.57200", "2014-12-31": "253.00700", "2014-09-30": "251.24600", "2014-06-30": "138.23800", "2014-03-31": "131.14100", "2013-12-31": "129.32800", "2013-09-30": "114.67400", "2013-06-30": "121.60900", "2013-03-31": "124.44200", "2012-12-31": "105.39900", "2012-09-30": "112.28100", "2012-06-30": "119.64100", "2012-03-31": "118.27100", "2011-12-31": "126.42400", "2011-09-30": "425.02100", "2011-06-30": "425.69300", "2011-03-31": "417.95100", "2010-12-31": "105.35400", "2010-09-30": "387.43400", "2010-06-30": "390.21700", "2010-03-31": "410.06900", "2009-12-31": "95.29300", "2009-09-30": "481.42500", "2009-06-30": "468.30200", "2009-03-31": "461.85800", "2008-12-31": "175.60800", "2008-09-30": "159.87000", "2008-06-30": "142.42000", "2008-03-31": "159.74200", "2007-12-31": "107.69000", "2007-09-30": "158.61000", "2007-06-30": "243.01400", "2007-03-31": "241.86200", "2006-12-31": "67.41800", "2006-09-30": "346.03400", "2006-06-30": "49.98700", "2006-03-31": "", "2005-09-30": "", "2005-06-30": "40.20000"}, "Total Long Term Liabilities": {"2020-09-30": "4987.40500", "2020-06-30": "5031.39200", "2020-03-31": "5280.62000", "2019-12-31": "4345.95200", "2019-09-30": "4510.89500", "2019-06-30": "4736.96800", "2019-03-31": "4692.29500", "2018-12-31": "4320.17600", "2018-09-30": "4557.79000", "2018-06-30": "4869.88400", "2018-03-31": "4944.32000", "2017-12-31": "4429.82800", "2017-09-30": "4152.92700", "2017-06-30": "4380.05700", "2017-03-31": "4335.37400", "2016-12-31": "4080.89800", "2016-09-30": "4244.92900", "2016-06-30": "4014.04400", "2016-03-31": "3501.50800", "2015-12-31": "2817.79000", "2015-09-30": "2996.96400", "2015-06-30": "2906.91900", "2015-03-31": "2603.95100", "2014-12-31": "2339.00700", "2014-09-30": "2402.86900", "2014-06-30": "1881.25200", "2014-03-31": "1998.07900", "2013-12-31": "1860.14700", "2013-09-30": "1769.22800", "2013-06-30": "1911.38500", "2013-03-31": "1983.00900", "2012-12-31": "1869.16600", "2012-09-30": "2083.61600", "2012-06-30": "2264.85500", "2012-03-31": "2542.93400", "2011-12-31": "2419.88900", "2011-09-30": "2430.75600", "2011-06-30": "2423.92800", "2011-03-31": "2513.68600", "2010-12-31": "2397.97800", "2010-09-30": "2259.10600", "2010-06-30": "2258.88900", "2010-03-31": "2191.74100", "2009-12-31": "2112.87000", "2009-09-30": "2275.10500", "2009-06-30": "2462.23200", "2009-03-31": "2504.78800", "2008-12-31": "2600.61000", "2008-09-30": "2475.12000", "2008-06-30": "2457.67000", "2008-03-31": "2474.99200", "2007-12-31": "2461.59700", "2007-09-30": "2523.86000", "2007-06-30": "2683.26400", "2007-03-31": "2716.48700", "2006-12-31": "2755.16800", "2006-09-30": "2919.53400", "2006-06-30": "49.98700", "2006-03-31": "", "2005-09-30": "", "2005-06-30": "53.55000"}, "Total Liabilities": {"2020-09-30": "7010.15100", "2020-06-30": "7033.64000", "2020-03-31": "7069.68800", "2019-12-31": "6117.39100", "2019-09-30": "6605.73900", "2019-06-30": "6820.65100", "2019-03-31": "6891.16800", "2018-12-31": "6366.11400", "2018-09-30": "6584.91800", "2018-06-30": "6660.69500", "2018-03-31": "6622.08000", "2017-12-31": "6208.57300", "2017-09-30": "6049.55600", "2017-06-30": "6158.64500", "2017-03-31": "6097.86800", "2016-12-31": "5706.56600", "2016-09-30": "6117.80900", "2016-06-30": "5564.95800", "2016-03-31": "4870.02000", "2015-12-31": "4321.69900", "2015-09-30": "4569.10100", "2015-06-30": "4420.60900", "2015-03-31": "4004.69700", "2014-12-31": "3821.42100", "2014-09-30": "4078.82400", "2014-06-30": "3036.59000", "2014-03-31": "3027.44200", "2013-12-31": "2859.42500", "2013-09-30": "2682.91300", "2013-06-30": "2805.39200", "2013-03-31": "2858.57100", "2012-12-31": "2744.83400", "2012-09-30": "3162.49200", "2012-06-30": "3228.29800", "2012-03-31": "3418.46700", "2011-12-31": "3353.60800", "2011-09-30": "3468.33900", "2011-06-30": "3496.97600", "2011-03-31": "3456.80600", "2010-12-31": "3227.32800", "2010-09-30": "3216.76600", "2010-06-30": "3151.43800", "2010-03-31": "3063.95900", "2009-12-31": "2991.84500", "2009-09-30": "3198.72900", "2009-06-30": "3336.94600", "2009-03-31": "3379.83700", "2008-12-31": "3348.89400", "2008-09-30": "3246.70400", "2008-06-30": "3186.82400", "2008-03-31": "3158.85700", "2007-12-31": "3150.57900", "2007-09-30": "3293.23900", "2007-06-30": "3349.02400", "2007-03-31": "3363.26300", "2006-12-31": "3366.34900", "2006-09-30": "3584.96800", "2006-06-30": "1661.94100", "2006-03-31": "", "2005-09-30": "", "2005-06-30": "1634.79000"}, "Common Stock Net": {"2020-09-30": "3.48300", "2020-06-30": "3.48100", "2020-03-31": "3.48000", "2019-12-31": "3.62400", "2019-09-30": "3.61600", "2019-06-30": "3.61500", "2019-03-31": "3.61500", "2018-12-31": "3.61300", "2018-09-30": "3.60700", "2018-06-30": "3.60500", "2018-03-31": "3.60400", "2017-12-31": "3.60100", "2017-09-30": "3.64600", "2017-06-30": "3.64400", "2017-03-31": "3.64100", "2016-12-31": "3.78700", "2016-09-30": "3.77900", "2016-06-30": "3.77800", "2016-03-31": "3.77500", "2015-12-31": "3.91700", "2015-09-30": "3.92300", "2015-06-30": "4.02500", "2015-03-31": "4.01400", "2014-12-31": "4.00800", "2014-09-30": "0.99900", "2014-06-30": "0.99600", "2014-03-31": "0.99600", "2013-12-31": "0.99500", "2013-09-30": "0.99100", "2013-06-30": "0.99000", "2013-03-31": "0.98500", "2012-12-31": "0.98300", "2012-09-30": "0.97900", "2012-06-30": "0.97600", "2012-03-31": "0.97600", "2011-12-31": "0.97500", "2011-09-30": "0.97200", "2011-06-30": "0.96700", "2011-03-31": "0.96500", "2010-12-31": "0.96200", "2010-09-30": "0.95800", "2010-06-30": "0.95700", "2010-03-31": "0.95600", "2009-12-31": "0.95400", "2009-09-30": "0.95100", "2009-06-30": "0.94700", "2009-03-31": "0.94700", "2008-12-31": "0.93500", "2008-09-30": "0.93400", "2008-06-30": "0.94000", "2008-03-31": "0.94100", "2007-12-31": "0.95400", "2007-09-30": "0.95400", "2007-06-30": "0.96000", "2007-03-31": "0.96400", "2006-12-31": "0.96300", "2006-09-30": "0.96300", "2006-06-30": "3237.51800", "2006-03-31": "", "2005-09-30": "", "2005-06-30": "0.00000"}, "Retained Earnings (Accumulated Deficit)": {"2020-09-30": "1454.67600", "2020-06-30": "1404.32600", "2020-03-31": "1296.06000", "2019-12-31": "1546.22400", "2019-09-30": "1416.10900", "2019-06-30": "1285.84200", "2019-03-31": "1191.11100", "2018-12-31": "1079.50300", "2018-09-30": "1077.80800", "2018-06-30": "961.02000", "2018-03-31": "875.03500", "2017-12-31": "850.34500", "2017-09-30": "1386.48800", "2017-06-30": "1238.36800", "2017-03-31": "1120.54100", "2016-12-31": "1396.11600", "2016-09-30": "1281.05600", "2016-06-30": "1149.23600", "2016-03-31": "1057.04600", "2015-12-31": "1389.33800", "2015-09-30": "1349.05900", "2015-06-30": "1530.49500", "2015-03-31": "1476.31000", "2014-12-31": "1464.42700", "2014-09-30": "1405.41500", "2014-06-30": "1316.74800", "2014-03-31": "1192.61800", "2013-12-31": "1181.41800", "2013-09-30": "1169.34500", "2013-06-30": "1064.26600", "2013-03-31": "962.84600", "2012-12-31": "911.46700", "2012-09-30": "831.07900", "2012-06-30": "721.18700", "2012-03-31": "719.95600", "2011-12-31": "746.78600", "2011-09-30": "705.82000", "2011-06-30": "614.98800", "2011-03-31": "528.20800", "2010-12-31": "480.09800", "2010-09-30": "452.04300", "2010-06-30": "390.73000", "2010-03-31": "305.31700", "2009-12-31": "268.80500", "2009-09-30": "269.88700", "2009-06-30": "228.75000", "2009-03-31": "198.19500", "2008-12-31": "217.52200", "2008-09-30": "199.64100", "2008-06-30": "201.27100", "2008-03-31": "146.30400", "2007-12-31": "117.84900", "2007-09-30": "66.86400", "2007-06-30": "55.23100", "2007-03-31": "45.02800", "2006-12-31": "33.02400", "2006-09-30": "9.23000", "2006-06-30": "", "2006-03-31": "", "2005-09-30": "", "2005-06-30": ""}, "Comprehensive Income": {"2020-09-30": "-614.78300", "2020-06-30": "-631.00900", "2020-03-31": "-723.42500", "2019-12-31": "-617.64800", "2019-09-30": "-611.95900", "2019-06-30": "-572.62600", "2019-03-31": "-567.81900", "2018-12-31": "-495.86700", "2018-09-30": "-486.49800", "2018-06-30": "-472.55400", "2018-03-31": "-450.69900", "2017-12-31": "-439.20600", "2017-09-30": "-426.64200", "2017-06-30": "-431.69300", "2017-03-31": "-419.76500", "2016-12-31": "-435.99100", "2016-09-30": "-381.24200", "2016-06-30": "-378.52900", "2016-03-31": "-384.71700", "2015-12-31": "-394.93300", "2015-09-30": "-383.38200", "2015-06-30": "-368.25200", "2015-03-31": "-367.74600", "2014-12-31": "-372.58900", "2014-09-30": "-235.51400", "2014-06-30": "-233.83000", "2014-03-31": "-237.79800", "2013-12-31": "-237.01700", "2013-09-30": "-318.45500", "2013-06-30": "-319.51700", "2013-03-31": "-316.25700", "2012-12-31": "-317.61300", "2012-09-30": "-332.25100", "2012-06-30": "-334.73300", "2012-03-31": "-330.72700", "2011-12-31": "-333.25100", "2011-09-30": "-214.43200", "2011-06-30": "-203.86700", "2011-03-31": "-208.21600", "2010-12-31": "-213.21500", "2010-09-30": "-213.40400", "2010-06-30": "-223.23000", "2010-03-31": "-219.75800", "2009-12-31": "-222.99500", "2009-09-30": "-260.44800", "2009-06-30": "-263.27400", "2009-03-31": "-277.48100", "2008-12-31": "-281.46900", "2008-09-30": "-41.97900", "2008-06-30": "-26.49100", "2008-03-31": "-40.38100", "2007-12-31": "-28.91800", "2007-09-30": "-46.17500", "2007-06-30": "-48.03800", "2007-03-31": "-61.42800", "2006-12-31": "-59.56800", "2006-09-30": "-67.03200", "2006-06-30": "-8.38400", "2006-03-31": "", "2005-09-30": "", "2005-06-30": ""}, "Other Share Holders Equity": {"2020-09-30": "", "2020-06-30": "", "2020-03-31": "", "2019-12-31": "", "2019-09-30": "", "2019-06-30": "", "2019-03-31": "", "2018-12-31": "", "2018-09-30": "", "2018-06-30": "", "2018-03-31": "", "2017-12-31": "", "2017-09-30": "", "2017-06-30": "", "2017-03-31": "", "2016-12-31": "", "2016-09-30": "", "2016-06-30": "", "2016-03-31": "", "2015-12-31": "", "2015-09-30": "", "2015-06-30": "", "2015-03-31": "", "2014-12-31": "", "2014-09-30": "", "2014-06-30": "", "2014-03-31": "", "2013-12-31": "", "2013-09-30": "", "2013-06-30": "", "2013-03-31": "", "2012-12-31": "", "2012-09-30": "", "2012-06-30": "", "2012-03-31": "", "2011-12-31": "", "2011-09-30": "", "2011-06-30": "", "2011-03-31": "", "2010-12-31": "", "2010-09-30": "", "2010-06-30": "", "2010-03-31": "", "2009-12-31": "", "2009-09-30": "", "2009-06-30": "", "2009-03-31": "", "2008-12-31": "", "2008-09-30": "", "2008-06-30": "", "2008-03-31": "", "2007-12-31": "", "2007-09-30": "", "2007-06-30": "", "2007-03-31": "", "2006-12-31": "", "2006-09-30": "", "2006-06-30": "", "2006-03-31": "", "2005-09-30": "", "2005-06-30": "2602.36000"}, "Share Holder Equity": {"2020-09-30": "1149.53300", "2020-06-30": "1079.32000", "2020-03-31": "873.57100", "2019-12-31": "1236.59500", "2019-09-30": "1118.09300", "2019-06-30": "1025.38600", "2019-03-31": "932.99100", "2018-12-31": "872.12600", "2018-09-30": "870.58800", "2018-06-30": "767.19100", "2018-03-31": "705.69500", "2017-12-31": "686.20200", "2017-09-30": "1231.16700", "2017-06-30": "1078.32600", "2017-03-31": "958.06000", "2016-12-31": "1223.91400", "2016-09-30": "1186.52500", "2016-06-30": "1049.69200", "2016-03-31": "952.04100", "2015-12-31": "1275.89100", "2015-09-30": "1250.29900", "2015-06-30": "1451.77200", "2015-03-31": "1403.22900", "2014-12-31": "1386.77200", "2014-09-30": "1464.67000", "2014-06-30": "1378.42800", "2014-03-31": "1246.47700", "2013-12-31": "1230.62300", "2013-09-30": "1152.10400", "2013-06-30": "1044.13800", "2013-03-31": "948.55400", "2012-12-31": "886.86600", "2012-09-30": "777.06700", "2012-06-30": "657.75800", "2012-03-31": "657.74500", "2011-12-31": "681.06100", "2011-09-30": "750.24100", "2011-06-30": "657.80000", "2011-03-31": "620.12300", "2010-12-31": "562.67400", "2010-09-30": "538.52700", "2010-06-30": "462.28300", "2010-03-31": "376.10400", "2009-12-31": "334.71900", "2009-09-30": "293.18400", "2009-06-30": "239.14500", "2009-03-31": "185.10700", "2008-12-31": "185.15500", "2008-09-30": "380.93400", "2008-06-30": "390.74700", "2008-03-31": "311.28200", "2007-12-31": "288.90400", "2007-09-30": "219.75200", "2007-06-30": "129.43700", "2007-03-31": "91.32000", "2006-12-31": "69.27100", "2006-09-30": "16.23500", "2006-06-30": "3229.13400", "2006-03-31": "", "2005-09-30": "", "2005-06-30": "2602.36000"}, "Total Liabilities And Share Holders Equity": {"2020-09-30": "8159.68400", "2020-06-30": "8112.96000", "2020-03-31": "7943.25900", "2019-12-31": "7353.98600", "2019-09-30": "7723.83200", "2019-06-30": "7846.03700", "2019-03-31": "7824.15900", "2018-12-31": "7238.24000", "2018-09-30": "7455.50600", "2018-06-30": "7427.88600", "2018-03-31": "7327.77500", "2017-12-31": "6894.77500", "2017-09-30": "7280.72300", "2017-06-30": "7236.97100", "2017-03-31": "7055.92800", "2016-12-31": "6930.48000", "2016-09-30": "7304.33400", "2016-06-30": "6614.65000", "2016-03-31": "5822.06100", "2015-12-31": "5597.59000", "2015-09-30": "5819.40000", "2015-06-30": "5872.38100", "2015-03-31": "5407.92600", "2014-12-31": "5208.19300", "2014-09-30": "5543.49400", "2014-06-30": "4415.01800", "2014-03-31": "4273.91900", "2013-12-31": "4090.04800", "2013-09-30": "3835.01700", "2013-06-30": "3849.53000", "2013-03-31": "3807.12500", "2012-12-31": "3631.70000", "2012-09-30": "3939.55900", "2012-06-30": "3886.05600", "2012-03-31": "4076.21200", "2011-12-31": "4034.66900", "2011-09-30": "4218.58000", "2011-06-30": "4154.77600", "2011-03-31": "4076.92900", "2010-12-31": "3790.00200", "2010-09-30": "3755.29300", "2010-06-30": "3613.72100", "2010-03-31": "3440.06300", "2009-12-31": "3326.56400", "2009-09-30": "3491.91300", "2009-06-30": "3576.09100", "2009-03-31": "3564.94400", "2008-12-31": "3534.04900", "2008-09-30": "3627.63800", "2008-06-30": "3577.57100", "2008-03-31": "3470.13900", "2007-12-31": "3439.48300", "2007-09-30": "3512.99100", "2007-06-30": "3478.46100", "2007-03-31": "3454.58300", "2006-12-31": "3435.62000", "2006-09-30": "3601.20300", "2006-06-30": "4891.07500", "2006-03-31": "", "2005-09-30": "", "2005-06-30": "4237.15000"}}, "cash flow statement": {"Net Income/Loss": {"2019-12-31": "600.72000", "2018-12-31": "539.66600", "2017-12-31": "73.88100", "2016-12-31": "539.38200", "2015-12-31": "428.85500", "2014-12-31": "404.51900", "2013-12-31": "330.49400", "2012-12-31": "164.68100", "2011-12-31": "266.68800", "2010-12-31": "211.29300", "2009-12-31": "51.28300", "2008-12-31": "127.16900", "2007-12-31": "126.12700", "2006-12-31": "0.00000", "2006-06-30": "322.49300", "2005-12-31": "0.00000", "2005-06-30": "218.50900"}, "Total Depreciation And Amortization - Cash Flow": {"2019-12-31": "141.69800", "2018-12-31": "141.07400", "2017-12-31": "132.88100", "2016-12-31": "112.20900", "2015-12-31": "110.98000", "2014-12-31": "104.21300", "2013-12-31": "97.81100", "2012-12-31": "102.20400", "2011-12-31": "112.38400", "2010-12-31": "117.12500", "2009-12-31": "107.72200", "2008-12-31": "121.17700", "2007-12-31": "138.15100", "2006-12-31": "", "2006-06-30": "114.20400", "2005-12-31": "", "2005-06-30": "117.89100"}, "Other Non-Cash Items": {"2019-12-31": "56.12700", "2018-12-31": "46.89300", "2017-12-31": "224.76600", "2016-12-31": "57.64800", "2015-12-31": "31.77200", "2014-12-31": "20.14800", "2013-12-31": "40.63200", "2012-12-31": "60.47300", "2011-12-31": "23.07900", "2010-12-31": "48.42200", "2009-12-31": "75.42900", "2008-12-31": "32.88700", "2007-12-31": "31.26400", "2006-12-31": "", "2006-06-30": "-49.56800", "2005-12-31": "", "2005-06-30": "70.71600"}, "Total Non-Cash Items": {"2019-12-31": "197.82500", "2018-12-31": "187.96700", "2017-12-31": "357.64700", "2016-12-31": "169.85700", "2015-12-31": "142.75200", "2014-12-31": "124.36100", "2013-12-31": "138.44300", "2012-12-31": "162.67700", "2011-12-31": "135.46300", "2010-12-31": "165.54700", "2009-12-31": "183.15100", "2008-12-31": "154.06400", "2007-12-31": "169.41500", "2006-12-31": "", "2006-06-30": "64.63600", "2005-12-31": "", "2005-06-30": "188.60700"}, "Change In Accounts Receivable": {"2019-12-31": "45.15700", "2018-12-31": "10.26900", "2017-12-31": "-31.65600", "2016-12-31": "-83.27900", "2015-12-31": "-21.97400", "2014-12-31": "1.22800", "2013-12-31": "4.80300", "2012-12-31": "-46.81200", "2011-12-31": "26.58500", "2010-12-31": "-0.32900", "2009-12-31": "-39.80500", "2008-12-31": "163.68700", "2007-12-31": "-81.39600", "2006-12-31": "", "2006-06-30": "59.40300", "2005-12-31": "", "2005-06-30": "-39.57200"}, "Change In Inventories": {"2019-12-31": "147.33000", "2018-12-31": "-202.01900", "2017-12-31": "23.74800", "2016-12-31": "135.80700", "2015-12-31": "-289.65400", "2014-12-31": "-40.24800", "2013-12-31": "83.74800", "2012-12-31": "313.81800", "2011-12-31": "-287.90800", "2010-12-31": "-231.84500", "2009-12-31": "248.82000", "2008-12-31": "-182.97100", "2007-12-31": "96.33800", "2006-12-31": "", "2006-06-30": "69.21500", "2005-12-31": "", "2005-06-30": "58.92400"}, "Change In Accounts Payable": {"2019-12-31": "-67.39000", "2018-12-31": "165.78800", "2017-12-31": "71.80600", "2016-12-31": "-60.99400", "2015-12-31": "74.61300", "2014-12-31": "71.90100", "2013-12-31": "30.89700", "2012-12-31": "-40.58300", "2011-12-31": "39.70600", "2010-12-31": "29.93400", "2009-12-31": "3.52200", "2008-12-31": "34.04600", "2007-12-31": "67.03800", "2006-12-31": "", "2006-06-30": "-0.67300", "2005-12-31": "", "2005-06-30": "1.07600"}, "Change In Assets/Liabilities": {"2019-12-31": "-6.59700", "2018-12-31": "-7.58500", "2017-12-31": "-22.15900", "2016-12-31": "-24.56300", "2015-12-31": "35.04400", "2014-12-31": "14.27000", "2013-12-31": "12.85700", "2012-12-31": "5.45300", "2011-12-31": "3.63900", "2010-12-31": "11.59700", "2009-12-31": "22.21000", "2008-12-31": "-49.25600", "2007-12-31": "19.21200", "2006-12-31": "", "2006-06-30": "16.12100", "2005-12-31": "", "2005-06-30": "65.32300"}, "Total Change In Assets/Liabilities": {"2019-12-31": "4.88700", "2018-12-31": "-84.23100", "2017-12-31": "224.19000", "2016-12-31": "-103.63200", "2015-12-31": "-344.60000", "2014-12-31": "-20.79000", "2013-12-31": "122.34400", "2012-12-31": "226.24900", "2011-12-31": "-228.67300", "2010-12-31": "-243.78600", "2009-12-31": "180.07000", "2008-12-31": "-103.83600", "2007-12-31": "63.49800", "2006-12-31": "", "2006-06-30": "123.49200", "2005-12-31": "", "2005-06-30": "99.75500"}, "Cash Flow From Operating Activities": {"2019-12-31": "803.43200", "2018-12-31": "643.40200", "2017-12-31": "655.71800", "2016-12-31": "605.60700", "2015-12-31": "227.00700", "2014-12-31": "508.09000", "2013-12-31": "591.28100", "2012-12-31": "553.60700", "2011-12-31": "173.47800", "2010-12-31": "133.05400", "2009-12-31": "414.50400", "2008-12-31": "177.39700", "2007-12-31": "359.04000", "2006-12-31": "", "2006-06-30": "510.62100", "2005-12-31": "", "2005-06-30": "506.87100"}, "Net Change In Property, Plant, And Equipment": {"2019-12-31": "-96.20000", "2018-12-31": "-83.73600", "2017-12-31": "-82.54900", "2016-12-31": "-2.56600", "2015-12-31": "-83.97100", "2014-12-31": "-57.19100", "2013-12-31": "-37.53800", "2012-12-31": "-40.57000", "2011-12-31": "-76.47900", "2010-12-31": "-60.59800", "2009-12-31": "-88.86000", "2008-12-31": "-161.94900", "2007-12-31": "-75.05300", "2006-12-31": "", "2006-06-30": "-104.55900", "2005-12-31": "", "2005-06-30": "-58.17600"}, "Net Change In Intangible Assets": {"2019-12-31": "", "2018-12-31": "", "2017-12-31": "", "2016-12-31": "", "2015-12-31": "", "2014-12-31": "", "2013-12-31": "-559.85500", "2012-12-31": "", "2011-12-31": "", "2010-12-31": "", "2009-12-31": "", "2008-12-31": "", "2007-12-31": "-5.00000", "2006-12-31": "", "2006-06-30": "", "2005-12-31": "", "2005-06-30": ""}, "Net Acquisitions/Divestitures": {"2019-12-31": "-25.23200", "2018-12-31": "-334.91500", "2017-12-31": "-21.96400", "2016-12-31": "-964.07500", "2015-12-31": "-192.82900", "2014-12-31": "-360.43900", "2013-12-31": "", "2012-12-31": "12.70400", "2011-12-31": "-9.15400", "2010-12-31": "-222.87800", "2009-12-31": "", "2008-12-31": "-14.65500", "2007-12-31": "-20.24300", "2006-12-31": "", "2006-06-30": "-2.43600", "2005-12-31": "", "2005-06-30": "-1.70000"}, "Net Change In Short-term Investments": {"2019-12-31": "", "2018-12-31": "", "2017-12-31": "", "2016-12-31": "", "2015-12-31": "", "2014-12-31": "", "2013-12-31": "", "2012-12-31": "", "2011-12-31": "", "2010-12-31": "", "2009-12-31": "", "2008-12-31": "", "2007-12-31": "", "2006-12-31": "", "2006-06-30": "", "2005-12-31": "", "2005-06-30": ""}, "Net Change In Long-Term Investments": {"2019-12-31": "", "2018-12-31": "", "2017-12-31": "", "2016-12-31": "", "2015-12-31": "", "2014-12-31": "64.38000", "2013-12-31": "", "2012-12-31": "", "2011-12-31": "", "2010-12-31": "", "2009-12-31": "", "2008-12-31": "", "2007-12-31": "", "2006-12-31": "", "2006-06-30": "", "2005-12-31": "", "2005-06-30": ""}, "Net Change In Investments - Total": {"2019-12-31": "", "2018-12-31": "", "2017-12-31": "", "2016-12-31": "", "2015-12-31": "", "2014-12-31": "64.38000", "2013-12-31": "", "2012-12-31": "", "2011-12-31": "", "2010-12-31": "", "2009-12-31": "", "2008-12-31": "", "2007-12-31": "", "2006-12-31": "", "2006-06-30": "", "2005-12-31": "", "2005-06-30": ""}, "Investing Activities - Other": {"2019-12-31": "11.77200", "2018-12-31": "", "2017-12-31": "", "2016-12-31": "", "2015-12-31": "", "2014-12-31": "-5.06500", "2013-12-31": "", "2012-12-31": "", "2011-12-31": "", "2010-12-31": "-0.51900", "2009-12-31": "0.01600", "2008-12-31": "-0.64400", "2007-12-31": "-0.78900", "2006-12-31": "", "2006-06-30": "-3.66600", "2005-12-31": "", "2005-06-30": "-0.20400"}, "Cash Flow From Investing Activities": {"2019-12-31": "-109.66000", "2018-12-31": "-418.65100", "2017-12-31": "-104.51300", "2016-12-31": "-966.64100", "2015-12-31": "-276.80000", "2014-12-31": "-358.31500", "2013-12-31": "-597.39300", "2012-12-31": "-27.86600", "2011-12-31": "-85.63300", "2010-12-31": "-283.99500", "2009-12-31": "-88.84400", "2008-12-31": "-177.24800", "2007-12-31": "-101.08500", "2006-12-31": "", "2006-06-30": "-110.66100", "2005-12-31": "", "2005-06-30": "-60.08000"}, "Net Long-Term Debt": {"2019-12-31": "-597.06790", "2018-12-31": "43.27910", "2017-12-31": "149.20020", "2016-12-31": "1161.49700", "2015-12-31": "703.94970", "2014-12-31": "89.60210", "2013-12-31": "157.45390", "2012-12-31": "-483.37400", "2011-12-31": "-109.78220", "2010-12-31": "188.50000", "2009-12-31": "-284.15500", "2008-12-31": "-136.73710", "2007-12-31": "-178.12500", "2006-12-31": "", "2006-06-30": "-5.54200", "2005-12-31": "", "2005-06-30": "-5.44200"}, "Net Current Debt": {"2019-12-31": "-1.45900", "2018-12-31": "-8.44400", "2017-12-31": "-49.12600", "2016-12-31": "-88.28400", "2015-12-31": "-16.77700", "2014-12-31": "19.99200", "2013-12-31": "10.14800", "2012-12-31": "-37.08100", "2011-12-31": "11.96900", "2010-12-31": "-16.51310", "2009-12-31": "4.62500", "2008-12-31": "42.56100", "2007-12-31": "-22.55700", "2006-12-31": "", "2006-06-30": "334.19400", "2005-12-31": "", "2005-06-30": "-30.05600"}, "Debt Issuance/Retirement Net - Total": {"2019-12-31": "-598.52690", "2018-12-31": "34.83510", "2017-12-31": "100.07420", "2016-12-31": "1073.21300", "2015-12-31": "687.17270", "2014-12-31": "109.59400", "2013-12-31": "167.60190", "2012-12-31": "-520.45500", "2011-12-31": "-97.81320", "2010-12-31": "171.98690", "2009-12-31": "-279.53000", "2008-12-31": "-94.17600", "2007-12-31": "-200.68200", "2006-12-31": "", "2006-06-30": "328.65200", "2005-12-31": "", "2005-06-30": "-35.49800"}, "Net Common Equity Issued/Repurchased": {"2019-12-31": "", "2018-12-31": "", "2017-12-31": "-400.01700", "2016-12-31": "-379.90100", "2015-12-31": "-351.49500", "2014-12-31": "", "2013-12-31": "", "2012-12-31": "8.75200", "2011-12-31": "17.10400", "2010-12-31": "5.93800", "2009-12-31": "1.17900", "2008-12-31": "-28.08400", "2007-12-31": "-38.28400", "2006-12-31": "", "2006-06-30": "", "2005-12-31": "", "2005-06-30": ""}, "Net Total Equity Issued/Repurchased": {"2019-12-31": "", "2018-12-31": "", "2017-12-31": "-400.01700", "2016-12-31": "-379.90100", "2015-12-31": "-351.49500", "2014-12-31": "", "2013-12-31": "", "2012-12-31": "8.75200", "2011-12-31": "17.10400", "2010-12-31": "5.93800", "2009-12-31": "1.17900", "2008-12-31": "-28.08400", "2007-12-31": "-38.28400", "2006-12-31": "", "2006-06-30": "", "2005-12-31": "", "2005-06-30": ""}, "Total Common And Preferred Stock Dividends Paid": {"2019-12-31": "-216.95800", "2018-12-31": "-216.31600", "2017-12-31": "-219.90300", "2016-12-31": "-167.37500", "2015-12-31": "-161.31600", "2014-12-31": "-119.60700", "2013-12-31": "-59.44200", "2012-12-31": "", "2011-12-31": "", "2010-12-31": "", "2009-12-31": "", "2008-12-31": "", "2007-12-31": "", "2006-12-31": "", "2006-06-30": "", "2005-12-31": "", "2005-06-30": ""}, "Financial Activities - Other": {"2019-12-31": "-8.52500", "2018-12-31": "-19.01600", "2017-12-31": "-65.92200", "2016-12-31": "-14.88300", "2015-12-31": "-41.38000", "2014-12-31": "-13.75200", "2013-12-31": "-14.40300", "2012-12-31": "-6.07400", "2011-12-31": "-14.33100", "2010-12-31": "-22.24000", "2009-12-31": "-75.82300", "2008-12-31": "17.52200", "2007-12-31": "-4.41300", "2006-12-31": "", "2006-06-30": "-1510.98800", "2005-12-31": "", "2005-06-30": "-5.87900"}, "Cash Flow From Financial Activities": {"2019-12-31": "-824.01000", "2018-12-31": "-200.49700", "2017-12-31": "-585.76800", "2016-12-31": "511.05400", "2015-12-31": "132.98200", "2014-12-31": "-23.76500", "2013-12-31": "93.75700", "2012-12-31": "-517.77700", "2011-12-31": "-95.04000", "2010-12-31": "155.68500", "2009-12-31": "-354.17400", "2008-12-31": "-104.73800", "2007-12-31": "-243.37900", "2006-12-31": "", "2006-06-30": "-1182.33600", "2005-12-31": "", "2005-06-30": "-41.37700"}, "Net Cash Flow": {"2019-12-31": "-126.85600", "2018-12-31": "11.45600", "2017-12-31": "-38.67900", "2016-12-31": "141.07600", "2015-12-31": "79.31400", "2014-12-31": "123.99200", "2013-12-31": "73.06700", "2012-12-31": "7.45100", "2011-12-31": "-8.32600", "2010-12-31": "4.72800", "2009-12-31": "-28.39900", "2008-12-31": "-106.89400", "2007-12-31": "18.26300", "2006-12-31": "", "2006-06-30": "-782.54700", "2005-12-31": "", "2005-06-30": "406.64500"}, "Stock-Based Compensation": {"2019-12-31": "9.27700", "2018-12-31": "21.41600", "2017-12-31": "23.58200", "2016-12-31": "31.78000", "2015-12-31": "29.61800", "2014-12-31": "30.58700", "2013-12-31": "24.17800", "2012-12-31": "20.49600", "2011-12-31": "16.17300", "2010-12-31": "19.53400", "2009-12-31": "37.69700", "2008-12-31": "31.44900", "2007-12-31": "33.62500", "2006-12-31": "", "2006-06-30": "", "2005-12-31": "", "2005-06-30": ""}, "Common Stock Dividends Paid": {"2019-12-31": "-216.95800", "2018-12-31": "-216.31600", "2017-12-31": "-219.90300", "2016-12-31": "-167.37500", "2015-12-31": "-161.31600", "2014-12-31": "-119.60700", "2013-12-31": "-59.44200", "2012-12-31": "0.00000", "2011-12-31": "", "2010-12-31": "", "2009-12-31": "", "2008-12-31": "", "2007-12-31": "", "2006-12-31": "", "2006-06-30": "", "2005-12-31": "", "2005-06-30": ""}}, "cash flow statement, quarterly": {"Net Income/Loss": {"2020-09-30": 103.278, "2020-06-30": 161.181, "2020-03-31": "-7.87400", "2019-12-31": 184.986, "2019-09-30": 185.091, "2019-06-30": 149.555, "2019-03-31": "81.08800", "2018-12-31": 148.203, "2018-09-30": 171.421, "2018-06-30": 140.633, "2018-03-31": "79.40900", "2017-12-31": -372.624, "2017-09-30": 203.356, "2017-06-30": 172.532, "2017-03-31": "70.61700", "2016-12-31": 157.112, "2016-09-30": 173.858, "2016-06-30": 128.143, "2016-03-31": "80.26900", "2015-12-31": 119.163, "2015-09-30": 162.154, "2015-06-30": 94.902, "2015-03-31": "52.63600", "2014-12-31": 89.437, "2014-09-30": 118.944, "2014-06-30": 154.578, "2014-03-31": "41.56000", "2013-12-31": 32.266, "2013-09-30": 125.263, "2013-06-30": 121.586, "2013-03-31": "51.37900", "2012-12-31": 80.388, "2012-09-30": 109.892, "2012-06-30": 1.231, "2012-03-31": "-26.83000", "2011-12-31": 40.965, "2011-09-30": 90.832, "2011-06-30": 86.782, "2011-03-31": "48.10900", "2010-12-31": 28.056, "2010-09-30": 61.312, "2010-06-30": 85.412, "2010-03-31": "36.51300", "2009-12-31": -1.082, "2009-09-30": 41.138, "2009-06-30": 30.555, "2009-03-31": "-19.32800", "2008-12-31": 17.881, "2008-09-30": 15.92, "2008-06-30": 57.344, "2008-03-31": "36.02400", "2007-12-31": 49.793, "2007-09-30": 38.896, "2007-06-30": 25.434, "2007-03-31": "12.00400", "2006-12-31": -184.222, "2006-09-30": 50.345, "2006-06-30": 59.285, "2006-03-31": "74.59200", "2005-09-30": -135.896, "2005-06-30": 218.5}, "Total Depreciation And Amortization - Cash Flow": {"2020-09-30": 34.749, "2020-06-30": 34.33, "2020-03-31": "33.49400", "2019-12-31": 36.835, "2019-09-30": 35.616, "2019-06-30": 34.573, "2019-03-31": "34.67400", "2018-12-31": 34.809, "2018-09-30": 36.145, "2018-06-30": 35.852, "2018-03-31": "34.26800", "2017-12-31": 35.176, "2017-09-30": 34.173, "2017-06-30": 32.066, "2017-03-31": "31.46600", "2016-12-31": 32.093, "2016-09-30": 29.462, "2016-06-30": 26.044, "2016-03-31": "24.61000", "2015-12-31": 30.008, "2015-09-30": 26.753, "2015-06-30": 27.956, "2015-03-31": "26.26300", "2014-12-31": 30.329, "2014-09-30": 24.991, "2014-06-30": 24.408, "2014-03-31": "24.48500", "2013-12-31": 25.45, "2013-09-30": 23.373, "2013-06-30": 24.088, "2013-03-31": "24.90000", "2012-12-31": 25.031, "2012-09-30": 25.233, "2012-06-30": 25.02, "2012-03-31": "26.92000", "2011-12-31": 29.089, "2011-09-30": 27.468, "2011-06-30": 28.189, "2011-03-31": "27.63800", "2010-12-31": 30.391, "2010-09-30": 27.981, "2010-06-30": 27.774, "2010-03-31": "30.97900", "2009-12-31": 33.002, "2009-09-30": 24.176, "2009-06-30": 24.625, "2009-03-31": "25.91900", "2008-12-31": 39.041, "2008-09-30": 24.161, "2008-06-30": 30.205, "2008-03-31": "27.77000", "2007-12-31": 33.293, "2007-09-30": 35.306, "2007-06-30": 39.757, "2007-03-31": "29.79500", "2006-12-31": -90.302, "2006-09-30": 30.553, "2006-06-30": 30.654, "2006-03-31": "29.09500", "2005-09-30": -92.543, "2005-06-30": 117.89}, "Other Non-Cash Items": {"2020-09-30": 9.411, "2020-06-30": 41.824, "2020-03-31": "-5.25800", "2019-12-31": 49.332, "2019-09-30": -3.345, "2019-06-30": 4.569, "2019-03-31": "5.57100", "2018-12-31": 46.442, "2018-09-30": 4.127, "2018-06-30": -5.627, "2018-03-31": "1.95100", "2017-12-31": 229.006, "2017-09-30": -16.73, "2017-06-30": 2.031, "2017-03-31": "10.45900", "2016-12-31": 47.627, "2016-09-30": -4.943, "2016-06-30": 15.828, "2016-03-31": "-0.86400", "2015-12-31": 26.257, "2015-09-30": 5.076, "2015-06-30": -5.159, "2015-03-31": "5.59800", "2014-12-31": 10.721, "2014-09-30": 5.484, "2014-06-30": 2.755, "2014-03-31": "1.18800", "2013-12-31": 32.349, "2013-09-30": 0.836, "2013-06-30": 6.488, "2013-03-31": "0.95900", "2012-12-31": -6.629, "2012-09-30": -2.635, "2012-06-30": 69.413, "2012-03-31": "0.32400", "2011-12-31": 14.208, "2011-09-30": 2.192, "2011-06-30": 1.817, "2011-03-31": "4.86200", "2010-12-31": 47.986, "2010-09-30": -0.073, "2010-06-30": -4.951, "2010-03-31": "5.46000", "2009-12-31": 46.813, "2009-09-30": 19.069, "2009-06-30": 3.266, "2009-03-31": "6.28100", "2008-12-31": 21.755, "2008-09-30": 6.621, "2008-06-30": 1.583, "2008-03-31": "2.92800", "2007-12-31": 18.48, "2007-09-30": 4.308, "2007-06-30": 3.378, "2007-03-31": "5.09800", "2006-12-31": 33.765, "2006-09-30": 2.435, "2006-06-30": -43.564, "2006-03-31": "7.36400", "2005-09-30": -4.183, "2005-06-30": 0}, "Total Non-Cash Items": {"2020-09-30": 44.16, "2020-06-30": 76.154, "2020-03-31": "28.23600", "2019-12-31": 86.167, "2019-09-30": 32.271, "2019-06-30": 39.142, "2019-03-31": "40.24500", "2018-12-31": 81.251, "2018-09-30": 40.272, "2018-06-30": 30.225, "2018-03-31": "36.21900", "2017-12-31": 264.182, "2017-09-30": 17.443, "2017-06-30": 34.097, "2017-03-31": "41.92500", "2016-12-31": 79.72, "2016-09-30": 24.519, "2016-06-30": 41.872, "2016-03-31": "23.74600", "2015-12-31": 56.265, "2015-09-30": 31.829, "2015-06-30": 22.797, "2015-03-31": "31.86100", "2014-12-31": 41.05, "2014-09-30": 30.475, "2014-06-30": 27.163, "2014-03-31": "25.67300", "2013-12-31": 57.799, "2013-09-30": 24.209, "2013-06-30": 30.576, "2013-03-31": "25.85900", "2012-12-31": 18.402, "2012-09-30": 22.598, "2012-06-30": 94.433, "2012-03-31": "27.24400", "2011-12-31": 43.297, "2011-09-30": 29.66, "2011-06-30": 30.006, "2011-03-31": "32.50000", "2010-12-31": 78.377, "2010-09-30": 27.908, "2010-06-30": 22.823, "2010-03-31": "36.43900", "2009-12-31": 79.815, "2009-09-30": 43.245, "2009-06-30": 27.891, "2009-03-31": "32.20000", "2008-12-31": 60.796, "2008-09-30": 30.782, "2008-06-30": 31.788, "2008-03-31": "30.69800", "2007-12-31": 51.773, "2007-09-30": 39.614, "2007-06-30": 43.135, "2007-03-31": "34.89300", "2006-12-31": -56.537, "2006-09-30": 32.988, "2006-06-30": -12.91, "2006-03-31": "36.45900", "2005-09-30": -96.726, "2005-06-30": 117.89}, "Change In Accounts Receivable": {"2020-09-30": 216.255, "2020-06-30": -465.828, "2020-03-31": "73.69400", "2019-12-31": 215.505, "2019-09-30": -32.903, "2019-06-30": -75.167, "2019-03-31": "-62.27800", "2018-12-31": 166.778, "2018-09-30": -74.997, "2018-06-30": -118.444, "2018-03-31": "36.93200", "2017-12-31": 116.277, "2017-09-30": -68.504, "2017-06-30": -128.982, "2017-03-31": "49.55300", "2016-12-31": 114.938, "2016-09-30": -60.391, "2016-06-30": -102.899, "2016-03-31": "-34.92700", "2015-12-31": 163.185, "2015-09-30": -20.825, "2015-06-30": -106.31, "2015-03-31": "-58.02400", "2014-12-31": 170.281, "2014-09-30": 31.92, "2014-06-30": -166.524, "2014-03-31": "-34.44900", "2013-12-31": 89.948, "2013-09-30": 30.762, "2013-06-30": -71.246, "2013-03-31": "-44.66100", "2012-12-31": 76.117, "2012-09-30": 3.633, "2012-06-30": -74.733, "2012-03-31": "-51.82900", "2011-12-31": 117.527, "2011-09-30": 14.175, "2011-06-30": -62.957, "2011-03-31": "-42.16000", "2010-12-31": 77.453, "2010-09-30": -14.088, "2010-06-30": -74.465, "2010-03-31": "10.77100", "2009-12-31": 88.831, "2009-09-30": -30.543, "2009-06-30": -76.412, "2009-03-31": "-21.68100", "2008-12-31": 152.122, "2008-09-30": -19.618, "2008-06-30": -5, "2008-03-31": "36.18300", "2007-12-31": 28.098, "2007-09-30": -43.778, "2007-06-30": -40.91, "2007-03-31": "-24.80600", "2006-12-31": -7.793, "2006-09-30": 19.449, "2006-06-30": -23.688, "2006-03-31": "12.03200", "2005-09-30": 53.645, "2005-06-30": 0}, "Change In Inventories": {"2020-09-30": -197.958, "2020-06-30": 25.376, "2020-03-31": "-86.78500", "2019-12-31": 203.8, "2019-09-30": 109.042, "2019-06-30": 12.893, "2019-03-31": "-178.40500", "2018-12-31": 76.943, "2018-09-30": -34.219, "2018-06-30": -93.975, "2018-03-31": "-150.76800", "2017-12-31": 98.693, "2017-09-30": 55.609, "2017-06-30": 10.056, "2017-03-31": "-140.61000", "2016-12-31": 131.25, "2016-09-30": 134.193, "2016-06-30": 10.757, "2016-03-31": "-140.39300", "2015-12-31": -8.684, "2015-09-30": -52.232, "2015-06-30": -48.386, "2015-03-31": "-180.35200", "2014-12-31": 109.128, "2014-09-30": -31.8, "2014-06-30": 2.566, "2014-03-31": "-120.14200", "2013-12-31": 152.137, "2013-09-30": 23.077, "2013-06-30": 3.726, "2013-03-31": "-95.19200", "2012-12-31": 83.391, "2012-09-30": 98.856, "2012-06-30": 140.218, "2012-03-31": "-8.64700", "2011-12-31": 116.893, "2011-09-30": -97.368, "2011-06-30": -92.429, "2011-03-31": "-215.00400", "2010-12-31": 101.287, "2010-09-30": -83.713, "2010-06-30": -116.279, "2010-03-31": "-133.14000", "2009-12-31": 89.388, "2009-09-30": 100.288, "2009-06-30": 72.322, "2009-03-31": "-13.17800", "2008-12-31": 59.74, "2008-09-30": -21.371, "2008-06-30": -117.743, "2008-03-31": "-103.59700", "2007-12-31": 58.217, "2007-09-30": 49.133, "2007-06-30": 25.853, "2007-03-31": "-36.86500", "2006-12-31": 55.747, "2006-09-30": -25.636, "2006-06-30": 20.661, "2006-03-31": "-50.77200", "2005-09-30": 27.658, "2005-06-30": 0}, "Change In Accounts Payable": {"2020-09-30": -20.772, "2020-06-30": 223.943, "2020-03-31": "-13.60500", "2019-12-31": -55.421, "2019-09-30": -19.668, "2019-06-30": 25.912, "2019-03-31": "-18.21300", "2018-12-31": 49.599, "2018-09-30": 47.412, "2018-06-30": 132.432, "2018-03-31": "-63.65500", "2017-12-31": 0.542, "2017-09-30": 62.245, "2017-06-30": 23.347, "2017-03-31": "-14.32800", "2016-12-31": 19.595, "2016-09-30": -0.867, "2016-06-30": 61.619, "2016-03-31": "-141.34100", "2015-12-31": 38.897, "2015-09-30": -20.525, "2015-06-30": 45.707, "2015-03-31": "10.53400", "2014-12-31": -59.379, "2014-09-30": 37.326, "2014-06-30": 66.011, "2014-03-31": "27.94300", "2013-12-31": -11.821, "2013-09-30": -0.09, "2013-06-30": 23.721, "2013-03-31": "19.08700", "2012-12-31": -22.08, "2012-09-30": 32.784, "2012-06-30": -1.642, "2012-03-31": "-49.64500", "2011-12-31": -53.82, "2011-09-30": -56.147, "2011-06-30": 91.071, "2011-03-31": "58.60200", "2010-12-31": -80.03, "2010-09-30": 1.951, "2010-06-30": 87.086, "2010-03-31": "20.92700", "2009-12-31": 35.445, "2009-09-30": 4.083, "2009-06-30": 5.096, "2009-03-31": "-41.10200", "2008-12-31": 1.238, "2008-09-30": 2.987, "2008-06-30": 11.506, "2008-03-31": "18.31500", "2007-12-31": -0.916, "2007-09-30": 35.599, "2007-06-30": 21.665, "2007-03-31": "10.69000", "2006-12-31": -33.006, "2006-09-30": -8.795, "2006-06-30": 19.152, "2006-03-31": "22.64900", "2005-09-30": -31.439, "2005-06-30": 0}, "Change In Assets/Liabilities": {"2020-09-30": -11.789, "2020-06-30": -58.36, "2020-03-31": "26.79000", "2019-12-31": 19.434, "2019-09-30": 2.548, "2019-06-30": 3.793, "2019-03-31": "-32.37200", "2018-12-31": -49.707, "2018-09-30": 48.315, "2018-06-30": -20.033, "2018-03-31": "13.84000", "2017-12-31": 20.505, "2017-09-30": 6.237, "2017-06-30": -42.126, "2017-03-31": "-6.77500", "2016-12-31": -53.02, "2016-09-30": 13.982, "2016-06-30": 11.445, "2016-03-31": "3.03000", "2015-12-31": 2.383, "2015-09-30": 59.586, "2015-06-30": -20.759, "2015-03-31": "-6.16600", "2014-12-31": 20.292, "2014-09-30": -12.582, "2014-06-30": 15.082, "2014-03-31": "-8.52200", "2013-12-31": 18.483, "2013-09-30": -0.813, "2013-06-30": 7.732, "2013-03-31": "-12.54500", "2012-12-31": -7.249, "2012-09-30": -4.605, "2012-06-30": 12.295, "2012-03-31": "5.01200", "2011-12-31": 1.334, "2011-09-30": -0.571, "2011-06-30": 5.289, "2011-03-31": "-2.41300", "2010-12-31": 2.485, "2010-09-30": -5.049, "2010-06-30": 11.004, "2010-03-31": "3.15700", "2009-12-31": -3.284, "2009-09-30": 2.465, "2009-06-30": 13.497, "2009-03-31": "9.53200", "2008-12-31": -32.188, "2008-09-30": -8.159, "2008-06-30": -1.848, "2008-03-31": "-7.06100", "2007-12-31": -4.327, "2007-09-30": 8.454, "2007-06-30": -0.705, "2007-03-31": "15.79000", "2006-12-31": 10.911, "2006-09-30": -9.269, "2006-06-30": -7.042, "2006-03-31": "5.40000", "2005-09-30": 8.576, "2005-06-30": 0}, "Total Change In Assets/Liabilities": {"2020-09-30": 101.577, "2020-06-30": -171.912, "2020-03-31": "-103.57800", "2019-12-31": 287.579, "2019-09-30": 84.701, "2019-06-30": -51.769, "2019-03-31": "-315.62400", "2018-12-31": 272.659, "2018-09-30": -6.006, "2018-06-30": -107.113, "2018-03-31": "-243.77100", "2017-12-31": 433.07, "2017-09-30": 76.041, "2017-06-30": -149.581, "2017-03-31": "-135.34000", "2016-12-31": 160.484, "2016-09-30": 138.992, "2016-06-30": -14.287, "2016-03-31": "-388.82100", "2015-12-31": 138.733, "2015-09-30": -48.069, "2015-06-30": -91.422, "2015-03-31": "-343.84200", "2014-12-31": 162.282, "2014-09-30": 60.964, "2014-06-30": -114.567, "2014-03-31": "-129.46900", "2013-12-31": 244.231, "2013-09-30": 89.187, "2013-06-30": -55.928, "2013-03-31": "-155.14600", "2012-12-31": 145.412, "2012-09-30": 164.175, "2012-06-30": 11.191, "2012-03-31": "-94.52900", "2011-12-31": 116.09, "2011-09-30": -79.113, "2011-06-30": -84.006, "2011-03-31": "-181.64400", "2010-12-31": 63.695, "2010-09-30": -62.022, "2010-06-30": -133.545, "2010-03-31": "-111.91400", "2009-12-31": 124.964, "2009-09-30": 99.907, "2009-06-30": 26.047, "2009-03-31": "-70.84800", "2008-12-31": 117.341, "2008-09-30": -15.361, "2008-06-30": -119.613, "2008-03-31": "-86.20300", "2007-12-31": 21.631, "2007-09-30": 55.775, "2007-06-30": 33.58, "2007-03-31": "-47.48800", "2006-12-31": 40.129, "2006-09-30": -26.277, "2006-06-30": -5.098, "2006-03-31": "-8.75400", "2005-09-30": -27.626, "2005-06-30": 99.75}, "Cash Flow From Operating Activities": {"2020-09-30": 249.015, "2020-06-30": 65.423, "2020-03-31": "-83.21600", "2019-12-31": 558.732, "2019-09-30": 302.063, "2019-06-30": 136.928, "2019-03-31": "-194.29100", "2018-12-31": 502.113, "2018-09-30": 205.687, "2018-06-30": 63.745, "2018-03-31": "-128.14300", "2017-12-31": 324.628, "2017-09-30": 296.84, "2017-06-30": 57.048, "2017-03-31": "-22.79800", "2016-12-31": 397.316, "2016-09-30": 337.369, "2016-06-30": 155.728, "2016-03-31": "-284.80600", "2015-12-31": 314.161, "2015-09-30": 145.914, "2015-06-30": 26.277, "2015-03-31": "-259.34500", "2014-12-31": 292.769, "2014-09-30": 210.383, "2014-06-30": 67.174, "2014-03-31": "-62.23600", "2013-12-31": 334.296, "2013-09-30": 238.659, "2013-06-30": 96.234, "2013-03-31": "-77.90800", "2012-12-31": 244.202, "2012-09-30": 296.665, "2012-06-30": 106.855, "2012-03-31": "-94.11500", "2011-12-31": 200.352, "2011-09-30": 41.379, "2011-06-30": 32.782, "2011-03-31": "-101.03500", "2010-12-31": 170.128, "2010-09-30": 27.198, "2010-06-30": -25.31, "2010-03-31": "-38.96200", "2009-12-31": 203.697, "2009-09-30": 184.29, "2009-06-30": 84.493, "2009-03-31": "-57.97600", "2008-12-31": 196.018, "2008-09-30": 31.341, "2008-06-30": -30.481, "2008-03-31": "-19.48100", "2007-12-31": 123.197, "2007-09-30": 134.285, "2007-06-30": 102.149, "2007-03-31": "-0.59100", "2006-12-31": -200.63, "2006-09-30": 57.056, "2006-06-30": 41.277, "2006-03-31": "102.29700", "2005-09-30": -330.978, "2005-06-30": 506.87}, "Net Change In Property, Plant, And Equipment": {"2020-09-30": -2.256, "2020-06-30": -20.753, "2020-03-31": "-25.69300", "2019-12-31": -19.78, "2019-09-30": -18.653, "2019-06-30": -32.634, "2019-03-31": "-25.13300", "2018-12-31": -22.043, "2018-09-30": -22.893, "2018-06-30": -20.502, "2018-03-31": "-18.29800", "2017-12-31": -26.529, "2017-09-30": -29.56, "2017-06-30": -15.014, "2017-03-31": "-11.44600", "2016-12-31": -5.828, "2016-09-30": 30.299, "2016-06-30": -14.464, "2016-03-31": "-12.57300", "2015-12-31": -25.45, "2015-09-30": -7.428, "2015-06-30": -19.46, "2015-03-31": "-31.63300", "2014-12-31": -15.644, "2014-09-30": -21.88, "2014-06-30": -7.498, "2014-03-31": "-12.16900", "2013-12-31": -12.713, "2013-09-30": -8.652, "2013-06-30": -9.643, "2013-03-31": "-6.53000", "2012-12-31": -11.408, "2012-09-30": -10.157, "2012-06-30": -9.989, "2012-03-31": "-9.01600", "2011-12-31": -20.394, "2011-09-30": -20.545, "2011-06-30": -22.21, "2011-03-31": "-13.33000", "2010-12-31": -27.497, "2010-09-30": -20.198, "2010-06-30": -25.067, "2010-03-31": "12.16400", "2009-12-31": -4.965, "2009-09-30": -14.858, "2009-06-30": -13.771, "2009-03-31": "-55.26600", "2008-12-31": -62.959, "2008-09-30": -34.964, "2008-06-30": -43.516, "2008-03-31": "-20.51000", "2007-12-31": -42.688, "2007-09-30": -22.275, "2007-06-30": -7.224, "2007-03-31": "-2.86600", "2006-12-31": 76.438, "2006-09-30": -18.918, "2006-06-30": -37.424, "2006-03-31": "-20.09600", "2005-09-30": 47.711, "2005-06-30": -67.13}, "Net Change In Intangible Assets": {"2020-09-30": 0, "2020-06-30": 0, "2020-03-31": "", "2019-12-31": 0, "2019-09-30": 0, "2019-06-30": 0, "2019-03-31": "", "2018-12-31": 0, "2018-09-30": 0, "2018-06-30": 0, "2018-03-31": "", "2017-12-31": 0, "2017-09-30": 0, "2017-06-30": 0, "2017-03-31": "", "2016-12-31": 0, "2016-09-30": 0, "2016-06-30": 0, "2016-03-31": "", "2015-12-31": 0, "2015-09-30": 0, "2015-06-30": 0, "2015-03-31": "", "2014-12-31": 0, "2014-09-30": 0, "2014-06-30": 0, "2014-03-31": "", "2013-12-31": -559.855, "2013-09-30": 0, "2013-06-30": 0, "2013-03-31": "", "2012-12-31": 0, "2012-09-30": 0, "2012-06-30": 0, "2012-03-31": "", "2011-12-31": 0, "2011-09-30": 0, "2011-06-30": 0, "2011-03-31": "", "2010-12-31": 0, "2010-09-30": 0, "2010-06-30": 0, "2010-03-31": "", "2009-12-31": 0, "2009-09-30": 0, "2009-06-30": 0, "2009-03-31": "", "2008-12-31": 0, "2008-09-30": 0, "2008-06-30": 0, "2008-03-31": "", "2007-12-31": -5, "2007-09-30": 0, "2007-06-30": 0, "2007-03-31": "", "2006-12-31": 0, "2006-09-30": 0, "2006-06-30": 0, "2006-03-31": "", "2005-09-30": 0, "2005-06-30": 0}, "Net Acquisitions/Divestitures": {"2020-09-30": 0, "2020-06-30": 0, "2020-03-31": "", "2019-12-31": -3.872, "2019-09-30": -21.36, "2019-06-30": 0, "2019-03-31": "", "2018-12-31": 0.001, "2018-09-30": 0, "2018-06-30": -0.001, "2018-03-31": "-334.91500", "2017-12-31": -61.725, "2017-09-30": 0, "2017-06-30": 2.851, "2017-03-31": "36.91000", "2016-12-31": -0.948, "2016-09-30": -769.731, "2016-06-30": -186.334, "2016-03-31": "-7.06200", "2015-12-31": 0, "2015-09-30": 0.632, "2015-06-30": -193.461, "2015-03-31": "", "2014-12-31": -7.453, "2014-09-30": -352.986, "2014-06-30": 0, "2014-03-31": "", "2013-12-31": 0, "2013-09-30": 0, "2013-06-30": 0, "2013-03-31": "", "2012-12-31": -0.004, "2012-09-30": -0.195, "2012-06-30": 12.903, "2012-03-31": "", "2011-12-31": 0, "2011-09-30": 0, "2011-06-30": -9.154, "2011-03-31": "", "2010-12-31": -222.878, "2010-09-30": 0, "2010-06-30": 0, "2010-03-31": "", "2009-12-31": 0, "2009-09-30": 0, "2009-06-30": 0, "2009-03-31": "", "2008-12-31": -4.644, "2008-09-30": -0.017, "2008-06-30": -9.994, "2008-03-31": "", "2007-12-31": -2.863, "2007-09-30": -17.38, "2007-06-30": 0, "2007-03-31": "", "2006-12-31": 0, "2006-09-30": 0, "2006-06-30": 0, "2006-03-31": "", "2005-09-30": -0.736, "2005-06-30": -1.7}, "Net Change In Short-term Investments": {"2020-09-30": 0, "2020-06-30": 0, "2020-03-31": "", "2019-12-31": 0, "2019-09-30": 0, "2019-06-30": 0, "2019-03-31": "", "2018-12-31": 0, "2018-09-30": 0, "2018-06-30": 0, "2018-03-31": "", "2017-12-31": 0, "2017-09-30": 0, "2017-06-30": 0, "2017-03-31": "", "2016-12-31": 0, "2016-09-30": 0, "2016-06-30": 0, "2016-03-31": "", "2015-12-31": 0, "2015-09-30": 0, "2015-06-30": 0, "2015-03-31": "", "2014-12-31": 0, "2014-09-30": 0, "2014-06-30": 0, "2014-03-31": "", "2013-12-31": 0, "2013-09-30": 0, "2013-06-30": 0, "2013-03-31": "", "2012-12-31": 0, "2012-09-30": 0, "2012-06-30": 0, "2012-03-31": "", "2011-12-31": 0, "2011-09-30": 0, "2011-06-30": 0, "2011-03-31": "", "2010-12-31": 0, "2010-09-30": 0, "2010-06-30": 0, "2010-03-31": "", "2009-12-31": 0, "2009-09-30": 0, "2009-06-30": 0, "2009-03-31": "", "2008-12-31": 0, "2008-09-30": 0, "2008-06-30": 0, "2008-03-31": "", "2007-12-31": 0, "2007-09-30": 0, "2007-06-30": 0, "2007-03-31": "", "2006-12-31": 0, "2006-09-30": 0, "2006-06-30": 0, "2006-03-31": "", "2005-09-30": 0, "2005-06-30": 0}, "Net Change In Long-Term Investments": {"2020-09-30": 0, "2020-06-30": 0, "2020-03-31": "", "2019-12-31": 0, "2019-09-30": 0, "2019-06-30": 0, "2019-03-31": "", "2018-12-31": 0, "2018-09-30": 0, "2018-06-30": 0, "2018-03-31": "", "2017-12-31": 0, "2017-09-30": 0, "2017-06-30": 0, "2017-03-31": "", "2016-12-31": 0, "2016-09-30": 0, "2016-06-30": 0, "2016-03-31": "", "2015-12-31": 0, "2015-09-30": 0, "2015-06-30": 0, "2015-03-31": "", "2014-12-31": 64.38, "2014-09-30": 0, "2014-06-30": 0, "2014-03-31": "", "2013-12-31": 0, "2013-09-30": 0, "2013-06-30": 0, "2013-03-31": "", "2012-12-31": 0, "2012-09-30": 0, "2012-06-30": 0, "2012-03-31": "", "2011-12-31": 0, "2011-09-30": 0, "2011-06-30": 0, "2011-03-31": "", "2010-12-31": 0, "2010-09-30": 0, "2010-06-30": 0, "2010-03-31": "", "2009-12-31": 0, "2009-09-30": 0, "2009-06-30": 0, "2009-03-31": "", "2008-12-31": 0, "2008-09-30": 0, "2008-06-30": 0, "2008-03-31": "", "2007-12-31": 0, "2007-09-30": 0, "2007-06-30": 0, "2007-03-31": "", "2006-12-31": 0, "2006-09-30": 0, "2006-06-30": 0, "2006-03-31": "", "2005-09-30": 0, "2005-06-30": 0}, "Net Change In Investments - Total": {"2020-09-30": 0, "2020-06-30": 0, "2020-03-31": "", "2019-12-31": 0, "2019-09-30": 0, "2019-06-30": 0, "2019-03-31": "", "2018-12-31": 0, "2018-09-30": 0, "2018-06-30": 0, "2018-03-31": "", "2017-12-31": 0, "2017-09-30": 0, "2017-06-30": 0, "2017-03-31": "", "2016-12-31": 0, "2016-09-30": 0, "2016-06-30": 0, "2016-03-31": "", "2015-12-31": 0, "2015-09-30": 0, "2015-06-30": 0, "2015-03-31": "", "2014-12-31": 64.38, "2014-09-30": 0, "2014-06-30": 0, "2014-03-31": "", "2013-12-31": 0, "2013-09-30": 0, "2013-06-30": 0, "2013-03-31": "", "2012-12-31": 0, "2012-09-30": 0, "2012-06-30": 0, "2012-03-31": "", "2011-12-31": 0, "2011-09-30": 0, "2011-06-30": 0, "2011-03-31": "", "2010-12-31": 0, "2010-09-30": 0, "2010-06-30": 0, "2010-03-31": "", "2009-12-31": 0, "2009-09-30": 0, "2009-06-30": 0, "2009-03-31": "", "2008-12-31": 0, "2008-09-30": 0, "2008-06-30": 0, "2008-03-31": "", "2007-12-31": 0, "2007-09-30": 0, "2007-06-30": 0, "2007-03-31": "", "2006-12-31": 0, "2006-09-30": 0, "2006-06-30": 0, "2006-03-31": "", "2005-09-30": 0, "2005-06-30": 0}, "Investing Activities - Other": {"2020-09-30": 1.795, "2020-06-30": 4.607, "2020-03-31": "1.21600", "2019-12-31": 11.772, "2019-09-30": 0, "2019-06-30": 0, "2019-03-31": "", "2018-12-31": 0, "2018-09-30": 0, "2018-06-30": 0, "2018-03-31": "", "2017-12-31": 0, "2017-09-30": 0, "2017-06-30": 0, "2017-03-31": "", "2016-12-31": 0, "2016-09-30": 0, "2016-06-30": 0, "2016-03-31": "", "2015-12-31": 0, "2015-09-30": 0, "2015-06-30": 0, "2015-03-31": "", "2014-12-31": 3.714, "2014-09-30": -8.779, "2014-06-30": 0, "2014-03-31": "", "2013-12-31": 0, "2013-09-30": 0, "2013-06-30": 0, "2013-03-31": "", "2012-12-31": 0, "2012-09-30": 0, "2012-06-30": 0, "2012-03-31": "", "2011-12-31": 0, "2011-09-30": 0, "2011-06-30": 0, "2011-03-31": "", "2010-12-31": 0, "2010-09-30": 0, "2010-06-30": 0, "2010-03-31": "-0.51900", "2009-12-31": 0.006, "2009-09-30": 0.01, "2009-06-30": 0, "2009-03-31": "", "2008-12-31": -0.001, "2008-09-30": -0.643, "2008-06-30": 0, "2008-03-31": "", "2007-12-31": -0.214, "2007-09-30": 0.82, "2007-06-30": -0.761, "2007-03-31": "-0.63400", "2006-12-31": -0.014, "2006-09-30": 0.451, "2006-06-30": -0.061, "2006-03-31": "-0.37600", "2005-09-30": -1.987, "2005-06-30": 8.75}, "Cash Flow From Investing Activities": {"2020-09-30": -0.461, "2020-06-30": -16.146, "2020-03-31": "-24.47700", "2019-12-31": -11.88, "2019-09-30": -40.013, "2019-06-30": -32.634, "2019-03-31": "-25.13300", "2018-12-31": -22.042, "2018-09-30": -22.893, "2018-06-30": -20.503, "2018-03-31": "-353.21300", "2017-12-31": -88.254, "2017-09-30": -29.56, "2017-06-30": -12.163, "2017-03-31": "25.46400", "2016-12-31": -6.776, "2016-09-30": -739.432, "2016-06-30": -200.798, "2016-03-31": "-19.63500", "2015-12-31": -25.45, "2015-09-30": -6.796, "2015-06-30": -212.921, "2015-03-31": "-31.63300", "2014-12-31": 44.997, "2014-09-30": -383.645, "2014-06-30": -7.498, "2014-03-31": "-12.16900", "2013-12-31": -572.568, "2013-09-30": -8.652, "2013-06-30": -9.643, "2013-03-31": "-6.53000", "2012-12-31": -11.412, "2012-09-30": -10.352, "2012-06-30": 2.914, "2012-03-31": "-9.01600", "2011-12-31": -20.394, "2011-09-30": -20.545, "2011-06-30": -31.364, "2011-03-31": "-13.33000", "2010-12-31": -250.375, "2010-09-30": -20.198, "2010-06-30": -25.067, "2010-03-31": "11.64500", "2009-12-31": -4.959, "2009-09-30": -14.848, "2009-06-30": -13.771, "2009-03-31": "-55.26600", "2008-12-31": -67.604, "2008-09-30": -35.624, "2008-06-30": -53.51, "2008-03-31": "-20.51000", "2007-12-31": -50.765, "2007-09-30": -38.835, "2007-06-30": -7.985, "2007-03-31": "-3.50000", "2006-12-31": 76.424, "2006-09-30": -18.467, "2006-06-30": -37.485, "2006-03-31": "-20.47200", "2005-09-30": 44.988, "2005-06-30": -60.08}, "Net Long-Term Debt": {"2020-09-30": -154.572, "2020-06-30": -401.9201, "2020-03-31": "1133.14200", "2019-12-31": -476.7556, "2019-09-30": -166.5912, "2019-06-30": -79.9671, "2019-03-31": "126.24600", "2018-12-31": -382.613, "2018-09-30": -107.7898, "2018-06-30": 16.572, "2018-03-31": "517.10990", "2017-12-31": -31.1597, "2017-09-30": -207.171, "2017-06-30": 13.5858, "2017-03-31": "373.94510", "2016-12-31": -314.495, "2016-09-30": 193.46, "2016-06-30": 547.654, "2016-03-31": "734.87800", "2015-12-31": -150.5781, "2015-09-30": 168.3835, "2015-06-30": 290.5332, "2015-03-31": "395.61110", "2014-12-31": -295.9807, "2014-09-30": 286.3728, "2014-06-30": -36.879, "2014-03-31": "136.08900", "2013-12-31": 232.1758, "2013-09-30": -128.3648, "2013-06-30": -49.7681, "2013-03-31": "103.41100", "2012-12-31": -347.824, "2012-09-30": -139.723, "2012-06-30": -120.264, "2012-03-31": "124.43700", "2011-12-31": -209.7822, "2011-09-30": -30.5551, "2011-06-30": -23.2119, "2011-03-31": "153.76700", "2010-12-31": 60.751, "2010-09-30": 18.797, "2010-06-30": 74.134, "2010-03-31": "34.81800", "2009-12-31": -128.1659, "2009-09-30": -177.2071, "2009-06-30": -48.365, "2009-03-31": "69.58300", "2008-12-31": -136.6681, "2008-09-30": 0, "2008-06-30": -0.069, "2008-03-31": "", "2007-12-31": -49.086, "2007-09-30": -75.326, "2007-06-30": -53.436, "2007-03-31": "-0.27700", "2006-12-31": -2596.063, "2006-09-30": 2599.215, "2006-06-30": -1.943, "2006-03-31": "-1.20900", "2005-09-30": -1.204, "2005-06-30": 0}, "Net Current Debt": {"2020-09-30": -3.846, "2020-06-30": 6.336, "2020-03-31": "-2.04000", "2019-12-31": -0.087, "2019-09-30": -0.261, "2019-06-30": -1.126, "2019-03-31": "0.01500", "2018-12-31": -8.166, "2018-09-30": -0.407, "2018-06-30": -2.365, "2018-03-31": "2.49400", "2017-12-31": -12.222, "2017-09-30": -49.301, "2017-06-30": 27.044, "2017-03-31": "-14.64700", "2016-12-31": 0.694, "2016-09-30": -37.818, "2016-06-30": -52.922, "2016-03-31": "1.76200", "2015-12-31": -0.096, "2015-09-30": 6.295, "2015-06-30": -5.667, "2015-03-31": "-17.30900", "2014-12-31": 12.673, "2014-09-30": 2.539, "2014-06-30": 2.302, "2014-03-31": "2.47800", "2013-12-31": 30.983, "2013-09-30": -25.118, "2013-06-30": 0.644, "2013-03-31": "3.63900", "2012-12-31": -24.687, "2012-09-30": 3.292, "2012-06-30": 5.86, "2012-03-31": "-21.54600", "2011-12-31": 28.897, "2011-09-30": 5.163, "2011-06-30": -0.722, "2011-03-31": "-21.36900", "2010-12-31": 7.7639, "2010-09-30": 9.969, "2010-06-30": -30.185, "2010-03-31": "-4.06100", "2009-12-31": 4.1228, "2009-09-30": -1.7018, "2009-06-30": -6.803, "2009-03-31": "9.00700", "2008-12-31": -9.202, "2008-09-30": 13.093, "2008-06-30": 44.218, "2008-03-31": "-5.54800", "2007-12-31": -24.847, "2007-09-30": 4.569, "2007-06-30": 0.767, "2007-03-31": "-3.04600", "2006-12-31": 49.303, "2006-09-30": -269.474, "2006-06-30": 261.329, "2006-03-31": "-41.15800", "2005-09-30": 19.953, "2005-06-30": -35.49}, "Debt Issuance/Retirement Net - Total": {"2020-09-30": -158.418, "2020-06-30": -395.5841, "2020-03-31": "1131.10200", "2019-12-31": -476.8427, "2019-09-30": -166.8521, "2019-06-30": -81.0931, "2019-03-31": "126.26100", "2018-12-31": -390.779, "2018-09-30": -108.1968, "2018-06-30": 14.207, "2018-03-31": "519.60390", "2017-12-31": -43.3817, "2017-09-30": -256.472, "2017-06-30": 40.6298, "2017-03-31": "359.29810", "2016-12-31": -313.801, "2016-09-30": 155.641, "2016-06-30": 494.733, "2016-03-31": "736.64000", "2015-12-31": -150.6741, "2015-09-30": 174.6785, "2015-06-30": 284.8662, "2015-03-31": "378.30210", "2014-12-31": -283.3078, "2014-09-30": 288.9118, "2014-06-30": -34.577, "2014-03-31": "138.56700", "2013-12-31": 263.1588, "2013-09-30": -153.4828, "2013-06-30": -49.1241, "2013-03-31": "107.05000", "2012-12-31": -372.511, "2012-09-30": -136.431, "2012-06-30": -114.404, "2012-03-31": "102.89100", "2011-12-31": -180.8852, "2011-09-30": -25.3921, "2011-06-30": -23.9339, "2011-03-31": "132.39800", "2010-12-31": 68.5149, "2010-09-30": 28.766, "2010-06-30": 43.949, "2010-03-31": "30.75700", "2009-12-31": -124.0431, "2009-09-30": -178.9089, "2009-06-30": -55.168, "2009-03-31": "78.59000", "2008-12-31": -145.87, "2008-09-30": 13.093, "2008-06-30": 44.149, "2008-03-31": "-5.54800", "2007-12-31": -73.933, "2007-09-30": -70.757, "2007-06-30": -52.669, "2007-03-31": "-3.32300", "2006-12-31": -2546.76, "2006-09-30": 2329.741, "2006-06-30": 259.386, "2006-03-31": "-42.36700", "2005-09-30": -16.741, "2005-06-30": 0}, "Net Common Equity Issued/Repurchased": {"2020-09-30": 0, "2020-06-30": 0, "2020-03-31": "-200.26900", "2019-12-31": 0, "2019-09-30": 0, "2019-06-30": 0, "2019-03-31": "", "2018-12-31": 0, "2018-09-30": 0, "2018-06-30": 0, "2018-03-31": "", "2017-12-31": -100.098, "2017-09-30": 0, "2017-06-30": 0, "2017-03-31": "-299.91900", "2016-12-31": 0, "2016-09-30": 0, "2016-06-30": 0, "2016-03-31": "-379.90100", "2015-12-31": -45.401, "2015-09-30": -306.094, "2015-06-30": 0, "2015-03-31": "", "2014-12-31": 0, "2014-09-30": 0, "2014-06-30": 0, "2014-03-31": "", "2013-12-31": 0, "2013-09-30": -5.279, "2013-06-30": 0.873, "2013-03-31": "4.40600", "2012-12-31": 4.649, "2012-09-30": 3.372, "2012-06-30": 0.408, "2012-03-31": "0.32300", "2011-12-31": 0.32, "2011-09-30": 8.722, "2011-06-30": 5.637, "2011-03-31": "2.42500", "2010-12-31": 2.501, "2010-09-30": 2.017, "2010-06-30": 1.384, "2010-03-31": "0.03600", "2009-12-31": 0.803, "2009-09-30": 0.376, "2009-06-30": 0, "2009-03-31": "", "2008-12-31": -0.009, "2008-09-30": -17.597, "2008-06-30": -2.54, "2008-03-31": "-7.93800", "2007-12-31": 0.725, "2007-09-30": -25.927, "2007-06-30": -15.42, "2007-03-31": "2.33800", "2006-12-31": 0, "2006-09-30": 0, "2006-06-30": 0, "2006-03-31": "", "2005-09-30": 0, "2005-06-30": 0}, "Net Total Equity Issued/Repurchased": {"2020-09-30": 0, "2020-06-30": 0, "2020-03-31": "-200.26900", "2019-12-31": 0, "2019-09-30": 0, "2019-06-30": 0, "2019-03-31": "", "2018-12-31": 0, "2018-09-30": 0, "2018-06-30": 0, "2018-03-31": "", "2017-12-31": -100.098, "2017-09-30": 0, "2017-06-30": 0, "2017-03-31": "-299.91900", "2016-12-31": 0, "2016-09-30": 0, "2016-06-30": 0, "2016-03-31": "-379.90100", "2015-12-31": -45.401, "2015-09-30": -306.094, "2015-06-30": 0, "2015-03-31": "", "2014-12-31": 0, "2014-09-30": 0, "2014-06-30": 0, "2014-03-31": "", "2013-12-31": 0, "2013-09-30": -5.279, "2013-06-30": 0.873, "2013-03-31": "4.40600", "2012-12-31": 4.649, "2012-09-30": 3.372, "2012-06-30": 0.408, "2012-03-31": "0.32300", "2011-12-31": 0.32, "2011-09-30": 8.722, "2011-06-30": 5.637, "2011-03-31": "2.42500", "2010-12-31": 2.501, "2010-09-30": 2.017, "2010-06-30": 1.384, "2010-03-31": "0.03600", "2009-12-31": 0.803, "2009-09-30": 0.376, "2009-06-30": 0, "2009-03-31": "", "2008-12-31": -0.009, "2008-09-30": -17.597, "2008-06-30": -2.54, "2008-03-31": "-7.93800", "2007-12-31": 0.725, "2007-09-30": -25.927, "2007-06-30": -15.42, "2007-03-31": "2.33800", "2006-12-31": 0, "2006-09-30": 0, "2006-06-30": 0, "2006-03-31": "", "2005-09-30": 0, "2005-06-30": 0}, "Total Common And Preferred Stock Dividends Paid": {"2020-09-30": -52.236, "2020-06-30": -52.213, "2020-03-31": "-53.68300", "2019-12-31": -54.269, "2019-09-30": -54.24, "2019-06-30": -54.228, "2019-03-31": "-54.22100", "2018-12-31": -54.116, "2018-09-30": -54.085, "2018-06-30": -54.062, "2018-03-31": "-54.05300", "2017-12-31": -54.692, "2017-09-30": -54.682, "2017-06-30": -54.654, "2017-03-31": "-55.87500", "2016-12-31": -41.577, "2016-09-30": -41.564, "2016-06-30": -41.551, "2016-03-31": "-42.68300", "2015-12-31": -39.603, "2015-09-30": -40.243, "2015-06-30": -41.387, "2015-03-31": "-40.08300", "2014-12-31": -29.969, "2014-09-30": -29.907, "2014-06-30": -29.881, "2014-03-31": "-29.85000", "2013-12-31": -19.827, "2013-09-30": -19.818, "2013-06-30": -19.797, "2013-03-31": "", "2012-12-31": 0, "2012-09-30": 0, "2012-06-30": 0, "2012-03-31": "", "2011-12-31": 0, "2011-09-30": 0, "2011-06-30": 0, "2011-03-31": "", "2010-12-31": 0, "2010-09-30": 0, "2010-06-30": 0, "2010-03-31": "", "2009-12-31": 0, "2009-09-30": 0, "2009-06-30": 0, "2009-03-31": "", "2008-12-31": 0, "2008-09-30": 0, "2008-06-30": 0, "2008-03-31": "", "2007-12-31": 0, "2007-09-30": 0, "2007-06-30": 0, "2007-03-31": "", "2006-12-31": 0, "2006-09-30": 0, "2006-06-30": 0, "2006-03-31": "", "2005-09-30": 0, "2005-06-30": 0}, "Financial Activities - Other": {"2020-09-30": -1.223, "2020-06-30": -14.399, "2020-03-31": "0.36400", "2019-12-31": -7.282, "2019-09-30": -0.303, "2019-06-30": -0.607, "2019-03-31": "-0.33300", "2018-12-31": -10.184, "2018-09-30": -1.019, "2018-06-30": -1.346, "2018-03-31": "-6.46700", "2017-12-31": -19.998, "2017-09-30": -1.233, "2017-06-30": -45.698, "2017-03-31": "1.00700", "2016-12-31": -13.493, "2016-09-30": 75.166, "2016-06-30": -77.184, "2016-03-31": "0.62800", "2015-12-31": -17.744, "2015-09-30": 1.361, "2015-06-30": -20.532, "2015-03-31": "-4.46500", "2014-12-31": -3.189, "2014-09-30": -8.922, "2014-06-30": -3.115, "2014-03-31": "1.47400", "2013-12-31": -8.156, "2013-09-30": -1.394, "2013-06-30": -4.037, "2013-03-31": "-0.81600", "2012-12-31": -3.726, "2012-09-30": -1.516, "2012-06-30": 0.238, "2012-03-31": "-1.07000", "2011-12-31": -11.967, "2011-09-30": 0.961, "2011-06-30": -3.487, "2011-03-31": "0.16200", "2010-12-31": -22.548, "2010-09-30": 0.187, "2010-06-30": 0.197, "2010-03-31": "-0.07600", "2009-12-31": -74.999, "2009-09-30": -0.23, "2009-06-30": -0.274, "2009-03-31": "-0.32000", "2008-12-31": 0.365, "2008-09-30": -0.253, "2008-06-30": 17.664, "2008-03-31": "-0.25400", "2007-12-31": -2.432, "2007-09-30": -0.351, "2007-06-30": 0.144, "2007-03-31": "-1.77400", "2006-12-31": 2974.902, "2006-09-30": -2456.894, "2006-06-30": -423.476, "2006-03-31": "-94.53200", "2005-09-30": -775.448, "2005-06-30": -5.87}, "Cash Flow From Financial Activities": {"2020-09-30": -211.877, "2020-06-30": -462.196, "2020-03-31": "877.51400", "2019-12-31": -538.394, "2019-09-30": -221.395, "2019-06-30": -135.928, "2019-03-31": "71.70700", "2018-12-31": -455.079, "2018-09-30": -163.301, "2018-06-30": -41.201, "2018-03-31": "459.08400", "2017-12-31": -218.17, "2017-09-30": -312.387, "2017-06-30": -59.722, "2017-03-31": "4.51100", "2016-12-31": -368.871, "2016-09-30": 189.244, "2016-06-30": 375.997, "2016-03-31": "314.68400", "2015-12-31": -253.422, "2015-09-30": -170.297, "2015-06-30": 222.947, "2015-03-31": "333.75400", "2014-12-31": -316.466, "2014-09-30": 250.083, "2014-06-30": -67.573, "2014-03-31": "110.19100", "2013-12-31": 235.176, "2013-09-30": -179.974, "2013-06-30": -72.085, "2013-03-31": "110.64000", "2012-12-31": -371.588, "2012-09-30": -134.575, "2012-06-30": -113.758, "2012-03-31": "102.14400", "2011-12-31": -192.532, "2011-09-30": -15.709, "2011-06-30": -21.784, "2011-03-31": "134.98500", "2010-12-31": 48.468, "2010-09-30": 30.97, "2010-06-30": 45.53, "2010-03-31": "30.71700", "2009-12-31": -198.239, "2009-09-30": -178.763, "2009-06-30": -55.442, "2009-03-31": "78.27000", "2008-12-31": -145.514, "2008-09-30": -4.757, "2008-06-30": 59.273, "2008-03-31": "-13.74000", "2007-12-31": -75.64, "2007-09-30": -97.035, "2007-06-30": -67.945, "2007-03-31": "-2.75900", "2006-12-31": 428.142, "2006-09-30": -127.153, "2006-06-30": -164.09, "2006-03-31": "-136.89900", "2005-09-30": -756.689, "2005-06-30": -41.37}, "Net Cash Flow": {"2020-09-30": 48.367, "2020-06-30": -400.666, "2020-03-31": "753.85700", "2019-12-31": 11.852, "2019-09-30": 59.083, "2019-06-30": -29.139, "2019-03-31": "-168.65200", "2018-12-31": 34.523, "2018-09-30": 0.528, "2018-06-30": 24.309, "2018-03-31": "-47.90400", "2017-12-31": 21.521, "2017-09-30": -49.37, "2017-06-30": -14.208, "2017-03-31": "3.37800", "2016-12-31": 10.032, "2016-09-30": -210.784, "2016-06-30": 328.575, "2016-03-31": "13.25300", "2015-12-31": 34.574, "2015-09-30": -30.759, "2015-06-30": 38.287, "2015-03-31": "37.21200", "2014-12-31": 24.023, "2014-09-30": 72.215, "2014-06-30": -7.519, "2014-03-31": "35.27300", "2013-12-31": -16.457, "2013-09-30": 50.015, "2013-06-30": 13.76, "2013-03-31": "25.74900", "2012-12-31": -139.473, "2012-09-30": 152.607, "2012-06-30": -4.938, "2012-03-31": "-0.74500", "2011-12-31": -12.652, "2011-09-30": 3.342, "2011-06-30": -20.149, "2011-03-31": "21.13300", "2010-12-31": -31.825, "2010-09-30": 38.699, "2010-06-30": -5.823, "2010-03-31": "3.67700", "2009-12-31": 0.326, "2009-09-30": -8.944, "2009-06-30": 15.892, "2009-03-31": "-35.67300", "2008-12-31": -18.87, "2008-09-30": -10.706, "2008-06-30": -23.875, "2008-03-31": "-53.44300", "2007-12-31": -2.141, "2007-09-30": -0.016, "2007-06-30": 27.103, "2007-03-31": "-6.68300", "2006-12-31": 301.552, "2006-09-30": -89.172, "2006-06-30": -157.643, "2006-03-31": "-54.73700", "2005-09-30": -1041.143, "2005-06-30": 406.64}, "Stock-Based Compensation": {"2020-09-30": 4.612, "2020-06-30": 4.466, "2020-03-31": "4.72300", "2019-12-31": 0.483, "2019-09-30": 1.547, "2019-06-30": 2.069, "2019-03-31": "5.17800", "2018-12-31": 16.795, "2018-09-30": 1.588, "2018-06-30": -1.713, "2018-03-31": "4.74600", "2017-12-31": 17.231, "2017-09-30": 1.963, "2017-06-30": 0.86, "2017-03-31": "3.52800", "2016-12-31": 15.488, "2016-09-30": 8.31, "2016-06-30": 0.474, "2016-03-31": "7.50800", "2015-12-31": 19.787, "2015-09-30": 3.371, "2015-06-30": 2.308, "2015-03-31": "4.15200", "2014-12-31": 18.589, "2014-09-30": 3.444, "2014-06-30": 5.232, "2014-03-31": "3.32200", "2013-12-31": 16.436, "2013-09-30": 2.739, "2013-06-30": 2.493, "2013-03-31": "2.51000", "2012-12-31": 13.774, "2012-09-30": 2.873, "2012-06-30": 2.077, "2012-03-31": "1.77200", "2011-12-31": 10.272, "2011-09-30": 2.664, "2011-06-30": 0.689, "2011-03-31": "2.54800", "2010-12-31": 11.214, "2010-09-30": 2.502, "2010-06-30": 2.55, "2010-03-31": "3.26800", "2009-12-31": 10.06, "2009-09-30": 9.255, "2009-06-30": 8.819, "2009-03-31": "9.56300", "2008-12-31": 8.397, "2008-09-30": 7.951, "2008-06-30": 8.183, "2008-03-31": "6.91800", "2007-12-31": 6.484, "2007-09-30": 8.008, "2007-06-30": 9.569, "2007-03-31": "9.56400", "2006-12-31": 0, "2006-09-30": 0, "2006-06-30": 0, "2006-03-31": "", "2005-09-30": 0, "2005-06-30": 0}, "Common Stock Dividends Paid": {"2020-09-30": -52.236, "2020-06-30": -52.213, "2020-03-31": "-53.68300", "2019-12-31": -54.269, "2019-09-30": -54.24, "2019-06-30": -54.228, "2019-03-31": "-54.22100", "2018-12-31": -54.116, "2018-09-30": -54.085, "2018-06-30": -54.062, "2018-03-31": "-54.05300", "2017-12-31": -54.692, "2017-09-30": -54.682, "2017-06-30": -54.654, "2017-03-31": "-55.87500", "2016-12-31": -41.577, "2016-09-30": -41.564, "2016-06-30": -41.551, "2016-03-31": "-42.68300", "2015-12-31": -39.603, "2015-09-30": -40.243, "2015-06-30": -41.387, "2015-03-31": "-40.08300", "2014-12-31": -29.969, "2014-09-30": -29.907, "2014-06-30": -29.881, "2014-03-31": "-29.85000", "2013-12-31": -19.827, "2013-09-30": -19.818, "2013-06-30": -19.797, "2013-03-31": "", "2012-12-31": 0, "2012-09-30": 0, "2012-06-30": 0, "2012-03-31": "", "2011-12-31": 0, "2011-09-30": 0, "2011-06-30": 0, "2011-03-31": "", "2010-12-31": 0, "2010-09-30": 0, "2010-06-30": 0, "2010-03-31": "", "2009-12-31": 0, "2009-09-30": 0, "2009-06-30": 0, "2009-03-31": "", "2008-12-31": 0, "2008-09-30": 0, "2008-06-30": 0, "2008-03-31": "", "2007-12-31": 0, "2007-09-30": 0, "2007-06-30": 0, "2007-03-31": "", "2006-12-31": 0, "2006-09-30": 0, "2006-06-30": 0, "2006-03-31": "", "2005-09-30": 0, "2005-06-30": 0}}, "financial ratios": {"Current Ratio": {"2019-12-31": "1.82030", "2018-12-31": "1.73130", "2017-12-31": "1.90380", "2016-12-31": "2.04300", "2015-12-31": "1.94020", "2014-12-31": "1.72030", "2013-12-31": "2.24530", "2012-12-31": "2.31540", "2011-12-31": "2.49620", "2010-12-31": "2.58960", "2009-12-31": "2.07350", "2008-12-31": "2.82020", "2007-12-31": "3.03980", "2006-12-31": "", "2006-06-30": "2.33000", "2005-12-31": "", "2005-06-30": "1.97680"}, "Long-term Debt / Capital": {"2019-12-31": "0.72480", "2018-12-31": "0.80210", "2017-12-31": "0.84360", "2016-12-31": "0.74130", "2015-12-31": "0.63640", "2014-12-31": "0.53790", "2013-12-31": "0.54380", "2012-12-31": "0.59770", "2011-12-31": "0.72640", "2010-12-31": "0.77960", "2009-12-31": "0.83770", "2008-12-31": "0.92010", "2007-12-31": "0.88910", "2006-12-31": "", "2006-06-30": "0.00090", "2005-12-31": "", "2005-06-30": "0.00240"}, "Debt/Equity Ratio": {"2019-12-31": "2.72690", "2018-12-31": "4.56420", "2017-12-31": "5.77600", "2016-12-31": "3.05780", "2015-12-31": "2.04040", "2014-12-31": "1.43050", "2013-12-31": "1.36920", "2012-12-31": "1.71110", "2011-12-31": "2.99210", "2010-12-31": "3.78800", "2009-12-31": "5.85240", "2008-12-31": "12.08870", "2007-12-31": "8.08170", "2006-12-31": "", "2006-06-30": "0.30910", "2005-12-31": "", "2005-06-30": "0.24800"}, "Gross Margin": {"2019-12-31": "39.03200", "2018-12-31": "38.99530", "2017-12-31": "38.46850", "2016-12-31": "37.75670", "2015-12-31": "37.27320", "2014-12-31": "35.76520", "2013-12-31": "34.82630", "2012-12-31": "31.37730", "2011-12-31": "33.67410", "2010-12-31": "33.18460", "2009-12-31": "32.51570", "2008-12-31": "32.41760", "2007-12-31": "32.20240", "2006-12-31": "", "2006-06-30": "33.20790", "2005-12-31": "", "2005-06-30": "31.17440"}, "Operating Margin": {"2019-12-31": "12.77080", "2018-12-31": "12.70810", "2017-12-31": "11.37580", "2016-12-31": "13.10590", "2015-12-31": "10.38320", "2014-12-31": "10.59120", "2013-12-31": "11.13240", "2012-12-31": "9.72480", "2011-12-31": "10.08340", "2010-12-31": "9.18630", "2009-12-31": "6.96060", "2008-12-31": "7.47230", "2007-12-31": "8.68400", "2006-12-31": "", "2006-06-30": "9.69410", "2005-12-31": "", "2005-06-30": "7.67520"}, "EBIT Margin": {"2019-12-31": "12.77080", "2018-12-31": "12.70810", "2017-12-31": "11.37580", "2016-12-31": "13.10590", "2015-12-31": "10.38320", "2014-12-31": "10.59120", "2013-12-31": "11.13240", "2012-12-31": "9.72480", "2011-12-31": "10.08340", "2010-12-31": "9.18630", "2009-12-31": "6.96060", "2008-12-31": "7.47230", "2007-12-31": "8.68400", "2006-12-31": "", "2006-06-30": "9.69410", "2005-12-31": "", "2005-06-30": "7.67520"}, "EBITDA Margin": {"2019-12-31": "14.80460", "2018-12-31": "14.78150", "2017-12-31": "13.42920", "2016-12-31": "14.96730", "2015-12-31": "12.31950", "2014-12-31": "12.54830", "2013-12-31": "13.24600", "2012-12-31": "11.98310", "2011-12-31": "12.61780", "2010-12-31": "12.01130", "2009-12-31": "9.72890", "2008-12-31": "10.32430", "2007-12-31": "11.77150", "2006-12-31": "", "2006-06-30": "12.24740", "2005-12-31": "", "2005-06-30": "10.19220"}, "Pre-Tax Profit Margin": {"2019-12-31": "9.75650", "2018-12-31": "9.45890", "2017-12-31": "8.17590", "2016-12-31": "9.47550", "2015-12-31": "8.26780", "2014-12-31": "8.73220", "2013-12-31": "8.55270", "2012-12-31": "5.81000", "2011-12-31": "6.41710", "2010-12-31": "5.07720", "2009-12-31": "1.49760", "2008-12-31": "3.83730", "2007-12-31": "4.11500", "2006-12-31": "", "2006-06-30": "9.30780", "2005-12-31": "", "2005-06-30": "7.37700"}, "Net Profit Margin": {"2019-12-31": "8.62250", "2018-12-31": "7.93170", "2017-12-31": "1.14170", "2016-12-31": "8.94760", "2015-12-31": "7.48240", "2014-12-31": "7.59700", "2013-12-31": "7.14150", "2012-12-31": "3.63880", "2011-12-31": "6.01420", "2010-12-31": "5.09630", "2009-12-31": "1.31790", "2008-12-31": "2.99310", "2007-12-31": "2.81880", "2006-12-31": "", "2006-06-30": "7.21000", "2005-12-31": "", "2005-06-30": "4.66530"}, "Asset Turnover": {"2019-12-31": "0.94740", "2018-12-31": "0.94000", "2017-12-31": "0.93860", "2016-12-31": "0.86980", "2015-12-31": "1.02390", "2014-12-31": "1.02240", "2013-12-31": "1.13150", "2012-12-31": "1.24620", "2011-12-31": "1.09900", "2010-12-31": "1.09390", "2009-12-31": "1.16980", "2008-12-31": "1.20220", "2007-12-31": "1.30090", "2006-12-31": "", "2006-06-30": "0.91450", "2005-12-31": "", "2005-06-30": "1.10540"}, "Inventory Turnover Ratio": {"2019-12-31": "2.22870", "2018-12-31": "2.01800", "2017-12-31": "2.12370", "2016-12-31": "2.03860", "2015-12-31": "1.98130", "2014-12-31": "2.22500", "2013-12-31": "2.35020", "2012-12-31": "2.47830", "2011-12-31": "1.82950", "2010-12-31": "2.09430", "2009-12-31": "2.50290", "2008-12-31": "2.22500", "2007-12-31": "2.71570", "2006-12-31": "", "2006-06-30": "2.41590", "2005-12-31": "", "2005-06-30": "2.55320"}, "Receiveable Turnover": {"2019-12-31": "8.54620", "2018-12-31": "7.81280", "2017-12-31": "7.16400", "2016-12-31": "7.20280", "2015-12-31": "8.42360", "2014-12-31": "7.92320", "2013-12-31": "7.99890", "2012-12-31": "8.93920", "2011-12-31": "9.42040", "2010-12-31": "8.23860", "2009-12-31": "8.63690", "2008-12-31": "10.49260", "2007-12-31": "7.78090", "2006-12-31": "", "2006-06-30": "6.52860", "2005-12-31": "", "2005-06-30": "8.14420"}, "Days Sales In Receivables": {"2019-12-31": "42.70920", "2018-12-31": "46.71850", "2017-12-31": "50.94890", "2016-12-31": "50.67470", "2015-12-31": "43.33070", "2014-12-31": "46.06750", "2013-12-31": "45.63150", "2012-12-31": "40.83140", "2011-12-31": "38.74580", "2010-12-31": "44.30370", "2009-12-31": "42.26060", "2008-12-31": "34.78640", "2007-12-31": "46.90990", "2006-12-31": "", "2006-06-30": "55.90810", "2005-12-31": "", "2005-06-30": "44.81720"}, "ROE - Return On Equity": {"2019-12-31": "48.57860", "2018-12-31": "61.87940", "2017-12-31": "11.07230", "2016-12-31": "43.86970", "2015-12-31": "33.61220", "2014-12-31": "29.16980", "2013-12-31": "26.85580", "2012-12-31": "26.20950", "2011-12-31": "35.61630", "2010-12-31": "34.23150", "2009-12-31": "15.32120", "2008-12-31": "68.68250", "2007-12-31": "43.65710", "2006-12-31": "", "2006-06-30": "9.98700", "2005-12-31": "", "2005-06-30": "8.39660"}, "Return On Tangible Equity": {"2019-12-31": "-39.52320", "2018-12-31": "-28.03490", "2017-12-31": "-4.03350", "2016-12-31": "-46.28350", "2015-12-31": "-165.61980", "2014-12-31": "-1468.35800", "2013-12-31": "145.92640", "2012-12-31": "69.70810", "2011-12-31": "311.02560", "2010-12-31": "-417.88670", "2009-12-31": "-41.52570", "2008-12-31": "-44.73210", "2007-12-31": "-72.99560", "2006-12-31": "", "2006-06-30": "11.45980", "2005-12-31": "-153.49690", "2005-06-30": "10.03350"}, "ROA - Return On Assets": {"2019-12-31": "8.16860", "2018-12-31": "7.45580", "2017-12-31": "1.10200", "2016-12-31": "7.74730", "2015-12-31": "7.66140", "2014-12-31": "7.76700", "2013-12-31": "8.08040", "2012-12-31": "6.40040", "2011-12-31": "6.01210", "2010-12-31": "5.08210", "2009-12-31": "1.54160", "2008-12-31": "3.59840", "2007-12-31": "3.66700", "2006-12-31": "", "2006-06-30": "6.59350", "2005-12-31": "-153.49690", "2005-06-30": "5.15700"}, "ROI - Return On Investment": {"2019-12-31": "13.36880", "2018-12-31": "12.24760", "2017-12-31": "1.73140", "2016-12-31": "11.34770", "2015-12-31": "12.22300", "2014-12-31": "13.48050", "2013-12-31": "12.25130", "2012-12-31": "10.54470", "2011-12-31": "9.74630", "2010-12-31": "7.54330", "2009-12-31": "2.48670", "2008-12-31": "5.49070", "2007-12-31": "4.84330", "2006-12-31": "", "2006-06-30": "9.97840", "2005-12-31": "", "2005-06-30": "8.37660"}, "Book Value Per Share": {"2019-12-31": "3.41180", "2018-12-31": "2.41370", "2017-12-31": "1.90550", "2016-12-31": "3.23200", "2015-12-31": "3.25770", "2014-12-31": "3.46010", "2013-12-31": "3.09340", "2012-12-31": "2.25620", "2011-12-31": "1.74600", "2010-12-31": "1.46210", "2009-12-31": "0.87720", "2008-12-31": "0.49500", "2007-12-31": "0.75840", "2006-12-31": "", "2006-06-30": "", "2005-12-31": "", "2005-06-30": ""}, "Operating Cash Flow Per Share": {"2019-12-31": 0.433, "2018-12-31": -0.0099, "2017-12-31": 0.2002, "2016-12-31": 1.0124, "2015-12-31": -0.6828, "2014-12-31": -0.2065, "2013-12-31": 0.0714, "2012-12-31": 0.9433, "2011-12-31": 0.0968, "2010-12-31": -0.743, "2009-12-31": 0.6172, "2008-12-31": -0.4618, "2007-12-31": 0.9278, "2006-12-31": -1.3255, "2006-06-30": 1.3255, "2005-12-31": -1.3158, "2005-06-30": 1.3158}, "Free Cash Flow Per Share": {"2019-12-31": 0.3995, "2018-12-31": -0.0161, "2017-12-31": -0.0166, "2016-12-31": 1.2138, "2015-12-31": -0.7507, "2014-12-31": -0.2546, "2013-12-31": 0.0804, "2012-12-31": 1.0349, "2011-12-31": 0.059, "2010-12-31": -0.6657, "2009-12-31": 0.8104, "2008-12-31": -0.6933, "2007-12-31": 0.7339, "2006-12-31": -1.0541, "2006-06-30": 1.0541, "2005-12-31": -1.1648, "2005-06-30": 1.1648}}, "financial ratios, quarterly": {"Current Ratio": {"2020-09-30": "2.02560", "2020-06-30": "2.01360", "2020-03-31": "2.20830", "2019-12-31": "1.82030", "2019-09-30": "1.72810", "2019-06-30": "1.76090", "2019-03-31": "1.65620", "2018-12-31": "1.73130", "2018-09-30": "1.84360", "2018-06-30": "2.01960", "2018-03-31": "2.02640", "2017-12-31": "1.90380", "2017-09-30": "1.87700", "2017-06-30": "2.01170", "2017-03-31": "1.96250", "2016-12-31": "2.04300", "2016-09-30": "1.90200", "2016-06-30": "2.34280", "2016-03-31": "2.27820", "2015-12-31": "1.94020", "2015-09-30": "2.07710", "2015-06-30": "2.17770", "2015-03-31": "2.15650", "2014-12-31": "1.72030", "2014-09-30": "1.88220", "2014-06-30": "2.23980", "2014-03-31": "2.37130", "2013-12-31": "2.24530", "2013-09-30": "2.47030", "2013-06-30": "2.52790", "2013-03-31": "2.50990", "2012-12-31": "2.31540", "2012-09-30": "2.14930", "2012-06-30": "2.34110", "2012-03-31": "2.72700", "2011-12-31": "2.49620", "2011-09-30": "2.48160", "2011-06-30": "2.33140", "2011-03-31": "2.58130", "2010-12-31": "2.58960", "2010-09-30": "2.35470", "2010-06-30": "2.37200", "2010-03-31": "2.23010", "2009-12-31": "2.07350", "2009-09-30": "2.20720", "2009-06-30": "2.41510", "2009-03-31": "2.39640", "2008-12-31": "2.82020", "2008-09-30": "2.91920", "2008-06-30": "3.04840", "2008-03-31": "3.10770", "2007-12-31": "3.03980", "2007-09-30": "2.79060", "2007-06-30": "3.24410", "2007-03-31": "3.26750", "2006-12-31": "", "2006-09-30": "3.24240", "2006-06-30": "2.33000", "2006-03-31": "", "2005-09-30": "", "2005-06-30": ""}, "Long-term Debt / Capital": {"2020-09-30": "0.77560", "2020-06-30": "0.78690", "2020-03-31": "0.82910", "2019-12-31": "0.72480", "2019-09-30": "0.75620", "2019-06-30": "0.78170", "2019-03-31": "0.79490", "2018-12-31": "0.80210", "2018-09-30": "0.81610", "2018-06-30": "0.84400", "2018-03-31": "0.85570", "2017-12-31": "0.84360", "2017-09-30": "0.74340", "2017-06-30": "0.77880", "2017-03-31": "0.79710", "2016-12-31": "0.74130", "2016-09-30": "0.75640", "2016-06-30": "0.76760", "2016-03-31": "0.75690", "2015-12-31": "0.63640", "2015-09-30": "0.65380", "2015-06-30": "0.60440", "2015-03-31": "0.58450", "2014-12-31": "0.53790", "2014-09-30": "0.56580", "2014-06-30": "0.52490", "2014-03-31": "0.56520", "2013-12-31": "0.54380", "2013-09-30": "0.52040", "2013-06-30": "0.56830", "2013-03-31": "0.60200", "2012-12-31": "0.59770", "2012-09-30": "0.65870", "2012-06-30": "0.71630", "2012-03-31": "0.74640", "2011-12-31": "0.72640", "2011-09-30": "0.72780", "2011-06-30": "0.75230", "2011-03-31": "0.77170", "2010-12-31": "0.77960", "2010-09-30": "0.77660", "2010-06-30": "0.80170", "2010-03-31": "0.82570", "2009-12-31": "0.83770", "2009-09-30": "0.85950", "2009-06-30": "0.89290", "2009-03-31": "0.91690", "2008-12-31": "0.92010", "2008-09-30": "0.85870", "2008-06-30": "0.85560", "2008-03-31": "0.88150", "2007-12-31": "0.88910", "2007-09-30": "0.91500", "2007-06-30": "0.94960", "2007-03-31": "0.96440", "2006-12-31": "", "2006-09-30": "0.99370", "2006-06-30": "", "2006-03-31": "", "2005-09-30": "", "2005-06-30": ""}, "Debt/Equity Ratio": {"2020-09-30": "3.46010", "2020-06-30": "3.80510", "2020-03-31": "5.15430", "2019-12-31": "2.72690", "2019-09-30": "3.42760", "2019-06-30": "3.92270", "2019-03-31": "4.39240", "2018-12-31": "4.56420", "2018-09-30": "5.03550", "2018-06-30": "5.86360", "2018-03-31": "6.41330", "2017-12-31": "5.77600", "2017-09-30": "3.24560", "2017-06-30": "3.91880", "2017-03-31": "4.32120", "2016-12-31": "3.05780", "2016-09-30": "3.47950", "2016-06-30": "3.64660", "2016-03-31": "3.50930", "2015-12-31": "2.04040", "2015-09-30": "2.22300", "2015-06-30": "1.78890", "2015-03-31": "1.64030", "2014-12-31": "1.43050", "2014-09-30": "1.56450", "2014-06-30": "1.29770", "2014-03-31": "1.46280", "2013-12-31": "1.36920", "2013-09-30": "1.23410", "2013-06-30": "1.50870", "2013-03-31": "1.71270", "2012-12-31": "1.71110", "2012-09-30": "2.43210", "2012-06-30": "3.07950", "2012-03-31": "3.25470", "2011-12-31": "2.99210", "2011-09-30": "2.95220", "2011-06-30": "3.40570", "2011-03-31": "3.65650", "2010-12-31": "3.78800", "2010-09-30": "3.83330", "2010-06-30": "4.39910", "2010-03-31": "5.29010", "2009-12-31": "5.85240", "2009-09-30": "7.17940", "2009-06-30": "9.55050", "2009-03-31": "12.62710", "2008-12-31": "12.08870", "2008-09-30": "6.26560", "2008-06-30": "6.07530", "2008-03-31": "7.48460", "2007-12-31": "8.08170", "2007-09-30": "10.96870", "2007-06-30": "18.95550", "2007-03-31": "27.43710", "2006-12-31": "", "2006-09-30": "160.44050", "2006-06-30": "0.22210", "2006-03-31": "", "2005-09-30": "", "2005-06-30": ""}, "Gross Margin": {"2020-09-30": "34.10520", "2020-06-30": "36.40550", "2020-03-31": "35.98520", "2019-12-31": "40.36210", "2019-09-30": "38.40630", "2019-06-30": "38.36180", "2019-03-31": "39.04420", "2018-12-31": "39.68070", "2018-09-30": "38.54950", "2018-06-30": "38.47150", "2018-03-31": "39.34210", "2017-12-31": "38.02400", "2017-09-30": "37.70740", "2017-06-30": "39.22620", "2017-03-31": "39.08640", "2016-12-31": "38.85810", "2016-09-30": "36.87450", "2016-06-30": "37.84070", "2016-03-31": "37.50640", "2015-12-31": "38.38980", "2015-09-30": "36.50130", "2015-06-30": "37.33330", "2015-03-31": "36.91150", "2014-12-31": "35.83100", "2014-09-30": "35.53260", "2014-06-30": "37.58080", "2014-03-31": "33.67820", "2013-12-31": "33.22720", "2013-09-30": "35.21790", "2013-06-30": "36.31420", "2013-03-31": "34.61790", "2012-12-31": "34.51710", "2012-09-30": "32.81660", "2012-06-30": "31.07880", "2012-03-31": "26.21570", "2011-12-31": "30.11760", "2011-09-30": "34.93220", "2011-06-30": "35.10520", "2011-03-31": "34.20700", "2010-12-31": "31.96500", "2010-09-30": "31.01130", "2010-06-30": "34.83810", "2010-03-31": "35.28950", "2009-12-31": "32.70100", "2009-09-30": "33.69120", "2009-06-30": "33.20320", "2009-03-31": "30.06110", "2008-12-31": "29.91410", "2008-09-30": "29.62670", "2008-06-30": "35.53130", "2008-03-31": "34.92080", "2007-12-31": "31.04530", "2007-09-30": "31.29480", "2007-06-30": "33.90270", "2007-03-31": "32.66480", "2006-12-31": "", "2006-09-30": "32.67570", "2006-06-30": "33.08830", "2006-03-31": "33.00470", "2005-09-30": "32.47200", "2005-06-30": ""}, "Operating Margin": {"2020-09-30": "9.65410", "2020-06-30": "13.89110", "2020-03-31": "2.59260", "2019-12-31": "13.90150", "2019-09-30": "14.30510", "2019-06-30": "13.03860", "2019-03-31": "9.42330", "2018-12-31": "13.66520", "2018-09-30": "13.89560", "2018-06-30": "12.82830", "2018-03-31": "9.92580", "2017-12-31": "7.14670", "2017-09-30": "14.36510", "2017-06-30": "14.19310", "2017-03-31": "9.15920", "2016-12-31": "13.84390", "2016-09-30": "12.96700", "2016-06-30": "15.02040", "2016-03-31": "10.04030", "2015-12-31": "11.20390", "2015-09-30": "13.09380", "2015-06-30": "9.12810", "2015-03-31": "7.43900", "2014-12-31": "8.61360", "2014-09-30": "10.98660", "2014-06-30": "15.43340", "2014-03-31": "6.77650", "2013-12-31": "5.57620", "2013-09-30": "14.77420", "2013-06-30": "15.13060", "2013-03-31": "9.00540", "2012-12-31": "13.26770", "2012-09-30": "12.84240", "2012-06-30": "10.15970", "2012-03-31": "1.09390", "2011-12-31": "6.17640", "2011-09-30": "12.22840", "2011-06-30": "11.62870", "2011-03-31": "9.82650", "2010-12-31": "6.01550", "2010-09-30": "9.72080", "2010-06-30": "11.41470", "2010-03-31": "9.23780", "2009-12-31": "7.83140", "2009-09-30": "8.81380", "2009-06-30": "8.53410", "2009-03-31": "1.86130", "2008-12-31": "5.64170", "2008-09-30": "5.04500", "2008-06-30": "10.54750", "2008-03-31": "8.88740", "2007-12-31": "10.85850", "2007-09-30": "9.16470", "2007-06-30": "7.85400", "2007-03-31": "6.62240", "2006-12-31": "", "2006-09-30": "8.39100", "2006-06-30": "13.37760", "2006-03-31": "9.31760", "2005-09-30": "9.12330", "2005-06-30": ""}, "EBIT Margin": {"2020-09-30": "9.65410", "2020-06-30": "13.89110", "2020-03-31": "2.59260", "2019-12-31": "13.90140", "2019-09-30": "14.30510", "2019-06-30": "13.03860", "2019-03-31": "9.42330", "2018-12-31": "13.66520", "2018-09-30": "13.89560", "2018-06-30": "12.82830", "2018-03-31": "9.92580", "2017-12-31": "7.14670", "2017-09-30": "14.36510", "2017-06-30": "14.19310", "2017-03-31": "9.15920", "2016-12-31": "13.84390", "2016-09-30": "12.96700", "2016-06-30": "15.02040", "2016-03-31": "10.04030", "2015-12-31": "11.20390", "2015-09-30": "13.09380", "2015-06-30": "9.12810", "2015-03-31": "7.43900", "2014-12-31": "8.61360", "2014-09-30": "10.98660", "2014-06-30": "15.43340", "2014-03-31": "6.77650", "2013-12-31": "5.57620", "2013-09-30": "14.77420", "2013-06-30": "15.13060", "2013-03-31": "9.00540", "2012-12-31": "13.26780", "2012-09-30": "12.84240", "2012-06-30": "10.15970", "2012-03-31": "1.09390", "2011-12-31": "6.17640", "2011-09-30": "12.22840", "2011-06-30": "11.62870", "2011-03-31": "9.82650", "2010-12-31": "6.01550", "2010-09-30": "9.72080", "2010-06-30": "11.41470", "2010-03-31": "9.23780", "2009-12-31": "7.83140", "2009-09-30": "8.81380", "2009-06-30": "8.53410", "2009-03-31": "1.86130", "2008-12-31": "5.64170", "2008-09-30": "5.04500", "2008-06-30": "10.54750", "2008-03-31": "8.88740", "2007-12-31": "10.85850", "2007-09-30": "9.16470", "2007-06-30": "7.85400", "2007-03-31": "6.62240", "2006-12-31": "", "2006-09-30": "8.39100", "2006-06-30": "13.62010", "2006-03-31": "9.31760", "2005-09-30": "9.12330", "2005-06-30": ""}, "EBITDA Margin": {"2020-09-30": "", "2020-06-30": "", "2020-03-31": "", "2019-12-31": "", "2019-09-30": "", "2019-06-30": "", "2019-03-31": "", "2018-12-31": "", "2018-09-30": "", "2018-06-30": "", "2018-03-31": "", "2017-12-31": "", "2017-09-30": "", "2017-06-30": "", "2017-03-31": "", "2016-12-31": "", "2016-09-30": "", "2016-06-30": "", "2016-03-31": "", "2015-12-31": "", "2015-09-30": "", "2015-06-30": "", "2015-03-31": "", "2014-12-31": "", "2014-09-30": "", "2014-06-30": "", "2014-03-31": "", "2013-12-31": "", "2013-09-30": "", "2013-06-30": "", "2013-03-31": "", "2012-12-31": "", "2012-09-30": "", "2012-06-30": "", "2012-03-31": "", "2011-12-31": "", "2011-09-30": "", "2011-06-30": "", "2011-03-31": "", "2010-12-31": "", "2010-09-30": "", "2010-06-30": "", "2010-03-31": "", "2009-12-31": "", "2009-09-30": "", "2009-06-30": "", "2009-03-31": "", "2008-12-31": "", "2008-09-30": "", "2008-06-30": "", "2008-03-31": "", "2007-12-31": "", "2007-09-30": "", "2007-06-30": "", "2007-03-31": "", "2006-12-31": "", "2006-09-30": "", "2006-06-30": "", "2006-03-31": "", "2005-09-30": "", "2005-06-30": ""}, "Pre-Tax Profit Margin": {"2020-09-30": "6.93450", "2020-06-30": "11.20480", "2020-03-31": "-0.69950", "2019-12-31": "11.12790", "2019-09-30": "11.56500", "2019-06-30": "9.92820", "2019-03-31": "5.92770", "2018-12-31": "10.58500", "2018-09-30": "10.64580", "2018-06-30": "9.62220", "2018-03-31": "6.42430", "2017-12-31": "3.68890", "2017-09-30": "11.53280", "2017-06-30": "11.12300", "2017-03-31": "5.63240", "2016-12-31": "10.23950", "2016-09-30": "10.41220", "2016-06-30": "9.25800", "2016-03-31": "7.39780", "2015-12-31": "8.93000", "2015-09-30": "11.07790", "2015-06-30": "7.16690", "2015-03-31": "5.18330", "2014-12-31": "6.60180", "2014-09-30": "9.25010", "2014-06-30": "13.81060", "2014-03-31": "4.67590", "2013-12-31": "2.34630", "2013-09-30": "12.61970", "2013-06-30": "12.96480", "2013-03-31": "6.24630", "2012-12-31": "7.55890", "2012-09-30": "9.86620", "2012-06-30": "6.99010", "2012-03-31": "-2.77400", "2011-12-31": "2.17550", "2011-09-30": "8.92670", "2011-06-30": "8.20910", "2011-03-31": "5.80240", "2010-12-31": "0.35560", "2010-09-30": "6.53170", "2010-06-30": "7.77100", "2010-03-31": "5.04520", "2009-12-31": "-0.41090", "2009-09-30": "4.52880", "2009-06-30": "3.97280", "2009-03-31": "-2.88850", "2008-12-31": "1.85840", "2008-09-30": "1.81580", "2008-06-30": "7.03730", "2008-03-31": "4.79830", "2007-12-31": "6.47710", "2007-09-30": "4.81660", "2007-06-30": "3.23860", "2007-03-31": "1.64910", "2006-12-31": "", "2006-09-30": "6.82080", "2006-06-30": "14.38270", "2006-03-31": "9.01750", "2005-09-30": "8.76450", "2005-06-30": ""}, "Net Profit Margin": {"2020-09-30": "5.71140", "2020-06-30": "9.26980", "2020-03-31": "-0.59810", "2019-12-31": "10.56460", "2019-09-30": "9.91400", "2019-06-30": "8.49300", "2019-03-31": "5.10620", "2018-12-31": "8.38110", "2018-09-30": "9.27250", "2018-06-30": "8.19810", "2018-03-31": "5.39650", "2017-12-31": "-22.64950", "2017-09-30": "11.30210", "2017-06-30": "10.47800", "2017-03-31": "5.11590", "2016-12-31": "9.97340", "2016-09-30": "9.87260", "2016-06-30": "8.70100", "2016-03-31": "6.58410", "2015-12-31": "8.45390", "2015-09-30": "10.19170", "2015-06-30": "6.23520", "2015-03-31": "4.35400", "2014-12-31": "5.87400", "2014-09-30": "8.49160", "2014-06-30": "11.51800", "2014-03-31": "3.92310", "2013-12-31": "2.50940", "2013-09-30": "10.46170", "2013-06-30": "10.13890", "2013-03-31": "5.43430", "2012-12-31": "6.97050", "2012-09-30": "9.01730", "2012-06-30": "0.10430", "2012-03-31": "-2.75710", "2011-12-31": "3.92160", "2011-09-30": "7.66320", "2011-06-30": "7.43010", "2011-03-31": "4.64190", "2010-12-31": "2.89550", "2010-09-30": "5.22530", "2010-06-30": "7.93900", "2010-03-31": "3.93530", "2009-12-31": "-0.10940", "2009-09-30": "3.88580", "2009-06-30": "3.09880", "2009-03-31": "-2.25310", "2008-12-31": "1.72740", "2008-09-30": "1.38000", "2008-06-30": "5.34840", "2008-03-31": "3.64670", "2007-12-31": "4.29570", "2007-09-30": "3.37170", "2007-06-30": "2.26700", "2007-03-31": "1.15430", "2006-12-31": "", "2006-09-30": "4.49920", "2006-06-30": "11.51420", "2006-03-31": "7.22190", "2005-09-30": "7.25890", "2005-06-30": ""}, "Asset Turnover": {"2020-09-30": "0.22160", "2020-06-30": "0.21430", "2020-03-31": "0.16570", "2019-12-31": "0.23810", "2019-09-30": "0.24170", "2019-06-30": "0.22440", "2019-03-31": "0.20300", "2018-12-31": "0.24430", "2018-09-30": "0.24800", "2018-06-30": "0.23090", "2018-03-31": "0.20080", "2017-12-31": "0.23860", "2017-09-30": "0.24710", "2017-06-30": "0.22750", "2017-03-31": "0.19560", "2016-12-31": "0.22730", "2016-09-30": "0.24110", "2016-06-30": "0.22260", "2016-03-31": "0.20940", "2015-12-31": "0.25180", "2015-09-30": "0.27340", "2015-06-30": "0.25920", "2015-03-31": "0.22350", "2014-12-31": "0.29230", "2014-09-30": "0.25270", "2014-06-30": "0.30400", "2014-03-31": "0.24790", "2013-12-31": "0.31440", "2013-09-30": "0.31220", "2013-06-30": "0.31150", "2013-03-31": "0.24830", "2012-12-31": "0.31760", "2012-09-30": "0.30930", "2012-06-30": "0.30380", "2012-03-31": "0.23870", "2011-12-31": "0.25890", "2011-09-30": "0.28100", "2011-06-30": "0.28110", "2011-03-31": "0.25420", "2010-12-31": "0.25570", "2010-09-30": "0.31250", "2010-06-30": "0.29770", "2010-03-31": "0.26970", "2009-12-31": "0.29720", "2009-09-30": "0.30320", "2009-06-30": "0.27570", "2009-03-31": "0.24060", "2008-12-31": "0.29290", "2008-09-30": "0.31800", "2008-06-30": "0.29970", "2008-03-31": "0.28470", "2007-12-31": "0.33700", "2007-09-30": "0.32840", "2007-06-30": "0.32250", "2007-03-31": "0.30100", "2006-12-31": "", "2006-09-30": "0.31070", "2006-06-30": "0.24550", "2006-03-31": "", "2005-09-30": "", "2005-06-30": ""}, "Inventory Turnover Ratio": {"2020-09-30": "0.54900", "2020-06-30": "0.56460", "2020-03-31": "0.42910", "2019-12-31": "0.54790", "2019-09-30": "0.54890", "2019-06-30": "0.48820", "2019-03-31": "0.43350", "2018-12-31": "0.51860", "2018-09-30": "0.53100", "2018-06-30": "0.49970", "2018-03-31": "0.43650", "2017-12-31": "0.54380", "2017-09-30": "0.57360", "2017-06-30": "0.50020", "2017-03-31": "0.42070", "2016-12-31": "0.52330", "2016-09-30": "0.55440", "2016-06-30": "0.45620", "2016-03-31": "0.38680", "2015-12-31": "0.47860", "2015-09-30": "0.55710", "2015-06-30": "0.53990", "2015-03-31": "0.45060", "2014-12-31": "0.63560", "2014-09-30": "0.54200", "2014-06-30": "0.59770", "2014-03-31": "0.50110", "2013-12-31": "0.66900", "2013-09-30": "0.59030", "2013-06-30": "0.57110", "2013-03-31": "0.45890", "2012-12-31": "0.60260", "2012-09-30": "0.61070", "2012-06-30": "0.56670", "2012-03-31": "0.44340", "2011-12-31": "0.45410", "2011-09-30": "0.44670", "2011-06-30": "0.46210", "2011-03-31": "0.44230", "2010-12-31": "0.49840", "2010-09-30": "0.58770", "2010-06-30": "0.54110", "2010-03-31": "0.50740", "2009-12-31": "0.63420", "2009-09-30": "0.61740", "2009-06-30": "0.53350", "2009-03-31": "0.46110", "2008-12-31": "0.56210", "2008-09-30": "0.59740", "2008-06-30": "0.51500", "2008-03-31": "0.52520", "2007-12-31": "0.71550", "2007-09-30": "0.66280", "2007-06-30": "0.60100", "2007-03-31": "0.55850", "2006-12-31": "", "2006-09-30": "0.59650", "2006-06-30": "0.64980", "2006-03-31": "", "2005-09-30": "", "2005-06-30": ""}, "Receiveable Turnover": {"2020-09-30": "1.83660", "2020-06-30": "1.45280", "2020-03-31": "1.81560", "2019-12-31": "2.14790", "2019-09-30": "1.80570", "2019-06-30": "1.74040", "2019-03-31": "1.70230", "2018-12-31": "2.03050", "2018-09-30": "1.76990", "2018-06-30": "1.76160", "2018-03-31": "1.68230", "2017-12-31": "1.82130", "2017-09-30": "1.78290", "2017-06-30": "1.76000", "2017-03-31": "1.72440", "2016-12-31": "1.88230", "2016-09-30": "1.83120", "2016-06-30": "1.71730", "2016-03-31": "1.68830", "2015-12-31": "2.07160", "2015-09-30": "1.87110", "2015-06-30": "1.82210", "2015-03-31": "1.69530", "2014-12-31": "2.26560", "2014-09-30": "1.60100", "2014-06-30": "1.72160", "2014-03-31": "1.73210", "2013-12-31": "2.22240", "2013-09-30": "2.04430", "2013-06-30": "1.94480", "2013-03-31": "1.71700", "2012-12-31": "2.27790", "2012-09-30": "2.08150", "2012-06-30": "2.01480", "2012-03-31": "1.85450", "2011-12-31": "2.21920", "2011-09-30": "2.01090", "2011-06-30": "1.90790", "2011-03-31": "1.89430", "2010-12-31": "1.92540", "2010-09-30": "2.20820", "2010-06-30": "2.09800", "2010-03-31": "2.10730", "2009-12-31": "2.19460", "2009-09-30": "1.96580", "2009-06-30": "1.95140", "2009-03-31": "2.01960", "2008-12-31": "2.55630", "2008-09-30": "2.04930", "2008-06-30": "1.95790", "2008-03-31": "1.82290", "2007-12-31": "2.01560", "2007-09-30": "1.99670", "2007-06-30": "2.01830", "2007-03-31": "2.02380", "2006-12-31": "", "2006-09-30": "2.16530", "2006-06-30": "1.75280", "2006-03-31": "", "2005-09-30": "", "2005-06-30": ""}, "Days Sales In Receivables": {"2020-09-30": "49.00350", "2020-06-30": "61.94830", "2020-03-31": "49.57100", "2019-12-31": "41.90100", "2019-09-30": "49.84260", "2019-06-30": "51.71340", "2019-03-31": "52.87000", "2018-12-31": "44.32450", "2018-09-30": "50.84980", "2018-06-30": "51.09040", "2018-03-31": "53.49730", "2017-12-31": "49.41640", "2017-09-30": "50.47990", "2017-06-30": "51.13500", "2017-03-31": "52.19090", "2016-12-31": "47.81480", "2016-09-30": "49.14730", "2016-06-30": "52.40640", "2016-03-31": "53.30750", "2015-12-31": "43.44450", "2015-09-30": "48.10070", "2015-06-30": "49.39240", "2015-03-31": "53.08880", "2014-12-31": "39.72450", "2014-09-30": "56.21580", "2014-06-30": "52.27580", "2014-03-31": "51.95920", "2013-12-31": "40.49670", "2013-09-30": "44.02560", "2013-06-30": "46.27730", "2013-03-31": "52.41730", "2012-12-31": "39.50990", "2012-09-30": "43.23860", "2012-06-30": "44.66870", "2012-03-31": "48.53090", "2011-12-31": "40.55580", "2011-09-30": "44.75600", "2011-06-30": "47.17180", "2011-03-31": "47.51100", "2010-12-31": "46.74290", "2010-09-30": "40.75670", "2010-06-30": "42.89820", "2010-03-31": "42.70890", "2009-12-31": "41.01050", "2009-09-30": "45.78240", "2009-06-30": "46.12190", "2009-03-31": "44.56340", "2008-12-31": "35.20730", "2008-09-30": "43.91710", "2008-06-30": "45.96800", "2008-03-31": "49.37100", "2007-12-31": "44.65090", "2007-09-30": "45.07460", "2007-06-30": "44.59260", "2007-03-31": "44.47000", "2006-12-31": "", "2006-09-30": "41.56510", "2006-06-30": "51.34640", "2006-03-31": "", "2005-09-30": "", "2005-06-30": ""}, "ROE - Return On Equity": {"2020-09-30": "8.98430", "2020-06-30": "14.93360", "2020-03-31": "-0.90140", "2019-12-31": "14.95930", "2019-09-30": "16.55420", "2019-06-30": "14.58520", "2019-03-31": "8.69120", "2018-12-31": "16.99330", "2018-09-30": "19.69030", "2018-06-30": "18.33090", "2018-03-31": "11.25260", "2017-12-31": "-54.30240", "2017-09-30": "16.51730", "2017-06-30": "15.96590", "2017-03-31": "7.62810", "2016-12-31": "12.72350", "2016-09-30": "14.56270", "2016-06-30": "12.20770", "2016-03-31": "8.43130", "2015-12-31": "9.33960", "2015-09-30": "12.96920", "2015-06-30": "6.53700", "2015-03-31": "3.75110", "2014-12-31": "6.44930", "2014-09-30": "8.12090", "2014-06-30": "11.21410", "2014-03-31": "3.33420", "2013-12-31": "2.62190", "2013-09-30": "10.87250", "2013-06-30": "11.64460", "2013-03-31": "5.41660", "2012-12-31": "8.81930", "2012-09-30": "14.30800", "2012-06-30": "10.23420", "2012-03-31": "-3.69000", "2011-12-31": "4.64420", "2011-09-30": "11.33900", "2011-06-30": "11.82120", "2011-03-31": "7.75800", "2010-12-31": "1.66620", "2010-09-30": "11.38510", "2010-06-30": "18.47610", "2010-03-31": "9.70820", "2009-12-31": "-0.32330", "2009-09-30": "14.03150", "2009-06-30": "12.77680", "2009-03-31": "-10.44150", "2008-12-31": "9.65730", "2008-09-30": "4.17920", "2008-06-30": "14.67550", "2008-03-31": "11.57280", "2007-12-31": "17.23510", "2007-09-30": "17.70000", "2007-06-30": "19.64970", "2007-03-31": "13.14500", "2006-12-31": "", "2006-09-30": "310.10160", "2006-06-30": "1.83590", "2006-03-31": "", "2005-09-30": "", "2005-06-30": ""}, "Return On Tangible Equity": {"2020-09-30": "-6.46400", "2020-06-30": "-9.87270", "2020-03-31": "0.44560", "2019-12-31": "-12.17080", "2019-09-30": "-11.57480", "2019-06-30": "-8.51310", "2019-03-31": "-4.37040", "2018-12-31": "-7.69890", "2018-09-30": "-8.71000", "2018-06-30": "-6.68920", "2018-03-31": "-3.53610", "2017-12-31": "19.78190", "2017-09-30": "-15.86510", "2017-06-30": "-12.28840", "2017-03-31": "-4.94010", "2016-12-31": "-13.42360", "2016-09-30": "-13.25550", "2016-06-30": "-17.40100", "2016-03-31": "-13.40290", "2015-12-31": "-46.01960", "2015-09-30": "-54.25150", "2015-06-30": "-97.79870", "2015-03-31": "130.91960", "2014-12-31": "-324.64620", "2014-09-30": "429.61360", "2014-06-30": "40.25050", "2014-03-31": "16.80670", "2013-12-31": "14.24670", "2013-09-30": "20.62670", "2013-06-30": "24.48060", "2013-03-31": "12.90470", "2012-12-31": "23.45620", "2012-09-30": "50.38310", "2012-06-30": "67.55730", "2012-03-31": "-42.47720", "2011-12-31": "40.55640", "2011-09-30": "58.90710", "2011-06-30": "160.77480", "2011-03-31": "359.42450", "2010-12-31": "-20.33980", "2010-09-30": "70.11420", "2010-06-30": "965.22310", "2010-03-31": "-46.16580", "2009-12-31": "0.87610", "2009-09-30": "-24.52940", "2009-06-30": "-13.60870", "2009-03-31": "6.86800", "2008-12-31": "-6.28970", "2008-09-30": "-17.10780", "2008-06-30": "-68.89250", "2008-03-31": "-22.98940", "2007-12-31": "-28.81750", "2007-09-30": "-16.73870", "2007-06-30": "-8.74260", "2007-03-31": "-3.65540", "2006-12-31": "", "2006-09-30": "-12.55850", "2006-06-30": "2.10670", "2006-03-31": "", "2005-09-30": "", "2005-06-30": ""}, "ROA - Return On Assets": {"2020-09-30": "1.26570", "2020-06-30": "1.98670", "2020-03-31": "-0.09910", "2019-12-31": "2.51550", "2019-09-30": "2.39640", "2019-06-30": "1.90610", "2019-03-31": "1.03640", "2018-12-31": "2.04750", "2018-09-30": "2.29930", "2018-06-30": "1.89330", "2018-03-31": "1.08370", "2017-12-31": "-5.40440", "2017-09-30": "2.79310", "2017-06-30": "2.37900", "2017-03-31": "1.03580", "2016-12-31": "2.24700", "2016-09-30": "2.36560", "2016-06-30": "1.93730", "2016-03-31": "1.37870", "2015-12-31": "2.12880", "2015-09-30": "2.78640", "2015-06-30": "1.61610", "2015-03-31": "0.97330", "2014-12-31": "1.71720", "2014-09-30": "2.14570", "2014-06-30": "3.50120", "2014-03-31": "0.97240", "2013-12-31": "0.78890", "2013-09-30": "3.26630", "2013-06-30": "3.15850", "2013-03-31": "1.34950", "2012-12-31": "2.15370", "2012-09-30": "2.82220", "2012-06-30": "1.73220", "2012-03-31": "-0.59540", "2011-12-31": "0.78400", "2011-09-30": "2.01660", "2011-06-30": "1.87160", "2011-03-31": "1.18000", "2010-12-31": "0.24740", "2010-09-30": "1.63270", "2010-06-30": "2.36350", "2010-03-31": "1.06140", "2009-12-31": "-0.03250", "2009-09-30": "1.17810", "2009-06-30": "0.85440", "2009-03-31": "-0.54220", "2008-12-31": "0.50600", "2008-09-30": "0.43890", "2008-06-30": "1.60290", "2008-03-31": "1.03810", "2007-12-31": "1.44770", "2007-09-30": "1.10720", "2007-06-30": "0.73120", "2007-03-31": "0.34750", "2006-12-31": "", "2006-09-30": "1.39800", "2006-06-30": "1.21210", "2006-03-31": "", "2005-09-30": "", "2005-06-30": ""}, "ROI - Return On Investment": {"2020-09-30": "2.01650", "2020-06-30": "3.18230", "2020-03-31": "-0.15410", "2019-12-31": "4.11680", "2019-09-30": "4.03630", "2019-06-30": "3.18440", "2019-03-31": "1.78270", "2018-12-31": "3.36340", "2018-09-30": "3.62090", "2018-06-30": "2.86050", "2018-03-31": "1.62360", "2017-12-31": "-8.49140", "2017-09-30": "4.23860", "2017-06-30": "3.53120", "2017-03-31": "1.54800", "2016-12-31": "3.29120", "2016-09-30": "3.54740", "2016-06-30": "2.83740", "2016-03-31": "2.05010", "2015-12-31": "3.39630", "2015-09-30": "4.48940", "2015-06-30": "2.58620", "2015-03-31": "1.55860", "2014-12-31": "2.98050", "2014-09-30": "3.52590", "2014-06-30": "5.32770", "2014-03-31": "1.44990", "2013-12-31": "1.19610", "2013-09-30": "5.21470", "2013-06-30": "5.02700", "2013-03-31": "2.15560", "2012-12-31": "3.54820", "2012-09-30": "4.88270", "2012-06-30": "2.90350", "2012-03-31": "-0.93580", "2011-12-31": "1.27090", "2011-09-30": "3.08670", "2011-06-30": "2.92770", "2011-03-31": "1.77140", "2010-12-31": "0.36720", "2010-09-30": "2.54390", "2010-06-30": "3.66420", "2010-03-31": "1.69220", "2009-12-31": "-0.05250", "2009-09-30": "1.97130", "2009-06-30": "1.36830", "2009-03-31": "-0.86750", "2008-12-31": "0.77200", "2008-09-30": "0.59050", "2008-06-30": "2.11910", "2008-03-31": "1.37150", "2007-12-31": "1.91210", "2007-09-30": "1.50470", "2007-06-30": "0.98980", "2007-03-31": "0.46780", "2006-12-31": "", "2006-09-30": "1.94400", "2006-06-30": "1.83590", "2006-03-31": "", "2005-09-30": "", "2005-06-30": ""}, "Book Value Per Share": {"2020-09-30": "3.30050", "2020-06-30": "3.10070", "2020-03-31": "2.51000", "2019-12-31": "3.41180", "2019-09-30": "3.09200", "2019-06-30": "2.83620", "2019-03-31": "2.58110", "2018-12-31": "2.41370", "2018-09-30": "2.41390", "2018-06-30": "2.12810", "2018-03-31": "1.95830", "2017-12-31": "1.90550", "2017-09-30": "3.37700", "2017-06-30": "2.95890", "2017-03-31": "2.63100", "2016-12-31": "3.23200", "2016-09-30": "3.13960", "2016-06-30": "2.77850", "2016-03-31": "2.52190", "2015-12-31": "3.25770", "2015-09-30": "3.18680", "2015-06-30": "3.60710", "2015-03-31": "3.49550", "2014-12-31": "3.46010", "2014-09-30": "3.66560", "2014-06-30": "3.45890", "2014-03-31": "3.12940", "2013-12-31": "3.09340", "2013-09-30": "2.90620", "2013-06-30": "2.63660", "2013-03-31": "2.40670", "2012-12-31": "2.25620", "2012-09-30": "1.99210", "2012-06-30": "1.68480", "2012-03-31": "1.68550", "2011-12-31": "1.74600", "2011-09-30": "1.93030", "2011-06-30": "1.69990", "2011-03-31": "1.60630", "2010-12-31": "1.46210", "2010-09-30": "1.40570", "2010-06-30": "1.20810", "2010-03-31": "0.98360", "2009-12-31": "0.87720", "2009-09-30": "0.77040", "2009-06-30": "0.63110", "2009-03-31": "0.48870", "2008-12-31": "0.49500", "2008-09-30": "1.02010", "2008-06-30": "1.03880", "2008-03-31": "0.82740", "2007-12-31": "0.75840", "2007-09-30": "0.57790", "2007-06-30": "0.33770", "2007-03-31": "0.23680", "2006-12-31": "", "2006-09-30": "0.04210", "2006-06-30": "", "2006-03-31": "", "2005-09-30": "", "2005-06-30": ""}, "Operating Cash Flow Per Share": {"2020-09-30": 0.7083, "2020-06-30": 0.1811, "2020-03-31": "-0.23180", "2019-12-31": 1.5288, "2019-09-30": 0.8262, "2019-06-30": 0.375, "2019-03-31": "-0.53190", "2018-12-31": 1.3776, "2018-09-30": 0.5648, "2018-06-30": 0.1754, "2018-03-31": "-0.35270", "2017-12-31": 0.8757, "2017-09-30": 0.8062, "2017-06-30": 0.1539, "2017-03-31": "-0.06080", "2016-12-31": 1.0303, "2016-09-30": 0.8819, "2016-06-30": 0.3947, "2016-03-31": "-0.73210", "2015-12-31": 0.7787, "2015-09-30": 0.3556, "2015-06-30": 0.0633, "2015-03-31": "-0.63520", "2014-12-31": 0.7181, "2014-09-30": 0.515, "2014-06-30": 0.1647, "2014-03-31": "-0.15260", "2013-12-31": 0.8218, "2013-09-30": 0.585, "2013-06-30": 0.2369, "2013-03-31": "-0.19200", "2012-12-31": 0.6104, "2012-09-30": 0.7381, "2012-06-30": 0.2706, "2012-03-31": "-0.23880", "2011-12-31": 0.5045, "2011-09-30": 0.1045, "2011-06-30": 0.0842, "2011-03-31": "-0.25620", "2010-12-31": 0.435, "2010-09-30": 0.0691, "2010-06-30": -0.064, "2010-03-31": "-0.09990", "2009-12-31": 0.5366, "2009-09-30": 0.4777, "2009-06-30": 0.2223, "2009-03-31": "-0.15340", "2008-12-31": 0.515, "2008-09-30": 0.081, "2008-06-30": -0.0791, "2008-03-31": "-0.05090", "2007-12-31": 0.3175, "2007-09-30": 0.3492, "2007-06-30": 0.2626, "2007-03-31": "-0.00150", "2006-12-31": -0.5207, "2006-09-30": 0.148, "2006-06-30": 0.1071, "2006-03-31": "0.26560", "2005-09-30": 0.4566, "2005-06-30": 0}, "Free Cash Flow Per Share": {"2020-09-30": 0.7022, "2020-06-30": 0.1203, "2020-03-31": "-0.30340", "2019-12-31": 1.4746, "2019-09-30": 0.7753, "2019-06-30": 0.2857, "2019-03-31": "-0.60070", "2018-12-31": 1.3171, "2018-09-30": 0.5024, "2018-06-30": 0.119, "2018-03-31": "-0.40310", "2017-12-31": 0.8044, "2017-09-30": 0.7259, "2017-06-30": 0.1125, "2017-03-31": "-0.09130", "2016-12-31": 1.0151, "2016-09-30": 0.9611, "2016-06-30": 0.3563, "2016-03-31": "-0.76440", "2015-12-31": 0.7158, "2015-09-30": 0.3358, "2015-06-30": 0.0154, "2015-03-31": "-0.71270", "2014-12-31": 0.6796, "2014-09-30": 0.4615, "2014-06-30": 0.1463, "2014-03-31": "-0.18240", "2013-12-31": 0.7905, "2013-09-30": 0.5638, "2013-06-30": 0.2134, "2013-03-31": "-0.20810", "2012-12-31": 0.5819, "2012-09-30": 0.713, "2012-06-30": 0.246, "2012-03-31": "-0.26170", "2011-12-31": 0.4527, "2011-09-30": 0.0531, "2011-06-30": 0.0285, "2011-03-31": "-0.29000", "2010-12-31": 0.3648, "2010-09-30": 0.0173, "2010-06-30": -0.1281, "2010-03-31": "-0.06870", "2009-12-31": 0.5219, "2009-09-30": 0.4396, "2009-06-30": 0.1891, "2009-03-31": "-0.29960", "2008-12-31": 0.35, "2008-09-30": -0.0127, "2008-06-30": -0.1921, "2008-03-31": "-0.10460", "2007-12-31": 0.2074, "2007-09-30": 0.2913, "2007-06-30": 0.2441, "2007-03-31": "-0.00890", "2006-12-31": -0.3223, "2006-09-30": 0.221, "2006-06-30": -0.1121, "2006-03-31": "0.21340", "2005-09-30": 0.4062, "2005-06-30": 0}}, "revenue": {"Hanesbrands Annual Revenue (Millions of US $)": {"2019": "$6,967", "2018": "$6,804", "2017": "$6,471", "2016": "$6,028", "2015": "$5,732", "2014": "$5,325", "2013": "$4,628", "2012": "$4,526", "2011": "$4,434", "2010": "$4,146", "2009": "$3,891", "2008": "$4,249", "2007": "$4,475", "2006": "$4,473", "2005": "$4,684"}, "Hanesbrands Quarterly Revenue (Millions of US $)": {"2020-09-30": "$1,808", "2020-06-30": "$1,739", "2020-03-31": "$1,316", "2019-12-31": "$1,751", "2019-09-30": "$1,867", "2019-06-30": "$1,761", "2019-03-31": "$1,588", "2018-12-31": "$1,768", "2018-09-30": "$1,849", "2018-06-30": "$1,715", "2018-03-31": "$1,472", "2017-12-31": "$1,645", "2017-09-30": "$1,799", "2017-06-30": "$1,647", "2017-03-31": "$1,380", "2016-12-31": "$1,575", "2016-09-30": "$1,761", "2016-06-30": "$1,473", "2016-03-31": "$1,219", "2015-12-31": "$1,410", "2015-09-30": "$1,591", "2015-06-30": "$1,522", "2015-03-31": "$1,209", "2014-12-31": "$1,523", "2014-09-30": "$1,401", "2014-06-30": "$1,342", "2014-03-31": "$1,059", "2013-12-31": "$1,286", "2013-09-30": "$1,197", "2013-06-30": "$1,199", "2013-03-31": "$945", "2012-12-31": "$1,153", "2012-09-30": "$1,219", "2012-06-30": "$1,181", "2012-03-31": "$973", "2011-12-31": "$1,045", "2011-09-30": "$1,185", "2011-06-30": "$1,168", "2011-03-31": "$1,036", "2010-12-31": "$969", "2010-09-30": "$1,173", "2010-06-30": "$1,076", "2010-03-31": "$928", "2009-12-31": "$989", "2009-09-30": "$1,059", "2009-06-30": "$986", "2009-03-31": "$858", "2008-12-31": "$1,035", "2008-09-30": "$1,154", "2008-06-30": "$1,072", "2008-03-31": "$988", "2007-12-31": "$1,159", "2007-09-30": "$1,154", "2007-06-30": "$1,122", "2007-03-31": "$1,040", "2006-12-31": "", "2006-09-30": "$1,119", "2006-06-30": "$1,120", "2006-03-31": "$1,033", "2005-09-30": "$1,138", "2005-06-30": ""}}, "gross-profit": {"Hanesbrands Annual Gross Profit (Millions of US $)": {"2019": "$2,719", "2018": "$2,653", "2017": "$2,489", "2016": "$2,276", "2015": "$2,136", "2014": "$1,904", "2013": "$1,612", "2012": "$1,420", "2011": "$1,493", "2010": "$1,376", "2009": "$1,265", "2008": "$1,377", "2007": "$1,441", "2006": "$1,485", "2005": "$1,460"}, "Hanesbrands Quarterly Gross Profit (Millions of US $)": {"2020-09-30": "$617", "2020-06-30": "$633", "2020-03-31": "$474", "2019-12-31": "$707", "2019-09-30": "$717", "2019-06-30": "$676", "2019-03-31": "$620", "2018-12-31": "$702", "2018-09-30": "$713", "2018-06-30": "$660", "2018-03-31": "$579", "2017-12-31": "$626", "2017-09-30": "$678", "2017-06-30": "$646", "2017-03-31": "$540", "2016-12-31": "$612", "2016-09-30": "$649", "2016-06-30": "$557", "2016-03-31": "$457", "2015-12-31": "$541", "2015-09-30": "$581", "2015-06-30": "$568", "2015-03-31": "$446", "2014-12-31": "$546", "2014-09-30": "$498", "2014-06-30": "$504", "2014-03-31": "$357", "2013-12-31": "$427", "2013-09-30": "$422", "2013-06-30": "$435", "2013-03-31": "$327", "2012-12-31": "$398", "2012-09-30": "$400", "2012-06-30": "$367", "2012-03-31": "$255", "2011-12-31": "$315", "2011-09-30": "$414", "2011-06-30": "$410", "2011-03-31": "$355", "2010-12-31": "$310", "2010-09-30": "$364", "2010-06-30": "$375", "2010-03-31": "$327", "2009-12-31": "$323", "2009-09-30": "$357", "2009-06-30": "$327", "2009-03-31": "$258", "2008-12-31": "$310", "2008-09-30": "$342", "2008-06-30": "$381", "2008-03-31": "$345", "2007-12-31": "$360", "2007-09-30": "$361", "2007-06-30": "$380", "2007-03-31": "$340", "2006-12-31": "", "2006-09-30": "$366", "2006-06-30": "$381", "2006-03-31": "$341", "2005-09-30": "$370", "2005-06-30": ""}}, "operating-income": {"Hanesbrands Annual Operating Income (Millions of US $)": {"2019": "$890", "2018": "$865", "2017": "$736", "2016": "$790", "2015": "$595", "2014": "$564", "2013": "$515", "2012": "$440", "2011": "$447", "2010": "$381", "2009": "$271", "2008": "$317", "2007": "$389", "2006": "$434", "2005": "$359"}, "Hanesbrands Quarterly Operating Income (Millions of US $)": {"2020-09-30": "$175", "2020-06-30": "$242", "2020-03-31": "$34", "2019-12-31": "$243", "2019-09-30": "$267", "2019-06-30": "$230", "2019-03-31": "$150", "2018-12-31": "$242", "2018-09-30": "$257", "2018-06-30": "$220", "2018-03-31": "$146", "2017-12-31": "$118", "2017-09-30": "$258", "2017-06-30": "$234", "2017-03-31": "$126", "2016-12-31": "$218", "2016-09-30": "$228", "2016-06-30": "$221", "2016-03-31": "$122", "2015-12-31": "$158", "2015-09-30": "$208", "2015-06-30": "$139", "2015-03-31": "$90", "2014-12-31": "$131", "2014-09-30": "$154", "2014-06-30": "$207", "2014-03-31": "$72", "2013-12-31": "$72", "2013-09-30": "$177", "2013-06-30": "$181", "2013-03-31": "$85", "2012-12-31": "$153", "2012-09-30": "$157", "2012-06-30": "$120", "2012-03-31": "$11", "2011-12-31": "$65", "2011-09-30": "$145", "2011-06-30": "$136", "2011-03-31": "$102", "2010-12-31": "$58", "2010-09-30": "$114", "2010-06-30": "$123", "2010-03-31": "$86", "2009-12-31": "$77", "2009-09-30": "$93", "2009-06-30": "$84", "2009-03-31": "$16", "2008-12-31": "$58", "2008-09-30": "$58", "2008-06-30": "$113", "2008-03-31": "$88", "2007-12-31": "$126", "2007-09-30": "$106", "2007-06-30": "$88", "2007-03-31": "$69", "2006-12-31": "", "2006-09-30": "$94", "2006-06-30": "$80", "2006-03-31": "$96", "2005-09-30": "$104", "2005-06-30": ""}}, "ebitda": {"Hanesbrands Annual EBITDA (Millions of US $)": {"2019": "$1,031", "2018": "$1,006", "2017": "$869", "2016": "$902", "2015": "$706", "2014": "$668", "2013": "$613", "2012": "$542", "2011": "$560", "2010": "$498", "2009": "$379", "2008": "$439", "2007": "$527", "2006": "$548", "2005": "$477"}, "Hanesbrands Quarterly EBITDA (Millions of US $)": {"2020-09-30": "$209", "2020-06-30": "$276", "2020-03-31": "$68", "2019-12-31": "$280", "2019-09-30": "$303", "2019-06-30": "$264", "2019-03-31": "$184", "2018-12-31": "$276", "2018-09-30": "$293", "2018-06-30": "$256", "2018-03-31": "$180", "2017-12-31": "$153", "2017-09-30": "$293", "2017-06-30": "$266", "2017-03-31": "$158", "2016-12-31": "$250", "2016-09-30": "$258", "2016-06-30": "$247", "2016-03-31": "$147", "2015-12-31": "$188", "2015-09-30": "$235", "2015-06-30": "$167", "2015-03-31": "$116", "2014-12-31": "$161", "2014-09-30": "$179", "2014-06-30": "$232", "2014-03-31": "$96", "2013-12-31": "$97", "2013-09-30": "$200", "2013-06-30": "$206", "2013-03-31": "$110", "2012-12-31": "$178", "2012-09-30": "$182", "2012-06-30": "$145", "2012-03-31": "$38", "2011-12-31": "$94", "2011-09-30": "$172", "2011-06-30": "$164", "2011-03-31": "$129", "2010-12-31": "$89", "2010-09-30": "$142", "2010-06-30": "$151", "2010-03-31": "$117", "2009-12-31": "$110", "2009-09-30": "$117", "2009-06-30": "$109", "2009-03-31": "$42", "2008-12-31": "$97", "2008-09-30": "$82", "2008-06-30": "$143", "2008-03-31": "$116", "2007-12-31": "$159", "2007-09-30": "$141", "2007-06-30": "$128", "2007-03-31": "$99", "2006-12-31": "", "2006-09-30": "$124", "2006-06-30": "$191", "2006-03-31": "$125", "2005-09-30": "$11", "2005-06-30": ""}}, "net-income": {"Hanesbrands Annual Net Income (Millions of US $)": {"2019": "$601", "2018": "$540", "2017": "$74", "2016": "$539", "2015": "$429", "2014": "$405", "2013": "$330", "2012": "$165", "2011": "$267", "2010": "$211", "2009": "$51", "2008": "$127", "2007": "$126", "2006": "$322", "2005": "$219"}, "Hanesbrands Quarterly Net Income (Millions of US $)": {"2020-09-30": "$103", "2020-06-30": "$161", "2020-03-31": "$-8", "2019-12-31": "$185", "2019-09-30": "$185", "2019-06-30": "$150", "2019-03-31": "$81", "2018-12-31": "$148", "2018-09-30": "$171", "2018-06-30": "$141", "2018-03-31": "$79", "2017-12-31": "$-373", "2017-09-30": "$203", "2017-06-30": "$173", "2017-03-31": "$71", "2016-12-31": "$157", "2016-09-30": "$174", "2016-06-30": "$128", "2016-03-31": "$80", "2015-12-31": "$119", "2015-09-30": "$162", "2015-06-30": "$95", "2015-03-31": "$53", "2014-12-31": "$89", "2014-09-30": "$119", "2014-06-30": "$155", "2014-03-31": "$42", "2013-12-31": "$32", "2013-09-30": "$125", "2013-06-30": "$122", "2013-03-31": "$51", "2012-12-31": "$80", "2012-09-30": "$110", "2012-06-30": "$1", "2012-03-31": "$-27", "2011-12-31": "$41", "2011-09-30": "$91", "2011-06-30": "$87", "2011-03-31": "$48", "2010-12-31": "$28", "2010-09-30": "$61", "2010-06-30": "$85", "2010-03-31": "$37", "2009-12-31": "$-1", "2009-09-30": "$41", "2009-06-30": "$31", "2009-03-31": "$-19", "2008-12-31": "$18", "2008-09-30": "$16", "2008-06-30": "$57", "2008-03-31": "$36", "2007-12-31": "$50", "2007-09-30": "$39", "2007-06-30": "$25", "2007-03-31": "$12", "2006-12-31": "", "2006-09-30": "$50", "2006-06-30": "$59", "2006-03-31": "$75", "2005-09-30": "$83", "2005-06-30": ""}}, "eps-earnings-per-share-diluted": {"Hanesbrands Annual EPS": {"2019": "$1.64", "2018": "$1.48", "2017": "$0.20", "2016": "$1.40", "2015": "$1.06", "2014": "$0.99", "2013": "$0.81", "2012": "$0.41", "2011": "$0.67", "2010": "$0.54", "2009": "$0.14", "2008": "$0.34", "2007": "$0.33", "2006": "$0.84", "2005": "$0.57"}, "Hanesbrands Quarterly EPS": {"2020-09-30": "$0.29", "2020-06-30": "$0.46", "2020-03-31": "$-0.02", "2019-12-31": "$0.50", "2019-09-30": "$0.51", "2019-06-30": "$0.41", "2019-03-31": "$0.22", "2018-12-31": "$0.40", "2018-09-30": "$0.47", "2018-06-30": "$0.39", "2018-03-31": "$0.22", "2017-12-31": "$-1.01", "2017-09-30": "$0.55", "2017-06-30": "$0.47", "2017-03-31": "$0.19", "2016-12-31": "$0.40", "2016-09-30": "$0.45", "2016-06-30": "$0.34", "2016-03-31": "$0.21", "2015-12-31": "$0.30", "2015-09-30": "$0.40", "2015-06-30": "$0.23", "2015-03-31": "$0.13", "2014-12-31": "$0.22", "2014-09-30": "$0.29", "2014-06-30": "$0.38", "2014-03-31": "$0.10", "2013-12-31": "$0.08", "2013-09-30": "$0.31", "2013-06-30": "$0.30", "2013-03-31": "$0.13", "2012-12-31": "$0.20", "2012-09-30": "$0.27", "2012-06-30": "$0.00", "2012-03-31": "$-0.07", "2011-12-31": "$0.11", "2011-09-30": "$0.23", "2011-06-30": "$0.22", "2011-03-31": "$0.12", "2010-12-31": "$0.07", "2010-09-30": "$0.16", "2010-06-30": "$0.22", "2010-03-31": "$0.09", "2009-12-31": "$-0.00", "2009-09-30": "$0.11", "2009-06-30": "$0.08", "2009-03-31": "$-0.05", "2008-12-31": "$0.05", "2008-09-30": "$0.04", "2008-06-30": "$0.15", "2008-03-31": "$0.10", "2007-12-31": "$0.13", "2007-09-30": "$0.10", "2007-06-30": "$0.07", "2007-03-31": "$0.03", "2006-12-31": "$0.00", "2006-09-30": "$0.13", "2006-06-30": "$0.16", "2006-03-31": "$0.19", "2005-09-30": "$0.22", "2005-06-30": "$0.00"}}, "shares-outstanding": {"Hanesbrands Annual Shares Outstanding (Millions of Shares)": {"2019": "366", "2018": "365", "2017": "369", "2016": "385", "2015": "404", "2014": "408", "2013": "407", "2012": "401", "2011": "397", "2010": "391", "2009": "383", "2008": "381", "2007": "387", "2006": "385", "2005": "385"}, "Hanesbrands Quarterly Shares Outstanding (Millions of Shares)": {"2020-09-30": "352", "2020-06-30": "351", "2020-03-31": "359", "2019-12-31": "366", "2019-09-30": "366", "2019-06-30": "366", "2019-03-31": "365", "2018-12-31": "365", "2018-09-30": "365", "2018-06-30": "363", "2018-03-31": "363", "2017-12-31": "369", "2017-09-30": "368", "2017-06-30": "368", "2017-03-31": "375", "2016-12-31": "385", "2016-09-30": "383", "2016-06-30": "383", "2016-03-31": "389", "2015-12-31": "404", "2015-09-30": "403", "2015-06-30": "408", "2015-03-31": "408", "2014-12-31": "408", "2014-09-30": "409", "2014-06-30": "408", "2014-03-31": "408", "2013-12-31": "407", "2013-09-30": "408", "2013-06-30": "408", "2013-03-31": "406", "2012-12-31": "401", "2012-09-30": "402", "2012-06-30": "400", "2012-03-31": "394", "2011-12-31": "397", "2011-09-30": "398", "2011-06-30": "397", "2011-03-31": "394", "2010-12-31": "391", "2010-09-30": "391", "2010-06-30": "392", "2010-03-31": "390", "2009-12-31": "383", "2009-09-30": "386", "2009-06-30": "385", "2009-03-31": "378", "2008-12-31": "381", "2008-09-30": "380", "2008-06-30": "384", "2008-03-31": "382", "2007-12-31": "387", "2007-09-30": "386", "2007-06-30": "389", "2007-03-31": "388", "2006-12-31": "", "2006-09-30": "385", "2006-06-30": "385", "2006-03-31": "385", "2005-09-30": "385", "2005-06-30": ""}}, "total-assets": {"Hanesbrands Annual Total Assets (Millions of US $)": {"2019": "$7,354", "2018": "$7,238", "2017": "$6,895", "2016": "$6,930", "2015": "$5,598", "2014": "$5,208", "2013": "$4,090", "2012": "$3,632", "2011": "$4,035", "2010": "$3,790", "2009": "$3,327", "2008": "$3,534", "2007": "$3,439", "2006": "$4,891", "2005": "$4,237"}, "Hanesbrands Quarterly Total Assets (Millions of US $)": {"2020-09-30": "$8,160", "2020-06-30": "$8,113", "2020-03-31": "$7,943", "2019-12-31": "$7,354", "2019-09-30": "$7,724", "2019-06-30": "$7,846", "2019-03-31": "$7,824", "2018-12-31": "$7,238", "2018-09-30": "$7,456", "2018-06-30": "$7,428", "2018-03-31": "$7,328", "2017-12-31": "$6,895", "2017-09-30": "$7,281", "2017-06-30": "$7,237", "2017-03-31": "$7,056", "2016-12-31": "$6,930", "2016-09-30": "$7,304", "2016-06-30": "$6,615", "2016-03-31": "$5,822", "2015-12-31": "$5,598", "2015-09-30": "$5,819", "2015-06-30": "$5,872", "2015-03-31": "$5,408", "2014-12-31": "$5,208", "2014-09-30": "$5,543", "2014-06-30": "$4,415", "2014-03-31": "$4,274", "2013-12-31": "$4,090", "2013-09-30": "$3,835", "2013-06-30": "$3,850", "2013-03-31": "$3,807", "2012-12-31": "$3,632", "2012-09-30": "$3,940", "2012-06-30": "$3,886", "2012-03-31": "$4,076", "2011-12-31": "$4,035", "2011-09-30": "$4,219", "2011-06-30": "$4,155", "2011-03-31": "$4,077", "2010-12-31": "$3,790", "2010-09-30": "$3,755", "2010-06-30": "$3,614", "2010-03-31": "$3,440", "2009-12-31": "$3,327", "2009-09-30": "$3,492", "2009-06-30": "$3,576", "2009-03-31": "$3,565", "2008-12-31": "$3,534", "2008-09-30": "$3,628", "2008-06-30": "$3,578", "2008-03-31": "$3,470", "2007-12-31": "$3,439", "2007-09-30": "$3,513", "2007-06-30": "$3,478", "2007-03-31": "$3,455", "2006-12-31": "$3,436", "2006-09-30": "$3,601", "2006-06-30": "$4,891", "2006-03-31": "$0", "2005-09-30": "$0", "2005-06-30": "$4,237"}}, "cash-on-hand": {"Hanesbrands Annual Cash on Hand (Millions of US $)": {"2019": "$329", "2018": "$433", "2017": "$422", "2016": "$460", "2015": "$319", "2014": "$240", "2013": "$116", "2012": "$43", "2011": "$35", "2010": "$44", "2009": "$39", "2008": "$67", "2007": "$174", "2006": "$298", "2005": "$1,081"}, "Hanesbrands Quarterly Cash on Hand (Millions of US $)": {"2020-09-30": "$731", "2020-06-30": "$683", "2020-03-31": "$1,084", "2019-12-31": "$329", "2019-09-30": "$317", "2019-06-30": "$258", "2019-03-31": "$287", "2018-12-31": "$433", "2018-09-30": "$398", "2018-06-30": "$398", "2018-03-31": "$374", "2017-12-31": "$422", "2017-09-30": "$400", "2017-06-30": "$449", "2017-03-31": "$464", "2016-12-31": "$460", "2016-09-30": "$450", "2016-06-30": "$661", "2016-03-31": "$332", "2015-12-31": "$319", "2015-09-30": "$285", "2015-06-30": "$315", "2015-03-31": "$277", "2014-12-31": "$240", "2014-09-30": "$216", "2014-06-30": "$144", "2014-03-31": "$151", "2013-12-31": "$116", "2013-09-30": "$132", "2013-06-30": "$82", "2013-03-31": "$69", "2012-12-31": "$43", "2012-09-30": "$182", "2012-06-30": "$30", "2012-03-31": "$35", "2011-12-31": "$35", "2011-09-30": "$48", "2011-06-30": "$45", "2011-03-31": "$65", "2010-12-31": "$44", "2010-09-30": "$75", "2010-06-30": "$37", "2010-03-31": "$43", "2009-12-31": "$39", "2009-09-30": "$39", "2009-06-30": "$48", "2009-03-31": "$32", "2008-12-31": "$67", "2008-09-30": "$86", "2008-06-30": "$97", "2008-03-31": "$121", "2007-12-31": "$174", "2007-09-30": "$176", "2007-06-30": "$176", "2007-03-31": "$149", "2006-12-31": "$156", "2006-09-30": "$209", "2006-06-30": "$298", "2006-03-31": "", "2005-09-30": "", "2005-06-30": "$1,081"}}, "long-term-debt": {"Hanesbrands Annual Long Term Debt (Millions of US $)": {"2019": "$3,257", "2018": "$3,534", "2017": "$3,702", "2016": "$3,508", "2015": "$2,233", "2014": "$1,614", "2013": "$1,467", "2012": "$1,318", "2011": "$1,808", "2010": "$1,991", "2009": "$1,728", "2008": "$2,131", "2007": "$2,315", "2006": "$3", "2005": "$6"}, "Hanesbrands Quarterly Long Term Debt (Millions of US $)": {"2020-09-30": "$3,972", "2020-06-30": "$3,986", "2020-03-31": "$4,237", "2019-12-31": "$3,257", "2019-09-30": "$3,468", "2019-06-30": "$3,671", "2019-03-31": "$3,615", "2018-12-31": "$3,534", "2018-09-30": "$3,864", "2018-06-30": "$4,149", "2018-03-31": "$4,185", "2017-12-31": "$3,702", "2017-09-30": "$3,567", "2017-06-30": "$3,797", "2017-03-31": "$3,763", "2016-12-31": "$3,508", "2016-09-30": "$3,684", "2016-06-30": "$3,467", "2016-03-31": "$2,963", "2015-12-31": "$2,233", "2015-09-30": "$2,362", "2015-06-30": "$2,218", "2015-03-31": "$1,974", "2014-12-31": "$1,614", "2014-09-30": "$1,909", "2014-06-30": "$1,523", "2014-03-31": "$1,620", "2013-12-31": "$1,467", "2013-09-30": "$1,250", "2013-06-30": "$1,375", "2013-03-31": "$1,435", "2012-12-31": "$1,318", "2012-09-30": "$1,500", "2012-06-30": "$1,661", "2012-03-31": "$1,936", "2011-12-31": "$1,808", "2011-09-30": "$2,006", "2011-06-30": "$1,998", "2011-03-31": "$2,096", "2010-12-31": "$1,991", "2010-09-30": "$1,872", "2010-06-30": "$1,869", "2010-03-31": "$1,782", "2009-12-31": "$1,728", "2009-09-30": "$1,794", "2009-06-30": "$1,994", "2009-03-31": "$2,043", "2008-12-31": "$2,131", "2008-09-30": "$2,315", "2008-06-30": "$2,315", "2008-03-31": "$2,315", "2007-12-31": "$2,315", "2007-09-30": "$2,365", "2007-06-30": "$2,440", "2007-03-31": "$2,475", "2006-12-31": "$2,484", "2006-09-30": "$2,574", "2006-06-30": "", "2006-03-31": "", "2005-09-30": "", "2005-06-30": "$6"}}, "total-liabilities": {"Hanesbrands Annual Total Liabilities (Millions of US $)": {"2019": "$6,117", "2018": "$6,366", "2017": "$6,209", "2016": "$5,707", "2015": "$4,322", "2014": "$3,821", "2013": "$2,859", "2012": "$2,745", "2011": "$3,354", "2010": "$3,227", "2009": "$2,992", "2008": "$3,349", "2007": "$3,151", "2006": "$1,662", "2005": "$1,635"}, "Hanesbrands Quarterly Total Liabilities (Millions of US $)": {"2020-09-30": "$7,010", "2020-06-30": "$7,034", "2020-03-31": "$7,070", "2019-12-31": "$6,117", "2019-09-30": "$6,606", "2019-06-30": "$6,821", "2019-03-31": "$6,891", "2018-12-31": "$6,366", "2018-09-30": "$6,585", "2018-06-30": "$6,661", "2018-03-31": "$6,622", "2017-12-31": "$6,209", "2017-09-30": "$6,050", "2017-06-30": "$6,159", "2017-03-31": "$6,098", "2016-12-31": "$5,707", "2016-09-30": "$6,118", "2016-06-30": "$5,565", "2016-03-31": "$4,870", "2015-12-31": "$4,322", "2015-09-30": "$4,569", "2015-06-30": "$4,421", "2015-03-31": "$4,005", "2014-12-31": "$3,821", "2014-09-30": "$4,079", "2014-06-30": "$3,037", "2014-03-31": "$3,027", "2013-12-31": "$2,859", "2013-09-30": "$2,683", "2013-06-30": "$2,805", "2013-03-31": "$2,859", "2012-12-31": "$2,745", "2012-09-30": "$3,162", "2012-06-30": "$3,228", "2012-03-31": "$3,418", "2011-12-31": "$3,354", "2011-09-30": "$3,468", "2011-06-30": "$3,497", "2011-03-31": "$3,457", "2010-12-31": "$3,227", "2010-09-30": "$3,217", "2010-06-30": "$3,151", "2010-03-31": "$3,064", "2009-12-31": "$2,992", "2009-09-30": "$3,199", "2009-06-30": "$3,337", "2009-03-31": "$3,380", "2008-12-31": "$3,349", "2008-09-30": "$3,247", "2008-06-30": "$3,187", "2008-03-31": "$3,159", "2007-12-31": "$3,151", "2007-09-30": "$3,293", "2007-06-30": "$3,349", "2007-03-31": "$3,363", "2006-12-31": "$3,366", "2006-09-30": "$3,585", "2006-06-30": "$1,662", "2006-03-31": "", "2005-09-30": "", "2005-06-30": "$1,635"}}, "total-share-holder-equity": {"Hanesbrands Annual Share Holder Equity (Millions of US $)": {"2019": "$1,237", "2018": "$872", "2017": "$686", "2016": "$1,224", "2015": "$1,276", "2014": "$1,387", "2013": "$1,231", "2012": "$887", "2011": "$681", "2010": "$563", "2009": "$335", "2008": "$185", "2007": "$289", "2006": "$3,229", "2005": "$2,602"}, "Hanesbrands Quarterly Share Holder Equity (Millions of US $)": {"2020-09-30": "$1,150", "2020-06-30": "$1,079", "2020-03-31": "$874", "2019-12-31": "$1,237", "2019-09-30": "$1,118", "2019-06-30": "$1,025", "2019-03-31": "$933", "2018-12-31": "$872", "2018-09-30": "$871", "2018-06-30": "$767", "2018-03-31": "$706", "2017-12-31": "$686", "2017-09-30": "$1,231", "2017-06-30": "$1,078", "2017-03-31": "$958", "2016-12-31": "$1,224", "2016-09-30": "$1,187", "2016-06-30": "$1,050", "2016-03-31": "$952", "2015-12-31": "$1,276", "2015-09-30": "$1,250", "2015-06-30": "$1,452", "2015-03-31": "$1,403", "2014-12-31": "$1,387", "2014-09-30": "$1,465", "2014-06-30": "$1,378", "2014-03-31": "$1,246", "2013-12-31": "$1,231", "2013-09-30": "$1,152", "2013-06-30": "$1,044", "2013-03-31": "$949", "2012-12-31": "$887", "2012-09-30": "$777", "2012-06-30": "$658", "2012-03-31": "$658", "2011-12-31": "$681", "2011-09-30": "$750", "2011-06-30": "$658", "2011-03-31": "$620", "2010-12-31": "$563", "2010-09-30": "$539", "2010-06-30": "$462", "2010-03-31": "$376", "2009-12-31": "$335", "2009-09-30": "$293", "2009-06-30": "$239", "2009-03-31": "$185", "2008-12-31": "$185", "2008-09-30": "$381", "2008-06-30": "$391", "2008-03-31": "$311", "2007-12-31": "$289", "2007-09-30": "$220", "2007-06-30": "$129", "2007-03-31": "$91", "2006-12-31": "$69", "2006-09-30": "$16", "2006-06-30": "$3,229", "2006-03-31": "", "2005-09-30": "", "2005-06-30": "$2,602"}}, "profit-margins": {"current": "-1.13%"}, "gross margin": {"2020-09-30": "36.76%", "2020-06-30": "37.93%", "2020-03-31": "38.45%", "2019-12-31": "39.04%", "2019-09-30": "38.87%", "2019-06-30": "38.92%", "2019-03-31": "38.95%", "2018-12-31": "39.01%", "2018-09-30": "38.59%", "2018-06-30": "38.35%", "2018-03-31": "38.53%", "2017-12-31": "38.48%", "2017-09-30": "38.68%", "2017-06-30": "38.46%", "2017-03-31": "38.10%", "2016-12-31": "37.74%", "2016-09-30": "37.59%", "2016-06-30": "37.52%", "2016-03-31": "37.39%", "2015-12-31": "37.26%", "2015-09-30": "36.63%", "2015-06-30": "36.39%", "2015-03-31": "36.42%", "2014-12-31": "35.77%", "2014-09-30": "35.10%", "2014-06-30": "35.01%", "2014-03-31": "34.61%", "2013-12-31": "34.82%", "2013-09-30": "35.20%", "2013-06-30": "34.54%", "2013-03-31": "33.17%", "2012-12-31": "31.37%", "2012-09-30": "30.26%", "2012-06-30": "30.82%", "2012-03-31": "31.89%", "2011-12-31": "33.69%", "2011-09-30": "34.17%", "2011-06-30": "33.11%", "2011-03-31": "33.00%", "2010-12-31": "33.19%", "2010-09-30": "33.34%", "2010-06-30": "34.11%", "2010-03-31": "33.67%", "2009-12-31": "32.50%", "2009-09-30": "31.79%", "2009-06-30": "30.67%", "2009-03-31": "31.34%", "2008-12-31": "32.43%", "2008-09-30": "32.65%", "2008-06-30": "33.09%", "2008-03-31": "32.69%", "2007-12-31": "32.20%", "2007-06-30": "33.10%", "2007-03-31": "33.15%", "2006-09-30": "33.06%"}, "operating margin": {"2020-09-30": "10.49%", "2020-06-30": "11.78%", "2020-03-31": "11.56%", "2019-12-31": "12.77%", "2019-09-30": "12.73%", "2019-06-30": "12.62%", "2019-03-31": "12.56%", "2018-12-31": "12.71%", "2018-09-30": "11.09%", "2018-06-30": "11.19%", "2018-03-31": "11.52%", "2017-12-31": "11.37%", "2017-09-30": "13.06%", "2017-06-30": "12.67%", "2017-03-31": "12.81%", "2016-12-31": "13.09%", "2016-09-30": "12.43%", "2016-06-30": "12.45%", "2016-03-31": "10.92%", "2015-12-31": "10.38%", "2015-09-30": "9.72%", "2015-06-30": "9.09%", "2015-03-31": "10.63%", "2014-12-31": "10.59%", "2014-09-30": "9.93%", "2014-06-30": "10.81%", "2014-03-31": "10.59%", "2013-12-31": "11.13%", "2013-09-30": "13.26%", "2013-06-30": "12.75%", "2013-03-31": "11.45%", "2012-12-31": "9.74%", "2012-09-30": "7.99%", "2012-06-30": "7.78%", "2012-03-31": "8.17%", "2011-12-31": "10.10%", "2011-09-30": "10.12%", "2011-06-30": "9.43%", "2011-03-31": "9.33%", "2010-12-31": "9.19%", "2010-09-30": "9.60%", "2010-06-30": "9.35%", "2010-03-31": "8.58%", "2009-12-31": "6.94%", "2009-09-30": "6.37%", "2009-06-30": "5.36%", "2009-03-31": "5.95%", "2008-12-31": "7.46%", "2008-09-30": "8.80%", "2008-06-30": "9.90%", "2008-03-31": "9.22%", "2007-12-31": "8.69%", "2007-06-30": "7.65%", "2007-03-31": "7.41%", "2006-09-30": "8.48%"}, "ebitda margin": {"2020-09-30": "12.59%", "2020-06-30": "13.89%", "2020-03-31": "13.67%", "2019-12-31": "14.80%", "2019-09-30": "14.71%", "2019-06-30": "14.60%", "2019-03-31": "14.58%", "2018-12-31": "14.77%", "2018-09-30": "13.20%", "2018-06-30": "13.30%", "2018-03-31": "13.59%", "2017-12-31": "13.44%", "2017-09-30": "15.11%", "2017-06-30": "14.65%", "2017-03-31": "14.75%", "2016-12-31": "14.96%", "2016-09-30": "14.33%", "2016-06-30": "14.35%", "2016-03-31": "12.84%", "2015-12-31": "12.32%", "2015-09-30": "11.62%", "2015-06-30": "11.02%", "2015-03-31": "12.57%", "2014-12-31": "12.54%", "2014-09-30": "11.87%", "2014-06-30": "12.80%", "2014-03-31": "12.63%", "2013-12-31": "13.25%", "2013-09-30": "15.44%", "2013-06-30": "14.97%", "2013-03-31": "13.67%", "2012-12-31": "12.00%", "2012-09-30": "10.39%", "2012-06-30": "10.24%", "2012-03-31": "10.71%", "2011-12-31": "12.61%", "2011-09-30": "12.71%", "2011-06-30": "12.06%", "2011-03-31": "12.01%", "2010-12-31": "12.04%", "2010-09-30": "12.48%", "2010-06-30": "12.22%", "2010-03-31": "11.43%", "2009-12-31": "9.71%", "2009-09-30": "9.27%", "2009-06-30": "8.18%", "2009-03-31": "8.84%", "2008-12-31": "10.31%", "2008-09-30": "11.43%", "2008-06-30": "12.78%", "2008-03-31": "12.30%", "2007-12-31": "11.78%", "2007-06-30": "10.70%", "2007-03-31": "12.63%", "2006-09-30": "10.23%"}, "pre tax profit margin": {"2020-09-30": "7.65%", "2020-06-30": "8.95%", "2020-03-31": "8.62%", "2019-12-31": "9.76%", "2019-09-30": "9.62%", "2019-06-30": "9.37%", "2019-03-31": "9.29%", "2018-12-31": "9.47%", "2018-09-30": "7.75%", "2018-06-30": "7.98%", "2018-03-31": "8.33%", "2017-12-31": "8.19%", "2017-09-30": "9.84%", "2017-06-30": "9.51%", "2017-03-31": "9.02%", "2016-12-31": "9.46%", "2016-09-30": "9.13%", "2016-06-30": "9.27%", "2016-03-31": "8.73%", "2015-12-31": "8.27%", "2015-09-30": "7.68%", "2015-06-30": "7.13%", "2015-03-31": "8.75%", "2014-12-31": "8.75%", "2014-09-30": "7.76%", "2014-06-30": "8.52%", "2014-03-31": "8.14%", "2013-12-31": "8.54%", "2013-09-30": "10.06%", "2013-06-30": "9.32%", "2013-03-31": "7.76%", "2012-12-31": "5.81%", "2012-09-30": "4.50%", "2012-06-30": "4.22%", "2012-03-31": "4.53%", "2011-12-31": "6.43%", "2011-09-30": "6.08%", "2011-06-30": "5.43%", "2011-03-31": "5.27%", "2010-12-31": "5.09%", "2010-09-30": "4.90%", "2010-06-30": "4.32%", "2010-03-31": "3.28%", "2009-12-31": "1.49%", "2009-09-30": "2.06%", "2009-06-30": "1.34%", "2009-03-31": "2.18%", "2008-12-31": "3.81%", "2008-09-30": "4.99%", "2008-06-30": "5.79%", "2008-03-31": "4.84%", "2007-12-31": "4.11%", "2007-06-30": "3.93%", "2007-03-31": "5.09%", "2006-09-30": "7.78%"}, "net profit margin": {"2020-09-30": "6.67%", "2020-06-30": "7.84%", "2020-03-31": "7.65%", "2019-12-31": "8.63%", "2019-09-30": "8.08%", "2019-06-30": "7.90%", "2019-03-31": "7.82%", "2018-12-31": "7.92%", "2018-09-30": "0.27%", "2018-06-30": "0.75%", "2018-03-31": "1.25%", "2017-12-31": "1.14%", "2017-09-30": "9.44%", "2017-06-30": "9.04%", "2017-03-31": "8.56%", "2016-12-31": "8.94%", "2016-09-30": "8.55%", "2016-06-30": "8.59%", "2016-03-31": "7.94%", "2015-12-31": "7.48%", "2015-09-30": "6.83%", "2015-06-30": "6.30%", "2015-03-31": "7.60%", "2014-12-31": "7.61%", "2014-09-30": "6.84%", "2014-06-30": "7.25%", "2014-03-31": "6.77%", "2013-12-31": "7.13%", "2013-09-30": "8.41%", "2013-06-30": "8.04%", "2013-03-31": "5.38%", "2012-12-31": "3.62%", "2012-09-30": "2.83%", "2012-06-30": "2.42%", "2012-03-31": "4.39%", "2011-12-31": "6.02%", "2011-09-30": "5.83%", "2011-06-30": "5.15%", "2011-03-31": "5.22%", "2010-12-31": "5.09%", "2010-09-30": "4.37%", "2010-06-30": "4.00%", "2010-03-31": "2.73%", "2009-12-31": "1.34%", "2009-09-30": "1.80%", "2009-06-30": "1.14%", "2009-03-31": "1.75%", "2008-12-31": "2.99%", "2008-09-30": "3.64%", "2008-06-30": "4.16%", "2008-03-31": "3.39%", "2007-12-31": "2.82%", "2007-06-30": "2.65%", "2007-03-31": "3.69%", "2006-09-30": "6.05%"}, "pe ratio": {"current": "13.77", "2021-02-11": "14.90", "2020-09-30": "12.55", "2020-06-30": "7.57", "2020-03-31": "5.34", "2019-12-31": "8.53", "2019-09-30": "9.10", "2019-06-30": "10.50", "2019-03-31": "11.01", "2018-12-31": "7.65", "2018-09-30": "847.97", "2018-06-30": "200.97", "2018-03-31": "92.57", "2017-12-31": "125.18", "2017-09-30": "13.55", "2017-06-30": "13.49", "2017-03-31": "13.13", "2016-12-31": "13.36", "2016-09-30": "16.88", "2016-06-30": "17.40", "2016-03-31": "21.43", "2015-12-31": "23.83", "2015-09-30": "25.26", "2015-06-30": "32.66", "2015-03-31": "27.99", "2014-12-31": "23.94", "2014-09-30": "26.76", "2014-06-30": "23.95", "2014-03-31": "20.43", "2013-12-31": "18.12", "2013-09-30": "13.96", "2013-06-30": "11.93", "2013-03-31": "15.68", "2012-12-31": "18.23", "2012-09-30": "21.33", "2012-06-30": "21.70", "2012-03-31": "12.76", "2011-12-31": "6.77", "2011-09-30": "8.10", "2011-06-30": "10.39", "2011-03-31": "9.84", "2010-12-31": "9.75", "2010-09-30": "11.53", "2010-06-30": "12.02", "2010-03-31": "20.79", "2009-12-31": "37.03", "2009-09-30": "23.99", "2009-06-30": "25.94", "2009-03-31": "10.44", "2008-12-31": "7.89", "2008-09-30": "10.80", "2008-06-30": "11.85", "2008-03-31": "15.53", "2007-12-31": "17.34", "2007-09-30": "29.84", "2007-06-30": "24.91"}, "price sales": {"2021-02-11": "1.00", "2020-09-30": "0.84", "2020-06-30": "0.60", "2020-03-31": "0.41", "2019-12-31": "0.74", "2019-09-30": "0.76", "2019-06-30": "0.85", "2019-03-31": "0.88", "2018-12-31": "0.62", "2018-09-30": "0.93", "2018-06-30": "1.11", "2018-03-31": "0.93", "2017-12-31": "1.07", "2017-09-30": "1.28", "2017-06-30": "1.22", "2017-03-31": "1.12", "2016-12-31": "1.20", "2016-09-30": "1.46", "2016-06-30": "1.51", "2016-03-31": "1.71", "2015-12-31": "1.79", "2015-09-30": "1.72", "2015-06-30": "2.05", "2015-03-31": "2.12", "2014-12-31": "1.82", "2014-09-30": "1.82", "2014-06-30": "1.74", "2014-03-31": "1.38", "2013-12-31": "1.30", "2013-09-30": "1.17", "2013-06-30": "0.96", "2013-03-31": "0.84", "2012-12-31": "0.66", "2012-09-30": "0.60", "2012-06-30": "0.52", "2012-03-31": "0.56", "2011-12-31": "0.41", "2011-09-30": "0.47", "2011-06-30": "0.54", "2011-03-31": "0.52", "2010-12-31": "0.50", "2010-09-30": "0.50", "2010-06-30": "0.48", "2010-03-31": "0.56", "2009-12-31": "0.49", "2009-09-30": "0.43", "2009-06-30": "0.29", "2009-03-31": "0.18", "2008-12-31": "0.24", "2008-09-30": "0.40", "2008-06-30": "0.50", "2008-03-31": "0.53", "2007-12-31": "0.49", "2007-09-30": "0.68", "2007-06-30": "0.66"}, "price book": {"current": "6.05", "2021-02-11": "5.60", "2020-09-30": "4.72", "2020-06-30": "3.57", "2020-03-31": "3.02", "2019-12-31": "4.15", "2019-09-30": "4.68", "2019-06-30": "5.74", "2019-03-31": "6.48", "2018-12-31": "4.82", "2018-09-30": "7.03", "2018-06-30": "9.44", "2018-03-31": "8.51", "2017-12-31": "9.85", "2017-09-30": "6.50", "2017-06-30": "6.93", "2017-03-31": "6.94", "2016-12-31": "5.83", "2016-09-30": "6.99", "2016-06-30": "7.83", "2016-03-31": "9.69", "2015-12-31": "7.75", "2015-09-30": "7.77", "2015-06-30": "7.88", "2015-03-31": "8.15", "2014-12-31": "6.85", "2014-09-30": "6.21", "2014-06-30": "6.01", "2014-03-31": "5.14", "2013-12-31": "4.76", "2013-09-30": "4.48", "2013-06-30": "4.06", "2013-03-31": "3.93", "2012-12-31": "3.29", "2012-09-30": "3.32", "2012-06-30": "3.41", "2012-03-31": "3.63", "2011-12-31": "2.60", "2011-09-30": "2.69", "2011-06-30": "3.48", "2011-03-31": "3.49", "2010-12-31": "3.60", "2010-09-30": "3.81", "2010-06-30": "4.13", "2010-03-31": "5.87", "2009-12-31": "5.70", "2009-09-30": "5.76", "2009-06-30": "4.93", "2009-03-31": "4.06", "2008-12-31": "5.34", "2008-09-30": "4.42", "2008-06-30": "5.42", "2008-03-31": "7.32", "2007-12-31": "7.43", "2007-09-30": "10.07", "2007-06-30": "16.60", "2007-03-31": "25.74", "2006-12-31": "0.00", "2006-09-30": "110.88"}, "price fcf": {"2021-02-11": "", "2020-09-30": "$1.99", "2020-06-30": "$2.07", "2020-03-31": "$2.23", "2019-12-31": "$1.93", "2019-09-30": "$1.78", "2019-06-30": "$1.50", "2019-03-31": "$1.34", "2018-12-31": "$1.54", "2018-09-30": "$1.02", "2018-06-30": "$1.25", "2018-03-31": "$1.24", "2017-12-31": "$1.55", "2017-09-30": "$1.76", "2017-06-30": "$2.00", "2017-03-31": "$2.24", "2016-12-31": "$1.57", "2016-09-30": "$1.27", "2016-06-30": "$0.64", "2016-03-31": "$0.30", "2015-12-31": "$0.35", "2015-09-30": "$0.32", "2015-06-30": "$0.44", "2015-03-31": "$0.57", "2014-12-31": "$1.11", "2014-09-30": "$1.22", "2014-06-30": "$1.32", "2014-03-31": "$1.39", "2013-12-31": "$1.36", "2013-09-30": "$1.15", "2013-06-30": "$1.30", "2013-03-31": "$1.33", "2012-12-31": "$1.28", "2012-09-30": "$1.15", "2012-06-30": "$0.49", "2012-03-31": "$0.27", "2011-12-31": "$0.24", "2011-09-30": "$0.16", "2011-06-30": "$0.12", "2011-03-31": "$-0.04", "2010-12-31": "$0.19", "2010-09-30": "$0.34", "2010-06-30": "$0.76", "2010-03-31": "$1.08", "2009-12-31": "$0.85", "2009-09-30": "$0.68", "2009-06-30": "$0.23", "2009-03-31": "$-0.15", "2008-12-31": "$0.04", "2008-09-30": "$-0.10", "2008-06-30": "$0.20", "2008-03-31": "$0.64", "2007-12-31": "$0.73", "2007-09-30": "$0.20", "2007-06-30": "$0.24"}, "net worth": {"value": "$6.95B"}, "current ratio": {"current": "2.03", "2020-09-30": "2.03", "2020-06-30": "2.01", "2020-03-31": "2.21", "2019-12-31": "1.82", "2019-09-30": "1.73", "2019-06-30": "1.76", "2019-03-31": "1.66", "2018-12-31": "1.73", "2018-09-30": "1.84", "2018-06-30": "2.02", "2018-03-31": "2.03", "2017-12-31": "1.90", "2017-09-30": "1.88", "2017-06-30": "2.01", "2017-03-31": "1.96", "2016-12-31": "2.04", "2016-09-30": "1.90", "2016-06-30": "2.34", "2016-03-31": "2.28", "2015-12-31": "1.94", "2015-09-30": "2.08", "2015-06-30": "2.18", "2015-03-31": "2.16", "2014-12-31": "1.72", "2014-09-30": "1.88", "2014-06-30": "2.24", "2014-03-31": "2.37", "2013-12-31": "2.25", "2013-09-30": "2.47", "2013-06-30": "2.53", "2013-03-31": "2.51", "2012-12-31": "2.32", "2012-09-30": "2.15", "2012-06-30": "2.34", "2012-03-31": "2.73", "2011-12-31": "2.50", "2011-09-30": "2.48", "2011-06-30": "2.33", "2011-03-31": "2.58", "2010-12-31": "2.59", "2010-09-30": "2.36", "2010-06-30": "2.37", "2010-03-31": "2.23", "2009-12-31": "2.07", "2009-09-30": "2.21", "2009-06-30": "2.42", "2009-03-31": "2.40", "2008-12-31": "2.82", "2008-09-30": "2.92", "2008-06-30": "3.05", "2008-03-31": "3.11", "2007-12-31": "3.04", "2007-09-30": "2.79", "2007-06-30": "3.24", "2007-03-31": "3.27", "2006-12-31": "3.39", "2006-09-30": "3.24", "2006-06-30": "2.33", "2006-03-31": "0.00", "2005-09-30": "0.00", "2005-06-30": "1.98"}, "quick ratio": {"2020-09-30": "0.95", "2020-06-30": "1.04", "2020-03-31": "1.11", "2019-12-31": "0.74", "2019-09-30": "0.73", "2019-06-30": "0.69", "2019-03-31": "0.64", "2018-12-31": "0.73", "2018-09-30": "0.79", "2018-06-30": "0.84", "2018-03-31": "0.81", "2017-12-31": "0.85", "2017-09-30": "0.85", "2017-06-30": "0.89", "2017-03-31": "0.83", "2016-12-31": "0.91", "2016-09-30": "0.83", "2016-06-30": "1.05", "2016-03-31": "0.84", "2015-12-31": "0.73", "2015-09-30": "0.92", "2015-06-30": "1.01", "2015-03-31": "0.95", "2014-12-31": "0.68", "2014-09-30": "0.89", "2014-06-30": "1.03", "2014-03-31": "1.01", "2013-12-31": "0.96", "2013-09-30": "1.03", "2013-06-30": "1.03", "2013-03-31": "0.97", "2012-12-31": "0.88", "2012-09-30": "0.91", "2012-06-30": "0.85", "2012-03-31": "0.88", "2011-12-31": "0.78", "2011-09-30": "0.82", "2011-06-30": "0.80", "2011-03-31": "0.95", "2010-12-31": "1.00", "2010-09-30": "0.92", "2010-06-30": "0.92", "2010-03-31": "0.87", "2009-12-31": "0.88", "2009-09-30": "0.98", "2009-06-30": "1.00", "2009-03-31": "0.91", "2008-12-31": "1.10", "2008-09-30": "1.16", "2008-06-30": "1.21", "2008-03-31": "1.32", "2007-12-31": "1.42", "2007-09-30": "1.24", "2007-06-30": "1.39", "2007-03-31": "1.33", "2006-12-31": "1.40", "2006-09-30": "1.34", "2006-06-30": "1.56", "2006-03-31": "0.00", "2005-09-30": "0.00", "2005-06-30": "1.18"}, "debt equity ratio": {"current": "3.46", "2020-09-30": "6.10", "2020-06-30": "6.52", "2020-03-31": "8.09", "2019-12-31": "4.95", "2019-09-30": "5.91", "2019-06-30": "6.65", "2019-03-31": "7.39", "2018-12-31": "7.30", "2018-09-30": "7.56", "2018-06-30": "8.68", "2018-03-31": "9.38", "2017-12-31": "9.05", "2017-09-30": "4.91", "2017-06-30": "5.71", "2017-03-31": "6.37", "2016-12-31": "4.66", "2016-09-30": "5.16", "2016-06-30": "5.30", "2016-03-31": "5.12", "2015-12-31": "3.39", "2015-09-30": "3.65", "2015-06-30": "3.05", "2015-03-31": "2.85", "2014-12-31": "2.76", "2014-09-30": "2.79", "2014-06-30": "2.20", "2014-03-31": "2.43", "2013-12-31": "2.32", "2013-09-30": "2.33", "2013-06-30": "2.69", "2013-03-31": "3.01", "2012-12-31": "3.10", "2012-09-30": "4.07", "2012-06-30": "4.91", "2012-03-31": "5.20", "2011-12-31": "4.92", "2011-09-30": "4.62", "2011-06-30": "5.32", "2011-03-31": "5.57", "2010-12-31": "5.74", "2010-09-30": "5.97", "2010-06-30": "6.82", "2010-03-31": "8.15", "2009-12-31": "8.94", "2009-09-30": "10.91", "2009-06-30": "13.95", "2009-03-31": "18.26", "2008-12-31": "18.09", "2008-09-30": "8.52", "2008-06-30": "8.16", "2008-03-31": "10.15", "2007-12-31": "10.91", "2007-09-30": "14.99", "2007-06-30": "25.87", "2007-03-31": "36.83", "2006-12-31": "48.60", "2006-09-30": "220.82", "2006-06-30": "0.52", "2006-03-31": "0.00", "2005-09-30": "0.00", "2005-06-30": "0.63"}, "return on equity": {"2020-09-30": "40.65%", "2020-06-30": "48.56%", "2020-03-31": "48.14%", "2019-12-31": "55.74%", "2019-09-30": "57.14%", "2019-06-30": "59.44%", "2019-03-31": "62.85%", "2018-12-31": "67.04%", "2018-09-30": "2.38%", "2018-06-30": "5.90%", "2018-03-31": "8.86%", "2017-12-31": "7.49%", "2017-09-30": "53.80%", "2017-06-30": "51.72%", "2017-03-31": "47.97%", "2016-12-31": "48.86%", "2016-09-30": "44.88%", "2016-06-30": "43.20%", "2016-03-31": "37.00%", "2015-12-31": "31.89%", "2015-09-30": "29.06%", "2015-06-30": "24.95%", "2015-03-31": "29.54%", "2014-12-31": "29.58%", "2014-09-30": "26.17%", "2014-06-30": "28.28%", "2014-03-31": "27.48%", "2013-12-31": "30.16%", "2013-09-30": "37.50%", "2013-06-30": "39.70%", "2013-03-31": "29.59%", "2012-12-31": "22.01%", "2012-09-30": "18.02%", "2012-06-30": "15.44%", "2012-03-31": "27.96%", "2011-12-31": "39.42%", "2011-09-30": "39.21%", "2011-06-30": "37.65%", "2011-03-31": "40.66%", "2010-12-31": "43.51%", "2010-09-30": "42.52%", "2010-06-30": "44.20%", "2010-03-31": "34.75%", "2009-12-31": "19.77%", "2009-09-30": "31.49%", "2009-06-30": "18.59%", "2009-03-31": "25.22%", "2008-12-31": "40.06%", "2008-09-30": "46.36%", "2008-06-30": "60.12%", "2008-03-31": "63.22%", "2007-12-31": "69.14%", "2007-06-30": "114.10%", "2007-03-31": "14.21%", "2006-09-30": "32.91%"}, "return on assets": {"2020-09-30": "5.59%", "2020-06-30": "6.72%", "2020-03-31": "6.63%", "2019-12-31": "7.82%", "2019-09-30": "7.36%", "2019-06-30": "7.25%", "2019-03-31": "7.23%", "2018-12-31": "7.32%", "2018-09-30": "0.25%", "2018-06-30": "0.69%", "2018-03-31": "1.14%", "2017-12-31": "1.04%", "2017-09-30": "8.48%", "2017-06-30": "8.06%", "2017-03-31": "7.60%", "2016-12-31": "8.08%", "2016-09-30": "7.91%", "2016-06-30": "8.20%", "2016-03-31": "7.89%", "2015-12-31": "7.56%", "2015-09-30": "7.15%", "2015-06-30": "6.46%", "2015-03-31": "8.09%", "2014-12-31": "8.33%", "2014-09-30": "7.60%", "2014-06-30": "8.52%", "2014-03-31": "8.00%", "2013-12-31": "8.47%", "2013-09-30": "10.00%", "2013-06-30": "9.53%", "2013-03-31": "6.34%", "2012-12-31": "4.22%", "2012-09-30": "3.14%", "2012-06-30": "2.61%", "2012-03-31": "4.66%", "2011-12-31": "6.48%", "2011-09-30": "6.26%", "2011-06-30": "5.68%", "2011-03-31": "5.83%", "2010-12-31": "5.78%", "2010-09-30": "5.15%", "2010-06-30": "4.67%", "2010-03-31": "3.12%", "2009-12-31": "1.49%", "2009-09-30": "2.00%", "2009-06-30": "1.29%", "2009-03-31": "2.01%", "2008-12-31": "3.57%", "2008-09-30": "4.51%", "2008-06-30": "5.20%", "2008-03-31": "4.32%", "2007-12-31": "3.63%", "2007-06-30": "2.49%", "2007-03-31": "3.15%", "2006-09-30": "12.58%"}, "return on investments": {"2020-09-30": "14.03%", "2020-06-30": "16.33%", "2020-03-31": "16.39%", "2019-12-31": "19.43%", "2019-09-30": "19.50%", "2019-06-30": "19.13%", "2019-03-31": "18.68%", "2018-12-31": "18.26%", "2018-09-30": "15.66%", "2018-06-30": "15.63%", "2018-03-31": "15.96%", "2017-12-31": "15.67%", "2017-09-30": "17.48%", "2017-06-30": "16.79%", "2017-03-31": "16.84%", "2016-12-31": "17.50%", "2016-09-30": "17.35%", "2016-06-30": "18.24%", "2016-03-31": "17.05%", "2015-12-31": "16.80%", "2015-09-30": "16.63%", "2015-06-30": "15.32%", "2015-03-31": "18.40%", "2014-12-31": "18.58%", "2014-09-30": "17.06%", "2014-06-30": "19.43%", "2014-03-31": "19.34%", "2013-12-31": "20.80%", "2013-09-30": "25.34%", "2013-06-30": "24.82%", "2013-03-31": "22.43%", "2012-12-31": "18.78%", "2012-09-30": "14.59%", "2012-06-30": "13.43%", "2012-03-31": "13.61%", "2011-12-31": "16.88%", "2011-09-30": "16.52%", "2011-06-30": "15.87%", "2011-03-31": "15.86%", "2010-12-31": "16.12%", "2010-09-30": "17.86%", "2010-06-30": "17.55%", "2010-03-31": "15.93%", "2009-12-31": "12.54%", "2009-09-30": "11.33%", "2009-06-30": "9.12%", "2009-03-31": "9.85%", "2008-12-31": "12.26%", "2008-09-30": "14.48%", "2008-06-30": "16.46%", "2008-03-31": "15.71%", "2007-12-31": "15.07%", "2007-06-30": "9.77%", "2007-03-31": "12.61%", "2006-09-30": "57.76%"}, "return on tangible equity": {"2020-09-30": "-27.06%", "2020-06-30": "-32.09%", "2020-03-31": "-30.83%", "2019-12-31": "-35.72%", "2019-09-30": "-31.61%", "2019-06-30": "-29.31%", "2019-03-31": "-27.57%", "2018-12-31": "-26.16%", "2018-09-30": "-0.88%", "2018-06-30": "-2.66%", "2018-03-31": "-4.81%", "2017-12-31": "-4.90%", "2017-09-30": "-45.40%", "2017-06-30": "-43.04%", "2017-03-31": "-45.31%", "2016-12-31": "-56.75%", "2016-09-30": "-69.15%", "2016-06-30": "-103.33%", "2016-03-31": "-145.45%", "2015-12-31": "-279.02%", "2015-09-30": "-415.63%", "2015-06-30": "-2498.25%", "2015-03-31": "392.45%", "2014-12-31": "256.74%", "2014-09-30": "157.29%", "2014-06-30": "96.72%", "2014-03-31": "81.42%", "2013-12-31": "76.39%", "2013-09-30": "82.40%", "2013-06-30": "100.21%", "2013-03-31": "92.02%", "2012-12-31": "92.26%", "2012-09-30": "109.65%", "2012-06-30": "111.87%", "2012-03-31": "234.86%", "2011-12-31": "377.39%", "2011-09-30": "638.99%", "2011-06-30": "878.43%", "2011-03-31": "1409.52%", "2010-12-31": "-2910.34%", "2010-09-30": "-686.79%", "2010-06-30": "-179.50%", "2010-03-31": "-72.61%", "2009-12-31": "-26.10%", "2009-09-30": "-29.65%", "2009-06-30": "-20.84%", "2009-03-31": "-38.87%", "2008-12-31": "-82.33%", "2008-09-30": "-125.69%", "2008-06-30": "-112.87%", "2008-03-31": "-70.34%", "2007-12-31": "-49.22%", "2007-06-30": "-25.42%", "2007-03-31": "27.88%", "2006-09-30": "44.26%"}, "dividend yield history": {"last payout": "$0.60", "last yield": "3.01%"}}