{"ticker": "HCA", "price": {"title": "HCA Healthcare Historical Annual Stock Price Data", "value": 175.55, "historical": {"2020": {"Average Stock Price": "125.9134", "Year Open": "147.4900", "Year High": "165.8600", "Year Low": "68.1300", "Year Close": "164.4600", "Annual % Change": "11.26%"}, "2019": {"Average Stock Price": "131.0468", "Year Open": "121.7600", "Year High": "149.2600", "Year Low": "112.0100", "Year Close": "147.8100", "Annual % Change": "18.77%"}, "2018": {"Average Stock Price": "114.3138", "Year Open": "89.5100", "Year High": "146.2900", "Year Low": "84.9600", "Year Close": "124.4500", "Annual % Change": "41.68%"}, "2017": {"Average Stock Price": "82.1815", "Year Open": "74.4600", "Year High": "90.4900", "Year Low": "74.2200", "Year Close": "87.8400", "Annual % Change": "18.67%"}, "2016": {"Average Stock Price": "75.1203", "Year Open": "66.2900", "Year High": "82.0200", "Year Low": "62.8300", "Year Close": "74.0200", "Annual % Change": "9.45%"}, "2015": {"Average Stock Price": "77.6161", "Year Open": "73.9700", "Year High": "94.8100", "Year Low": "64.4700", "Year Close": "67.6300", "Annual % Change": "-7.85%"}, "2014": {"Average Stock Price": "59.8700", "Year Open": "47.7700", "Year High": "75.0000", "Year Low": "47.6500", "Year Close": "73.3900", "Annual % Change": "53.83%"}, "2013": {"Average Stock Price": "40.2072", "Year Open": "31.3000", "Year High": "48.5400", "Year Low": "31.3000", "Year Close": "47.7100", "Annual % Change": "58.14%"}, "2012": {"Average Stock Price": "27.9650", "Year Open": "21.6400", "Year High": "33.8700", "Year Low": "20.8000", "Year Close": "30.1700", "Annual % Change": "36.95%"}, "2011": {"Average Stock Price": "27.0517", "Year Open": "31.0200", "Year High": "35.2400", "Year Low": "17.6600", "Year Close": "22.0300", "Annual % Change": "0.00%"}}}, "market cap": {"value": "$59.36B"}, "income statement": {"Revenue": {"2020-12-31": "51533.00000", "2019-12-31": "51336.00000", "2018-12-31": "46677.00000", "2017-12-31": "43614.00000", "2016-12-31": "41490.00000", "2015-12-31": "39678.00000", "2014-12-31": "36918.00000", "2013-12-31": "34182.00000", "2012-12-31": "33013.00000", "2011-12-31": "29682.00000", "2010-12-31": "28035.00000", "2009-12-31": "26776.00000", "2008-12-31": "28374.00000", "2007-12-31": "26858.00000", "2006-12-31": "25477.00000", "2005-12-31": "24455.00000"}, "Cost Of Goods Sold": {"2020-12-31": "8369.00000", "2019-12-31": "8481.00000", "2018-12-31": "7724.00000", "2017-12-31": "7316.00000", "2016-12-31": "6933.00000", "2015-12-31": "6638.00000", "2014-12-31": "6262.00000", "2013-12-31": "5970.00000", "2012-12-31": "5717.00000", "2011-12-31": "5179.00000", "2010-12-31": "4961.00000", "2009-12-31": "4868.00000", "2008-12-31": "4620.00000", "2007-12-31": "4395.00000", "2006-12-31": "4322.00000", "2005-12-31": "4126.00000"}, "Gross Profit": {"2020-12-31": "43164.00000", "2019-12-31": "42855.00000", "2018-12-31": "38953.00000", "2017-12-31": "36298.00000", "2016-12-31": "34557.00000", "2015-12-31": "33040.00000", "2014-12-31": "30656.00000", "2013-12-31": "28212.00000", "2012-12-31": "27296.00000", "2011-12-31": "24503.00000", "2010-12-31": "23074.00000", "2009-12-31": "21908.00000", "2008-12-31": "23754.00000", "2007-12-31": "22463.00000", "2006-12-31": "21155.00000", "2005-12-31": "20329.00000"}, "Research And Development Expenses": {"2020-12-31": "", "2019-12-31": "", "2018-12-31": "", "2017-12-31": "", "2016-12-31": "", "2015-12-31": "", "2014-12-31": "", "2013-12-31": "", "2012-12-31": "", "2011-12-31": "", "2010-12-31": "", "2009-12-31": "", "2008-12-31": "", "2007-12-31": "", "2006-12-31": "", "2005-12-31": ""}, "SG&A Expenses": {"2020-12-31": "23874.00000", "2019-12-31": "23560.00000", "2018-12-31": "21425.00000", "2017-12-31": "20059.00000", "2016-12-31": "18897.00000", "2015-12-31": "18115.00000", "2014-12-31": "16641.00000", "2013-12-31": "15646.00000", "2012-12-31": "15089.00000", "2011-12-31": "13440.00000", "2010-12-31": "12484.00000", "2009-12-31": "11958.00000", "2008-12-31": "11440.00000", "2007-12-31": "10714.00000", "2006-12-31": "10409.00000", "2005-12-31": "9928.00000"}, "Other Operating Income Or Expenses": {"2020-12-31": "-9253.00000", "2019-12-31": "-9438.00000", "2018-12-31": "-8579.00000", "2017-12-31": "-8006.00000", "2016-12-31": "-7442.00000", "2015-12-31": "-7010.00000", "2014-12-31": "-6587.00000", "2013-12-31": "-5992.00000", "2012-12-31": "-5676.00000", "2011-12-31": "-5002.00000", "2010-12-31": "-4722.00000", "2009-12-31": "-4478.00000", "2008-12-31": "-7740.00000", "2007-12-31": "-7157.00000", "2006-12-31": "-6276.00000", "2005-12-31": "-6118.00000"}, "Operating Expenses": {"2020-12-31": "44217.00000", "2019-12-31": "44075.00000", "2018-12-31": "40006.00000", "2017-12-31": "37512.00000", "2016-12-31": "35238.00000", "2015-12-31": "33667.00000", "2014-12-31": "31310.00000", "2013-12-31": "29361.00000", "2012-12-31": "28161.00000", "2011-12-31": "25086.00000", "2010-12-31": "23588.00000", "2009-12-31": "22729.00000", "2008-12-31": "25216.00000", "2007-12-31": "23692.00000", "2006-12-31": "22398.00000", "2005-12-31": "21546.00000"}, "Operating Income": {"2020-12-31": "7316.00000", "2019-12-31": "7261.00000", "2018-12-31": "6671.00000", "2017-12-31": "6102.00000", "2016-12-31": "6252.00000", "2015-12-31": "6011.00000", "2014-12-31": "5608.00000", "2013-12-31": "4821.00000", "2012-12-31": "4852.00000", "2011-12-31": "4596.00000", "2010-12-31": "4447.00000", "2009-12-31": "4047.00000", "2008-12-31": "3158.00000", "2007-12-31": "3166.00000", "2006-12-31": "3079.00000", "2005-12-31": "2909.00000"}, "Total Non-Operating Income/Expense": {"2020-12-31": "-1886.00000", "2019-12-31": "-2017.00000", "2018-12-31": "-1336.00000", "2017-12-31": "-1721.00000", "2016-12-31": "-1442.00000", "2015-12-31": "-2054.00000", "2014-12-31": "-2127.00000", "2013-12-31": "-1875.00000", "2012-12-31": "-1958.00000", "2011-12-31": "-1035.00000", "2010-12-31": "-2216.00000", "2009-12-31": "-2045.00000", "2008-12-31": "-1988.00000", "2007-12-31": "-1768.00000", "2006-12-31": "-1417.00000", "2005-12-31": "-755.00000"}, "Pre-Tax Income": {"2020-12-31": "5430.00000", "2019-12-31": "5244.00000", "2018-12-31": "5335.00000", "2017-12-31": "4381.00000", "2016-12-31": "4810.00000", "2015-12-31": "3957.00000", "2014-12-31": "3481.00000", "2013-12-31": "2946.00000", "2012-12-31": "2894.00000", "2011-12-31": "3561.00000", "2010-12-31": "2231.00000", "2009-12-31": "2002.00000", "2008-12-31": "1170.00000", "2007-12-31": "1398.00000", "2006-12-31": "1662.00000", "2005-12-31": "2154.00000"}, "Income Taxes": {"2020-12-31": "1043.00000", "2019-12-31": "1099.00000", "2018-12-31": "946.00000", "2017-12-31": "1638.00000", "2016-12-31": "1378.00000", "2015-12-31": "1261.00000", "2014-12-31": "1108.00000", "2013-12-31": "950.00000", "2012-12-31": "888.00000", "2011-12-31": "719.00000", "2010-12-31": "658.00000", "2009-12-31": "627.00000", "2008-12-31": "268.00000", "2007-12-31": "316.00000", "2006-12-31": "626.00000", "2005-12-31": "730.00000"}, "Income After Taxes": {"2020-12-31": "4387.00000", "2019-12-31": "4145.00000", "2018-12-31": "4389.00000", "2017-12-31": "2743.00000", "2016-12-31": "3432.00000", "2015-12-31": "2696.00000", "2014-12-31": "2373.00000", "2013-12-31": "1996.00000", "2012-12-31": "2006.00000", "2011-12-31": "2842.00000", "2010-12-31": "1573.00000", "2009-12-31": "1375.00000", "2008-12-31": "902.00000", "2007-12-31": "1082.00000", "2006-12-31": "1036.00000", "2005-12-31": "1424.00000"}, "Other Income": {"2020-12-31": "", "2019-12-31": "", "2018-12-31": "", "2017-12-31": "", "2016-12-31": "", "2015-12-31": "", "2014-12-31": "", "2013-12-31": "", "2012-12-31": "", "2011-12-31": "", "2010-12-31": "", "2009-12-31": "", "2008-12-31": "", "2007-12-31": "", "2006-12-31": "", "2005-12-31": ""}, "Income From Continuous Operations": {"2020-12-31": "4387.00000", "2019-12-31": "4145.00000", "2018-12-31": "4389.00000", "2017-12-31": "2743.00000", "2016-12-31": "3432.00000", "2015-12-31": "2696.00000", "2014-12-31": "2373.00000", "2013-12-31": "1996.00000", "2012-12-31": "2006.00000", "2011-12-31": "2842.00000", "2010-12-31": "1573.00000", "2009-12-31": "1375.00000", "2008-12-31": "902.00000", "2007-12-31": "1082.00000", "2006-12-31": "1036.00000", "2005-12-31": "1424.00000"}, "Income From Discontinued Operations": {"2020-12-31": "", "2019-12-31": "", "2018-12-31": "", "2017-12-31": "", "2016-12-31": "", "2015-12-31": "", "2014-12-31": "", "2013-12-31": "", "2012-12-31": "", "2011-12-31": "", "2010-12-31": "", "2009-12-31": "", "2008-12-31": "", "2007-12-31": "", "2006-12-31": "", "2005-12-31": ""}, "Net Income": {"2020-12-31": "3754.00000", "2019-12-31": "3505.00000", "2018-12-31": "3787.00000", "2017-12-31": "2216.00000", "2016-12-31": "2890.00000", "2015-12-31": "2129.00000", "2014-12-31": "1875.00000", "2013-12-31": "1556.00000", "2012-12-31": "1605.00000", "2011-12-31": "2465.00000", "2010-12-31": "1207.00000", "2009-12-31": "1054.00000", "2008-12-31": "673.00000", "2007-12-31": "874.00000", "2006-12-31": "1036.00000", "2005-12-31": "1424.00000"}, "EBITDA": {"2020-12-31": "10067.00000", "2019-12-31": "9887.00000", "2018-12-31": "8980.00000", "2017-12-31": "8264.00000", "2016-12-31": "8252.00000", "2015-12-31": "7950.00000", "2014-12-31": "7470.00000", "2013-12-31": "6629.00000", "2012-12-31": "6593.00000", "2011-12-31": "6131.00000", "2010-12-31": "5949.00000", "2009-12-31": "5552.00000", "2008-12-31": "4653.00000", "2007-12-31": "4670.00000", "2006-12-31": "4488.00000", "2005-12-31": "4283.00000"}, "EBIT": {"2020-12-31": "7316.00000", "2019-12-31": "7261.00000", "2018-12-31": "6671.00000", "2017-12-31": "6102.00000", "2016-12-31": "6252.00000", "2015-12-31": "6011.00000", "2014-12-31": "5608.00000", "2013-12-31": "4821.00000", "2012-12-31": "4852.00000", "2011-12-31": "4596.00000", "2010-12-31": "4447.00000", "2009-12-31": "4047.00000", "2008-12-31": "3158.00000", "2007-12-31": "3166.00000", "2006-12-31": "3079.00000", "2005-12-31": "2909.00000"}, "Basic Shares Outstanding": {"2020-12-31": "", "2019-12-31": "341.21000", "2018-12-31": "347.29700", "2017-12-31": "362.30500", "2016-12-31": "383.59100", "2015-12-31": "414.19300", "2014-12-31": "435.66800", "2013-12-31": "445.06600", "2012-12-31": "440.17800", "2011-12-31": "476.60900", "2010-12-31": "426.42400", "2009-12-31": "425.56700", "2008-12-31": "94.05100", "2007-12-31": "", "2006-12-31": "", "2005-12-31": ""}, "Shares Outstanding": {"2020-12-31": "343.60500", "2019-12-31": "348.22600", "2018-12-31": "355.30300", "2017-12-31": "372.22100", "2016-12-31": "395.85100", "2015-12-31": "426.72100", "2014-12-31": "450.35200", "2013-12-31": "461.91300", "2012-12-31": "459.40300", "2011-12-31": "495.94300", "2010-12-31": "437.34700", "2009-12-31": "432.22700", "2008-12-31": "95.66800", "2007-12-31": "", "2006-12-31": "", "2005-12-31": ""}, "Basic EPS": {"2020-12-31": "", "2019-12-31": "10.27000", "2018-12-31": "10.90000", "2017-12-31": "6.12000", "2016-12-31": "7.53000", "2015-12-31": "5.14000", "2014-12-31": "4.30000", "2013-12-31": "3.50000", "2012-12-31": "3.65000", "2011-12-31": "5.17000", "2010-12-31": "2.83000", "2009-12-31": "2.48000", "2008-12-31": "7.16000", "2007-12-31": "", "2006-12-31": "", "2005-12-31": ""}, "EPS - Earnings Per Share": {"2020-12-31": "10.93000", "2019-12-31": "10.07000", "2018-12-31": "10.66000", "2017-12-31": "5.95000", "2016-12-31": "7.30000", "2015-12-31": "4.99000", "2014-12-31": "4.16000", "2013-12-31": "3.37000", "2012-12-31": "3.49000", "2011-12-31": "4.97000", "2010-12-31": "2.76000", "2009-12-31": "2.44000", "2008-12-31": "7.04000", "2007-12-31": "0.00000", "2006-12-31": "0.00000", "2005-12-31": "0.00000"}}, "income statement, quarterly": {"Revenue": {"2020-12-31": "14293.00000", "2020-09-30": "13311.00000", "2020-06-30": "11068.00000", "2020-03-31": "12861.00000", "2019-12-31": "13523.00000", "2019-09-30": "12694.00000", "2019-06-30": "12602.00000", "2019-03-31": "12517.00000", "2018-12-31": "12274.00000", "2018-09-30": "11451.00000", "2018-06-30": "11529.00000", "2018-03-31": "11423.00000", "2017-12-31": "11562.00000", "2017-09-30": "10696.00000", "2017-06-30": "10733.00000", "2017-03-31": "10623.00000", "2016-12-31": "10641.00000", "2016-09-30": "10270.00000", "2016-06-30": "10319.00000", "2016-03-31": "10260.00000", "2015-12-31": "10249.00000", "2015-09-30": "9856.00000", "2015-06-30": "9897.00000", "2015-03-31": "9676.00000", "2014-12-31": "9636.00000", "2014-09-30": "9220.00000", "2014-06-30": "9230.00000", "2014-03-31": "8832.00000", "2013-12-31": "8836.00000", "2013-09-30": "8456.00000", "2013-06-30": "8450.00000", "2013-03-31": "8440.00000", "2012-12-31": "8434.00000", "2012-09-30": "8062.00000", "2012-06-30": "8112.00000", "2012-03-31": "8405.00000", "2011-12-31": "7769.00000", "2011-09-30": "7258.00000", "2011-06-30": "7249.00000", "2011-03-31": "7406.00000", "2010-12-31": "5809.00000", "2010-09-30": "6926.00000", "2010-06-30": "7756.00000", "2010-03-31": "7544.00000", "2009-12-31": "4329.00000", "2009-09-30": "7533.00000", "2009-06-30": "7483.00000", "2009-03-31": "7431.00000", "2008-12-31": "7265.00000", "2008-09-30": "7002.00000", "2008-06-30": "6980.00000", "2008-03-31": "7127.00000", "2007-12-31": "6883.00000", "2007-09-30": "6569.00000", "2007-06-30": "6729.00000", "2007-03-31": "6677.00000", "2006-12-31": "6489.00000", "2006-09-30": "6213.00000", "2006-06-30": "6360.00000", "2006-03-31": "6415.00000", "2005-12-31": "6178.00000", "2005-09-30": "6025.00000", "2005-06-30": "6070.00000", "2005-03-31": "6182.00000"}, "Cost Of Goods Sold": {"2020-12-31": "2370.00000", "2020-09-30": "2128.00000", "2020-06-30": "1748.00000", "2020-03-31": "2123.00000", "2019-12-31": "2232.00000", "2019-09-30": "2090.00000", "2019-06-30": "2118.00000", "2019-03-31": "2041.00000", "2018-12-31": "2002.00000", "2018-09-30": "1890.00000", "2018-06-30": "1917.00000", "2018-03-31": "1915.00000", "2017-12-31": "1947.00000", "2017-09-30": "1777.00000", "2017-06-30": "1795.00000", "2017-03-31": "1797.00000", "2016-12-31": "1802.00000", "2016-09-30": "1699.00000", "2016-06-30": "1718.00000", "2016-03-31": "1714.00000", "2015-12-31": "1686.00000", "2015-09-30": "1644.00000", "2015-06-30": "1670.00000", "2015-03-31": "1638.00000", "2014-12-31": "1659.00000", "2014-09-30": "1539.00000", "2014-06-30": "1532.00000", "2014-03-31": "1532.00000", "2013-12-31": "1564.00000", "2013-09-30": "1457.00000", "2013-06-30": "1470.00000", "2013-03-31": "1479.00000", "2012-12-31": "1501.00000", "2012-09-30": "1375.00000", "2012-06-30": "1422.00000", "2012-03-31": "1419.00000", "2011-12-31": "1346.00000", "2011-09-30": "1263.00000", "2011-06-30": "1295.00000", "2011-03-31": "1275.00000", "2010-12-31": "1276.00000", "2010-09-30": "1234.00000", "2010-06-30": "1251.00000", "2010-03-31": "1200.00000", "2009-12-31": "1241.00000", "2009-09-30": "1206.00000", "2009-06-30": "1211.00000", "2009-03-31": "1210.00000", "2008-12-31": "1157.00000", "2008-09-30": "1141.00000", "2008-06-30": "1149.00000", "2008-03-31": "1173.00000", "2007-12-31": "1111.00000", "2007-09-30": "1085.00000", "2007-06-30": "1096.00000", "2007-03-31": "1103.00000", "2006-12-31": "1071.00000", "2006-09-30": "1046.00000", "2006-06-30": "1091.00000", "2006-03-31": "1114.00000", "2005-12-31": "1024.00000", "2005-09-30": "1009.00000", "2005-06-30": "1042.00000", "2005-03-31": "1051.00000"}, "Gross Profit": {"2020-12-31": "11923.00000", "2020-09-30": "11183.00000", "2020-06-30": "9320.00000", "2020-03-31": "10738.00000", "2019-12-31": "11291.00000", "2019-09-30": "10604.00000", "2019-06-30": "10484.00000", "2019-03-31": "10476.00000", "2018-12-31": "10272.00000", "2018-09-30": "9561.00000", "2018-06-30": "9612.00000", "2018-03-31": "9508.00000", "2017-12-31": "9615.00000", "2017-09-30": "8919.00000", "2017-06-30": "8938.00000", "2017-03-31": "8826.00000", "2016-12-31": "8839.00000", "2016-09-30": "8571.00000", "2016-06-30": "8601.00000", "2016-03-31": "8546.00000", "2015-12-31": "8563.00000", "2015-09-30": "8212.00000", "2015-06-30": "8227.00000", "2015-03-31": "8038.00000", "2014-12-31": "7977.00000", "2014-09-30": "7681.00000", "2014-06-30": "7698.00000", "2014-03-31": "7300.00000", "2013-12-31": "7272.00000", "2013-09-30": "6999.00000", "2013-06-30": "6980.00000", "2013-03-31": "6961.00000", "2012-12-31": "6933.00000", "2012-09-30": "6687.00000", "2012-06-30": "6690.00000", "2012-03-31": "6986.00000", "2011-12-31": "6423.00000", "2011-09-30": "5995.00000", "2011-06-30": "5954.00000", "2011-03-31": "6131.00000", "2010-12-31": "4533.00000", "2010-09-30": "5692.00000", "2010-06-30": "6505.00000", "2010-03-31": "6344.00000", "2009-12-31": "3088.00000", "2009-09-30": "6327.00000", "2009-06-30": "6272.00000", "2009-03-31": "6221.00000", "2008-12-31": "6108.00000", "2008-09-30": "5861.00000", "2008-06-30": "5831.00000", "2008-03-31": "5954.00000", "2007-12-31": "5772.00000", "2007-09-30": "5484.00000", "2007-06-30": "5633.00000", "2007-03-31": "5574.00000", "2006-12-31": "5418.00000", "2006-09-30": "5167.00000", "2006-06-30": "5269.00000", "2006-03-31": "5301.00000", "2005-12-31": "5154.00000", "2005-09-30": "5016.00000", "2005-06-30": "5028.00000", "2005-03-31": "5131.00000"}, "Research And Development Expenses": {"2020-12-31": "", "2020-09-30": "", "2020-06-30": "", "2020-03-31": "", "2019-12-31": "", "2019-09-30": "", "2019-06-30": "", "2019-03-31": "", "2018-12-31": "", "2018-09-30": "", "2018-06-30": "", "2018-03-31": "", "2017-12-31": "", "2017-09-30": "", "2017-06-30": "", "2017-03-31": "", "2016-12-31": "", "2016-09-30": "", "2016-06-30": "", "2016-03-31": "", "2015-12-31": "", "2015-09-30": "", "2015-06-30": "", "2015-03-31": "", "2014-12-31": "", "2014-09-30": "", "2014-06-30": "", "2014-03-31": "", "2013-12-31": "", "2013-09-30": "", "2013-06-30": "", "2013-03-31": "", "2012-12-31": "", "2012-09-30": "", "2012-06-30": "", "2012-03-31": "", "2011-12-31": "", "2011-09-30": "", "2011-06-30": "", "2011-03-31": "", "2010-12-31": "", "2010-09-30": "", "2010-06-30": "", "2010-03-31": "", "2009-12-31": "", "2009-09-30": "", "2009-06-30": "", "2009-03-31": "", "2008-12-31": "", "2008-09-30": "", "2008-06-30": "", "2008-03-31": "", "2007-12-31": "", "2007-09-30": "", "2007-06-30": "", "2007-03-31": "", "2006-12-31": "", "2006-09-30": "", "2006-06-30": "", "2006-03-31": "", "2005-12-31": "", "2005-09-30": "", "2005-06-30": "", "2005-03-31": ""}, "SG&A Expenses": {"2020-12-31": "6329.00000", "2020-09-30": "6097.00000", "2020-06-30": "5330.00000", "2020-03-31": "6118.00000", "2019-12-31": "6105.00000", "2019-09-30": "5971.00000", "2019-06-30": "5837.00000", "2019-03-31": "5647.00000", "2018-12-31": "5485.00000", "2018-09-30": "5377.00000", "2018-06-30": "5274.00000", "2018-03-31": "5289.00000", "2017-12-31": "5181.00000", "2017-09-30": "5081.00000", "2017-06-30": "4896.00000", "2017-03-31": "4901.00000", "2016-12-31": "4764.00000", "2016-09-30": "4740.00000", "2016-06-30": "4691.00000", "2016-03-31": "4702.00000", "2015-12-31": "4606.00000", "2015-09-30": "4619.00000", "2015-06-30": "4492.00000", "2015-03-31": "4398.00000", "2014-12-31": "4282.00000", "2014-09-30": "4211.00000", "2014-06-30": "4098.00000", "2014-03-31": "4050.00000", "2013-12-31": "3965.00000", "2013-09-30": "3916.00000", "2013-06-30": "3848.00000", "2013-03-31": "3917.00000", "2012-12-31": "3865.00000", "2012-09-30": "3781.00000", "2012-06-30": "3707.00000", "2012-03-31": "3736.00000", "2011-12-31": "3492.00000", "2011-09-30": "3333.00000", "2011-06-30": "3320.00000", "2011-03-31": "3295.00000", "2010-12-31": "3202.00000", "2010-09-30": "3134.00000", "2010-06-30": "3076.00000", "2010-03-31": "3072.00000", "2009-12-31": "3078.00000", "2009-09-30": "3013.00000", "2009-06-30": "2944.00000", "2009-03-31": "2923.00000", "2008-12-31": "2877.00000", "2008-09-30": "2883.00000", "2008-06-30": "2841.00000", "2008-03-31": "2839.00000", "2007-12-31": "2712.00000", "2007-09-30": "2701.00000", "2007-06-30": "2654.00000", "2007-03-31": "2647.00000", "2006-12-31": "2593.00000", "2006-09-30": "2600.00000", "2006-06-30": "2605.00000", "2006-03-31": "2611.00000", "2005-12-31": "2538.00000", "2005-09-30": "2484.00000", "2005-06-30": "2463.00000", "2005-03-31": "2443.00000"}, "Other Operating Income Or Expenses": {"2020-12-31": "-2476.00000", "2020-09-30": "-2211.00000", "2020-06-30": "-2146.00000", "2020-03-31": "-2420.00000", "2019-12-31": "-2448.00000", "2019-09-30": "-2348.00000", "2019-06-30": "-2354.00000", "2019-03-31": "-2288.00000", "2018-12-31": "-2279.00000", "2018-09-30": "-2088.00000", "2018-06-30": "-2111.00000", "2018-03-31": "-2101.00000", "2017-12-31": "-2072.00000", "2017-09-30": "-2062.00000", "2017-06-30": "-1952.00000", "2017-03-31": "-1920.00000", "2016-12-31": "-1869.00000", "2016-09-30": "-1874.00000", "2016-06-30": "-1858.00000", "2016-03-31": "-1841.00000", "2015-12-31": "-1826.00000", "2015-09-30": "-1778.00000", "2015-06-30": "-1727.00000", "2015-03-31": "-1679.00000", "2014-12-31": "-1739.00000", "2014-09-30": "-1642.00000", "2014-06-30": "-1600.00000", "2014-03-31": "-1606.00000", "2013-12-31": "-1593.00000", "2013-09-30": "-1480.00000", "2013-06-30": "-1443.00000", "2013-03-31": "-1476.00000", "2012-12-31": "-1462.00000", "2012-09-30": "-1373.00000", "2012-06-30": "-1414.00000", "2012-03-31": "-1427.00000", "2011-12-31": "-1292.00000", "2011-09-30": "-1250.00000", "2011-06-30": "-1214.00000", "2011-03-31": "-1246.00000", "2010-12-31": "116.00000", "2010-09-30": "-1201.00000", "2010-06-30": "-1939.00000", "2010-03-31": "-1698.00000", "2009-12-31": "1333.00000", "2009-09-30": "-2041.00000", "2009-06-30": "-1929.00000", "2009-03-31": "-1841.00000", "2008-12-31": "-1994.00000", "2008-09-30": "-1925.00000", "2008-06-30": "-1886.00000", "2008-03-31": "-1935.00000", "2007-12-31": "-1907.00000", "2007-09-30": "-1800.00000", "2007-06-30": "-1799.00000", "2007-03-31": "-1651.00000", "2006-12-31": "-1554.00000", "2006-09-30": "-1648.00000", "2006-06-30": "-1588.00000", "2006-03-31": "-1486.00000", "2005-12-31": "-1604.00000", "2005-09-30": "-1583.00000", "2005-06-30": "-1447.00000", "2005-03-31": "-1484.00000"}, "Operating Expenses": {"2020-12-31": "11837.00000", "2020-09-30": "11130.00000", "2020-06-30": "9915.00000", "2020-03-31": "11335.00000", "2019-12-31": "11479.00000", "2019-09-30": "11056.00000", "2019-06-30": "10945.00000", "2019-03-31": "10595.00000", "2018-12-31": "10347.00000", "2018-09-30": "9937.00000", "2018-06-30": "9864.00000", "2018-03-31": "9858.00000", "2017-12-31": "9750.00000", "2017-09-30": "9459.00000", "2017-06-30": "9164.00000", "2017-03-31": "9139.00000", "2016-12-31": "8938.00000", "2016-09-30": "8808.00000", "2016-06-30": "8756.00000", "2016-03-31": "8736.00000", "2015-12-31": "8598.00000", "2015-09-30": "8523.00000", "2015-06-30": "8358.00000", "2015-03-31": "8188.00000", "2014-12-31": "8139.00000", "2014-09-30": "7852.00000", "2014-06-30": "7684.00000", "2014-03-31": "7635.00000", "2013-12-31": "7583.00000", "2013-09-30": "7296.00000", "2013-06-30": "7186.00000", "2013-03-31": "7296.00000", "2012-12-31": "7253.00000", "2012-09-30": "6946.00000", "2012-06-30": "6963.00000", "2012-03-31": "6999.00000", "2011-12-31": "6517.00000", "2011-09-30": "6208.00000", "2011-06-30": "6187.00000", "2011-03-31": "6174.00000", "2010-12-31": "4721.00000", "2010-09-30": "5921.00000", "2010-06-30": "6621.00000", "2010-03-31": "6325.00000", "2009-12-31": "3344.00000", "2009-09-30": "6614.00000", "2009-06-30": "6444.00000", "2009-03-31": "6327.00000", "2008-12-31": "6382.00000", "2008-09-30": "6299.00000", "2008-06-30": "6231.00000", "2008-03-31": "6304.00000", "2007-12-31": "6084.00000", "2007-09-30": "5942.00000", "2007-06-30": "5910.00000", "2007-03-31": "5756.00000", "2006-12-31": "5564.00000", "2006-09-30": "5642.00000", "2006-06-30": "5636.00000", "2006-03-31": "5556.00000", "2005-12-31": "5502.00000", "2005-09-30": "5413.00000", "2005-06-30": "5316.00000", "2005-03-31": "5315.00000"}, "Operating Income": {"2020-12-31": "2456.00000", "2020-09-30": "2181.00000", "2020-06-30": "1153.00000", "2020-03-31": "1526.00000", "2019-12-31": "2044.00000", "2019-09-30": "1638.00000", "2019-06-30": "1657.00000", "2019-03-31": "1922.00000", "2018-12-31": "1927.00000", "2018-09-30": "1514.00000", "2018-06-30": "1665.00000", "2018-03-31": "1565.00000", "2017-12-31": "1812.00000", "2017-09-30": "1237.00000", "2017-06-30": "1569.00000", "2017-03-31": "1484.00000", "2016-12-31": "1703.00000", "2016-09-30": "1462.00000", "2016-06-30": "1563.00000", "2016-03-31": "1524.00000", "2015-12-31": "1651.00000", "2015-09-30": "1333.00000", "2015-06-30": "1539.00000", "2015-03-31": "1488.00000", "2014-12-31": "1497.00000", "2014-09-30": "1368.00000", "2014-06-30": "1546.00000", "2014-03-31": "1197.00000", "2013-12-31": "1253.00000", "2013-09-30": "1160.00000", "2013-06-30": "1264.00000", "2013-03-31": "1144.00000", "2012-12-31": "1181.00000", "2012-09-30": "1116.00000", "2012-06-30": "1149.00000", "2012-03-31": "1406.00000", "2011-12-31": "1252.00000", "2011-09-30": "1050.00000", "2011-06-30": "1062.00000", "2011-03-31": "1232.00000", "2010-12-31": "1088.00000", "2010-09-30": "1005.00000", "2010-06-30": "1135.00000", "2010-03-31": "1219.00000", "2009-12-31": "985.00000", "2009-09-30": "919.00000", "2009-06-30": "1039.00000", "2009-03-31": "1104.00000", "2008-12-31": "883.00000", "2008-09-30": "703.00000", "2008-06-30": "749.00000", "2008-03-31": "823.00000", "2007-12-31": "799.00000", "2007-09-30": "627.00000", "2007-06-30": "819.00000", "2007-03-31": "921.00000", "2006-12-31": "925.00000", "2006-09-30": "571.00000", "2006-06-30": "724.00000", "2006-03-31": "859.00000", "2005-12-31": "676.00000", "2005-09-30": "612.00000", "2005-06-30": "754.00000", "2005-03-31": "867.00000"}, "Total Non-Operating Income/Expense": {"2020-12-31": "-384.00000", "2020-09-30": "-1193.00000", "2020-06-30": "407.00000", "2020-03-31": "-716.00000", "2019-12-31": "-437.00000", "2019-09-30": "-659.00000", "2019-06-30": "-459.00000", "2019-03-31": "-462.00000", "2018-12-31": "-438.00000", "2018-09-30": "-445.00000", "2018-06-30": "-427.00000", "2018-03-31": "-26.00000", "2017-12-31": "-435.00000", "2017-09-30": "-459.00000", "2017-06-30": "-409.00000", "2017-03-31": "-418.00000", "2016-12-31": "-138.00000", "2016-09-30": "-444.00000", "2016-06-30": "-431.00000", "2016-03-31": "-429.00000", "2015-12-31": "-599.00000", "2015-09-30": "-490.00000", "2015-06-30": "-555.00000", "2015-03-31": "-410.00000", "2014-12-31": "-529.00000", "2014-09-30": "-439.00000", "2014-06-30": "-642.00000", "2014-03-31": "-517.00000", "2013-12-31": "-453.00000", "2013-09-30": "-459.00000", "2013-06-30": "-458.00000", "2013-03-31": "-505.00000", "2012-12-31": "-626.00000", "2012-09-30": "-439.00000", "2012-06-30": "-450.00000", "2012-03-31": "-443.00000", "2011-12-31": "1202.00000", "2011-09-30": "-927.00000", "2011-06-30": "-595.00000", "2011-03-31": "-715.00000", "2010-12-31": "-524.00000", "2010-09-30": "-537.00000", "2010-06-30": "-621.00000", "2010-03-31": "-534.00000", "2009-12-31": "-534.00000", "2009-09-30": "-513.00000", "2009-06-30": "-513.00000", "2009-03-31": "-485.00000", "2008-12-31": "-504.00000", "2008-09-30": "-491.00000", "2008-06-30": "-514.00000", "2008-03-31": "-479.00000", "2007-12-31": "-242.00000", "2007-09-30": "-288.00000", "2007-06-30": "-625.00000", "2007-03-31": "-613.00000", "2006-12-31": "-727.00000", "2006-09-30": "-212.00000", "2006-06-30": "-237.00000", "2006-03-31": "-241.00000", "2005-12-31": "-163.00000", "2005-09-30": "-203.00000", "2005-06-30": "-185.00000", "2005-03-31": "-204.00000"}, "Pre-Tax Income": {"2020-12-31": "2072.00000", "2020-09-30": "988.00000", "2020-06-30": "1560.00000", "2020-03-31": "810.00000", "2019-12-31": "1607.00000", "2019-09-30": "979.00000", "2019-06-30": "1198.00000", "2019-03-31": "1460.00000", "2018-12-31": "1489.00000", "2018-09-30": "1069.00000", "2018-06-30": "1238.00000", "2018-03-31": "1539.00000", "2017-12-31": "1377.00000", "2017-09-30": "778.00000", "2017-06-30": "1160.00000", "2017-03-31": "1066.00000", "2016-12-31": "1565.00000", "2016-09-30": "1018.00000", "2016-06-30": "1132.00000", "2016-03-31": "1095.00000", "2015-12-31": "1052.00000", "2015-09-30": "843.00000", "2015-06-30": "984.00000", "2015-03-31": "1078.00000", "2014-12-31": "968.00000", "2014-09-30": "929.00000", "2014-06-30": "904.00000", "2014-03-31": "680.00000", "2013-12-31": "800.00000", "2013-09-30": "701.00000", "2013-06-30": "806.00000", "2013-03-31": "639.00000", "2012-12-31": "555.00000", "2012-09-30": "677.00000", "2012-06-30": "699.00000", "2012-03-31": "963.00000", "2011-12-31": "2454.00000", "2011-09-30": "123.00000", "2011-06-30": "467.00000", "2011-03-31": "517.00000", "2010-12-31": "564.00000", "2010-09-30": "468.00000", "2010-06-30": "514.00000", "2010-03-31": "685.00000", "2009-12-31": "451.00000", "2009-09-30": "406.00000", "2009-06-30": "526.00000", "2009-03-31": "619.00000", "2008-12-31": "379.00000", "2008-09-30": "212.00000", "2008-06-30": "235.00000", "2008-03-31": "344.00000", "2007-12-31": "557.00000", "2007-09-30": "339.00000", "2007-06-30": "194.00000", "2007-03-31": "308.00000", "2006-12-31": "198.00000", "2006-09-30": "359.00000", "2006-06-30": "487.00000", "2006-03-31": "618.00000", "2005-12-31": "513.00000", "2005-09-30": "409.00000", "2005-06-30": "569.00000", "2005-03-31": "663.00000"}, "Income Taxes": {"2020-12-31": "378.00000", "2020-09-30": "209.00000", "2020-06-30": "344.00000", "2020-03-31": "112.00000", "2019-12-31": "334.00000", "2019-09-30": "215.00000", "2019-06-30": "271.00000", "2019-03-31": "279.00000", "2018-12-31": "244.00000", "2018-09-30": "173.00000", "2018-06-30": "272.00000", "2018-03-31": "257.00000", "2017-12-31": "736.00000", "2017-09-30": "248.00000", "2017-06-30": "365.00000", "2017-03-31": "289.00000", "2016-12-31": "480.00000", "2016-09-30": "273.00000", "2016-06-30": "341.00000", "2016-03-31": "284.00000", "2015-12-31": "314.00000", "2015-09-30": "270.00000", "2015-06-30": "319.00000", "2015-03-31": "358.00000", "2014-12-31": "292.00000", "2014-09-30": "318.00000", "2014-06-30": "272.00000", "2014-03-31": "226.00000", "2013-12-31": "246.00000", "2013-09-30": "234.00000", "2013-06-30": "269.00000", "2013-03-31": "201.00000", "2012-12-31": "128.00000", "2012-09-30": "222.00000", "2012-06-30": "214.00000", "2012-03-31": "324.00000", "2011-12-31": "412.00000", "2011-09-30": "-23.00000", "2011-06-30": "147.00000", "2011-03-31": "183.00000", "2010-12-31": "170.00000", "2010-09-30": "143.00000", "2010-06-30": "136.00000", "2010-03-31": "209.00000", "2009-12-31": "147.00000", "2009-09-30": "132.00000", "2009-06-30": "161.00000", "2009-03-31": "187.00000", "2008-12-31": "35.00000", "2008-09-30": "76.00000", "2008-06-30": "38.00000", "2008-03-31": "119.00000", "2007-12-31": "71.00000", "2007-09-30": "39.00000", "2007-06-30": "78.00000", "2007-03-31": "128.00000", "2006-12-31": "76.00000", "2006-09-30": "119.00000", "2006-06-30": "192.00000", "2006-03-31": "239.00000", "2005-12-31": "188.00000", "2005-09-30": "129.00000", "2005-06-30": "164.00000", "2005-03-31": "249.00000"}, "Income After Taxes": {"2020-12-31": "1694.00000", "2020-09-30": "779.00000", "2020-06-30": "1216.00000", "2020-03-31": "698.00000", "2019-12-31": "1273.00000", "2019-09-30": "764.00000", "2019-06-30": "927.00000", "2019-03-31": "1181.00000", "2018-12-31": "1245.00000", "2018-09-30": "896.00000", "2018-06-30": "966.00000", "2018-03-31": "1282.00000", "2017-12-31": "641.00000", "2017-09-30": "530.00000", "2017-06-30": "795.00000", "2017-03-31": "777.00000", "2016-12-31": "1085.00000", "2016-09-30": "745.00000", "2016-06-30": "791.00000", "2016-03-31": "811.00000", "2015-12-31": "738.00000", "2015-09-30": "573.00000", "2015-06-30": "665.00000", "2015-03-31": "720.00000", "2014-12-31": "676.00000", "2014-09-30": "611.00000", "2014-06-30": "632.00000", "2014-03-31": "454.00000", "2013-12-31": "554.00000", "2013-09-30": "467.00000", "2013-06-30": "537.00000", "2013-03-31": "438.00000", "2012-12-31": "427.00000", "2012-09-30": "455.00000", "2012-06-30": "485.00000", "2012-03-31": "639.00000", "2011-12-31": "2042.00000", "2011-09-30": "146.00000", "2011-06-30": "320.00000", "2011-03-31": "334.00000", "2010-12-31": "394.00000", "2010-09-30": "325.00000", "2010-06-30": "378.00000", "2010-03-31": "476.00000", "2009-12-31": "304.00000", "2009-09-30": "274.00000", "2009-06-30": "365.00000", "2009-03-31": "432.00000", "2008-12-31": "344.00000", "2008-09-30": "136.00000", "2008-06-30": "197.00000", "2008-03-31": "225.00000", "2007-12-31": "486.00000", "2007-09-30": "300.00000", "2007-06-30": "116.00000", "2007-03-31": "180.00000", "2006-12-31": "122.00000", "2006-09-30": "240.00000", "2006-06-30": "295.00000", "2006-03-31": "379.00000", "2005-12-31": "325.00000", "2005-09-30": "280.00000", "2005-06-30": "405.00000", "2005-03-31": "414.00000"}, "Other Income": {"2020-12-31": "", "2020-09-30": "", "2020-06-30": "", "2020-03-31": "", "2019-12-31": "", "2019-09-30": "", "2019-06-30": "", "2019-03-31": "", "2018-12-31": "", "2018-09-30": "", "2018-06-30": "", "2018-03-31": "", "2017-12-31": "", "2017-09-30": "", "2017-06-30": "", "2017-03-31": "", "2016-12-31": "", "2016-09-30": "", "2016-06-30": "", "2016-03-31": "", "2015-12-31": "", "2015-09-30": "", "2015-06-30": "", "2015-03-31": "", "2014-12-31": "", "2014-09-30": "", "2014-06-30": "", "2014-03-31": "", "2013-12-31": "", "2013-09-30": "", "2013-06-30": "", "2013-03-31": "", "2012-12-31": "", "2012-09-30": "", "2012-06-30": "", "2012-03-31": "", "2011-12-31": "", "2011-09-30": "", "2011-06-30": "", "2011-03-31": "", "2010-12-31": "", "2010-09-30": "", "2010-06-30": "", "2010-03-31": "", "2009-12-31": "", "2009-09-30": "", "2009-06-30": "", "2009-03-31": "", "2008-12-31": "", "2008-09-30": "", "2008-06-30": "", "2008-03-31": "", "2007-12-31": "", "2007-09-30": "", "2007-06-30": "", "2007-03-31": "", "2006-12-31": "", "2006-09-30": "", "2006-06-30": "", "2006-03-31": "", "2005-12-31": "", "2005-09-30": "", "2005-06-30": "", "2005-03-31": ""}, "Income From Continuous Operations": {"2020-12-31": "1694.00000", "2020-09-30": "779.00000", "2020-06-30": "1216.00000", "2020-03-31": "698.00000", "2019-12-31": "1273.00000", "2019-09-30": "764.00000", "2019-06-30": "927.00000", "2019-03-31": "1181.00000", "2018-12-31": "1245.00000", "2018-09-30": "896.00000", "2018-06-30": "966.00000", "2018-03-31": "1282.00000", "2017-12-31": "641.00000", "2017-09-30": "530.00000", "2017-06-30": "795.00000", "2017-03-31": "777.00000", "2016-12-31": "1085.00000", "2016-09-30": "745.00000", "2016-06-30": "791.00000", "2016-03-31": "811.00000", "2015-12-31": "738.00000", "2015-09-30": "573.00000", "2015-06-30": "665.00000", "2015-03-31": "720.00000", "2014-12-31": "676.00000", "2014-09-30": "611.00000", "2014-06-30": "632.00000", "2014-03-31": "454.00000", "2013-12-31": "554.00000", "2013-09-30": "467.00000", "2013-06-30": "537.00000", "2013-03-31": "438.00000", "2012-12-31": "427.00000", "2012-09-30": "455.00000", "2012-06-30": "485.00000", "2012-03-31": "639.00000", "2011-12-31": "2042.00000", "2011-09-30": "146.00000", "2011-06-30": "320.00000", "2011-03-31": "334.00000", "2010-12-31": "394.00000", "2010-09-30": "325.00000", "2010-06-30": "378.00000", "2010-03-31": "476.00000", "2009-12-31": "304.00000", "2009-09-30": "274.00000", "2009-06-30": "365.00000", "2009-03-31": "432.00000", "2008-12-31": "344.00000", "2008-09-30": "136.00000", "2008-06-30": "197.00000", "2008-03-31": "225.00000", "2007-12-31": "486.00000", "2007-09-30": "300.00000", "2007-06-30": "116.00000", "2007-03-31": "180.00000", "2006-12-31": "122.00000", "2006-09-30": "240.00000", "2006-06-30": "295.00000", "2006-03-31": "379.00000", "2005-12-31": "325.00000", "2005-09-30": "280.00000", "2005-06-30": "405.00000", "2005-03-31": "414.00000"}, "Income From Discontinued Operations": {"2020-12-31": "", "2020-09-30": "", "2020-06-30": "", "2020-03-31": "", "2019-12-31": "", "2019-09-30": "", "2019-06-30": "", "2019-03-31": "", "2018-12-31": "", "2018-09-30": "", "2018-06-30": "", "2018-03-31": "", "2017-12-31": "", "2017-09-30": "", "2017-06-30": "", "2017-03-31": "", "2016-12-31": "", "2016-09-30": "", "2016-06-30": "", "2016-03-31": "", "2015-12-31": "", "2015-09-30": "", "2015-06-30": "", "2015-03-31": "", "2014-12-31": "", "2014-09-30": "", "2014-06-30": "", "2014-03-31": "", "2013-12-31": "", "2013-09-30": "", "2013-06-30": "", "2013-03-31": "", "2012-12-31": "", "2012-09-30": "", "2012-06-30": "", "2012-03-31": "", "2011-12-31": "", "2011-09-30": "", "2011-06-30": "", "2011-03-31": "", "2010-12-31": "", "2010-09-30": "", "2010-06-30": "", "2010-03-31": "", "2009-12-31": "", "2009-09-30": "", "2009-06-30": "", "2009-03-31": "", "2008-12-31": "", "2008-09-30": "", "2008-06-30": "", "2008-03-31": "", "2007-12-31": "", "2007-09-30": "", "2007-06-30": "", "2007-03-31": "", "2006-12-31": "", "2006-09-30": "", "2006-06-30": "", "2006-03-31": "", "2005-12-31": "", "2005-09-30": "", "2005-06-30": "", "2005-03-31": ""}, "Net Income": {"2020-12-31": "1426.00000", "2020-09-30": "668.00000", "2020-06-30": "1079.00000", "2020-03-31": "581.00000", "2019-12-31": "1071.00000", "2019-09-30": "612.00000", "2019-06-30": "783.00000", "2019-03-31": "1039.00000", "2018-12-31": "1064.00000", "2018-09-30": "759.00000", "2018-06-30": "820.00000", "2018-03-31": "1144.00000", "2017-12-31": "474.00000", "2017-09-30": "426.00000", "2017-06-30": "657.00000", "2017-03-31": "659.00000", "2016-12-31": "920.00000", "2016-09-30": "618.00000", "2016-06-30": "658.00000", "2016-03-31": "694.00000", "2015-12-31": "582.00000", "2015-09-30": "449.00000", "2015-06-30": "507.00000", "2015-03-31": "591.00000", "2014-12-31": "527.00000", "2014-09-30": "518.00000", "2014-06-30": "483.00000", "2014-03-31": "347.00000", "2013-12-31": "424.00000", "2013-09-30": "365.00000", "2013-06-30": "423.00000", "2013-03-31": "344.00000", "2012-12-31": "314.00000", "2012-09-30": "360.00000", "2012-06-30": "391.00000", "2012-03-31": "540.00000", "2011-12-31": "1935.00000", "2011-09-30": "61.00000", "2011-06-30": "229.00000", "2011-03-31": "240.00000", "2010-12-31": "283.00000", "2010-09-30": "243.00000", "2010-06-30": "293.00000", "2010-03-31": "388.00000", "2009-12-31": "216.00000", "2009-09-30": "196.00000", "2009-06-30": "282.00000", "2009-03-31": "360.00000", "2008-12-31": "276.00000", "2008-09-30": "86.00000", "2008-06-30": "141.00000", "2008-03-31": "170.00000", "2007-12-31": "278.00000", "2007-09-30": "300.00000", "2007-06-30": "116.00000", "2007-03-31": "180.00000", "2006-12-31": "122.00000", "2006-09-30": "240.00000", "2006-06-30": "295.00000", "2006-03-31": "379.00000", "2005-12-31": "325.00000", "2005-09-30": "280.00000", "2005-06-30": "405.00000", "2005-03-31": "414.00000"}, "EBITDA": {"2020-12-31": "", "2020-09-30": "2883.00000", "2020-06-30": "1851.00000", "2020-03-31": "2207.00000", "2019-12-31": "2745.00000", "2019-09-30": "2292.00000", "2019-06-30": "2301.00000", "2019-03-31": "2549.00000", "2018-12-31": "2516.00000", "2018-09-30": "2104.00000", "2018-06-30": "2234.00000", "2018-03-31": "2126.00000", "2017-12-31": "2370.00000", "2017-09-30": "1783.00000", "2017-06-30": "2098.00000", "2017-03-31": "2013.00000", "2016-12-31": "2214.00000", "2016-09-30": "1965.00000", "2016-06-30": "2060.00000", "2016-03-31": "2013.00000", "2015-12-31": "2139.00000", "2015-09-30": "1823.00000", "2015-06-30": "2017.00000", "2015-03-31": "1971.00000", "2014-12-31": "1965.00000", "2014-09-30": "1838.00000", "2014-06-30": "2009.00000", "2014-03-31": "1658.00000", "2013-12-31": "1728.00000", "2013-09-30": "1616.00000", "2013-06-30": "1704.00000", "2013-03-31": "1581.00000", "2012-12-31": "1624.00000", "2012-09-30": "1548.00000", "2012-06-30": "1584.00000", "2012-03-31": "1837.00000", "2011-12-31": "1653.00000", "2011-09-30": "1429.00000", "2011-06-30": "1439.00000", "2011-03-31": "1610.00000", "2010-12-31": "1468.00000", "2010-09-30": "1377.00000", "2010-06-30": "1510.00000", "2010-03-31": "1594.00000", "2009-12-31": "1363.00000", "2009-09-30": "1293.00000", "2009-06-30": "1418.00000", "2009-03-31": "1478.00000", "2008-12-31": "1257.00000", "2008-09-30": "1069.00000", "2008-06-30": "1124.00000", "2008-03-31": "1203.00000", "2007-12-31": "1231.00000", "2007-09-30": "983.00000", "2007-06-30": "1180.00000", "2007-03-31": "1276.00000", "2006-12-31": "1289.00000", "2006-09-30": "919.00000", "2006-06-30": "1076.00000", "2006-03-31": "1204.00000", "2005-12-31": "1012.00000", "2005-09-30": "949.00000", "2005-06-30": "1118.00000", "2005-03-31": "1204.00000"}, "EBIT": {"2020-12-31": "2456.00000", "2020-09-30": "2181.00000", "2020-06-30": "1153.00000", "2020-03-31": "1526.00000", "2019-12-31": "2044.00000", "2019-09-30": "1638.00000", "2019-06-30": "1657.00000", "2019-03-31": "1922.00000", "2018-12-31": "1927.00000", "2018-09-30": "1514.00000", "2018-06-30": "1665.00000", "2018-03-31": "1565.00000", "2017-12-31": "1812.00000", "2017-09-30": "1237.00000", "2017-06-30": "1569.00000", "2017-03-31": "1484.00000", "2016-12-31": "1703.00000", "2016-09-30": "1462.00000", "2016-06-30": "1563.00000", "2016-03-31": "1524.00000", "2015-12-31": "1651.00000", "2015-09-30": "1333.00000", "2015-06-30": "1539.00000", "2015-03-31": "1488.00000", "2014-12-31": "1497.00000", "2014-09-30": "1368.00000", "2014-06-30": "1546.00000", "2014-03-31": "1197.00000", "2013-12-31": "1253.00000", "2013-09-30": "1160.00000", "2013-06-30": "1264.00000", "2013-03-31": "1144.00000", "2012-12-31": "1181.00000", "2012-09-30": "1116.00000", "2012-06-30": "1149.00000", "2012-03-31": "1406.00000", "2011-12-31": "1252.00000", "2011-09-30": "1050.00000", "2011-06-30": "1062.00000", "2011-03-31": "1232.00000", "2010-12-31": "1088.00000", "2010-09-30": "1005.00000", "2010-06-30": "1135.00000", "2010-03-31": "1219.00000", "2009-12-31": "985.00000", "2009-09-30": "919.00000", "2009-06-30": "1039.00000", "2009-03-31": "1104.00000", "2008-12-31": "883.00000", "2008-09-30": "703.00000", "2008-06-30": "749.00000", "2008-03-31": "823.00000", "2007-12-31": "799.00000", "2007-09-30": "627.00000", "2007-06-30": "819.00000", "2007-03-31": "921.00000", "2006-12-31": "925.00000", "2006-09-30": "571.00000", "2006-06-30": "724.00000", "2006-03-31": "859.00000", "2005-12-31": "676.00000", "2005-09-30": "612.00000", "2005-06-30": "754.00000", "2005-03-31": "867.00000"}, "Basic Shares Outstanding": {"2020-12-31": "", "2020-09-30": "338.16800", "2020-06-30": "337.76000", "2020-03-31": "338.24200", "2019-12-31": "341.21000", "2019-09-30": "340.78900", "2019-06-30": "342.17000", "2019-03-31": "342.87600", "2018-12-31": "347.29700", "2018-09-30": "345.82300", "2018-06-30": "348.61500", "2018-03-31": "350.85000", "2017-12-31": "362.30500", "2017-09-30": "360.17000", "2017-06-30": "365.84700", "2017-03-31": "370.28900", "2016-12-31": "383.59100", "2016-09-30": "378.19900", "2016-06-30": "386.40600", "2016-03-31": "396.39700", "2015-12-31": "414.19300", "2015-09-30": "414.93900", "2015-06-30": "416.40700", "2015-03-31": "420.14800", "2014-12-31": "435.66800", "2014-09-30": "432.61700", "2014-06-30": "438.83300", "2014-03-31": "442.15000", "2013-12-31": "445.06600", "2013-09-30": "447.32900", "2013-06-30": "446.61200", "2013-03-31": "444.40100", "2012-12-31": "440.17800", "2012-09-30": "440.89900", "2012-06-30": "439.47300", "2012-03-31": "437.93600", "2011-12-31": "476.60900", "2011-09-30": "508.41700", "2011-06-30": "516.44800", "2011-03-31": "444.20200", "2010-12-31": "426.42400", "2010-09-30": "426.36100", "2010-06-30": "426.32900", "2010-03-31": "426.35000", "2009-12-31": "425.56700", "2009-09-30": "94.45300", "2009-06-30": "94.39800", "2009-03-31": "", "2008-12-31": "", "2008-09-30": "", "2008-06-30": "", "2008-03-31": "", "2007-12-31": "", "2007-09-30": "", "2007-06-30": "", "2007-03-31": "", "2006-12-31": "", "2006-09-30": "", "2006-06-30": "", "2006-03-31": "", "2005-12-31": "", "2005-09-30": "448.65400", "2005-06-30": "443.48900", "2005-03-31": "427.67500"}, "Shares Outstanding": {"2020-12-31": "345.37400", "2020-09-30": "343.34600", "2020-06-30": "341.59900", "2020-03-31": "344.09600", "2019-12-31": "348.22600", "2019-09-30": "347.48700", "2019-06-30": "348.37300", "2019-03-31": "350.31600", "2018-12-31": "355.30300", "2018-09-30": "353.63900", "2018-06-30": "355.03900", "2018-03-31": "359.74900", "2017-12-31": "372.22100", "2017-09-30": "369.83400", "2017-06-30": "375.33800", "2017-03-31": "379.98000", "2016-12-31": "395.85100", "2016-09-30": "389.59200", "2016-06-30": "398.65900", "2016-03-31": "410.57500", "2015-12-31": "426.72100", "2015-09-30": "426.44100", "2015-06-30": "429.36900", "2015-03-31": "435.30900", "2014-12-31": "450.35200", "2014-09-30": "447.26000", "2014-06-30": "453.00900", "2014-03-31": "457.44900", "2013-12-31": "461.91300", "2013-09-30": "463.56900", "2013-06-30": "463.18400", "2013-03-31": "462.36800", "2012-12-31": "459.40300", "2012-09-30": "459.51500", "2012-06-30": "458.62100", "2012-03-31": "458.31200", "2011-12-31": "495.94300", "2011-09-30": "527.51500", "2011-06-30": "538.55700", "2011-03-31": "461.96900", "2010-12-31": "437.34700", "2010-09-30": "439.03200", "2010-06-30": "437.10400", "2010-03-31": "435.68000", "2009-12-31": "432.22700", "2009-09-30": "95.84300", "2009-06-30": "95.72100", "2009-03-31": "", "2008-12-31": "", "2008-09-30": "", "2008-06-30": "", "2008-03-31": "", "2007-12-31": "", "2007-09-30": "", "2007-06-30": "", "2007-03-31": "", "2006-12-31": "", "2006-09-30": "", "2006-06-30": "", "2006-03-31": "", "2005-12-31": "", "2005-09-30": "454.87800", "2005-06-30": "451.73100", "2005-03-31": "435.66000"}, "Basic EPS": {"2020-12-31": "", "2020-09-30": "1.97000", "2020-06-30": "3.20000", "2020-03-31": "1.72000", "2019-12-31": "3.15000", "2019-09-30": "1.80000", "2019-06-30": "2.29000", "2019-03-31": "3.03000", "2018-12-31": "3.09000", "2018-09-30": "2.20000", "2018-06-30": "2.35000", "2018-03-31": "3.26000", "2017-12-31": "1.37000", "2017-09-30": "1.18000", "2017-06-30": "1.79000", "2017-03-31": "1.78000", "2016-12-31": "2.45000", "2016-09-30": "1.63000", "2016-06-30": "1.70000", "2016-03-31": "1.75000", "2015-12-31": "1.43000", "2015-09-30": "1.08000", "2015-06-30": "1.22000", "2015-03-31": "1.41000", "2014-12-31": "1.22000", "2014-09-30": "1.20000", "2014-06-30": "1.10000", "2014-03-31": "0.78000", "2013-12-31": "0.96000", "2013-09-30": "0.82000", "2013-06-30": "0.95000", "2013-03-31": "0.77000", "2012-12-31": "0.71000", "2012-09-30": "0.82000", "2012-06-30": "0.89000", "2012-03-31": "1.23000", "2011-12-31": "4.07000", "2011-09-30": "0.12000", "2011-06-30": "0.44000", "2011-03-31": "0.54000", "2010-12-31": "0.66000", "2010-09-30": "0.57000", "2010-06-30": "0.69000", "2010-03-31": "0.91000", "2009-12-31": "-2.59000", "2009-09-30": "2.07000", "2009-06-30": "3.00000", "2009-03-31": "", "2008-12-31": "", "2008-09-30": "", "2008-06-30": "", "2008-03-31": "", "2007-12-31": "", "2007-09-30": "", "2007-06-30": "", "2007-03-31": "", "2006-12-31": "", "2006-09-30": "", "2006-06-30": "", "2006-03-31": "", "2005-12-31": "", "2005-09-30": "0.63000", "2005-06-30": "0.91000", "2005-03-31": "0.97000"}, "EPS - Earnings Per Share": {"2020-12-31": "4.13000", "2020-09-30": "1.95000", "2020-06-30": "3.16000", "2020-03-31": "1.69000", "2019-12-31": "3.09000", "2019-09-30": "1.76000", "2019-06-30": "2.25000", "2019-03-31": "2.97000", "2018-12-31": "3.02000", "2018-09-30": "2.15000", "2018-06-30": "2.31000", "2018-03-31": "3.18000", "2017-12-31": "1.31000", "2017-09-30": "1.15000", "2017-06-30": "1.75000", "2017-03-31": "1.74000", "2016-12-31": "2.37000", "2016-09-30": "1.59000", "2016-06-30": "1.65000", "2016-03-31": "1.69000", "2015-12-31": "1.40000", "2015-09-30": "1.05000", "2015-06-30": "1.18000", "2015-03-31": "1.36000", "2014-12-31": "1.17000", "2014-09-30": "1.16000", "2014-06-30": "1.07000", "2014-03-31": "0.76000", "2013-12-31": "0.93000", "2013-09-30": "0.79000", "2013-06-30": "0.91000", "2013-03-31": "0.74000", "2012-12-31": "0.68000", "2012-09-30": "0.78000", "2012-06-30": "0.85000", "2012-03-31": "1.18000", "2011-12-31": "3.91000", "2011-09-30": "0.11000", "2011-06-30": "0.43000", "2011-03-31": "0.52000", "2010-12-31": "0.65000", "2010-09-30": "0.55000", "2010-06-30": "0.67000", "2010-03-31": "0.89000", "2009-12-31": "-2.56000", "2009-09-30": "2.04000", "2009-06-30": "2.96000", "2009-03-31": "0.00000", "2008-12-31": "0.00000", "2008-09-30": "0.00000", "2008-06-30": "0.00000", "2008-03-31": "0.00000", "2007-12-31": "0.00000", "2007-09-30": "0.00000", "2007-06-30": "0.00000", "2007-03-31": "0.00000", "2006-12-31": "0.00000", "2006-09-30": "0.00000", "2006-06-30": "0.00000", "2006-03-31": "0.00000", "2005-12-31": "0.00000", "2005-09-30": "0.62000", "2005-06-30": "0.90000", "2005-03-31": "0.95000"}}, "balance sheet": {"Cash On Hand": {"2020-12-31": "1793.00000", "2019-12-31": "621.00000", "2018-12-31": "502.00000", "2017-12-31": "732.00000", "2016-12-31": "646.00000", "2015-12-31": "741.00000", "2014-12-31": "566.00000", "2013-12-31": "414.00000", "2012-12-31": "705.00000", "2011-12-31": "373.00000", "2010-12-31": "411.00000", "2009-12-31": "312.00000", "2008-12-31": "465.00000", "2007-12-31": "393.00000", "2006-12-31": "634.00000", "2005-12-31": "336.00000"}, "Receivables": {"2020-12-31": "7051.00000", "2019-12-31": "7380.00000", "2018-12-31": "6789.00000", "2017-12-31": "6501.00000", "2016-12-31": "5826.00000", "2015-12-31": "5889.00000", "2014-12-31": "5694.00000", "2013-12-31": "5208.00000", "2012-12-31": "4672.00000", "2011-12-31": "4533.00000", "2010-12-31": "3832.00000", "2009-12-31": "3692.00000", "2008-12-31": "3780.00000", "2007-12-31": "3895.00000", "2006-12-31": "3705.00000", "2005-12-31": "3332.00000"}, "Inventory": {"2020-12-31": "2025.00000", "2019-12-31": "1849.00000", "2018-12-31": "1732.00000", "2017-12-31": "1573.00000", "2016-12-31": "1503.00000", "2015-12-31": "1439.00000", "2014-12-31": "1279.00000", "2013-12-31": "1179.00000", "2012-12-31": "1086.00000", "2011-12-31": "1054.00000", "2010-12-31": "897.00000", "2009-12-31": "802.00000", "2008-12-31": "737.00000", "2007-12-31": "710.00000", "2006-12-31": "669.00000", "2005-12-31": "616.00000"}, "Pre-Paid Expenses": {"2020-12-31": "", "2019-12-31": "", "2018-12-31": "", "2017-12-31": "", "2016-12-31": "", "2015-12-31": "", "2014-12-31": "", "2013-12-31": "", "2012-12-31": "", "2011-12-31": "", "2010-12-31": "", "2009-12-31": "", "2008-12-31": "", "2007-12-31": "", "2006-12-31": "", "2005-12-31": ""}, "Other Current Assets": {"2020-12-31": "1464.00000", "2019-12-31": "1346.00000", "2018-12-31": "1190.00000", "2017-12-31": "1171.00000", "2016-12-31": "1111.00000", "2015-12-31": "1163.00000", "2014-12-31": "1025.00000", "2013-12-31": "747.00000", "2012-12-31": "915.00000", "2011-12-31": "679.00000", "2010-12-31": "848.00000", "2009-12-31": "579.00000", "2008-12-31": "405.00000", "2007-12-31": "615.00000", "2006-12-31": "594.00000", "2005-12-31": "559.00000"}, "Total Current Assets": {"2020-12-31": "12333.00000", "2019-12-31": "11196.00000", "2018-12-31": "10213.00000", "2017-12-31": "9977.00000", "2016-12-31": "9086.00000", "2015-12-31": "9232.00000", "2014-12-31": "8930.00000", "2013-12-31": "8037.00000", "2012-12-31": "7763.00000", "2011-12-31": "7233.00000", "2010-12-31": "6919.00000", "2009-12-31": "6577.00000", "2008-12-31": "6301.00000", "2007-12-31": "6205.00000", "2006-12-31": "6078.00000", "2005-12-31": "5215.00000"}, "Property, Plant, And Equipment": {"2020-12-31": "23199.00000", "2019-12-31": "22715.00000", "2018-12-31": "19757.00000", "2017-12-31": "17895.00000", "2016-12-31": "16352.00000", "2015-12-31": "15014.00000", "2014-12-31": "14355.00000", "2013-12-31": "13619.00000", "2012-12-31": "13185.00000", "2011-12-31": "12834.00000", "2010-12-31": "11352.00000", "2009-12-31": "11427.00000", "2008-12-31": "11529.00000", "2007-12-31": "11442.00000", "2006-12-31": "11669.00000", "2005-12-31": "11379.00000"}, "Long-Term Investments": {"2020-12-31": "810.00000", "2019-12-31": "564.00000", "2018-12-31": "594.00000", "2017-12-31": "617.00000", "2016-12-31": "542.00000", "2015-12-31": "610.00000", "2014-12-31": "659.00000", "2013-12-31": "569.00000", "2012-12-31": "619.00000", "2011-12-31": "649.00000", "2010-12-31": "1511.00000", "2009-12-31": "2019.00000", "2008-12-31": "2264.00000", "2007-12-31": "2357.00000", "2006-12-31": "2565.00000", "2005-12-31": "2761.00000"}, "Goodwill And Intangible Assets": {"2020-12-31": "8578.00000", "2019-12-31": "8269.00000", "2018-12-31": "7953.00000", "2017-12-31": "7394.00000", "2016-12-31": "6704.00000", "2015-12-31": "6731.00000", "2014-12-31": "6416.00000", "2013-12-31": "5903.00000", "2012-12-31": "5539.00000", "2011-12-31": "5251.00000", "2010-12-31": "2693.00000", "2009-12-31": "2577.00000", "2008-12-31": "2580.00000", "2007-12-31": "2629.00000", "2006-12-31": "2601.00000", "2005-12-31": "2626.00000"}, "Other Long-Term Assets": {"2020-12-31": "546.00000", "2019-12-31": "480.00000", "2018-12-31": "690.00000", "2017-12-31": "710.00000", "2016-12-31": "1074.00000", "2015-12-31": "1157.00000", "2014-12-31": "620.00000", "2013-12-31": "466.00000", "2012-12-31": "679.00000", "2011-12-31": "641.00000", "2010-12-31": "1003.00000", "2009-12-31": "1113.00000", "2008-12-31": "1148.00000", "2007-12-31": "853.00000", "2006-12-31": "148.00000", "2005-12-31": "159.00000"}, "Total Long-Term Assets": {"2020-12-31": "35157.00000", "2019-12-31": "33862.00000", "2018-12-31": "28994.00000", "2017-12-31": "26616.00000", "2016-12-31": "24672.00000", "2015-12-31": "23512.00000", "2014-12-31": "22050.00000", "2013-12-31": "20794.00000", "2012-12-31": "20312.00000", "2011-12-31": "19665.00000", "2010-12-31": "16933.00000", "2009-12-31": "17554.00000", "2008-12-31": "17979.00000", "2007-12-31": "17820.00000", "2006-12-31": "17597.00000", "2005-12-31": "17010.00000"}, "Total Assets": {"2020-12-31": "47490.00000", "2019-12-31": "45058.00000", "2018-12-31": "39207.00000", "2017-12-31": "36593.00000", "2016-12-31": "33758.00000", "2015-12-31": "32744.00000", "2014-12-31": "30980.00000", "2013-12-31": "28831.00000", "2012-12-31": "28075.00000", "2011-12-31": "26898.00000", "2010-12-31": "23852.00000", "2009-12-31": "24131.00000", "2008-12-31": "24280.00000", "2007-12-31": "24025.00000", "2006-12-31": "23675.00000", "2005-12-31": "22225.00000"}, "Total Current Liabilities": {"2020-12-31": "8704.00000", "2019-12-31": "7757.00000", "2018-12-31": "7569.00000", "2017-12-31": "6158.00000", "2016-12-31": "5834.00000", "2015-12-31": "5516.00000", "2014-12-31": "5480.00000", "2013-12-31": "5695.00000", "2012-12-31": "6172.00000", "2011-12-31": "5554.00000", "2010-12-31": "4269.00000", "2009-12-31": "4313.00000", "2008-12-31": "3910.00000", "2007-12-31": "3849.00000", "2006-12-31": "3576.00000", "2005-12-31": "3895.00000"}, "Long Term Debt": {"2020-12-31": "30795.00000", "2019-12-31": "33577.00000", "2018-12-31": "32033.00000", "2017-12-31": "32858.00000", "2016-12-31": "31160.00000", "2015-12-31": "30255.00000", "2014-12-31": "29088.00000", "2013-12-31": "27590.00000", "2012-12-31": "27495.00000", "2011-12-31": "25645.00000", "2010-12-31": "27633.00000", "2009-12-31": "24824.00000", "2008-12-31": "26585.00000", "2007-12-31": "27000.00000", "2006-12-31": "28115.00000", "2005-12-31": "9889.00000"}, "Other Non-Current Liabilities": {"2020-12-31": "1940.00000", "2019-12-31": "1420.00000", "2018-12-31": "1248.00000", "2017-12-31": "1374.00000", "2016-12-31": "1249.00000", "2015-12-31": "1904.00000", "2014-12-31": "1832.00000", "2013-12-31": "1525.00000", "2012-12-31": "1776.00000", "2011-12-31": "1720.00000", "2010-12-31": "1749.00000", "2009-12-31": "1915.00000", "2008-12-31": "1937.00000", "2007-12-31": "1543.00000", "2006-12-31": "1142.00000", "2005-12-31": "1414.00000"}, "Total Long Term Liabilities": {"2020-12-31": "35894.00000", "2019-12-31": "37866.00000", "2018-12-31": "34556.00000", "2017-12-31": "35430.00000", "2016-12-31": "33557.00000", "2015-12-31": "33274.00000", "2014-12-31": "31998.00000", "2013-12-31": "30064.00000", "2012-12-31": "30244.00000", "2011-12-31": "28358.00000", "2010-12-31": "30377.00000", "2009-12-31": "27796.00000", "2008-12-31": "29630.00000", "2007-12-31": "30714.00000", "2006-12-31": "31473.00000", "2005-12-31": "13467.00000"}, "Total Liabilities": {"2020-12-31": "44598.00000", "2019-12-31": "45623.00000", "2018-12-31": "42125.00000", "2017-12-31": "41588.00000", "2016-12-31": "39391.00000", "2015-12-31": "38790.00000", "2014-12-31": "37478.00000", "2013-12-31": "35759.00000", "2012-12-31": "36416.00000", "2011-12-31": "33912.00000", "2010-12-31": "34646.00000", "2009-12-31": "32109.00000", "2008-12-31": "33540.00000", "2007-12-31": "34563.00000", "2006-12-31": "35049.00000", "2005-12-31": "17362.00000"}, "Common Stock Net": {"2020-12-31": "", "2019-12-31": "3.00000", "2018-12-31": "3.00000", "2017-12-31": "4.00000", "2016-12-31": "4.00000", "2015-12-31": "4.00000", "2014-12-31": "4.00000", "2013-12-31": "4.00000", "2012-12-31": "4.00000", "2011-12-31": "4.00000", "2010-12-31": "4.00000", "2009-12-31": "1.00000", "2008-12-31": "1.00000", "2007-12-31": "1.00000", "2006-12-31": "1.00000", "2005-12-31": "4.00000"}, "Retained Earnings (Accumulated Deficit)": {"2020-12-31": "", "2019-12-31": "-2351.00000", "2018-12-31": "-4572.00000", "2017-12-31": "-6532.00000", "2016-12-31": "-6968.00000", "2015-12-31": "-7338.00000", "2014-12-31": "-7575.00000", "2013-12-31": "-9403.00000", "2012-12-31": "-10960.00000", "2011-12-31": "-9423.00000", "2010-12-31": "-11888.00000", "2009-12-31": "-8763.00000", "2008-12-31": "-9817.00000", "2007-12-31": "-10479.00000", "2006-12-31": "-11391.00000", "2005-12-31": "4729.00000"}, "Comprehensive Income": {"2020-12-31": "", "2019-12-31": "-460.00000", "2018-12-31": "-381.00000", "2017-12-31": "-278.00000", "2016-12-31": "-338.00000", "2015-12-31": "-265.00000", "2014-12-31": "-323.00000", "2013-12-31": "-257.00000", "2012-12-31": "-457.00000", "2011-12-31": "-440.00000", "2010-12-31": "-428.00000", "2009-12-31": "-450.00000", "2008-12-31": "-604.00000", "2007-12-31": "-172.00000", "2006-12-31": "16.00000", "2005-12-31": "130.00000"}, "Other Share Holders Equity": {"2020-12-31": "", "2019-12-31": "", "2018-12-31": "", "2017-12-31": "", "2016-12-31": "", "2015-12-31": "", "2014-12-31": "", "2013-12-31": "", "2012-12-31": "", "2011-12-31": "", "2010-12-31": "", "2009-12-31": "", "2008-12-31": "", "2007-12-31": "", "2006-12-31": "", "2005-12-31": ""}, "Share Holder Equity": {"2020-12-31": "2892.00000", "2019-12-31": "-565.00000", "2018-12-31": "-2918.00000", "2017-12-31": "-4995.00000", "2016-12-31": "-5633.00000", "2015-12-31": "-6046.00000", "2014-12-31": "-6498.00000", "2013-12-31": "-6928.00000", "2012-12-31": "-8341.00000", "2011-12-31": "-7014.00000", "2010-12-31": "-10794.00000", "2009-12-31": "-7978.00000", "2008-12-31": "-9260.00000", "2007-12-31": "-10538.00000", "2006-12-31": "-11374.00000", "2005-12-31": "4863.00000"}, "Total Liabilities And Share Holders Equity": {"2020-12-31": "47490.00000", "2019-12-31": "45058.00000", "2018-12-31": "39207.00000", "2017-12-31": "36593.00000", "2016-12-31": "33758.00000", "2015-12-31": "32744.00000", "2014-12-31": "30980.00000", "2013-12-31": "28831.00000", "2012-12-31": "28075.00000", "2011-12-31": "26898.00000", "2010-12-31": "23852.00000", "2009-12-31": "24131.00000", "2008-12-31": "24280.00000", "2007-12-31": "24025.00000", "2006-12-31": "23675.00000", "2005-12-31": "22225.00000"}}, "balance sheet, quarterly": {"Cash On Hand": {"2020-12-31": "1793.00000", "2020-09-30": "6588.00000", "2020-06-30": "4638.00000", "2020-03-31": "731.00000", "2019-12-31": "621.00000", "2019-09-30": "559.00000", "2019-06-30": "2430.00000", "2019-03-31": "531.00000", "2018-12-31": "502.00000", "2018-09-30": "578.00000", "2018-06-30": "868.00000", "2018-03-31": "1086.00000", "2017-12-31": "732.00000", "2017-09-30": "718.00000", "2017-06-30": "705.00000", "2017-03-31": "753.00000", "2016-12-31": "646.00000", "2016-09-30": "677.00000", "2016-06-30": "691.00000", "2016-03-31": "852.00000", "2015-12-31": "741.00000", "2015-09-30": "588.00000", "2015-06-30": "673.00000", "2015-03-31": "586.00000", "2014-12-31": "566.00000", "2014-09-30": "515.00000", "2014-06-30": "658.00000", "2014-03-31": "850.00000", "2013-12-31": "414.00000", "2013-09-30": "484.00000", "2013-06-30": "462.00000", "2013-03-31": "594.00000", "2012-12-31": "705.00000", "2012-09-30": "472.00000", "2012-06-30": "518.00000", "2012-03-31": "471.00000", "2011-12-31": "373.00000", "2011-09-30": "359.00000", "2011-06-30": "539.00000", "2011-03-31": "553.00000", "2010-12-31": "411.00000", "2010-09-30": "377.00000", "2010-06-30": "350.00000", "2010-03-31": "388.00000", "2009-12-31": "312.00000", "2009-09-30": "443.00000", "2009-06-30": "450.00000", "2009-03-31": "356.00000", "2008-12-31": "465.00000", "2008-09-30": "444.00000", "2008-06-30": "368.00000", "2008-03-31": "471.00000", "2007-12-31": "393.00000", "2007-09-30": "347.00000", "2007-06-30": "354.00000", "2007-03-31": "409.00000", "2006-12-31": "634.00000", "2006-09-30": "541.00000", "2006-06-30": "736.00000", "2006-03-31": "453.00000", "2005-12-31": "336.00000", "2005-09-30": "721.00000", "2005-06-30": "463.00000", "2005-03-31": "144.00000"}, "Receivables": {"2020-12-31": "7051.00000", "2020-09-30": "6433.00000", "2020-06-30": "6139.00000", "2020-03-31": "6890.00000", "2019-12-31": "7380.00000", "2019-09-30": "7131.00000", "2019-06-30": "7219.00000", "2019-03-31": "7420.00000", "2018-12-31": "6789.00000", "2018-09-30": "6532.00000", "2018-06-30": "6592.00000", "2018-03-31": "6332.00000", "2017-12-31": "6501.00000", "2017-09-30": "5980.00000", "2017-06-30": "5782.00000", "2017-03-31": "5664.00000", "2016-12-31": "5826.00000", "2016-09-30": "5503.00000", "2016-06-30": "5669.00000", "2016-03-31": "5880.00000", "2015-12-31": "5889.00000", "2015-09-30": "5827.00000", "2015-06-30": "5804.00000", "2015-03-31": "5928.00000", "2014-12-31": "5694.00000", "2014-09-30": "5524.00000", "2014-06-30": "5472.00000", "2014-03-31": "5489.00000", "2013-12-31": "5208.00000", "2013-09-30": "4924.00000", "2013-06-30": "4915.00000", "2013-03-31": "4877.00000", "2012-12-31": "4672.00000", "2012-09-30": "4598.00000", "2012-06-30": "4485.00000", "2012-03-31": "4878.00000", "2011-12-31": "4533.00000", "2011-09-30": "3925.00000", "2011-06-30": "3946.00000", "2011-03-31": "4060.00000", "2010-12-31": "3832.00000", "2010-09-30": "3636.00000", "2010-06-30": "3769.00000", "2010-03-31": "3878.00000", "2009-12-31": "3692.00000", "2009-09-30": "3499.00000", "2009-06-30": "3680.00000", "2009-03-31": "3870.00000", "2008-12-31": "3780.00000", "2008-09-30": "3699.00000", "2008-06-30": "3922.00000", "2008-03-31": "4134.00000", "2007-12-31": "3895.00000", "2007-09-30": "3857.00000", "2007-06-30": "3798.00000", "2007-03-31": "3859.00000", "2006-12-31": "3705.00000", "2006-09-30": "3567.00000", "2006-06-30": "3414.00000", "2006-03-31": "3491.00000", "2005-12-31": "3332.00000", "2005-09-30": "3136.00000", "2005-06-30": "3214.00000", "2005-03-31": "3254.00000"}, "Inventory": {"2020-12-31": "2025.00000", "2020-09-30": "1950.00000", "2020-06-30": "1834.00000", "2020-03-31": "1953.00000", "2019-12-31": "1849.00000", "2019-09-30": "1769.00000", "2019-06-30": "1826.00000", "2019-03-31": "1778.00000", "2018-12-31": "1732.00000", "2018-09-30": "1634.00000", "2018-06-30": "1636.00000", "2018-03-31": "1677.00000", "2017-12-31": "1573.00000", "2017-09-30": "1546.00000", "2017-06-30": "1544.00000", "2017-03-31": "1501.00000", "2016-12-31": "1503.00000", "2016-09-30": "1503.00000", "2016-06-30": "1481.00000", "2016-03-31": "1415.00000", "2015-12-31": "1439.00000", "2015-09-30": "1379.00000", "2015-06-30": "1348.00000", "2015-03-31": "1287.00000", "2014-12-31": "1279.00000", "2014-09-30": "1258.00000", "2014-06-30": "1211.00000", "2014-03-31": "1187.00000", "2013-12-31": "1179.00000", "2013-09-30": "1135.00000", "2013-06-30": "1152.00000", "2013-03-31": "1104.00000", "2012-12-31": "1086.00000", "2012-09-30": "1052.00000", "2012-06-30": "1055.00000", "2012-03-31": "1046.00000", "2011-12-31": "1054.00000", "2011-09-30": "891.00000", "2011-06-30": "887.00000", "2011-03-31": "881.00000", "2010-12-31": "897.00000", "2010-09-30": "815.00000", "2010-06-30": "805.00000", "2010-03-31": "794.00000", "2009-12-31": "802.00000", "2009-09-30": "745.00000", "2009-06-30": "730.00000", "2009-03-31": "717.00000", "2008-12-31": "737.00000", "2008-09-30": "716.00000", "2008-06-30": "715.00000", "2008-03-31": "705.00000", "2007-12-31": "710.00000", "2007-09-30": "689.00000", "2007-06-30": "689.00000", "2007-03-31": "676.00000", "2006-12-31": "669.00000", "2006-09-30": "659.00000", "2006-06-30": "646.00000", "2006-03-31": "624.00000", "2005-12-31": "616.00000", "2005-09-30": "584.00000", "2005-06-30": "580.00000", "2005-03-31": "577.00000"}, "Pre-Paid Expenses": {"2020-12-31": "", "2020-09-30": "", "2020-06-30": "", "2020-03-31": "", "2019-12-31": "", "2019-09-30": "", "2019-06-30": "", "2019-03-31": "", "2018-12-31": "", "2018-09-30": "", "2018-06-30": "", "2018-03-31": "", "2017-12-31": "", "2017-09-30": "", "2017-06-30": "", "2017-03-31": "", "2016-12-31": "", "2016-09-30": "", "2016-06-30": "", "2016-03-31": "", "2015-12-31": "", "2015-09-30": "", "2015-06-30": "", "2015-03-31": "", "2014-12-31": "", "2014-09-30": "", "2014-06-30": "", "2014-03-31": "", "2013-12-31": "", "2013-09-30": "", "2013-06-30": "", "2013-03-31": "", "2012-12-31": "", "2012-09-30": "", "2012-06-30": "", "2012-03-31": "", "2011-12-31": "", "2011-09-30": "", "2011-06-30": "", "2011-03-31": "", "2010-12-31": "", "2010-09-30": "", "2010-06-30": "", "2010-03-31": "", "2009-12-31": "", "2009-09-30": "", "2009-06-30": "", "2009-03-31": "", "2008-12-31": "", "2008-09-30": "", "2008-06-30": "", "2008-03-31": "", "2007-12-31": "", "2007-09-30": "", "2007-06-30": "", "2007-03-31": "", "2006-12-31": "", "2006-09-30": "", "2006-06-30": "", "2006-03-31": "", "2005-12-31": "", "2005-09-30": "", "2005-06-30": "", "2005-03-31": ""}, "Other Current Assets": {"2020-12-31": "1464.00000", "2020-09-30": "1295.00000", "2020-06-30": "1420.00000", "2020-03-31": "1442.00000", "2019-12-31": "1346.00000", "2019-09-30": "1310.00000", "2019-06-30": "1394.00000", "2019-03-31": "1379.00000", "2018-12-31": "1190.00000", "2018-09-30": "1266.00000", "2018-06-30": "1298.00000", "2018-03-31": "1296.00000", "2017-12-31": "1171.00000", "2017-09-30": "1204.00000", "2017-06-30": "1306.00000", "2017-03-31": "1119.00000", "2016-12-31": "1111.00000", "2016-09-30": "1160.00000", "2016-06-30": "1254.00000", "2016-03-31": "1054.00000", "2015-12-31": "1163.00000", "2015-09-30": "1015.00000", "2015-06-30": "1092.00000", "2015-03-31": "1025.00000", "2014-12-31": "1025.00000", "2014-09-30": "910.00000", "2014-06-30": "931.00000", "2014-03-31": "859.00000", "2013-12-31": "747.00000", "2013-09-30": "828.00000", "2013-06-30": "861.00000", "2013-03-31": "827.00000", "2012-12-31": "915.00000", "2012-09-30": "828.00000", "2012-06-30": "756.00000", "2012-03-31": "661.00000", "2011-12-31": "679.00000", "2011-09-30": "875.00000", "2011-06-30": "625.00000", "2011-03-31": "576.00000", "2010-12-31": "848.00000", "2010-09-30": "678.00000", "2010-06-30": "742.00000", "2010-03-31": "497.00000", "2009-12-31": "579.00000", "2009-09-30": "515.00000", "2009-06-30": "556.00000", "2009-03-31": "558.00000", "2008-12-31": "405.00000", "2008-09-30": "517.00000", "2008-06-30": "557.00000", "2008-03-31": "498.00000", "2007-12-31": "615.00000", "2007-09-30": "649.00000", "2007-06-30": "639.00000", "2007-03-31": "522.00000", "2006-12-31": "594.00000", "2006-09-30": "462.00000", "2006-06-30": "570.00000", "2006-03-31": "567.00000", "2005-12-31": "559.00000", "2005-09-30": "315.00000", "2005-06-30": "370.00000", "2005-03-31": "484.00000"}, "Total Current Assets": {"2020-12-31": "12333.00000", "2020-09-30": "16266.00000", "2020-06-30": "14031.00000", "2020-03-31": "11016.00000", "2019-12-31": "11196.00000", "2019-09-30": "10769.00000", "2019-06-30": "12869.00000", "2019-03-31": "11108.00000", "2018-12-31": "10213.00000", "2018-09-30": "10010.00000", "2018-06-30": "10394.00000", "2018-03-31": "10391.00000", "2017-12-31": "9977.00000", "2017-09-30": "9448.00000", "2017-06-30": "9337.00000", "2017-03-31": "9037.00000", "2016-12-31": "9086.00000", "2016-09-30": "8843.00000", "2016-06-30": "9095.00000", "2016-03-31": "9201.00000", "2015-12-31": "9232.00000", "2015-09-30": "9221.00000", "2015-06-30": "9293.00000", "2015-03-31": "9130.00000", "2014-12-31": "8930.00000", "2014-09-30": "8527.00000", "2014-06-30": "8772.00000", "2014-03-31": "8877.00000", "2013-12-31": "8037.00000", "2013-09-30": "7771.00000", "2013-06-30": "7791.00000", "2013-03-31": "7787.00000", "2012-12-31": "7763.00000", "2012-09-30": "7272.00000", "2012-06-30": "7137.00000", "2012-03-31": "7282.00000", "2011-12-31": "7233.00000", "2011-09-30": "6693.00000", "2011-06-30": "6891.00000", "2011-03-31": "6986.00000", "2010-12-31": "6919.00000", "2010-09-30": "6551.00000", "2010-06-30": "6792.00000", "2010-03-31": "6738.00000", "2009-12-31": "6577.00000", "2009-09-30": "6301.00000", "2009-06-30": "6448.00000", "2009-03-31": "6489.00000", "2008-12-31": "6301.00000", "2008-09-30": "6098.00000", "2008-06-30": "6289.00000", "2008-03-31": "6501.00000", "2007-12-31": "6205.00000", "2007-09-30": "6029.00000", "2007-06-30": "5946.00000", "2007-03-31": "5918.00000", "2006-12-31": "6078.00000", "2006-09-30": "5817.00000", "2006-06-30": "5918.00000", "2006-03-31": "5670.00000", "2005-12-31": "5215.00000", "2005-09-30": "5222.00000", "2005-06-30": "5091.00000", "2005-03-31": "4917.00000"}, "Property, Plant, And Equipment": {"2020-12-31": "23199.00000", "2020-09-30": "22941.00000", "2020-06-30": "23071.00000", "2020-03-31": "22985.00000", "2019-12-31": "22715.00000", "2019-09-30": "22002.00000", "2019-06-30": "21467.00000", "2019-03-31": "21128.00000", "2018-12-31": "19757.00000", "2018-09-30": "19041.00000", "2018-06-30": "18544.00000", "2018-03-31": "18124.00000", "2017-12-31": "17895.00000", "2017-09-30": "17329.00000", "2017-06-30": "16768.00000", "2017-03-31": "16462.00000", "2016-12-31": "16352.00000", "2016-09-30": "15875.00000", "2016-06-30": "15624.00000", "2016-03-31": "15057.00000", "2015-12-31": "15014.00000", "2015-09-30": "14704.00000", "2015-06-30": "14560.00000", "2015-03-31": "14392.00000", "2014-12-31": "14355.00000", "2014-09-30": "13878.00000", "2014-06-30": "13721.00000", "2014-03-31": "13612.00000", "2013-12-31": "13619.00000", "2013-09-30": "13322.00000", "2013-06-30": "13229.00000", "2013-03-31": "13144.00000", "2012-12-31": "13185.00000", "2012-09-30": "12960.00000", "2012-06-30": "12846.00000", "2012-03-31": "12787.00000", "2011-12-31": "12834.00000", "2011-09-30": "11645.00000", "2011-06-30": "11584.00000", "2011-03-31": "11347.00000", "2010-12-31": "11352.00000", "2010-09-30": "11136.00000", "2010-06-30": "11152.00000", "2010-03-31": "11252.00000", "2009-12-31": "11427.00000", "2009-09-30": "11351.00000", "2009-06-30": "11433.00000", "2009-03-31": "11455.00000", "2008-12-31": "11529.00000", "2008-09-30": "11438.00000", "2008-06-30": "11436.00000", "2008-03-31": "11381.00000", "2007-12-31": "11442.00000", "2007-09-30": "11450.00000", "2007-06-30": "11544.00000", "2007-03-31": "11633.00000", "2006-12-31": "11669.00000", "2006-09-30": "11709.00000", "2006-06-30": "11578.00000", "2006-03-31": "11365.00000", "2005-12-31": "11379.00000", "2005-09-30": "11274.00000", "2005-06-30": "11184.00000", "2005-03-31": "11328.00000"}, "Long-Term Investments": {"2020-12-31": "810.00000", "2020-09-30": "725.00000", "2020-06-30": "639.00000", "2020-03-31": "563.00000", "2019-12-31": "564.00000", "2019-09-30": "600.00000", "2019-06-30": "589.00000", "2019-03-31": "584.00000", "2018-12-31": "594.00000", "2018-09-30": "605.00000", "2018-06-30": "648.00000", "2018-03-31": "648.00000", "2017-12-31": "617.00000", "2017-09-30": "569.00000", "2017-06-30": "549.00000", "2017-03-31": "543.00000", "2016-12-31": "542.00000", "2016-09-30": "570.00000", "2016-06-30": "542.00000", "2016-03-31": "599.00000", "2015-12-31": "610.00000", "2015-09-30": "595.00000", "2015-06-30": "586.00000", "2015-03-31": "616.00000", "2014-12-31": "659.00000", "2014-09-30": "608.00000", "2014-06-30": "576.00000", "2014-03-31": "595.00000", "2013-12-31": "569.00000", "2013-09-30": "527.00000", "2013-06-30": "525.00000", "2013-03-31": "530.00000", "2012-12-31": "619.00000", "2012-09-30": "576.00000", "2012-06-30": "597.00000", "2012-03-31": "644.00000", "2011-12-31": "649.00000", "2011-09-30": "1382.00000", "2011-06-30": "1358.00000", "2011-03-31": "1442.00000", "2010-12-31": "1511.00000", "2010-09-30": "1522.00000", "2010-06-30": "1516.00000", "2010-03-31": "1997.00000", "2009-12-31": "2019.00000", "2009-09-30": "2226.00000", "2009-06-30": "2176.00000", "2009-03-31": "2162.00000", "2008-12-31": "2264.00000", "2008-09-30": "2307.00000", "2008-06-30": "2359.00000", "2008-03-31": "2372.00000", "2007-12-31": "2357.00000", "2007-09-30": "2420.00000", "2007-06-30": "2365.00000", "2007-03-31": "2413.00000", "2006-12-31": "2565.00000", "2006-09-30": "2785.00000", "2006-06-30": "2799.00000", "2006-03-31": "2596.00000", "2005-12-31": "2761.00000", "2005-09-30": "2641.00000", "2005-06-30": "2553.00000", "2005-03-31": "2564.00000"}, "Goodwill And Intangible Assets": {"2020-12-31": "8578.00000", "2020-09-30": "8570.00000", "2020-06-30": "8578.00000", "2020-03-31": "8587.00000", "2019-12-31": "8269.00000", "2019-09-30": "8160.00000", "2019-06-30": "8140.00000", "2019-03-31": "8159.00000", "2018-12-31": "7953.00000", "2018-09-30": "7759.00000", "2018-06-30": "7459.00000", "2018-03-31": "7471.00000", "2017-12-31": "7394.00000", "2017-09-30": "7357.00000", "2017-06-30": "6771.00000", "2017-03-31": "6754.00000", "2016-12-31": "6704.00000", "2016-09-30": "6691.00000", "2016-06-30": "6694.00000", "2016-03-31": "6713.00000", "2015-12-31": "6731.00000", "2015-09-30": "6540.00000", "2015-06-30": "6484.00000", "2015-03-31": "6415.00000", "2014-12-31": "6416.00000", "2014-09-30": "5899.00000", "2014-06-30": "5909.00000", "2014-03-31": "5910.00000", "2013-12-31": "5903.00000", "2013-09-30": "5832.00000", "2013-06-30": "5534.00000", "2013-03-31": "5541.00000", "2012-12-31": "5539.00000", "2012-09-30": "5460.00000", "2012-06-30": "5431.00000", "2012-03-31": "5398.00000", "2011-12-31": "5251.00000", "2011-09-30": "2701.00000", "2011-06-30": "2719.00000", "2011-03-31": "2705.00000", "2010-12-31": "2693.00000", "2010-09-30": "2610.00000", "2010-06-30": "2583.00000", "2010-03-31": "2561.00000", "2009-12-31": "2577.00000", "2009-09-30": "2596.00000", "2009-06-30": "2594.00000", "2009-03-31": "2579.00000", "2008-12-31": "2580.00000", "2008-09-30": "2601.00000", "2008-06-30": "2630.00000", "2008-03-31": "2633.00000", "2007-12-31": "2629.00000", "2007-09-30": "2652.00000", "2007-06-30": "2631.00000", "2007-03-31": "2633.00000", "2006-12-31": "2601.00000", "2006-09-30": "2663.00000", "2006-06-30": "2648.00000", "2006-03-31": "2622.00000", "2005-12-31": "2626.00000", "2005-09-30": "2645.00000", "2005-06-30": "2622.00000", "2005-03-31": "2579.00000"}, "Other Long-Term Assets": {"2020-12-31": "546.00000", "2020-09-30": "542.00000", "2020-06-30": "527.00000", "2020-03-31": "442.00000", "2019-12-31": "480.00000", "2019-09-30": "611.00000", "2019-06-30": "597.00000", "2019-03-31": "588.00000", "2018-12-31": "690.00000", "2018-09-30": "629.00000", "2018-06-30": "697.00000", "2018-03-31": "665.00000", "2017-12-31": "710.00000", "2017-09-30": "1028.00000", "2017-06-30": "1141.00000", "2017-03-31": "999.00000", "2016-12-31": "1074.00000", "2016-09-30": "1148.00000", "2016-06-30": "1250.00000", "2016-03-31": "1206.00000", "2015-12-31": "1157.00000", "2015-09-30": "836.00000", "2015-06-30": "787.00000", "2015-03-31": "735.00000", "2014-12-31": "620.00000", "2014-09-30": "692.00000", "2014-06-30": "614.00000", "2014-03-31": "544.00000", "2013-12-31": "466.00000", "2013-09-30": "691.00000", "2013-06-30": "591.00000", "2013-03-31": "606.00000", "2012-12-31": "679.00000", "2012-09-30": "768.00000", "2012-06-30": "840.00000", "2012-03-31": "736.00000", "2011-12-31": "641.00000", "2011-09-30": "1038.00000", "2011-06-30": "993.00000", "2011-03-31": "975.00000", "2010-12-31": "1003.00000", "2010-09-30": "1063.00000", "2010-06-30": "986.00000", "2010-03-31": "1132.00000", "2009-12-31": "1113.00000", "2009-09-30": "1210.00000", "2009-06-30": "1146.00000", "2009-03-31": "1147.00000", "2008-12-31": "1148.00000", "2008-09-30": "871.00000", "2008-06-30": "858.00000", "2008-03-31": "1088.00000", "2007-12-31": "853.00000", "2007-09-30": "667.00000", "2007-06-30": "634.00000", "2007-03-31": "443.00000", "2006-12-31": "148.00000", "2006-09-30": "79.00000", "2006-06-30": "103.00000", "2006-03-31": "86.00000", "2005-12-31": "159.00000", "2005-09-30": "165.00000", "2005-06-30": "176.00000", "2005-03-31": "205.00000"}, "Total Long-Term Assets": {"2020-12-31": "35157.00000", "2020-09-30": "34750.00000", "2020-06-30": "34678.00000", "2020-03-31": "34405.00000", "2019-12-31": "33862.00000", "2019-09-30": "33143.00000", "2019-06-30": "32580.00000", "2019-03-31": "32271.00000", "2018-12-31": "28994.00000", "2018-09-30": "28034.00000", "2018-06-30": "27348.00000", "2018-03-31": "26908.00000", "2017-12-31": "26616.00000", "2017-09-30": "26283.00000", "2017-06-30": "25229.00000", "2017-03-31": "24758.00000", "2016-12-31": "24672.00000", "2016-09-30": "24284.00000", "2016-06-30": "24110.00000", "2016-03-31": "23575.00000", "2015-12-31": "23512.00000", "2015-09-30": "22675.00000", "2015-06-30": "22417.00000", "2015-03-31": "22158.00000", "2014-12-31": "22050.00000", "2014-09-30": "21298.00000", "2014-06-30": "21050.00000", "2014-03-31": "20932.00000", "2013-12-31": "20794.00000", "2013-09-30": "20622.00000", "2013-06-30": "20143.00000", "2013-03-31": "20095.00000", "2012-12-31": "20312.00000", "2012-09-30": "20030.00000", "2012-06-30": "19995.00000", "2012-03-31": "19857.00000", "2011-12-31": "19665.00000", "2011-09-30": "17063.00000", "2011-06-30": "16986.00000", "2011-03-31": "16823.00000", "2010-12-31": "16933.00000", "2010-09-30": "16702.00000", "2010-06-30": "16628.00000", "2010-03-31": "17353.00000", "2009-12-31": "17554.00000", "2009-09-30": "17819.00000", "2009-06-30": "17793.00000", "2009-03-31": "17795.00000", "2008-12-31": "17979.00000", "2008-09-30": "17695.00000", "2008-06-30": "17781.00000", "2008-03-31": "17991.00000", "2007-12-31": "17820.00000", "2007-09-30": "17748.00000", "2007-06-30": "17758.00000", "2007-03-31": "17725.00000", "2006-12-31": "17597.00000", "2006-09-30": "17308.00000", "2006-06-30": "17202.00000", "2006-03-31": "16745.00000", "2005-12-31": "17010.00000", "2005-09-30": "16814.00000", "2005-06-30": "16627.00000", "2005-03-31": "16772.00000"}, "Total Assets": {"2020-12-31": "47490.00000", "2020-09-30": "51016.00000", "2020-06-30": "48709.00000", "2020-03-31": "45421.00000", "2019-12-31": "45058.00000", "2019-09-30": "43912.00000", "2019-06-30": "45449.00000", "2019-03-31": "43379.00000", "2018-12-31": "39207.00000", "2018-09-30": "38044.00000", "2018-06-30": "37742.00000", "2018-03-31": "37299.00000", "2017-12-31": "36593.00000", "2017-09-30": "35731.00000", "2017-06-30": "34566.00000", "2017-03-31": "33795.00000", "2016-12-31": "33758.00000", "2016-09-30": "33127.00000", "2016-06-30": "33205.00000", "2016-03-31": "32776.00000", "2015-12-31": "32744.00000", "2015-09-30": "31896.00000", "2015-06-30": "31710.00000", "2015-03-31": "31288.00000", "2014-12-31": "30980.00000", "2014-09-30": "29825.00000", "2014-06-30": "29822.00000", "2014-03-31": "29809.00000", "2013-12-31": "28831.00000", "2013-09-30": "28393.00000", "2013-06-30": "27934.00000", "2013-03-31": "27882.00000", "2012-12-31": "28075.00000", "2012-09-30": "27302.00000", "2012-06-30": "27132.00000", "2012-03-31": "27139.00000", "2011-12-31": "26898.00000", "2011-09-30": "23756.00000", "2011-06-30": "23877.00000", "2011-03-31": "23809.00000", "2010-12-31": "23852.00000", "2010-09-30": "23253.00000", "2010-06-30": "23420.00000", "2010-03-31": "24091.00000", "2009-12-31": "24131.00000", "2009-09-30": "24120.00000", "2009-06-30": "24241.00000", "2009-03-31": "24284.00000", "2008-12-31": "24280.00000", "2008-09-30": "23793.00000", "2008-06-30": "24070.00000", "2008-03-31": "24492.00000", "2007-12-31": "24025.00000", "2007-09-30": "23777.00000", "2007-06-30": "23704.00000", "2007-03-31": "23643.00000", "2006-12-31": "23675.00000", "2006-09-30": "23125.00000", "2006-06-30": "23120.00000", "2006-03-31": "22415.00000", "2005-12-31": "22225.00000", "2005-09-30": "22036.00000", "2005-06-30": "21718.00000", "2005-03-31": "21689.00000"}, "Total Current Liabilities": {"2020-12-31": "8704.00000", "2020-09-30": "14379.00000", "2020-06-30": "12856.00000", "2020-03-31": "7019.00000", "2019-12-31": "7757.00000", "2019-09-30": "7124.00000", "2019-06-30": "8961.00000", "2019-03-31": "10531.00000", "2018-12-31": "7569.00000", "2018-09-30": "6231.00000", "2018-06-30": "7625.00000", "2018-03-31": "7478.00000", "2017-12-31": "6158.00000", "2017-09-30": "5611.00000", "2017-06-30": "5771.00000", "2017-03-31": "5463.00000", "2016-12-31": "5834.00000", "2016-09-30": "5155.00000", "2016-06-30": "5396.00000", "2016-03-31": "5398.00000", "2015-12-31": "5516.00000", "2015-09-30": "6313.00000", "2015-06-30": "6310.00000", "2015-03-31": "7172.00000", "2014-12-31": "5480.00000", "2014-09-30": "5632.00000", "2014-06-30": "5895.00000", "2014-03-31": "5891.00000", "2013-12-31": "5695.00000", "2013-09-30": "5419.00000", "2013-06-30": "6020.00000", "2013-03-31": "5991.00000", "2012-12-31": "6172.00000", "2012-09-30": "5861.00000", "2012-06-30": "5447.00000", "2012-03-31": "5615.00000", "2011-12-31": "5554.00000", "2011-09-30": "4271.00000", "2011-06-30": "4278.00000", "2011-03-31": "4267.00000", "2010-12-31": "4269.00000", "2010-09-30": "4330.00000", "2010-06-30": "4397.00000", "2010-03-31": "4571.00000", "2009-12-31": "4313.00000", "2009-09-30": "4104.00000", "2009-06-30": "3395.00000", "2009-03-31": "3897.00000", "2008-12-31": "3910.00000", "2008-09-30": "3643.00000", "2008-06-30": "3404.00000", "2008-03-31": "3756.00000", "2007-12-31": "3849.00000", "2007-09-30": "3709.00000", "2007-06-30": "3353.00000", "2007-03-31": "3590.00000", "2006-12-31": "3576.00000", "2006-09-30": "4082.00000", "2006-06-30": "4044.00000", "2006-03-31": "3946.00000", "2005-12-31": "3895.00000", "2005-09-30": "3407.00000", "2005-06-30": "3225.00000", "2005-03-31": "3207.00000"}, "Long Term Debt": {"2020-12-31": "30795.00000", "2020-09-30": "30792.00000", "2020-06-30": "30779.00000", "2020-03-31": "34699.00000", "2019-12-31": "33577.00000", "2019-09-30": "34097.00000", "2019-06-30": "34120.00000", "2019-03-31": "31019.00000", "2018-12-31": "32033.00000", "2018-09-30": "32916.00000", "2018-06-30": "31500.00000", "2018-03-31": "31594.00000", "2017-12-31": "32858.00000", "2017-09-30": "32751.00000", "2017-06-30": "31448.00000", "2017-03-31": "31302.00000", "2016-12-31": "31160.00000", "2016-09-30": "31225.00000", "2016-06-30": "31228.00000", "2016-03-31": "30328.00000", "2015-12-31": "30255.00000", "2015-09-30": "28375.00000", "2015-06-30": "28363.00000", "2015-03-31": "27406.00000", "2014-12-31": "29088.00000", "2014-09-30": "27426.00000", "2014-06-30": "27942.00000", "2014-03-31": "27883.00000", "2013-12-31": "27590.00000", "2013-09-30": "27389.00000", "2013-06-30": "26744.00000", "2013-03-31": "27170.00000", "2012-12-31": "27495.00000", "2012-09-30": "25182.00000", "2012-06-30": "25732.00000", "2012-03-31": "26061.00000", "2011-12-31": "25645.00000", "2011-09-30": "25871.00000", "2011-06-30": "24631.00000", "2011-03-31": "24820.00000", "2010-12-31": "27633.00000", "2010-09-30": "25383.00000", "2010-06-30": "25769.00000", "2010-03-31": "25874.00000", "2009-12-31": "24824.00000", "2009-09-30": "25279.00000", "2009-06-30": "26351.00000", "2009-03-31": "26151.00000", "2008-12-31": "26585.00000", "2008-09-30": "26673.00000", "2008-06-30": "27274.00000", "2008-03-31": "27159.00000", "2007-12-31": "27000.00000", "2007-09-30": "27246.00000", "2007-06-30": "27792.00000", "2007-03-31": "27617.00000", "2006-12-31": "28115.00000", "2006-09-30": "10512.00000", "2006-06-30": "11005.00000", "2006-03-31": "10608.00000", "2005-12-31": "9889.00000", "2005-09-30": "8702.00000", "2005-06-30": "8800.00000", "2005-03-31": "9372.00000"}, "Other Non-Current Liabilities": {"2020-12-31": "1940.00000", "2020-09-30": "1477.00000", "2020-06-30": "1490.00000", "2020-03-31": "1477.00000", "2019-12-31": "1420.00000", "2019-09-30": "1349.00000", "2019-06-30": "1324.00000", "2019-03-31": "1277.00000", "2018-12-31": "1248.00000", "2018-09-30": "1388.00000", "2018-06-30": "1459.00000", "2018-03-31": "1417.00000", "2017-12-31": "1374.00000", "2017-09-30": "1256.00000", "2017-06-30": "1282.00000", "2017-03-31": "1253.00000", "2016-12-31": "1249.00000", "2016-09-30": "1746.00000", "2016-06-30": "1953.00000", "2016-03-31": "1933.00000", "2015-12-31": "1904.00000", "2015-09-30": "1903.00000", "2015-06-30": "1860.00000", "2015-03-31": "1837.00000", "2014-12-31": "1832.00000", "2014-09-30": "1740.00000", "2014-06-30": "1554.00000", "2014-03-31": "1524.00000", "2013-12-31": "1525.00000", "2013-09-30": "1670.00000", "2013-06-30": "1695.00000", "2013-03-31": "1763.00000", "2012-12-31": "1776.00000", "2012-09-30": "1860.00000", "2012-06-30": "1857.00000", "2012-03-31": "1757.00000", "2011-12-31": "1720.00000", "2011-09-30": "1683.00000", "2011-06-30": "1515.00000", "2011-03-31": "1507.00000", "2010-12-31": "1749.00000", "2010-09-30": "1755.00000", "2010-06-30": "1733.00000", "2010-03-31": "1886.00000", "2009-12-31": "1915.00000", "2009-09-30": "1929.00000", "2009-06-30": "1868.00000", "2009-03-31": "2007.00000", "2008-12-31": "1937.00000", "2008-09-30": "1538.00000", "2008-06-30": "1458.00000", "2008-03-31": "1908.00000", "2007-12-31": "1543.00000", "2007-09-30": "1353.00000", "2007-06-30": "1297.00000", "2007-03-31": "1293.00000", "2006-12-31": "1142.00000", "2006-09-30": "1135.00000", "2006-06-30": "1029.00000", "2006-03-31": "1067.00000", "2005-12-31": "1414.00000", "2005-09-30": "1434.00000", "2005-06-30": "1472.00000", "2005-03-31": "1664.00000"}, "Total Long Term Liabilities": {"2020-12-31": "35894.00000", "2020-09-30": "35338.00000", "2020-06-30": "35285.00000", "2020-03-31": "39105.00000", "2019-12-31": "37866.00000", "2019-09-30": "38235.00000", "2019-06-30": "38258.00000", "2019-03-31": "35103.00000", "2018-12-31": "34556.00000", "2018-09-30": "35543.00000", "2018-06-30": "34242.00000", "2018-03-31": "34255.00000", "2017-12-31": "35430.00000", "2017-09-30": "35186.00000", "2017-06-30": "33874.00000", "2017-03-31": "33689.00000", "2016-12-31": "33557.00000", "2016-09-30": "34135.00000", "2016-06-30": "34307.00000", "2016-03-31": "33377.00000", "2015-12-31": "33274.00000", "2015-09-30": "31395.00000", "2015-06-30": "31355.00000", "2015-03-31": "30338.00000", "2014-12-31": "31998.00000", "2014-09-30": "30211.00000", "2014-06-30": "30515.00000", "2014-03-31": "30385.00000", "2013-12-31": "30064.00000", "2013-09-30": "30018.00000", "2013-06-30": "29399.00000", "2013-03-31": "29903.00000", "2012-12-31": "30244.00000", "2012-09-30": "28004.00000", "2012-06-30": "28628.00000", "2012-03-31": "28848.00000", "2011-12-31": "28358.00000", "2011-09-30": "28547.00000", "2011-06-30": "27133.00000", "2011-03-31": "27330.00000", "2010-12-31": "30377.00000", "2010-09-30": "28165.00000", "2010-06-30": "28531.00000", "2010-03-31": "28818.00000", "2009-12-31": "27796.00000", "2009-09-30": "28305.00000", "2009-06-30": "29327.00000", "2009-03-31": "29256.00000", "2008-12-31": "29630.00000", "2008-09-30": "30294.00000", "2008-06-30": "30851.00000", "2008-03-31": "31262.00000", "2007-12-31": "30714.00000", "2007-09-30": "30790.00000", "2007-06-30": "31256.00000", "2007-03-31": "31169.00000", "2006-12-31": "31473.00000", "2006-09-30": "13917.00000", "2006-06-30": "14250.00000", "2006-03-31": "13914.00000", "2005-12-31": "13467.00000", "2005-09-30": "12270.00000", "2005-06-30": "12376.00000", "2005-03-31": "13151.00000"}, "Total Liabilities": {"2020-12-31": "44598.00000", "2020-09-30": "49717.00000", "2020-06-30": "48141.00000", "2020-03-31": "46124.00000", "2019-12-31": "45623.00000", "2019-09-30": "45359.00000", "2019-06-30": "47219.00000", "2019-03-31": "45634.00000", "2018-12-31": "42125.00000", "2018-09-30": "41774.00000", "2018-06-30": "41867.00000", "2018-03-31": "41733.00000", "2017-12-31": "41588.00000", "2017-09-30": "40797.00000", "2017-06-30": "39645.00000", "2017-03-31": "39152.00000", "2016-12-31": "39391.00000", "2016-09-30": "39290.00000", "2016-06-30": "39703.00000", "2016-03-31": "38775.00000", "2015-12-31": "38790.00000", "2015-09-30": "37708.00000", "2015-06-30": "37665.00000", "2015-03-31": "37510.00000", "2014-12-31": "37478.00000", "2014-09-30": "35843.00000", "2014-06-30": "36410.00000", "2014-03-31": "36276.00000", "2013-12-31": "35759.00000", "2013-09-30": "35437.00000", "2013-06-30": "35419.00000", "2013-03-31": "35894.00000", "2012-12-31": "36416.00000", "2012-09-30": "33865.00000", "2012-06-30": "34075.00000", "2012-03-31": "34463.00000", "2011-12-31": "33912.00000", "2011-09-30": "32818.00000", "2011-06-30": "31411.00000", "2011-03-31": "31597.00000", "2010-12-31": "34646.00000", "2010-09-30": "32495.00000", "2010-06-30": "32928.00000", "2010-03-31": "33389.00000", "2009-12-31": "32109.00000", "2009-09-30": "32409.00000", "2009-06-30": "32722.00000", "2009-03-31": "33153.00000", "2008-12-31": "33540.00000", "2008-09-30": "33937.00000", "2008-06-30": "34255.00000", "2008-03-31": "35018.00000", "2007-12-31": "34563.00000", "2007-09-30": "34499.00000", "2007-06-30": "34609.00000", "2007-03-31": "34759.00000", "2006-12-31": "35049.00000", "2006-09-30": "17999.00000", "2006-06-30": "18294.00000", "2006-03-31": "17860.00000", "2005-12-31": "17362.00000", "2005-09-30": "15677.00000", "2005-06-30": "15601.00000", "2005-03-31": "16358.00000"}, "Common Stock Net": {"2020-12-31": "", "2020-09-30": "3.00000", "2020-06-30": "3.00000", "2020-03-31": "3.00000", "2019-12-31": "3.00000", "2019-09-30": "3.00000", "2019-06-30": "3.00000", "2019-03-31": "3.00000", "2018-12-31": "3.00000", "2018-09-30": "3.00000", "2018-06-30": "3.00000", "2018-03-31": "4.00000", "2017-12-31": "4.00000", "2017-09-30": "4.00000", "2017-06-30": "4.00000", "2017-03-31": "4.00000", "2016-12-31": "4.00000", "2016-09-30": "4.00000", "2016-06-30": "4.00000", "2016-03-31": "4.00000", "2015-12-31": "4.00000", "2015-09-30": "4.00000", "2015-06-30": "4.00000", "2015-03-31": "4.00000", "2014-12-31": "4.00000", "2014-09-30": "4.00000", "2014-06-30": "4.00000", "2014-03-31": "4.00000", "2013-12-31": "4.00000", "2013-09-30": "4.00000", "2013-06-30": "4.00000", "2013-03-31": "4.00000", "2012-12-31": "4.00000", "2012-09-30": "4.00000", "2012-06-30": "4.00000", "2012-03-31": "4.00000", "2011-12-31": "4.00000", "2011-09-30": "4.00000", "2011-06-30": "5.00000", "2011-03-31": "5.00000", "2010-12-31": "4.00000", "2010-09-30": "1.00000", "2010-06-30": "1.00000", "2010-03-31": "1.00000", "2009-12-31": "1.00000", "2009-09-30": "1.00000", "2009-06-30": "1.00000", "2009-03-31": "1.00000", "2008-12-31": "1.00000", "2008-09-30": "1.00000", "2008-06-30": "1.00000", "2008-03-31": "1.00000", "2007-12-31": "1.00000", "2007-09-30": "1.00000", "2007-06-30": "1.00000", "2007-03-31": "1.00000", "2006-12-31": "1.00000", "2006-09-30": "4.00000", "2006-06-30": "4.00000", "2006-03-31": "4.00000", "2005-12-31": "4.00000", "2005-09-30": "5.00000", "2005-06-30": "5.00000", "2005-03-31": "4.00000"}, "Retained Earnings (Accumulated Deficit)": {"2020-12-31": "", "2020-09-30": "-647.00000", "2020-06-30": "-1315.00000", "2020-03-31": "-2394.00000", "2019-12-31": "-2351.00000", "2019-09-30": "-3107.00000", "2019-06-30": "-3474.00000", "2019-03-31": "-3983.00000", "2018-12-31": "-4572.00000", "2018-09-30": "-5342.00000", "2018-06-30": "-5731.00000", "2018-03-31": "-6051.00000", "2017-12-31": "-6532.00000", "2017-09-30": "-6516.00000", "2017-06-30": "-6503.00000", "2017-03-31": "-6701.00000", "2016-12-31": "-6968.00000", "2016-09-30": "-7426.00000", "2016-06-30": "-7767.00000", "2016-03-31": "-7266.00000", "2015-12-31": "-7338.00000", "2015-09-30": "-6989.00000", "2015-06-30": "-7120.00000", "2015-03-31": "-7280.00000", "2014-12-31": "-7575.00000", "2014-09-30": "-8054.00000", "2014-06-30": "-8572.00000", "2014-03-31": "-9055.00000", "2013-12-31": "-9403.00000", "2013-09-30": "-9827.00000", "2013-06-30": "-10193.00000", "2013-03-31": "-10616.00000", "2012-12-31": "-10960.00000", "2012-09-30": "-9103.00000", "2012-06-30": "-9463.00000", "2012-03-31": "-9854.00000", "2011-12-31": "-9423.00000", "2011-09-30": "-11358.00000", "2011-06-30": "-11419.00000", "2011-03-31": "-11648.00000", "2010-12-31": "-11888.00000", "2010-09-30": "-10090.00000", "2010-06-30": "-10333.00000", "2010-03-31": "-10126.00000", "2009-12-31": "-8763.00000", "2009-09-30": "-8979.00000", "2009-06-30": "-9175.00000", "2009-03-31": "-9457.00000", "2008-12-31": "-9817.00000", "2008-09-30": "-10082.00000", "2008-06-30": "-10168.00000", "2008-03-31": "-10309.00000", "2007-12-31": "-10479.00000", "2007-09-30": "-10757.00000", "2007-06-30": "-11057.00000", "2007-03-31": "-11173.00000", "2006-12-31": "-11391.00000", "2006-09-30": "5022.00000", "2006-06-30": "4734.00000", "2006-03-31": "4446.00000", "2005-12-31": "4729.00000", "2005-09-30": "5113.00000", "2005-06-30": "4901.00000", "2005-03-31": "4566.00000"}, "Comprehensive Income": {"2020-12-31": "", "2020-09-30": "-515.00000", "2020-06-30": "-562.00000", "2020-03-31": "-571.00000", "2019-12-31": "-460.00000", "2019-09-30": "-461.00000", "2019-06-30": "-431.00000", "2019-03-31": "-374.00000", "2018-12-31": "-381.00000", "2018-09-30": "-266.00000", "2018-06-30": "-261.00000", "2018-03-31": "-197.00000", "2017-12-31": "-278.00000", "2017-09-30": "-268.00000", "2017-06-30": "-293.00000", "2017-03-31": "-320.00000", "2016-12-31": "-338.00000", "2016-09-30": "-341.00000", "2016-06-30": "-344.00000", "2016-03-31": "-294.00000", "2015-12-31": "-265.00000", "2015-09-30": "-309.00000", "2015-06-30": "-290.00000", "2015-03-31": "-344.00000", "2014-12-31": "-323.00000", "2014-09-30": "-206.00000", "2014-06-30": "-199.00000", "2014-03-31": "-232.00000", "2013-12-31": "-257.00000", "2013-09-30": "-374.00000", "2013-06-30": "-426.00000", "2013-03-31": "-475.00000", "2012-12-31": "-457.00000", "2012-09-30": "-440.00000", "2012-06-30": "-449.00000", "2012-03-31": "-411.00000", "2011-12-31": "-440.00000", "2011-09-30": "-424.00000", "2011-06-30": "-339.00000", "2011-03-31": "-344.00000", "2010-12-31": "-428.00000", "2010-09-30": "-494.00000", "2010-06-30": "-505.00000", "2010-03-31": "-479.00000", "2009-12-31": "-450.00000", "2009-09-30": "-505.00000", "2009-06-30": "-498.00000", "2009-03-31": "-608.00000", "2008-12-31": "-604.00000", "2008-09-30": "-211.00000", "2008-06-30": "-156.00000", "2008-03-31": "-341.00000", "2007-12-31": "-172.00000", "2007-09-30": "-52.00000", "2007-06-30": "74.00000", "2007-03-31": "-9.00000", "2006-12-31": "16.00000", "2006-09-30": "100.00000", "2006-06-30": "88.00000", "2006-03-31": "105.00000", "2005-12-31": "130.00000", "2005-09-30": "124.00000", "2005-06-30": "131.00000", "2005-03-31": "149.00000"}, "Other Share Holders Equity": {"2020-12-31": "", "2020-09-30": "", "2020-06-30": "", "2020-03-31": "", "2019-12-31": "", "2019-09-30": "", "2019-06-30": "", "2019-03-31": "", "2018-12-31": "", "2018-09-30": "", "2018-06-30": "", "2018-03-31": "", "2017-12-31": "", "2017-09-30": "", "2017-06-30": "", "2017-03-31": "", "2016-12-31": "", "2016-09-30": "", "2016-06-30": "", "2016-03-31": "", "2015-12-31": "", "2015-09-30": "", "2015-06-30": "", "2015-03-31": "", "2014-12-31": "", "2014-09-30": "", "2014-06-30": "", "2014-03-31": "", "2013-12-31": "", "2013-09-30": "", "2013-06-30": "", "2013-03-31": "", "2012-12-31": "", "2012-09-30": "", "2012-06-30": "", "2012-03-31": "", "2011-12-31": "", "2011-09-30": "", "2011-06-30": "", "2011-03-31": "", "2010-12-31": "", "2010-09-30": "", "2010-06-30": "", "2010-03-31": "", "2009-12-31": "", "2009-09-30": "", "2009-06-30": "", "2009-03-31": "", "2008-12-31": "", "2008-09-30": "", "2008-06-30": "", "2008-03-31": "", "2007-12-31": "", "2007-09-30": "", "2007-06-30": "", "2007-03-31": "", "2006-12-31": "", "2006-09-30": "", "2006-06-30": "", "2006-03-31": "", "2005-12-31": "", "2005-09-30": "", "2005-06-30": "", "2005-03-31": ""}, "Share Holder Equity": {"2020-12-31": "2892.00000", "2020-09-30": "1299.00000", "2020-06-30": "568.00000", "2020-03-31": "-703.00000", "2019-12-31": "-565.00000", "2019-09-30": "-1447.00000", "2019-06-30": "-1770.00000", "2019-03-31": "-2255.00000", "2018-12-31": "-2918.00000", "2018-09-30": "-3730.00000", "2018-06-30": "-4125.00000", "2018-03-31": "-4434.00000", "2017-12-31": "-4995.00000", "2017-09-30": "-5066.00000", "2017-06-30": "-5079.00000", "2017-03-31": "-5357.00000", "2016-12-31": "-5633.00000", "2016-09-30": "-6163.00000", "2016-06-30": "-6498.00000", "2016-03-31": "-5999.00000", "2015-12-31": "-6046.00000", "2015-09-30": "-5812.00000", "2015-06-30": "-5955.00000", "2015-03-31": "-6222.00000", "2014-12-31": "-6498.00000", "2014-09-30": "-6018.00000", "2014-06-30": "-6588.00000", "2014-03-31": "-6467.00000", "2013-12-31": "-6928.00000", "2013-09-30": "-7044.00000", "2013-06-30": "-7485.00000", "2013-03-31": "-8012.00000", "2012-12-31": "-8341.00000", "2012-09-30": "-6563.00000", "2012-06-30": "-6943.00000", "2012-03-31": "-7324.00000", "2011-12-31": "-7014.00000", "2011-09-30": "-9062.00000", "2011-06-30": "-7534.00000", "2011-03-31": "-7788.00000", "2010-12-31": "-10794.00000", "2010-09-30": "-9242.00000", "2010-06-30": "-9508.00000", "2010-03-31": "-9298.00000", "2009-12-31": "-7978.00000", "2009-09-30": "-8289.00000", "2009-06-30": "-8481.00000", "2009-03-31": "-8869.00000", "2008-12-31": "-9260.00000", "2008-09-30": "-10144.00000", "2008-06-30": "-10185.00000", "2008-03-31": "-10526.00000", "2007-12-31": "-10538.00000", "2007-09-30": "-10722.00000", "2007-06-30": "-10905.00000", "2007-03-31": "-11116.00000", "2006-12-31": "-11374.00000", "2006-09-30": "5126.00000", "2006-06-30": "4826.00000", "2006-03-31": "4555.00000", "2005-12-31": "4863.00000", "2005-09-30": "6359.00000", "2005-06-30": "6117.00000", "2005-03-31": "5331.00000"}, "Total Liabilities And Share Holders Equity": {"2020-12-31": "47490.00000", "2020-09-30": "51016.00000", "2020-06-30": "48709.00000", "2020-03-31": "45421.00000", "2019-12-31": "45058.00000", "2019-09-30": "43912.00000", "2019-06-30": "45449.00000", "2019-03-31": "43379.00000", "2018-12-31": "39207.00000", "2018-09-30": "38044.00000", "2018-06-30": "37742.00000", "2018-03-31": "37299.00000", "2017-12-31": "36593.00000", "2017-09-30": "35731.00000", "2017-06-30": "34566.00000", "2017-03-31": "33795.00000", "2016-12-31": "33758.00000", "2016-09-30": "33127.00000", "2016-06-30": "33205.00000", "2016-03-31": "32776.00000", "2015-12-31": "32744.00000", "2015-09-30": "31896.00000", "2015-06-30": "31710.00000", "2015-03-31": "31288.00000", "2014-12-31": "30980.00000", "2014-09-30": "29825.00000", "2014-06-30": "29822.00000", "2014-03-31": "29809.00000", "2013-12-31": "28831.00000", "2013-09-30": "28393.00000", "2013-06-30": "27934.00000", "2013-03-31": "27882.00000", "2012-12-31": "28075.00000", "2012-09-30": "27302.00000", "2012-06-30": "27132.00000", "2012-03-31": "27139.00000", "2011-12-31": "26898.00000", "2011-09-30": "23756.00000", "2011-06-30": "23877.00000", "2011-03-31": "23809.00000", "2010-12-31": "23852.00000", "2010-09-30": "23253.00000", "2010-06-30": "23420.00000", "2010-03-31": "24091.00000", "2009-12-31": "24131.00000", "2009-09-30": "24120.00000", "2009-06-30": "24241.00000", "2009-03-31": "24284.00000", "2008-12-31": "24280.00000", "2008-09-30": "23793.00000", "2008-06-30": "24070.00000", "2008-03-31": "24492.00000", "2007-12-31": "24025.00000", "2007-09-30": "23777.00000", "2007-06-30": "23704.00000", "2007-03-31": "23643.00000", "2006-12-31": "23675.00000", "2006-09-30": "23125.00000", "2006-06-30": "23120.00000", "2006-03-31": "22415.00000", "2005-12-31": "22225.00000", "2005-09-30": "22036.00000", "2005-06-30": "21718.00000", "2005-03-31": "21689.00000"}}, "cash flow statement": {"Net Income/Loss": {"2020-12-31": "4387.00000", "2019-12-31": "4145.00000", "2018-12-31": "4389.00000", "2017-12-31": "2743.00000", "2016-12-31": "3432.00000", "2015-12-31": "2696.00000", "2014-12-31": "2373.00000", "2013-12-31": "1996.00000", "2012-12-31": "2006.00000", "2011-12-31": "2842.00000", "2010-12-31": "1573.00000", "2009-12-31": "1375.00000", "2008-12-31": "902.00000", "2007-12-31": "1082.00000", "2006-12-31": "1036.00000", "2005-12-31": "1424.00000"}, "Total Depreciation And Amortization - Cash Flow": {"2020-12-31": "2751.00000", "2019-12-31": "2626.00000", "2018-12-31": "2309.00000", "2017-12-31": "2162.00000", "2016-12-31": "2000.00000", "2015-12-31": "1939.00000", "2014-12-31": "1862.00000", "2013-12-31": "1808.00000", "2012-12-31": "1741.00000", "2011-12-31": "1535.00000", "2010-12-31": "1502.00000", "2009-12-31": "1505.00000", "2008-12-31": "1495.00000", "2007-12-31": "1504.00000", "2006-12-31": "1409.00000", "2005-12-31": "1374.00000"}, "Other Non-Cash Items": {"2020-12-31": "775.00000", "2019-12-31": "669.00000", "2018-12-31": "-44.00000", "2017-12-31": "384.00000", "2016-12-31": "179.00000", "2015-12-31": "4335.00000", "2014-12-31": "3729.00000", "2013-12-31": "4148.00000", "2012-12-31": "4091.00000", "2011-12-31": "2587.00000", "2010-12-31": "2857.00000", "2009-12-31": "3420.00000", "2008-12-31": "2960.00000", "2007-12-31": "2593.00000", "2006-12-31": "2340.00000", "2005-12-31": "2451.00000"}, "Total Non-Cash Items": {"2020-12-31": "3526.00000", "2019-12-31": "3295.00000", "2018-12-31": "2265.00000", "2017-12-31": "2546.00000", "2016-12-31": "2179.00000", "2015-12-31": "6274.00000", "2014-12-31": "5591.00000", "2013-12-31": "5956.00000", "2012-12-31": "5832.00000", "2011-12-31": "4122.00000", "2010-12-31": "4359.00000", "2009-12-31": "4925.00000", "2008-12-31": "4455.00000", "2007-12-31": "4097.00000", "2006-12-31": "3749.00000", "2005-12-31": "3825.00000"}, "Change In Accounts Receivable": {"2020-12-31": "327.00000", "2019-12-31": "-326.00000", "2018-12-31": "-423.00000", "2017-12-31": "-601.00000", "2016-12-31": "10.00000", "2015-12-31": "-4114.00000", "2014-12-31": "-3645.00000", "2013-12-31": "-4395.00000", "2012-12-31": "-3896.00000", "2011-12-31": "-3248.00000", "2010-12-31": "-2789.00000", "2009-12-31": "-3180.00000", "2008-12-31": "-3328.00000", "2007-12-31": "-3345.00000", "2006-12-31": "-3043.00000", "2005-12-31": "-2649.00000"}, "Change In Inventories": {"2020-12-31": "-304.00000", "2019-12-31": "-158.00000", "2018-12-31": "-242.00000", "2017-12-31": "-69.00000", "2016-12-31": "-112.00000", "2015-12-31": "-314.00000", "2014-12-31": "-232.00000", "2013-12-31": "-19.00000", "2012-12-31": "-122.00000", "2011-12-31": "-18.00000", "2010-12-31": "-287.00000", "2009-12-31": "-191.00000", "2008-12-31": "159.00000", "2007-12-31": "-241.00000", "2006-12-31": "-12.00000", "2005-12-31": "28.00000"}, "Change In Accounts Payable": {"2020-12-31": "1255.00000", "2019-12-31": "396.00000", "2018-12-31": "698.00000", "2017-12-31": "374.00000", "2016-12-31": "144.00000", "2015-12-31": "192.00000", "2014-12-31": "444.00000", "2013-12-31": "142.00000", "2012-12-31": "355.00000", "2011-12-31": "313.00000", "2010-12-31": "229.00000", "2009-12-31": "280.00000", "2008-12-31": "-198.00000", "2007-12-31": "-29.00000", "2006-12-31": "115.00000", "2005-12-31": "343.00000"}, "Change In Assets/Liabilities": {"2020-12-31": "", "2019-12-31": "", "2018-12-31": "", "2017-12-31": "", "2016-12-31": "", "2015-12-31": "", "2014-12-31": "", "2013-12-31": "", "2012-12-31": "", "2011-12-31": "-78.00000", "2010-12-31": "", "2009-12-31": "58.00000", "2008-12-31": "", "2007-12-31": "", "2006-12-31": "", "2005-12-31": ""}, "Total Change In Assets/Liabilities": {"2020-12-31": "1319.00000", "2019-12-31": "162.00000", "2018-12-31": "107.00000", "2017-12-31": "137.00000", "2016-12-31": "42.00000", "2015-12-31": "-4236.00000", "2014-12-31": "-3516.00000", "2013-12-31": "-4272.00000", "2012-12-31": "-3663.00000", "2011-12-31": "-3031.00000", "2010-12-31": "-2847.00000", "2009-12-31": "-3553.00000", "2008-12-31": "-3367.00000", "2007-12-31": "-3615.00000", "2006-12-31": "-2940.00000", "2005-12-31": "-2278.00000"}, "Cash Flow From Operating Activities": {"2020-12-31": "9232.00000", "2019-12-31": "7602.00000", "2018-12-31": "6761.00000", "2017-12-31": "5426.00000", "2016-12-31": "5653.00000", "2015-12-31": "4734.00000", "2014-12-31": "4448.00000", "2013-12-31": "3680.00000", "2012-12-31": "4175.00000", "2011-12-31": "3933.00000", "2010-12-31": "3085.00000", "2009-12-31": "2747.00000", "2008-12-31": "1990.00000", "2007-12-31": "1564.00000", "2006-12-31": "1845.00000", "2005-12-31": "2971.00000"}, "Net Change In Property, Plant, And Equipment": {"2020-12-31": "-2835.00000", "2019-12-31": "-4158.00000", "2018-12-31": "-3573.00000", "2017-12-31": "-3015.00000", "2016-12-31": "-2760.00000", "2015-12-31": "-2375.00000", "2014-12-31": "-2176.00000", "2013-12-31": "-1943.00000", "2012-12-31": "-1862.00000", "2011-12-31": "-1679.00000", "2010-12-31": "-1325.00000", "2009-12-31": "-1317.00000", "2008-12-31": "-1600.00000", "2007-12-31": "-1444.00000", "2006-12-31": "-1865.00000", "2005-12-31": "-1592.00000"}, "Net Change In Intangible Assets": {"2020-12-31": "", "2019-12-31": "", "2018-12-31": "", "2017-12-31": "", "2016-12-31": "", "2015-12-31": "", "2014-12-31": "", "2013-12-31": "", "2012-12-31": "", "2011-12-31": "", "2010-12-31": "", "2009-12-31": "", "2008-12-31": "", "2007-12-31": "", "2006-12-31": "", "2005-12-31": ""}, "Net Acquisitions/Divestitures": {"2020-12-31": "-500.00000", "2019-12-31": "-1621.00000", "2018-12-31": "-445.00000", "2017-12-31": "-1187.00000", "2016-12-31": "-550.00000", "2015-12-31": "-278.00000", "2014-12-31": "-715.00000", "2013-12-31": "-448.00000", "2012-12-31": "-228.00000", "2011-12-31": "-1401.00000", "2010-12-31": "-196.00000", "2009-12-31": "-20.00000", "2008-12-31": "108.00000", "2007-12-31": "735.00000", "2006-12-31": "539.00000", "2005-12-31": "194.00000"}, "Net Change In Short-term Investments": {"2020-12-31": "-20.00000", "2019-12-31": "25.00000", "2018-12-31": "57.00000", "2017-12-31": "-73.00000", "2016-12-31": "64.00000", "2015-12-31": "63.00000", "2014-12-31": "-37.00000", "2013-12-31": "36.00000", "2012-12-31": "16.00000", "2011-12-31": "80.00000", "2010-12-31": "472.00000", "2009-12-31": "303.00000", "2008-12-31": "21.00000", "2007-12-31": "207.00000", "2006-12-31": "26.00000", "2005-12-31": "-311.00000"}, "Net Change In Long-Term Investments": {"2020-12-31": "", "2019-12-31": "", "2018-12-31": "", "2017-12-31": "", "2016-12-31": "", "2015-12-31": "", "2014-12-31": "", "2013-12-31": "", "2012-12-31": "", "2011-12-31": "", "2010-12-31": "", "2009-12-31": "", "2008-12-31": "", "2007-12-31": "", "2006-12-31": "", "2005-12-31": ""}, "Net Change In Investments - Total": {"2020-12-31": "-20.00000", "2019-12-31": "25.00000", "2018-12-31": "57.00000", "2017-12-31": "-73.00000", "2016-12-31": "64.00000", "2015-12-31": "63.00000", "2014-12-31": "-37.00000", "2013-12-31": "36.00000", "2012-12-31": "16.00000", "2011-12-31": "80.00000", "2010-12-31": "472.00000", "2009-12-31": "303.00000", "2008-12-31": "21.00000", "2007-12-31": "207.00000", "2006-12-31": "26.00000", "2005-12-31": "-311.00000"}, "Investing Activities - Other": {"2020-12-31": "-38.00000", "2019-12-31": "34.00000", "2018-12-31": "60.00000", "2017-12-31": "-4.00000", "2016-12-31": "6.00000", "2015-12-31": "7.00000", "2014-12-31": "10.00000", "2013-12-31": "9.00000", "2012-12-31": "11.00000", "2011-12-31": "5.00000", "2010-12-31": "10.00000", "2009-12-31": "-1.00000", "2008-12-31": "4.00000", "2007-12-31": "23.00000", "2006-12-31": "-7.00000", "2005-12-31": "28.00000"}, "Cash Flow From Investing Activities": {"2020-12-31": "-3393.00000", "2019-12-31": "-5720.00000", "2018-12-31": "-3901.00000", "2017-12-31": "-4279.00000", "2016-12-31": "-3240.00000", "2015-12-31": "-2583.00000", "2014-12-31": "-2918.00000", "2013-12-31": "-2346.00000", "2012-12-31": "-2063.00000", "2011-12-31": "-2995.00000", "2010-12-31": "-1039.00000", "2009-12-31": "-1035.00000", "2008-12-31": "-1467.00000", "2007-12-31": "-479.00000", "2006-12-31": "-1307.00000", "2005-12-31": "-1681.00000"}, "Net Long-Term Debt": {"2020-12-31": "-3217.00000", "2019-12-31": "567.00000", "2018-12-31": "-344.00000", "2017-12-31": "1509.00000", "2016-12-31": "815.00000", "2015-12-31": "778.00000", "2014-12-31": "778.00000", "2013-12-31": "-692.00000", "2012-12-31": "1724.00000", "2011-12-31": "-1589.00000", "2010-12-31": "2533.00000", "2009-12-31": "-1459.00000", "2008-12-31": "-260.00000", "2007-12-31": "-1270.00000", "2006-12-31": "17595.00000", "2005-12-31": "-106.00000"}, "Net Current Debt": {"2020-12-31": "", "2019-12-31": "", "2018-12-31": "", "2017-12-31": "", "2016-12-31": "", "2015-12-31": "", "2014-12-31": "", "2013-12-31": "", "2012-12-31": "", "2011-12-31": "", "2010-12-31": "", "2009-12-31": "", "2008-12-31": "", "2007-12-31": "", "2006-12-31": "", "2005-12-31": ""}, "Debt Issuance/Retirement Net - Total": {"2020-12-31": "-3217.00000", "2019-12-31": "567.00000", "2018-12-31": "-344.00000", "2017-12-31": "1509.00000", "2016-12-31": "815.00000", "2015-12-31": "778.00000", "2014-12-31": "778.00000", "2013-12-31": "-692.00000", "2012-12-31": "1724.00000", "2011-12-31": "-1589.00000", "2010-12-31": "2533.00000", "2009-12-31": "-1459.00000", "2008-12-31": "-260.00000", "2007-12-31": "-1270.00000", "2006-12-31": "17595.00000", "2005-12-31": "-106.00000"}, "Net Common Equity Issued/Repurchased": {"2020-12-31": "-441.00000", "2019-12-31": "-1031.00000", "2018-12-31": "-1530.00000", "2017-12-31": "-2051.00000", "2016-12-31": "-2751.00000", "2015-12-31": "-2397.00000", "2014-12-31": "-1750.00000", "2013-12-31": "-500.00000", "2012-12-31": "", "2011-12-31": "1003.00000", "2010-12-31": "", "2009-12-31": "", "2008-12-31": "", "2007-12-31": "100.00000", "2006-12-31": "-20909.00000", "2005-12-31": "-847.00000"}, "Net Total Equity Issued/Repurchased": {"2020-12-31": "-441.00000", "2019-12-31": "-1031.00000", "2018-12-31": "-1530.00000", "2017-12-31": "-2051.00000", "2016-12-31": "-2751.00000", "2015-12-31": "-2397.00000", "2014-12-31": "-1750.00000", "2013-12-31": "-500.00000", "2012-12-31": "", "2011-12-31": "1003.00000", "2010-12-31": "", "2009-12-31": "", "2008-12-31": "", "2007-12-31": "100.00000", "2006-12-31": "-20909.00000", "2005-12-31": "-847.00000"}, "Total Common And Preferred Stock Dividends Paid": {"2020-12-31": "-153.00000", "2019-12-31": "-550.00000", "2018-12-31": "-487.00000", "2017-12-31": "", "2016-12-31": "", "2015-12-31": "", "2014-12-31": "", "2013-12-31": "", "2012-12-31": "", "2011-12-31": "", "2010-12-31": "", "2009-12-31": "", "2008-12-31": "", "2007-12-31": "", "2006-12-31": "-201.00000", "2005-12-31": "-258.00000"}, "Financial Activities - Other": {"2020-12-31": "-866.00000", "2019-12-31": "-757.00000", "2018-12-31": "-714.00000", "2017-12-31": "-519.00000", "2016-12-31": "-572.00000", "2015-12-31": "-357.00000", "2014-12-31": "-406.00000", "2013-12-31": "-433.00000", "2012-12-31": "-3504.00000", "2011-12-31": "-390.00000", "2010-12-31": "-4480.00000", "2009-12-31": "-406.00000", "2008-12-31": "-191.00000", "2007-12-31": "-156.00000", "2006-12-31": "3275.00000", "2005-12-31": "-1.00000"}, "Cash Flow From Financial Activities": {"2020-12-31": "-4677.00000", "2019-12-31": "-1771.00000", "2018-12-31": "-3075.00000", "2017-12-31": "-1061.00000", "2016-12-31": "-2508.00000", "2015-12-31": "-1976.00000", "2014-12-31": "-1378.00000", "2013-12-31": "-1625.00000", "2012-12-31": "-1780.00000", "2011-12-31": "-976.00000", "2010-12-31": "-1947.00000", "2009-12-31": "-1865.00000", "2008-12-31": "-451.00000", "2007-12-31": "-1326.00000", "2006-12-31": "-240.00000", "2005-12-31": "-1212.00000"}, "Net Cash Flow": {"2020-12-31": "1172.00000", "2019-12-31": "119.00000", "2018-12-31": "-230.00000", "2017-12-31": "86.00000", "2016-12-31": "-95.00000", "2015-12-31": "175.00000", "2014-12-31": "152.00000", "2013-12-31": "-291.00000", "2012-12-31": "332.00000", "2011-12-31": "-38.00000", "2010-12-31": "99.00000", "2009-12-31": "-153.00000", "2008-12-31": "72.00000", "2007-12-31": "-241.00000", "2006-12-31": "298.00000", "2005-12-31": "78.00000"}, "Stock-Based Compensation": {"2020-12-31": "362.00000", "2019-12-31": "347.00000", "2018-12-31": "268.00000", "2017-12-31": "270.00000", "2016-12-31": "251.00000", "2015-12-31": "239.00000", "2014-12-31": "163.00000", "2013-12-31": "113.00000", "2012-12-31": "56.00000", "2011-12-31": "26.00000", "2010-12-31": "32.00000", "2009-12-31": "40.00000", "2008-12-31": "32.00000", "2007-12-31": "24.00000", "2006-12-31": "324.00000", "2005-12-31": "30.00000"}, "Common Stock Dividends Paid": {"2020-12-31": "-153.00000", "2019-12-31": "-550.00000", "2018-12-31": "-487.00000", "2017-12-31": "", "2016-12-31": "", "2015-12-31": "", "2014-12-31": "", "2013-12-31": "", "2012-12-31": "", "2011-12-31": "", "2010-12-31": "", "2009-12-31": "", "2008-12-31": "", "2007-12-31": "", "2006-12-31": "-201.00000", "2005-12-31": "-258.00000"}}, "cash flow statement, quarterly": {"Net Income/Loss": {"2020-12-31": 1694, "2020-09-30": 779, "2020-06-30": 1216, "2020-03-31": "698.00000", "2019-12-31": 1273, "2019-09-30": 764, "2019-06-30": 927, "2019-03-31": "1181.00000", "2018-12-31": 1245, "2018-09-30": 896, "2018-06-30": 966, "2018-03-31": "1282.00000", "2017-12-31": 641, "2017-09-30": 530, "2017-06-30": 795, "2017-03-31": "777.00000", "2016-12-31": 1085, "2016-09-30": 745, "2016-06-30": 791, "2016-03-31": "811.00000", "2015-12-31": 738, "2015-09-30": 573, "2015-06-30": 665, "2015-03-31": "720.00000", "2014-12-31": 676, "2014-09-30": 611, "2014-06-30": 632, "2014-03-31": "454.00000", "2013-12-31": 554, "2013-09-30": 467, "2013-06-30": 537, "2013-03-31": "438.00000", "2012-12-31": 427, "2012-09-30": 455, "2012-06-30": 485, "2012-03-31": "639.00000", "2011-12-31": 2042, "2011-09-30": 146, "2011-06-30": 320, "2011-03-31": "334.00000", "2010-12-31": 394, "2010-09-30": 325, "2010-06-30": 378, "2010-03-31": "476.00000", "2009-12-31": 304, "2009-09-30": 274, "2009-06-30": 365, "2009-03-31": "432.00000", "2008-12-31": 344, "2008-09-30": 136, "2008-06-30": 197, "2008-03-31": "225.00000", "2007-12-31": 486, "2007-09-30": 300, "2007-06-30": 116, "2007-03-31": "180.00000", "2006-12-31": 122, "2006-09-30": 240, "2006-06-30": 295, "2006-03-31": "379.00000", "2005-12-31": 325, "2005-09-30": 280, "2005-06-30": 405, "2005-03-31": "414.00000"}, "Total Depreciation And Amortization - Cash Flow": {"2020-12-31": 670, "2020-09-30": 702, "2020-06-30": 698, "2020-03-31": "681.00000", "2019-12-31": 701, "2019-09-30": 654, "2019-06-30": 644, "2019-03-31": "627.00000", "2018-12-31": 589, "2018-09-30": 590, "2018-06-30": 569, "2018-03-31": "561.00000", "2017-12-31": 558, "2017-09-30": 546, "2017-06-30": 529, "2017-03-31": "529.00000", "2016-12-31": 511, "2016-09-30": 503, "2016-06-30": 497, "2016-03-31": "489.00000", "2015-12-31": 488, "2015-09-30": 490, "2015-06-30": 478, "2015-03-31": "483.00000", "2014-12-31": 468, "2014-09-30": 470, "2014-06-30": 463, "2014-03-31": "461.00000", "2013-12-31": 475, "2013-09-30": 456, "2013-06-30": 440, "2013-03-31": "437.00000", "2012-12-31": 443, "2012-09-30": 432, "2012-06-30": 435, "2012-03-31": "431.00000", "2011-12-31": 401, "2011-09-30": 379, "2011-06-30": 377, "2011-03-31": "378.00000", "2010-12-31": 380, "2010-09-30": 372, "2010-06-30": 375, "2010-03-31": "375.00000", "2009-12-31": 378, "2009-09-30": 374, "2009-06-30": 379, "2009-03-31": "374.00000", "2008-12-31": 374, "2008-09-30": 366, "2008-06-30": 375, "2008-03-31": "380.00000", "2007-12-31": 432, "2007-09-30": 356, "2007-06-30": 361, "2007-03-31": "355.00000", "2006-12-31": 364, "2006-09-30": 348, "2006-06-30": 352, "2006-03-31": "345.00000", "2005-12-31": 336, "2005-09-30": 337, "2005-06-30": 364, "2005-03-31": "337.00000"}, "Other Non-Cash Items": {"2020-12-31": -5830, "2020-09-30": 6093, "2020-06-30": 0, "2020-03-31": "512.00000", "2019-12-31": 63, "2019-09-30": 398, "2019-06-30": -152, "2019-03-31": "360.00000", "2018-12-31": 87, "2018-09-30": 98, "2018-06-30": -154, "2018-03-31": "-75.00000", "2017-12-31": 109, "2017-09-30": -174, "2017-06-30": 347, "2017-03-31": "102.00000", "2016-12-31": -2477, "2016-09-30": 921, "2016-06-30": 850, "2016-03-31": "885.00000", "2015-12-31": 1235, "2015-09-30": 1275, "2015-06-30": 697, "2015-03-31": "1128.00000", "2014-12-31": 1054, "2014-09-30": 747, "2014-06-30": 839, "2014-03-31": "1089.00000", "2013-12-31": 1150, "2013-09-30": 961, "2013-06-30": 878, "2013-03-31": "1159.00000", "2012-12-31": 1133, "2012-09-30": 764, "2012-06-30": 1083, "2012-03-31": "1111.00000", "2011-12-31": -439, "2011-09-30": 1193, "2011-06-30": 853, "2011-03-31": "980.00000", "2010-12-31": 680, "2010-09-30": 788, "2010-06-30": 543, "2010-03-31": "846.00000", "2009-12-31": 1225, "2009-09-30": 875, "2009-06-30": 439, "2009-03-31": "881.00000", "2008-12-31": 804, "2008-09-30": 819, "2008-06-30": 532, "2008-03-31": "805.00000", "2007-12-31": 678, "2007-09-30": 421, "2007-06-30": 474, "2007-03-31": "1020.00000", "2006-12-31": 696, "2006-09-30": 686, "2006-06-30": 374, "2006-03-31": "584.00000", "2005-12-31": 438, "2005-09-30": 606, "2005-06-30": 463, "2005-03-31": "944.00000"}, "Total Non-Cash Items": {"2020-12-31": -5160, "2020-09-30": 6795, "2020-06-30": 698, "2020-03-31": "1193.00000", "2019-12-31": 764, "2019-09-30": 1052, "2019-06-30": 492, "2019-03-31": "987.00000", "2018-12-31": 676, "2018-09-30": 688, "2018-06-30": 415, "2018-03-31": "486.00000", "2017-12-31": 667, "2017-09-30": 372, "2017-06-30": 876, "2017-03-31": "631.00000", "2016-12-31": -1966, "2016-09-30": 1424, "2016-06-30": 1347, "2016-03-31": "1374.00000", "2015-12-31": 1723, "2015-09-30": 1765, "2015-06-30": 1175, "2015-03-31": "1611.00000", "2014-12-31": 1522, "2014-09-30": 1217, "2014-06-30": 1302, "2014-03-31": "1550.00000", "2013-12-31": 1625, "2013-09-30": 1417, "2013-06-30": 1318, "2013-03-31": "1596.00000", "2012-12-31": 1576, "2012-09-30": 1196, "2012-06-30": 1518, "2012-03-31": "1542.00000", "2011-12-31": -38, "2011-09-30": 1572, "2011-06-30": 1230, "2011-03-31": "1358.00000", "2010-12-31": 1060, "2010-09-30": 1160, "2010-06-30": 918, "2010-03-31": "1221.00000", "2009-12-31": 1603, "2009-09-30": 1249, "2009-06-30": 818, "2009-03-31": "1255.00000", "2008-12-31": 1178, "2008-09-30": 1185, "2008-06-30": 907, "2008-03-31": "1185.00000", "2007-12-31": 1110, "2007-09-30": 777, "2007-06-30": 835, "2007-03-31": "1375.00000", "2006-12-31": 1060, "2006-09-30": 1034, "2006-06-30": 726, "2006-03-31": "929.00000", "2005-12-31": 774, "2005-09-30": 943, "2005-06-30": 827, "2005-03-31": "1281.00000"}, "Change In Accounts Receivable": {"2020-12-31": -603, "2020-09-30": -285, "2020-06-30": 751, "2020-03-31": "464.00000", "2019-12-31": -233, "2019-09-30": 81, "2019-06-30": 195, "2019-03-31": "-369.00000", "2018-12-31": -262, "2018-09-30": 72, "2018-06-30": -229, "2018-03-31": "-4.00000", "2017-12-31": -531, "2017-09-30": -151, "2017-06-30": -87, "2017-03-31": "168.00000", "2016-12-31": 2054, "2016-09-30": -680, "2016-06-30": -575, "2016-03-31": "-789.00000", "2015-12-31": -1138, "2015-09-30": -1192, "2015-06-30": -889, "2015-03-31": "-895.00000", "2014-12-31": -990, "2014-09-30": -828, "2014-06-30": -702, "2014-03-31": "-1125.00000", "2013-12-31": -4395, "2013-09-30": 0, "2013-06-30": 0, "2013-03-31": "", "2012-12-31": -3896, "2012-09-30": 0, "2012-06-30": 0, "2012-03-31": "", "2011-12-31": -3248, "2011-09-30": 0, "2011-06-30": 0, "2011-03-31": "", "2010-12-31": -2789, "2010-09-30": 0, "2010-06-30": 0, "2010-03-31": "", "2009-12-31": -3180, "2009-09-30": 0, "2009-06-30": 0, "2009-03-31": "", "2008-12-31": -3328, "2008-09-30": 0, "2008-06-30": 0, "2008-03-31": "", "2007-12-31": -3345, "2007-09-30": 0, "2007-06-30": 0, "2007-03-31": "", "2006-12-31": -3043, "2006-09-30": 0, "2006-06-30": 0, "2006-03-31": "", "2005-12-31": -2649, "2005-09-30": 0, "2005-06-30": 0, "2005-03-31": ""}, "Change In Inventories": {"2020-12-31": -268, "2020-09-30": 21, "2020-06-30": 139, "2020-03-31": "-196.00000", "2019-12-31": -63, "2019-09-30": 136, "2019-06-30": -57, "2019-03-31": "-174.00000", "2018-12-31": -106, "2018-09-30": 64, "2018-06-30": 18, "2018-03-31": "-218.00000", "2017-12-31": -19, "2017-09-30": 128, "2017-06-30": -181, "2017-03-31": "3.00000", "2016-12-31": 49, "2016-09-30": 15, "2016-06-30": -190, "2016-03-31": "14.00000", "2015-12-31": -109, "2015-09-30": -10, "2015-06-30": -89, "2015-03-31": "-106.00000", "2014-12-31": 16, "2014-09-30": -29, "2014-06-30": -96, "2014-03-31": "-123.00000", "2013-12-31": -19, "2013-09-30": 0, "2013-06-30": 0, "2013-03-31": "", "2012-12-31": -122, "2012-09-30": 0, "2012-06-30": 0, "2012-03-31": "", "2011-12-31": -18, "2011-09-30": 0, "2011-06-30": 0, "2011-03-31": "", "2010-12-31": -287, "2010-09-30": 0, "2010-06-30": 0, "2010-03-31": "", "2009-12-31": -191, "2009-09-30": 0, "2009-06-30": 0, "2009-03-31": "", "2008-12-31": 159, "2008-09-30": 0, "2008-06-30": 0, "2008-03-31": "", "2007-12-31": -241, "2007-09-30": 0, "2007-06-30": 0, "2007-03-31": "", "2006-12-31": -12, "2006-09-30": 0, "2006-06-30": 0, "2006-03-31": "", "2005-12-31": 28, "2005-09-30": 0, "2005-06-30": 0, "2005-03-31": ""}, "Change In Accounts Payable": {"2020-12-31": 713, "2020-09-30": 878, "2020-06-30": 448, "2020-03-31": "-784.00000", "2019-12-31": 514, "2019-09-30": 120, "2019-06-30": 413, "2019-03-31": "-651.00000", "2018-12-31": 548, "2018-09-30": 119, "2018-06-30": 294, "2018-03-31": "-263.00000", "2017-12-31": 543, "2017-09-30": 129, "2017-06-30": 293, "2017-03-31": "-591.00000", "2016-12-31": 485, "2016-09-30": -239, "2016-06-30": 269, "2016-03-31": "-371.00000", "2015-12-31": 344, "2015-09-30": -35, "2015-06-30": 195, "2015-03-31": "-312.00000", "2014-12-31": 486, "2014-09-30": 63, "2014-06-30": 208, "2014-03-31": "-313.00000", "2013-12-31": 142, "2013-09-30": 0, "2013-06-30": 0, "2013-03-31": "", "2012-12-31": 355, "2012-09-30": 0, "2012-06-30": 0, "2012-03-31": "", "2011-12-31": 313, "2011-09-30": 0, "2011-06-30": 0, "2011-03-31": "", "2010-12-31": 229, "2010-09-30": 0, "2010-06-30": 0, "2010-03-31": "", "2009-12-31": 280, "2009-09-30": 0, "2009-06-30": 0, "2009-03-31": "", "2008-12-31": -198, "2008-09-30": 0, "2008-06-30": 0, "2008-03-31": "", "2007-12-31": -29, "2007-09-30": 0, "2007-06-30": 0, "2007-03-31": "", "2006-12-31": 115, "2006-09-30": 0, "2006-06-30": 0, "2006-03-31": "", "2005-12-31": 343, "2005-09-30": 0, "2005-06-30": 0, "2005-03-31": ""}, "Change In Assets/Liabilities": {"2020-12-31": 0, "2020-09-30": -4999, "2020-06-30": 4999, "2020-03-31": "", "2019-12-31": 0, "2019-09-30": 0, "2019-06-30": 0, "2019-03-31": "", "2018-12-31": 0, "2018-09-30": 0, "2018-06-30": 0, "2018-03-31": "", "2017-12-31": 0, "2017-09-30": 0, "2017-06-30": 0, "2017-03-31": "", "2016-12-31": 0, "2016-09-30": 0, "2016-06-30": 0, "2016-03-31": "", "2015-12-31": 0, "2015-09-30": 0, "2015-06-30": 0, "2015-03-31": "", "2014-12-31": 0, "2014-09-30": 0, "2014-06-30": 0, "2014-03-31": "", "2013-12-31": 3319, "2013-09-30": -984, "2013-06-30": -1041, "2013-03-31": "-1294.00000", "2012-12-31": 2923, "2012-09-30": -996, "2012-06-30": -543, "2012-03-31": "-1384.00000", "2011-12-31": 2336, "2011-09-30": -838, "2011-06-30": -802, "2011-03-31": "-774.00000", "2010-12-31": 1927, "2010-09-30": -229, "2010-06-30": -860, "2010-03-31": "-838.00000", "2009-12-31": 2136, "2009-09-30": -482, "2009-06-30": -524, "2009-03-31": "-1072.00000", "2008-12-31": 2420, "2008-09-30": -426, "2008-06-30": -811, "2008-03-31": "-1183.00000", "2007-12-31": 2598, "2007-09-30": -498, "2007-06-30": -897, "2007-03-31": "-1203.00000", "2006-12-31": 2250, "2006-09-30": -653, "2006-06-30": -636, "2006-03-31": "-961.00000", "2005-12-31": 1521, "2005-09-30": -285, "2005-06-30": -393, "2005-03-31": "-843.00000"}, "Total Change In Assets/Liabilities": {"2020-12-31": -117, "2020-09-30": -4857, "2020-06-30": 6809, "2020-03-31": "-516.00000", "2019-12-31": 468, "2019-09-30": 310, "2019-06-30": 578, "2019-03-31": "-1194.00000", "2018-12-31": 254, "2018-09-30": 137, "2018-06-30": 201, "2018-03-31": "-485.00000", "2017-12-31": 426, "2017-09-30": 106, "2017-06-30": -267, "2017-03-31": "-128.00000", "2016-12-31": 2580, "2016-09-30": -963, "2016-06-30": -789, "2016-03-31": "-786.00000", "2015-12-31": -903, "2015-09-30": -1237, "2015-06-30": -783, "2015-03-31": "-1313.00000", "2014-12-31": -571, "2014-09-30": -700, "2014-06-30": -684, "2014-03-31": "-1561.00000", "2013-12-31": -953, "2013-09-30": -984, "2013-06-30": -1041, "2013-03-31": "-1294.00000", "2012-12-31": -740, "2012-09-30": -996, "2012-06-30": -543, "2012-03-31": "-1384.00000", "2011-12-31": -617, "2011-09-30": -838, "2011-06-30": -802, "2011-03-31": "-774.00000", "2010-12-31": -920, "2010-09-30": -229, "2010-06-30": -860, "2010-03-31": "-838.00000", "2009-12-31": -1475, "2009-09-30": -482, "2009-06-30": -524, "2009-03-31": "-1072.00000", "2008-12-31": -947, "2008-09-30": -426, "2008-06-30": -811, "2008-03-31": "-1183.00000", "2007-12-31": -1017, "2007-09-30": -498, "2007-06-30": -897, "2007-03-31": "-1203.00000", "2006-12-31": -690, "2006-09-30": -653, "2006-06-30": -636, "2006-03-31": "-961.00000", "2005-12-31": -757, "2005-09-30": -285, "2005-06-30": -393, "2005-03-31": "-843.00000"}, "Cash Flow From Operating Activities": {"2020-12-31": -3583, "2020-09-30": 2717, "2020-06-30": 8723, "2020-03-31": "1375.00000", "2019-12-31": 2505, "2019-09-30": 2126, "2019-06-30": 1997, "2019-03-31": "974.00000", "2018-12-31": 2175, "2018-09-30": 1721, "2018-06-30": 1582, "2018-03-31": "1283.00000", "2017-12-31": 1734, "2017-09-30": 1008, "2017-06-30": 1404, "2017-03-31": "1280.00000", "2016-12-31": 1699, "2016-09-30": 1206, "2016-06-30": 1349, "2016-03-31": "1399.00000", "2015-12-31": 1558, "2015-09-30": 1101, "2015-06-30": 1057, "2015-03-31": "1018.00000", "2014-12-31": 1627, "2014-09-30": 1128, "2014-06-30": 1250, "2014-03-31": "443.00000", "2013-12-31": 1226, "2013-09-30": 900, "2013-06-30": 814, "2013-03-31": "740.00000", "2012-12-31": 1263, "2012-09-30": 655, "2012-06-30": 1460, "2012-03-31": "797.00000", "2011-12-31": 1387, "2011-09-30": 880, "2011-06-30": 748, "2011-03-31": "918.00000", "2010-12-31": 534, "2010-09-30": 1256, "2010-06-30": 436, "2010-03-31": "859.00000", "2009-12-31": 432, "2009-09-30": 1041, "2009-06-30": 659, "2009-03-31": "615.00000", "2008-12-31": 575, "2008-09-30": 895, "2008-06-30": 293, "2008-03-31": "227.00000", "2007-12-31": 579, "2007-09-30": 579, "2007-06-30": 54, "2007-03-31": "352.00000", "2006-12-31": 492, "2006-09-30": 621, "2006-06-30": 385, "2006-03-31": "347.00000", "2005-12-31": 342, "2005-09-30": 938, "2005-06-30": 839, "2005-03-31": "852.00000"}, "Net Change In Property, Plant, And Equipment": {"2020-12-31": -748, "2020-09-30": -489, "2020-06-30": -745, "2020-03-31": "-853.00000", "2019-12-31": -1274, "2019-09-30": -1139, "2019-06-30": -964, "2019-03-31": "-781.00000", "2018-12-31": -1153, "2018-09-30": -846, "2018-06-30": -880, "2018-03-31": "-694.00000", "2017-12-31": -982, "2017-09-30": -729, "2017-06-30": -733, "2017-03-31": "-571.00000", "2016-12-31": -876, "2016-09-30": -712, "2016-06-30": -663, "2016-03-31": "-509.00000", "2015-12-31": -804, "2015-09-30": -567, "2015-06-30": -558, "2015-03-31": "-446.00000", "2014-12-31": -694, "2014-09-30": -569, "2014-06-30": -513, "2014-03-31": "-400.00000", "2013-12-31": -596, "2013-09-30": -451, "2013-06-30": -492, "2013-03-31": "-404.00000", "2012-12-31": -594, "2012-09-30": -484, "2012-06-30": -449, "2012-03-31": "-335.00000", "2011-12-31": -509, "2011-09-30": -394, "2011-06-30": -447, "2011-03-31": "-329.00000", "2010-12-31": -465, "2010-09-30": -324, "2010-06-30": -322, "2010-03-31": "-214.00000", "2009-12-31": -402, "2009-09-30": -296, "2009-06-30": -282, "2009-03-31": "-337.00000", "2008-12-31": -485, "2008-09-30": -398, "2008-06-30": -409, "2008-03-31": "-308.00000", "2007-12-31": -447, "2007-09-30": -322, "2007-06-30": -341, "2007-03-31": "-334.00000", "2006-12-31": -535, "2006-09-30": -510, "2006-06-30": -478, "2006-03-31": "-342.00000", "2005-12-31": -544, "2005-09-30": -423, "2005-06-30": -337, "2005-03-31": "-288.00000"}, "Net Change In Intangible Assets": {"2020-12-31": 0, "2020-09-30": 0, "2020-06-30": 0, "2020-03-31": "", "2019-12-31": 0, "2019-09-30": 0, "2019-06-30": 0, "2019-03-31": "", "2018-12-31": 0, "2018-09-30": 0, "2018-06-30": 0, "2018-03-31": "", "2017-12-31": 0, "2017-09-30": 0, "2017-06-30": 0, "2017-03-31": "", "2016-12-31": 0, "2016-09-30": 0, "2016-06-30": 0, "2016-03-31": "", "2015-12-31": 0, "2015-09-30": 0, "2015-06-30": 0, "2015-03-31": "", "2014-12-31": 0, "2014-09-30": 0, "2014-06-30": 0, "2014-03-31": "", "2013-12-31": 0, "2013-09-30": 0, "2013-06-30": 0, "2013-03-31": "", "2012-12-31": 0, "2012-09-30": 0, "2012-06-30": 0, "2012-03-31": "", "2011-12-31": 0, "2011-09-30": 0, "2011-06-30": 0, "2011-03-31": "", "2010-12-31": 0, "2010-09-30": 0, "2010-06-30": 0, "2010-03-31": "", "2009-12-31": 0, "2009-09-30": 0, "2009-06-30": 0, "2009-03-31": "", "2008-12-31": 0, "2008-09-30": 0, "2008-06-30": 0, "2008-03-31": "", "2007-12-31": 0, "2007-09-30": 0, "2007-06-30": 0, "2007-03-31": "", "2006-12-31": 0, "2006-09-30": 0, "2006-06-30": 0, "2006-03-31": "", "2005-12-31": 0, "2005-09-30": 0, "2005-06-30": 0, "2005-03-31": ""}, "Net Acquisitions/Divestitures": {"2020-12-31": -188, "2020-09-30": -5, "2020-06-30": -14, "2020-03-31": "-293.00000", "2019-12-31": -78, "2019-09-30": -80, "2019-06-30": -19, "2019-03-31": "-1444.00000", "2018-12-31": -191, "2018-09-30": -515, "2018-06-30": -127, "2018-03-31": "388.00000", "2017-12-31": -69, "2017-09-30": -837, "2017-06-30": -195, "2017-03-31": "-86.00000", "2016-12-31": -105, "2016-09-30": -29, "2016-06-30": -411, "2016-03-31": "-5.00000", "2015-12-31": -121, "2015-09-30": -84, "2015-06-30": -60, "2015-03-31": "-13.00000", "2014-12-31": -656, "2014-09-30": -64, "2014-06-30": 1, "2014-03-31": "4.00000", "2013-12-31": -16, "2013-09-30": -440, "2013-06-30": 29, "2013-03-31": "-21.00000", "2012-12-31": -78, "2012-09-30": -17, "2012-06-30": -22, "2012-03-31": "-111.00000", "2011-12-31": -1247, "2011-09-30": -40, "2011-06-30": -147, "2011-03-31": "33.00000", "2010-12-31": -187, "2010-09-30": -3, "2010-06-30": -9, "2010-03-31": "3.00000", "2009-12-31": -17, "2009-09-30": 9, "2009-06-30": 21, "2009-03-31": "-33.00000", "2008-12-31": -1, "2008-09-30": 43, "2008-06-30": -17, "2008-03-31": "83.00000", "2007-12-31": 272, "2007-09-30": 408, "2007-06-30": 35, "2007-03-31": "20.00000", "2006-12-31": 314, "2006-09-30": 39, "2006-06-30": 186, "2006-03-31": "", "2005-12-31": 237, "2005-09-30": 5, "2005-06-30": -19, "2005-03-31": "-29.00000"}, "Net Change In Short-term Investments": {"2020-12-31": 20, "2020-09-30": -29, "2020-06-30": -10, "2020-03-31": "-1.00000", "2019-12-31": -10, "2019-09-30": -24, "2019-06-30": 23, "2019-03-31": "36.00000", "2018-12-31": -8, "2018-09-30": 42, "2018-06-30": 12, "2018-03-31": "11.00000", "2017-12-31": -58, "2017-09-30": -4, "2017-06-30": 8, "2017-03-31": "-19.00000", "2016-12-31": -14, "2016-09-30": 60, "2016-06-30": 7, "2016-03-31": "11.00000", "2015-12-31": -31, "2015-09-30": 27, "2015-06-30": 45, "2015-03-31": "22.00000", "2014-12-31": -59, "2014-09-30": -21, "2014-06-30": 56, "2014-03-31": "-13.00000", "2013-12-31": -61, "2013-09-30": -5, "2013-06-30": 51, "2013-03-31": "51.00000", "2012-12-31": -57, "2012-09-30": 38, "2012-06-30": 29, "2012-03-31": "6.00000", "2011-12-31": 0, "2011-09-30": 4, "2011-06-30": 56, "2011-03-31": "20.00000", "2010-12-31": -1, "2010-09-30": -29, "2010-06-30": 473, "2010-03-31": "29.00000", "2009-12-31": 190, "2009-09-30": 42, "2009-06-30": -5, "2009-03-31": "76.00000", "2008-12-31": -9, "2008-09-30": 41, "2008-06-30": 0, "2008-03-31": "-11.00000", "2007-12-31": 51, "2007-09-30": -36, "2007-06-30": 27, "2007-03-31": "165.00000", "2006-12-31": 148, "2006-09-30": 28, "2006-06-30": -105, "2006-03-31": "-45.00000", "2005-12-31": -105, "2005-09-30": -96, "2005-06-30": -24, "2005-03-31": "-86.00000"}, "Net Change In Long-Term Investments": {"2020-12-31": 0, "2020-09-30": 0, "2020-06-30": 0, "2020-03-31": "", "2019-12-31": 0, "2019-09-30": 0, "2019-06-30": 0, "2019-03-31": "", "2018-12-31": 0, "2018-09-30": 0, "2018-06-30": 0, "2018-03-31": "", "2017-12-31": 0, "2017-09-30": 0, "2017-06-30": 0, "2017-03-31": "", "2016-12-31": 0, "2016-09-30": 0, "2016-06-30": 0, "2016-03-31": "", "2015-12-31": 0, "2015-09-30": 0, "2015-06-30": 0, "2015-03-31": "", "2014-12-31": 0, "2014-09-30": 0, "2014-06-30": 0, "2014-03-31": "", "2013-12-31": 0, "2013-09-30": 0, "2013-06-30": 0, "2013-03-31": "", "2012-12-31": 0, "2012-09-30": 0, "2012-06-30": 0, "2012-03-31": "", "2011-12-31": 0, "2011-09-30": 0, "2011-06-30": 0, "2011-03-31": "", "2010-12-31": 0, "2010-09-30": 0, "2010-06-30": 0, "2010-03-31": "", "2009-12-31": 0, "2009-09-30": 0, "2009-06-30": 0, "2009-03-31": "", "2008-12-31": 0, "2008-09-30": 0, "2008-06-30": 0, "2008-03-31": "", "2007-12-31": 0, "2007-09-30": 0, "2007-06-30": 0, "2007-03-31": "", "2006-12-31": 0, "2006-09-30": 0, "2006-06-30": 0, "2006-03-31": "", "2005-12-31": 0, "2005-09-30": 0, "2005-06-30": 0, "2005-03-31": ""}, "Net Change In Investments - Total": {"2020-12-31": 20, "2020-09-30": -29, "2020-06-30": -10, "2020-03-31": "-1.00000", "2019-12-31": -10, "2019-09-30": -24, "2019-06-30": 23, "2019-03-31": "36.00000", "2018-12-31": -8, "2018-09-30": 42, "2018-06-30": 12, "2018-03-31": "11.00000", "2017-12-31": -58, "2017-09-30": -4, "2017-06-30": 8, "2017-03-31": "-19.00000", "2016-12-31": -14, "2016-09-30": 60, "2016-06-30": 7, "2016-03-31": "11.00000", "2015-12-31": -31, "2015-09-30": 27, "2015-06-30": 45, "2015-03-31": "22.00000", "2014-12-31": -59, "2014-09-30": -21, "2014-06-30": 56, "2014-03-31": "-13.00000", "2013-12-31": -61, "2013-09-30": -5, "2013-06-30": 51, "2013-03-31": "51.00000", "2012-12-31": -57, "2012-09-30": 38, "2012-06-30": 29, "2012-03-31": "6.00000", "2011-12-31": 0, "2011-09-30": 4, "2011-06-30": 56, "2011-03-31": "20.00000", "2010-12-31": -1, "2010-09-30": -29, "2010-06-30": 473, "2010-03-31": "29.00000", "2009-12-31": 190, "2009-09-30": 42, "2009-06-30": -5, "2009-03-31": "76.00000", "2008-12-31": -9, "2008-09-30": 41, "2008-06-30": 0, "2008-03-31": "-11.00000", "2007-12-31": 51, "2007-09-30": -36, "2007-06-30": 27, "2007-03-31": "165.00000", "2006-12-31": 148, "2006-09-30": 28, "2006-06-30": -105, "2006-03-31": "-45.00000", "2005-12-31": -105, "2005-09-30": -96, "2005-06-30": -24, "2005-03-31": "-86.00000"}, "Investing Activities - Other": {"2020-12-31": 6, "2020-09-30": -7, "2020-06-30": -39, "2020-03-31": "2.00000", "2019-12-31": 17, "2019-09-30": -19, "2019-06-30": 12, "2019-03-31": "24.00000", "2018-12-31": 66, "2018-09-30": 19, "2018-06-30": 15, "2018-03-31": "-40.00000", "2017-12-31": 2, "2017-09-30": -11, "2017-06-30": -2, "2017-03-31": "7.00000", "2016-12-31": -11, "2016-09-30": 2, "2016-06-30": 8, "2016-03-31": "7.00000", "2015-12-31": 4, "2015-09-30": 2, "2015-06-30": -4, "2015-03-31": "5.00000", "2014-12-31": 3, "2014-09-30": 6, "2014-06-30": 1, "2014-03-31": "", "2013-12-31": 1, "2013-09-30": 12, "2013-06-30": -5, "2013-03-31": "1.00000", "2012-12-31": 6, "2012-09-30": 9, "2012-06-30": -7, "2012-03-31": "3.00000", "2011-12-31": 1, "2011-09-30": 2, "2011-06-30": -1, "2011-03-31": "3.00000", "2010-12-31": 12, "2010-09-30": 9, "2010-06-30": -12, "2010-03-31": "1.00000", "2009-12-31": 1, "2009-09-30": -13, "2009-06-30": 5, "2009-03-31": "6.00000", "2008-12-31": 0, "2008-09-30": -9, "2008-06-30": 4, "2008-03-31": "9.00000", "2007-12-31": 10, "2007-09-30": 3, "2007-06-30": 4, "2007-03-31": "6.00000", "2006-12-31": -8, "2006-09-30": 12, "2006-06-30": -7, "2006-03-31": "-4.00000", "2005-12-31": 5, "2005-09-30": -2, "2005-06-30": 8, "2005-03-31": "17.00000"}, "Cash Flow From Investing Activities": {"2020-12-31": -910, "2020-09-30": -530, "2020-06-30": -808, "2020-03-31": "-1145.00000", "2019-12-31": -1345, "2019-09-30": -1262, "2019-06-30": -948, "2019-03-31": "-2165.00000", "2018-12-31": -1286, "2018-09-30": -1300, "2018-06-30": -980, "2018-03-31": "-335.00000", "2017-12-31": -1107, "2017-09-30": -1581, "2017-06-30": -922, "2017-03-31": "-669.00000", "2016-12-31": -1006, "2016-09-30": -679, "2016-06-30": -1059, "2016-03-31": "-496.00000", "2015-12-31": -952, "2015-09-30": -622, "2015-06-30": -577, "2015-03-31": "-432.00000", "2014-12-31": -1406, "2014-09-30": -648, "2014-06-30": -455, "2014-03-31": "-409.00000", "2013-12-31": -672, "2013-09-30": -884, "2013-06-30": -417, "2013-03-31": "-373.00000", "2012-12-31": -723, "2012-09-30": -454, "2012-06-30": -449, "2012-03-31": "-437.00000", "2011-12-31": -1755, "2011-09-30": -428, "2011-06-30": -539, "2011-03-31": "-273.00000", "2010-12-31": -641, "2010-09-30": -347, "2010-06-30": 130, "2010-03-31": "-181.00000", "2009-12-31": -228, "2009-09-30": -258, "2009-06-30": -261, "2009-03-31": "-288.00000", "2008-12-31": -495, "2008-09-30": -323, "2008-06-30": -422, "2008-03-31": "-227.00000", "2007-12-31": -114, "2007-09-30": 53, "2007-06-30": -275, "2007-03-31": "-143.00000", "2006-12-31": -81, "2006-09-30": -431, "2006-06-30": -404, "2006-03-31": "-391.00000", "2005-12-31": -407, "2005-09-30": -516, "2005-06-30": -372, "2005-03-31": "-386.00000"}, "Net Long-Term Debt": {"2020-12-31": -34, "2020-09-30": -39, "2020-06-30": -3957, "2020-03-31": "813.00000", "2019-12-31": -565, "2019-09-30": -2181, "2019-06-30": 1402, "2019-03-31": "1911.00000", "2018-12-31": -362, "2018-09-30": -91, "2018-06-30": -111, "2018-03-31": "220.00000", "2017-12-31": 57, "2017-09-30": 1205, "2017-06-30": 130, "2017-03-31": "117.00000", "2016-12-31": -91, "2016-09-30": -29, "2016-06-30": 876, "2016-03-31": "59.00000", "2015-12-31": 702, "2015-09-30": -28, "2015-06-30": 155, "2015-03-31": "-51.00000", "2014-12-31": 961, "2014-09-30": -543, "2014-06-30": -160, "2014-03-31": "520.00000", "2013-12-31": -22, "2013-09-30": 118, "2013-06-30": -437, "2013-03-31": "-351.00000", "2012-12-31": 1938, "2012-09-30": -136, "2012-06-30": -865, "2012-03-31": "787.00000", "2011-12-31": 408, "2011-09-30": 1035, "2011-06-30": -132, "2011-03-31": "-2900.00000", "2010-12-31": 2131, "2010-09-30": -785, "2010-06-30": -29, "2010-03-31": "1216.00000", "2009-12-31": -263, "2009-09-30": -660, "2009-06-30": -162, "2009-03-31": "-374.00000", "2008-12-31": -19, "2008-09-30": -442, "2008-06-30": 122, "2008-03-31": "79.00000", "2007-12-31": -277, "2007-09-30": -635, "2007-06-30": 170, "2007-03-31": "-528.00000", "2006-12-31": 16752, "2006-09-30": -340, "2006-06-30": 328, "2006-03-31": "855.00000", "2005-12-31": 1154, "2005-09-30": -80, "2005-06-30": -504, "2005-03-31": "-676.00000"}, "Net Current Debt": {"2020-12-31": 0, "2020-09-30": 0, "2020-06-30": 0, "2020-03-31": "", "2019-12-31": 0, "2019-09-30": 0, "2019-06-30": 0, "2019-03-31": "", "2018-12-31": 0, "2018-09-30": 0, "2018-06-30": 0, "2018-03-31": "", "2017-12-31": 0, "2017-09-30": 0, "2017-06-30": 0, "2017-03-31": "", "2016-12-31": 0, "2016-09-30": 0, "2016-06-30": 0, "2016-03-31": "", "2015-12-31": 0, "2015-09-30": 0, "2015-06-30": 0, "2015-03-31": "", "2014-12-31": 0, "2014-09-30": 0, "2014-06-30": 0, "2014-03-31": "", "2013-12-31": 0, "2013-09-30": 0, "2013-06-30": 0, "2013-03-31": "", "2012-12-31": 0, "2012-09-30": 0, "2012-06-30": 0, "2012-03-31": "", "2011-12-31": 0, "2011-09-30": 0, "2011-06-30": 0, "2011-03-31": "", "2010-12-31": 0, "2010-09-30": 0, "2010-06-30": 0, "2010-03-31": "", "2009-12-31": 0, "2009-09-30": 0, "2009-06-30": 0, "2009-03-31": "", "2008-12-31": 0, "2008-09-30": 0, "2008-06-30": 0, "2008-03-31": "", "2007-12-31": 0, "2007-09-30": 0, "2007-06-30": 0, "2007-03-31": "", "2006-12-31": 0, "2006-09-30": 0, "2006-06-30": 0, "2006-03-31": "", "2005-12-31": 0, "2005-09-30": 0, "2005-06-30": 0, "2005-03-31": ""}, "Debt Issuance/Retirement Net - Total": {"2020-12-31": -34, "2020-09-30": -39, "2020-06-30": -3957, "2020-03-31": "813.00000", "2019-12-31": -565, "2019-09-30": -2181, "2019-06-30": 1402, "2019-03-31": "1911.00000", "2018-12-31": -362, "2018-09-30": -91, "2018-06-30": -111, "2018-03-31": "220.00000", "2017-12-31": 57, "2017-09-30": 1205, "2017-06-30": 130, "2017-03-31": "117.00000", "2016-12-31": -91, "2016-09-30": -29, "2016-06-30": 876, "2016-03-31": "59.00000", "2015-12-31": 702, "2015-09-30": -28, "2015-06-30": 155, "2015-03-31": "-51.00000", "2014-12-31": 961, "2014-09-30": -543, "2014-06-30": -160, "2014-03-31": "520.00000", "2013-12-31": -22, "2013-09-30": 118, "2013-06-30": -437, "2013-03-31": "-351.00000", "2012-12-31": 1938, "2012-09-30": -136, "2012-06-30": -865, "2012-03-31": "787.00000", "2011-12-31": 408, "2011-09-30": 1035, "2011-06-30": -132, "2011-03-31": "-2900.00000", "2010-12-31": 2131, "2010-09-30": -785, "2010-06-30": -29, "2010-03-31": "1216.00000", "2009-12-31": -263, "2009-09-30": -660, "2009-06-30": -162, "2009-03-31": "-374.00000", "2008-12-31": -19, "2008-09-30": -442, "2008-06-30": 122, "2008-03-31": "79.00000", "2007-12-31": -277, "2007-09-30": -635, "2007-06-30": 170, "2007-03-31": "-528.00000", "2006-12-31": 16752, "2006-09-30": -340, "2006-06-30": 328, "2006-03-31": "855.00000", "2005-12-31": 1154, "2005-09-30": -80, "2005-06-30": -504, "2005-03-31": "-676.00000"}, "Net Common Equity Issued/Repurchased": {"2020-12-31": 0, "2020-09-30": 0, "2020-06-30": 0, "2020-03-31": "-441.00000", "2019-12-31": -272, "2019-09-30": -239, "2019-06-30": -242, "2019-03-31": "-278.00000", "2018-12-31": -335, "2018-09-30": -302, "2018-06-30": -470, "2018-03-31": "-423.00000", "2017-12-31": -576, "2017-09-30": -509, "2017-06-30": -542, "2017-03-31": "-424.00000", "2016-12-31": -538, "2016-09-30": -355, "2016-06-30": -1237, "2016-03-31": "-621.00000", "2015-12-31": -1011, "2015-09-30": -446, "2015-06-30": -574, "2015-03-31": "-366.00000", "2014-12-31": -1000, "2014-09-30": 0, "2014-06-30": -750, "2014-03-31": "", "2013-12-31": -500, "2013-09-30": 0, "2013-06-30": 0, "2013-03-31": "", "2012-12-31": 0, "2012-09-30": 0, "2012-06-30": 0, "2012-03-31": "", "2011-12-31": 0, "2011-09-30": -1503, "2011-06-30": 0, "2011-03-31": "2506.00000", "2010-12-31": 0, "2010-09-30": 0, "2010-06-30": 0, "2010-03-31": "", "2009-12-31": 0, "2009-09-30": 0, "2009-06-30": 0, "2009-03-31": "", "2008-12-31": 0, "2008-09-30": 0, "2008-06-30": 0, "2008-03-31": "", "2007-12-31": 0, "2007-09-30": 0, "2007-06-30": 0, "2007-03-31": "100.00000", "2006-12-31": -20353, "2006-09-30": 21, "2006-06-30": 38, "2006-03-31": "-615.00000", "2005-12-31": -1794, "2005-09-30": 25, "2005-06-30": 545, "2005-03-31": "377.00000"}, "Net Total Equity Issued/Repurchased": {"2020-12-31": 0, "2020-09-30": 0, "2020-06-30": 0, "2020-03-31": "-441.00000", "2019-12-31": -272, "2019-09-30": -239, "2019-06-30": -242, "2019-03-31": "-278.00000", "2018-12-31": -335, "2018-09-30": -302, "2018-06-30": -470, "2018-03-31": "-423.00000", "2017-12-31": -576, "2017-09-30": -509, "2017-06-30": -542, "2017-03-31": "-424.00000", "2016-12-31": -538, "2016-09-30": -355, "2016-06-30": -1237, "2016-03-31": "-621.00000", "2015-12-31": -1011, "2015-09-30": -446, "2015-06-30": -574, "2015-03-31": "-366.00000", "2014-12-31": -1000, "2014-09-30": 0, "2014-06-30": -750, "2014-03-31": "", "2013-12-31": -500, "2013-09-30": 0, "2013-06-30": 0, "2013-03-31": "", "2012-12-31": 0, "2012-09-30": 0, "2012-06-30": 0, "2012-03-31": "", "2011-12-31": 0, "2011-09-30": -1503, "2011-06-30": 0, "2011-03-31": "2506.00000", "2010-12-31": 0, "2010-09-30": 0, "2010-06-30": 0, "2010-03-31": "", "2009-12-31": 0, "2009-09-30": 0, "2009-06-30": 0, "2009-03-31": "", "2008-12-31": 0, "2008-09-30": 0, "2008-06-30": 0, "2008-03-31": "", "2007-12-31": 0, "2007-09-30": 0, "2007-06-30": 0, "2007-03-31": "100.00000", "2006-12-31": -20353, "2006-09-30": 21, "2006-06-30": 38, "2006-03-31": "-615.00000", "2005-12-31": -1794, "2005-09-30": 25, "2005-06-30": 545, "2005-03-31": "377.00000"}, "Total Common And Preferred Stock Dividends Paid": {"2020-12-31": 0, "2020-09-30": 0, "2020-06-30": -1, "2020-03-31": "-152.00000", "2019-12-31": -136, "2019-09-30": -136, "2019-06-30": -137, "2019-03-31": "-141.00000", "2018-12-31": -121, "2018-09-30": -121, "2018-06-30": -122, "2018-03-31": "-123.00000", "2017-12-31": 0, "2017-09-30": 0, "2017-06-30": 0, "2017-03-31": "", "2016-12-31": 0, "2016-09-30": 0, "2016-06-30": 0, "2016-03-31": "", "2015-12-31": 0, "2015-09-30": 0, "2015-06-30": 0, "2015-03-31": "", "2014-12-31": 0, "2014-09-30": 0, "2014-06-30": 0, "2014-03-31": "", "2013-12-31": 0, "2013-09-30": 0, "2013-06-30": 0, "2013-03-31": "", "2012-12-31": 0, "2012-09-30": 0, "2012-06-30": 0, "2012-03-31": "", "2011-12-31": 0, "2011-09-30": 0, "2011-06-30": 0, "2011-03-31": "", "2010-12-31": 0, "2010-09-30": 0, "2010-06-30": 0, "2010-03-31": "", "2009-12-31": 0, "2009-09-30": 0, "2009-06-30": 0, "2009-03-31": "", "2008-12-31": 0, "2008-09-30": 0, "2008-06-30": 0, "2008-03-31": "", "2007-12-31": 0, "2007-09-30": 0, "2007-06-30": 0, "2007-03-31": "", "2006-12-31": 0, "2006-09-30": -70, "2006-06-30": -69, "2006-03-31": "-62.00000", "2005-12-31": -67, "2005-09-30": -68, "2005-06-30": -67, "2005-03-31": "-56.00000"}, "Financial Activities - Other": {"2020-12-31": -282, "2020-09-30": -206, "2020-06-30": -49, "2020-03-31": "-329.00000", "2019-12-31": -137, "2019-09-30": -175, "2019-06-30": -169, "2019-03-31": "-276.00000", "2018-12-31": -143, "2018-09-30": -192, "2018-06-30": -94, "2018-03-31": "-285.00000", "2017-12-31": -94, "2017-09-30": -110, "2017-06-30": -118, "2017-03-31": "-197.00000", "2016-12-31": -95, "2016-09-30": -157, "2016-06-30": -90, "2016-03-31": "-230.00000", "2015-12-31": -144, "2015-09-30": -90, "2015-06-30": 26, "2015-03-31": "-149.00000", "2014-12-31": -131, "2014-09-30": -80, "2014-06-30": -77, "2014-03-31": "-118.00000", "2013-12-31": -102, "2013-09-30": -112, "2013-06-30": -92, "2013-03-31": "-127.00000", "2012-12-31": -2245, "2012-09-30": -111, "2012-06-30": -99, "2012-03-31": "-1049.00000", "2011-12-31": -26, "2011-09-30": -164, "2011-06-30": -91, "2011-03-31": "-109.00000", "2010-12-31": -1990, "2010-09-30": -97, "2010-06-30": -575, "2010-03-31": "-1818.00000", "2009-12-31": -72, "2009-09-30": -130, "2009-06-30": -142, "2009-03-31": "-62.00000", "2008-12-31": -40, "2008-09-30": -54, "2008-06-30": -96, "2008-03-31": "-1.00000", "2007-12-31": -142, "2007-09-30": -4, "2007-06-30": -4, "2007-03-31": "-6.00000", "2006-12-31": 3283, "2006-09-30": 4, "2006-06-30": 5, "2006-03-31": "-17.00000", "2005-12-31": 158, "2005-09-30": -46, "2005-06-30": -46, "2005-03-31": "-67.00000"}, "Cash Flow From Financial Activities": {"2020-12-31": -316, "2020-09-30": -245, "2020-06-30": -4007, "2020-03-31": "-109.00000", "2019-12-31": -1110, "2019-09-30": -2731, "2019-06-30": 854, "2019-03-31": "1216.00000", "2018-12-31": -961, "2018-09-30": -706, "2018-06-30": -797, "2018-03-31": "-611.00000", "2017-12-31": -613, "2017-09-30": 586, "2017-06-30": -530, "2017-03-31": "-504.00000", "2016-12-31": -724, "2016-09-30": -541, "2016-06-30": -451, "2016-03-31": "-792.00000", "2015-12-31": -453, "2015-09-30": -564, "2015-06-30": -393, "2015-03-31": "-566.00000", "2014-12-31": -170, "2014-09-30": -623, "2014-06-30": -987, "2014-03-31": "402.00000", "2013-12-31": -624, "2013-09-30": 6, "2013-06-30": -529, "2013-03-31": "-478.00000", "2012-12-31": -307, "2012-09-30": -247, "2012-06-30": -964, "2012-03-31": "-262.00000", "2011-12-31": 382, "2011-09-30": -632, "2011-06-30": -223, "2011-03-31": "-503.00000", "2010-12-31": 141, "2010-09-30": -882, "2010-06-30": -604, "2010-03-31": "-602.00000", "2009-12-31": -335, "2009-09-30": -790, "2009-06-30": -304, "2009-03-31": "-436.00000", "2008-12-31": -59, "2008-09-30": -496, "2008-06-30": 26, "2008-03-31": "78.00000", "2007-12-31": -419, "2007-09-30": -639, "2007-06-30": 166, "2007-03-31": "-434.00000", "2006-12-31": -318, "2006-09-30": -385, "2006-06-30": 302, "2006-03-31": "161.00000", "2005-12-31": -549, "2005-09-30": -169, "2005-06-30": -72, "2005-03-31": "-422.00000"}, "Net Cash Flow": {"2020-12-31": -4795, "2020-09-30": 1950, "2020-06-30": 3907, "2020-03-31": "110.00000", "2019-12-31": 62, "2019-09-30": -1871, "2019-06-30": 1899, "2019-03-31": "29.00000", "2018-12-31": -76, "2018-09-30": -290, "2018-06-30": -218, "2018-03-31": "354.00000", "2017-12-31": 14, "2017-09-30": 13, "2017-06-30": -48, "2017-03-31": "107.00000", "2016-12-31": -31, "2016-09-30": -14, "2016-06-30": -161, "2016-03-31": "111.00000", "2015-12-31": 153, "2015-09-30": -85, "2015-06-30": 87, "2015-03-31": "20.00000", "2014-12-31": 51, "2014-09-30": -143, "2014-06-30": -192, "2014-03-31": "436.00000", "2013-12-31": -70, "2013-09-30": 22, "2013-06-30": -132, "2013-03-31": "-111.00000", "2012-12-31": 233, "2012-09-30": -46, "2012-06-30": 47, "2012-03-31": "98.00000", "2011-12-31": 14, "2011-09-30": -180, "2011-06-30": -14, "2011-03-31": "142.00000", "2010-12-31": 34, "2010-09-30": 27, "2010-06-30": -38, "2010-03-31": "76.00000", "2009-12-31": -131, "2009-09-30": -7, "2009-06-30": 94, "2009-03-31": "-109.00000", "2008-12-31": 21, "2008-09-30": 76, "2008-06-30": -103, "2008-03-31": "78.00000", "2007-12-31": 46, "2007-09-30": -7, "2007-06-30": -55, "2007-03-31": "-225.00000", "2006-12-31": 93, "2006-09-30": -195, "2006-06-30": 283, "2006-03-31": "117.00000", "2005-12-31": -614, "2005-09-30": 253, "2005-06-30": 395, "2005-03-31": "44.00000"}, "Stock-Based Compensation": {"2020-12-31": 133, "2020-09-30": 81, "2020-06-30": 66, "2020-03-31": "82.00000", "2019-12-31": 84, "2019-09-30": 105, "2019-06-30": 96, "2019-03-31": "62.00000", "2018-12-31": 64, "2018-09-30": 70, "2018-06-30": 74, "2018-03-31": "60.00000", "2017-12-31": 75, "2017-09-30": 55, "2017-06-30": 67, "2017-03-31": "73.00000", "2016-12-31": 55, "2016-09-30": 67, "2016-06-30": 64, "2016-03-31": "65.00000", "2015-12-31": 68, "2015-09-30": 68, "2015-06-30": 55, "2015-03-31": "48.00000", "2014-12-31": 45, "2014-09-30": 41, "2014-06-30": 40, "2014-03-31": "37.00000", "2013-12-31": 32, "2013-09-30": 30, "2013-06-30": 28, "2013-03-31": "23.00000", "2012-12-31": 17, "2012-09-30": 16, "2012-06-30": 14, "2012-03-31": "9.00000", "2011-12-31": 2, "2011-09-30": 8, "2011-06-30": 8, "2011-03-31": "8.00000", "2010-12-31": 8, "2010-09-30": 8, "2010-06-30": 8, "2010-03-31": "8.00000", "2009-12-31": 19, "2009-09-30": 7, "2009-06-30": 7, "2009-03-31": "7.00000", "2008-12-31": 7, "2008-09-30": 6, "2008-06-30": 12, "2008-03-31": "7.00000", "2007-12-31": 7, "2007-09-30": 6, "2007-06-30": 6, "2007-03-31": "5.00000", "2006-12-31": 255, "2006-09-30": 25, "2006-06-30": 24, "2006-03-31": "20.00000", "2005-12-31": 30, "2005-09-30": 0, "2005-06-30": 0, "2005-03-31": ""}, "Common Stock Dividends Paid": {"2020-12-31": 0, "2020-09-30": 0, "2020-06-30": -1, "2020-03-31": "-152.00000", "2019-12-31": -136, "2019-09-30": -136, "2019-06-30": -137, "2019-03-31": "-141.00000", "2018-12-31": -121, "2018-09-30": -121, "2018-06-30": -122, "2018-03-31": "-123.00000", "2017-12-31": 0, "2017-09-30": 0, "2017-06-30": 0, "2017-03-31": "", "2016-12-31": 0, "2016-09-30": 0, "2016-06-30": 0, "2016-03-31": "", "2015-12-31": 0, "2015-09-30": 0, "2015-06-30": 0, "2015-03-31": "", "2014-12-31": 0, "2014-09-30": 0, "2014-06-30": 0, "2014-03-31": "", "2013-12-31": 0, "2013-09-30": 0, "2013-06-30": 0, "2013-03-31": "", "2012-12-31": 0, "2012-09-30": 0, "2012-06-30": 0, "2012-03-31": "", "2011-12-31": 0, "2011-09-30": 0, "2011-06-30": 0, "2011-03-31": "", "2010-12-31": 0, "2010-09-30": 0, "2010-06-30": 0, "2010-03-31": "", "2009-12-31": 0, "2009-09-30": 0, "2009-06-30": 0, "2009-03-31": "", "2008-12-31": 0, "2008-09-30": 0, "2008-06-30": 0, "2008-03-31": "", "2007-12-31": 0, "2007-09-30": 0, "2007-06-30": 0, "2007-03-31": "", "2006-12-31": 0, "2006-09-30": -70, "2006-06-30": -69, "2006-03-31": "-62.00000", "2005-12-31": -67, "2005-09-30": -68, "2005-06-30": -67, "2005-03-31": "-56.00000"}}, "financial ratios": {"Current Ratio": {"2019-12-31": "1.44330", "2018-12-31": "1.34930", "2017-12-31": "1.62020", "2016-12-31": "1.55740", "2015-12-31": "1.67370", "2014-12-31": "1.62960", "2013-12-31": "1.41120", "2012-12-31": "1.25780", "2011-12-31": "1.30230", "2010-12-31": "1.62080", "2009-12-31": "1.52490", "2008-12-31": "1.61150", "2007-12-31": "1.61210", "2006-12-31": "1.69970", "2005-12-31": "1.33890"}, "Long-term Debt / Capital": {"2019-12-31": "1.01710", "2018-12-31": "1.10020", "2017-12-31": "1.17930", "2016-12-31": "1.22070", "2015-12-31": "1.24970", "2014-12-31": "1.28760", "2013-12-31": "1.33530", "2012-12-31": "1.43550", "2011-12-31": "1.37650", "2010-12-31": "1.64100", "2009-12-31": "1.47360", "2008-12-31": "1.53450", "2007-12-31": "1.64010", "2006-12-31": "1.67940", "2005-12-31": "0.67030"}, "Debt/Equity Ratio": {"2019-12-31": "-59.68500", "2018-12-31": "-11.24780", "2017-12-31": "-6.61820", "2016-12-31": "-5.57000", "2015-12-31": "-5.04270", "2014-12-31": "-4.52850", "2013-12-31": "-4.09580", "2012-12-31": "-3.46840", "2011-12-31": "-3.85690", "2010-12-31": "-2.61490", "2009-12-31": "-3.21760", "2008-12-31": "-2.91460", "2007-12-31": "-2.59140", "2006-12-31": "-2.49760", "2005-12-31": "2.15400"}, "Gross Margin": {"2019-12-31": "83.47940", "2018-12-31": "83.45220", "2017-12-31": "83.22560", "2016-12-31": "83.29000", "2015-12-31": "83.27030", "2014-12-31": "83.03810", "2013-12-31": "82.53470", "2012-12-31": "82.68260", "2011-12-31": "82.55170", "2010-12-31": "82.30430", "2009-12-31": "81.81950", "2008-12-31": "83.71750", "2007-12-31": "83.63620", "2006-12-31": "83.03570", "2005-12-31": "83.12820"}, "Operating Margin": {"2019-12-31": "14.14410", "2018-12-31": "14.29180", "2017-12-31": "13.99090", "2016-12-31": "15.06870", "2015-12-31": "15.14950", "2014-12-31": "15.19040", "2013-12-31": "14.10390", "2012-12-31": "14.69720", "2011-12-31": "15.48410", "2010-12-31": "15.86230", "2009-12-31": "15.11430", "2008-12-31": "11.12990", "2007-12-31": "11.78790", "2006-12-31": "12.08540", "2005-12-31": "11.89530"}, "EBIT Margin": {"2019-12-31": "14.14410", "2018-12-31": "14.29180", "2017-12-31": "13.99090", "2016-12-31": "15.06870", "2015-12-31": "15.14950", "2014-12-31": "15.19040", "2013-12-31": "14.10390", "2012-12-31": "14.69720", "2011-12-31": "15.48410", "2010-12-31": "15.86230", "2009-12-31": "15.11430", "2008-12-31": "11.12990", "2007-12-31": "11.78790", "2006-12-31": "12.08540", "2005-12-31": "11.89530"}, "EBITDA Margin": {"2019-12-31": "19.25940", "2018-12-31": "19.23860", "2017-12-31": "18.94800", "2016-12-31": "19.88910", "2015-12-31": "20.03630", "2014-12-31": "20.23400", "2013-12-31": "19.39330", "2012-12-31": "19.97090", "2011-12-31": "20.65560", "2010-12-31": "21.21990", "2009-12-31": "20.73500", "2008-12-31": "16.39880", "2007-12-31": "17.38770", "2006-12-31": "17.61590", "2005-12-31": "17.51380"}, "Pre-Tax Profit Margin": {"2019-12-31": "10.21510", "2018-12-31": "11.42960", "2017-12-31": "10.04490", "2016-12-31": "11.59320", "2015-12-31": "9.97280", "2014-12-31": "9.42900", "2013-12-31": "8.61860", "2012-12-31": "8.76620", "2011-12-31": "11.99720", "2010-12-31": "7.95790", "2009-12-31": "7.47680", "2008-12-31": "4.12350", "2007-12-31": "5.20520", "2006-12-31": "6.52350", "2005-12-31": "8.80800"}, "Net Profit Margin": {"2019-12-31": "6.82760", "2018-12-31": "8.11320", "2017-12-31": "5.08090", "2016-12-31": "6.96550", "2015-12-31": "5.36570", "2014-12-31": "5.07880", "2013-12-31": "4.55210", "2012-12-31": "4.86170", "2011-12-31": "8.30470", "2010-12-31": "4.30530", "2009-12-31": "3.93640", "2008-12-31": "2.37190", "2007-12-31": "3.25420", "2006-12-31": "4.06640", "2005-12-31": "5.82290"}, "Asset Turnover": {"2019-12-31": "1.13930", "2018-12-31": "1.19050", "2017-12-31": "1.19190", "2016-12-31": "1.22900", "2015-12-31": "1.21180", "2014-12-31": "1.19170", "2013-12-31": "1.18560", "2012-12-31": "1.17590", "2011-12-31": "1.10350", "2010-12-31": "1.17540", "2009-12-31": "1.10960", "2008-12-31": "1.16860", "2007-12-31": "1.11790", "2006-12-31": "1.07610", "2005-12-31": "1.10030"}, "Inventory Turnover Ratio": {"2019-12-31": "4.58680", "2018-12-31": "4.45960", "2017-12-31": "4.65100", "2016-12-31": "4.61280", "2015-12-31": "4.61290", "2014-12-31": "4.89600", "2013-12-31": "5.06360", "2012-12-31": "5.26430", "2011-12-31": "4.91370", "2010-12-31": "5.53070", "2009-12-31": "6.06980", "2008-12-31": "6.26870", "2007-12-31": "6.19010", "2006-12-31": "6.46040", "2005-12-31": "6.69810"}, "Receiveable Turnover": {"2019-12-31": "6.95610", "2018-12-31": "6.87540", "2017-12-31": "6.70880", "2016-12-31": "7.12150", "2015-12-31": "6.73760", "2014-12-31": "6.48370", "2013-12-31": "6.56340", "2012-12-31": "7.06610", "2011-12-31": "6.54800", "2010-12-31": "7.31600", "2009-12-31": "7.25240", "2008-12-31": "7.50630", "2007-12-31": "6.89550", "2006-12-31": "6.87640", "2005-12-31": "7.33940"}, "Days Sales In Receivables": {"2019-12-31": "52.47200", "2018-12-31": "53.08790", "2017-12-31": "54.40600", "2016-12-31": "51.25310", "2015-12-31": "54.17320", "2014-12-31": "56.29530", "2013-12-31": "55.61170", "2012-12-31": "51.65480", "2011-12-31": "55.74240", "2010-12-31": "49.89050", "2009-12-31": "50.32790", "2008-12-31": "48.62550", "2007-12-31": "52.93300", "2006-12-31": "53.08020", "2005-12-31": "49.73140"}, "ROE - Return On Equity": {"2019-12-31": "-733.62830", "2018-12-31": "-150.41120", "2017-12-31": "-54.91490", "2016-12-31": "-60.92670", "2015-12-31": "-44.59150", "2014-12-31": "-36.51890", "2013-12-31": "-28.81060", "2012-12-31": "-24.04990", "2011-12-31": "-40.51900", "2010-12-31": "-14.57290", "2009-12-31": "-17.23490", "2008-12-31": "-9.74080", "2007-12-31": "-10.26760", "2006-12-31": "-9.10850", "2005-12-31": "29.28230"}, "Return On Tangible Equity": {"2019-12-31": "-46.92100", "2018-12-31": "-40.37350", "2017-12-31": "-22.14060", "2016-12-31": "-27.81880", "2015-12-31": "-21.10040", "2014-12-31": "-18.37540", "2013-12-31": "-15.55610", "2012-12-31": "-14.45250", "2011-12-31": "-23.17160", "2010-12-31": "-11.66310", "2009-12-31": "-13.02700", "2008-12-31": "-7.61820", "2007-12-31": "-8.21750", "2006-12-31": "-7.41320", "2005-12-31": "63.65670"}, "ROA - Return On Assets": {"2019-12-31": "9.19930", "2018-12-31": "11.19440", "2017-12-31": "7.49600", "2016-12-31": "10.16650", "2015-12-31": "8.23360", "2014-12-31": "7.65980", "2013-12-31": "6.92310", "2012-12-31": "7.14510", "2011-12-31": "10.56580", "2010-12-31": "6.59480", "2009-12-31": "5.69810", "2008-12-31": "3.71500", "2007-12-31": "4.50360", "2006-12-31": "4.37590", "2005-12-31": "6.40720"}, "ROI - Return On Investment": {"2019-12-31": "12.55600", "2018-12-31": "15.07470", "2017-12-31": "9.84460", "2016-12-31": "13.44460", "2015-12-31": "11.13640", "2014-12-31": "10.50470", "2013-12-31": "9.66020", "2012-12-31": "10.47300", "2011-12-31": "15.25420", "2010-12-31": "9.34140", "2009-12-31": "8.16220", "2008-12-31": "5.20630", "2007-12-31": "6.57270", "2006-12-31": "6.18840", "2005-12-31": "9.65290"}, "Book Value Per Share": {"2019-12-31": "-1.66940", "2018-12-31": "-8.50990", "2017-12-31": "-14.26770", "2016-12-31": "-15.20230", "2015-12-31": "-15.16280", "2014-12-31": "-15.45380", "2013-12-31": "-15.75960", "2012-12-31": "-18.81990", "2011-12-31": "-16.03280", "2010-12-31": "-25.25150", "2009-12-31": "-84.30110", "2008-12-31": "-98.12650", "2007-12-31": "-111.88970", "2006-12-31": "-123.33820", "2005-12-31": "11.64750"}, "Operating Cash Flow Per Share": {"2019-12-31": 2.8019, "2018-12-31": 4.4514, "2017-12-31": 0.2968, "2016-12-31": 3.1867, "2015-12-31": 1.2172, "2014-12-31": 1.9098, "2013-12-31": -1.121, "2012-12-31": 1.1576, "2011-12-31": 0.8764, "2010-12-31": 0.6984, "2009-12-31": -14.4456, "2008-12-31": 20.8011, "2007-12-31": 0, "2006-12-31": 0, "2005-12-31": 0}, "Free Cash Flow Per Share": {"2019-12-31": 0.9175, "2018-12-31": 2.4953, "2017-12-31": -0.831, "2016-12-31": 1.7801, "2015-12-31": 0.4833, "2014-12-31": 1.2845, "2013-12-31": -1.2744, "2012-12-31": 0.4899, "2011-12-31": 0.5206, "2010-12-31": 0.7159, "2009-12-31": -0.7682, "2008-12-31": 4.0766, "2007-12-31": 0, "2006-12-31": 0, "2005-12-31": 0}}, "financial ratios, quarterly": {"Current Ratio": {"2020-09-30": "1.13120", "2020-06-30": "1.09140", "2020-03-31": "1.56950", "2019-12-31": "1.44330", "2019-09-30": "1.51170", "2019-06-30": "1.43610", "2019-03-31": "1.05480", "2018-12-31": "1.34930", "2018-09-30": "1.60650", "2018-06-30": "1.36310", "2018-03-31": "1.38950", "2017-12-31": "1.62020", "2017-09-30": "1.68380", "2017-06-30": "1.61790", "2017-03-31": "1.65420", "2016-12-31": "1.55740", "2016-09-30": "1.71540", "2016-06-30": "1.68550", "2016-03-31": "1.70450", "2015-12-31": "1.67370", "2015-09-30": "1.46060", "2015-06-30": "1.47270", "2015-03-31": "1.27300", "2014-12-31": "1.62960", "2014-09-30": "1.51400", "2014-06-30": "1.48800", "2014-03-31": "1.50690", "2013-12-31": "1.41120", "2013-09-30": "1.43400", "2013-06-30": "1.29420", "2013-03-31": "1.29980", "2012-12-31": "1.25780", "2012-09-30": "1.24070", "2012-06-30": "1.31030", "2012-03-31": "1.29690", "2011-12-31": "1.30230", "2011-09-30": "1.56710", "2011-06-30": "1.61080", "2011-03-31": "1.63720", "2010-12-31": "1.62080", "2010-09-30": "1.51290", "2010-06-30": "1.54470", "2010-03-31": "1.47410", "2009-12-31": "1.52490", "2009-09-30": "1.53530", "2009-06-30": "1.89930", "2009-03-31": "1.66510", "2008-12-31": "1.61150", "2008-09-30": "1.67390", "2008-06-30": "1.84750", "2008-03-31": "1.73080", "2007-12-31": "1.61210", "2007-09-30": "1.62550", "2007-06-30": "1.77330", "2007-03-31": "1.64850", "2006-12-31": "1.69970", "2006-09-30": "1.42500", "2006-06-30": "1.46340", "2006-03-31": "1.43690", "2005-12-31": "1.33890", "2005-09-30": "1.53270", "2005-06-30": "1.57860", "2005-03-31": "1.53320"}, "Long-term Debt / Capital": {"2020-09-30": "0.95950", "2020-06-30": "0.98190", "2020-03-31": "1.02070", "2019-12-31": "1.01710", "2019-09-30": "1.04430", "2019-06-30": "1.05470", "2019-03-31": "1.07840", "2018-12-31": "1.10020", "2018-09-30": "1.12780", "2018-06-30": "1.15070", "2018-03-31": "1.16330", "2017-12-31": "1.17930", "2017-09-30": "1.18300", "2017-06-30": "1.19260", "2017-03-31": "1.20650", "2016-12-31": "1.22070", "2016-09-30": "1.24590", "2016-06-30": "1.26280", "2016-03-31": "1.24660", "2015-12-31": "1.24970", "2015-09-30": "1.25760", "2015-06-30": "1.26580", "2015-03-31": "1.29370", "2014-12-31": "1.28760", "2014-09-30": "1.28110", "2014-06-30": "1.30850", "2014-03-31": "1.30200", "2013-12-31": "1.33530", "2013-09-30": "1.34620", "2013-06-30": "1.38860", "2013-03-31": "1.41820", "2012-12-31": "1.43550", "2012-09-30": "1.35250", "2012-06-30": "1.36950", "2012-03-31": "1.39090", "2011-12-31": "1.37650", "2011-09-30": "1.53910", "2011-06-30": "1.44070", "2011-03-31": "1.45730", "2010-12-31": "1.64100", "2010-09-30": "1.57260", "2010-06-30": "1.58470", "2010-03-31": "1.56090", "2009-12-31": "1.47360", "2009-09-30": "1.48790", "2009-06-30": "1.47460", "2009-03-31": "1.51320", "2008-12-31": "1.53450", "2008-09-30": "1.61370", "2008-06-30": "1.59600", "2008-03-31": "1.63280", "2007-12-31": "1.64010", "2007-09-30": "1.64890", "2007-06-30": "1.64580", "2007-03-31": "1.67370", "2006-12-31": "1.67940", "2006-09-30": "0.67220", "2006-06-30": "0.69520", "2006-03-31": "0.69960", "2005-12-31": "0.67030", "2005-09-30": "0.57780", "2005-06-30": "0.58990", "2005-03-31": "0.63740"}, "Debt/Equity Ratio": {"2020-09-30": "23.83680", "2020-06-30": "54.47540", "2020-03-31": "-49.58890", "2019-12-31": "-59.68500", "2019-09-30": "-23.66620", "2019-06-30": "-20.44800", "2019-03-31": "-15.43900", "2018-12-31": "-11.24780", "2018-09-30": "-8.87590", "2018-06-30": "-8.04650", "2018-03-31": "-7.50810", "2017-12-31": "-6.61820", "2017-09-30": "-6.50470", "2017-06-30": "-6.23370", "2017-03-31": "-5.88280", "2016-12-31": "-5.57000", "2016-09-30": "-5.10160", "2016-06-30": "-4.84030", "2016-03-31": "-5.09320", "2015-12-31": "-5.04270", "2015-09-30": "-5.11910", "2015-06-30": "-4.99360", "2015-03-31": "-4.73210", "2014-12-31": "-4.52850", "2014-09-30": "-4.73080", "2014-06-30": "-4.40010", "2014-03-31": "-4.47260", "2013-12-31": "-4.09580", "2013-09-30": "-4.02850", "2013-06-30": "-3.76750", "2013-03-31": "-3.57060", "2012-12-31": "-3.46840", "2012-09-30": "-4.10380", "2012-06-30": "-3.89470", "2012-03-31": "-3.80970", "2011-12-31": "-3.85690", "2011-09-30": "-2.93490", "2011-06-30": "-3.36080", "2011-03-31": "-3.25710", "2010-12-31": "-2.61490", "2010-09-30": "-2.82180", "2010-06-30": "-2.81850", "2010-03-31": "-2.88830", "2009-12-31": "-3.21760", "2009-09-30": "-3.12630", "2009-06-30": "-3.12990", "2009-03-31": "-2.99550", "2008-12-31": "-2.91460", "2008-09-30": "-2.66570", "2008-06-30": "-2.71130", "2008-03-31": "-2.61150", "2007-12-31": "-2.59140", "2007-09-30": "-2.56900", "2007-06-30": "-2.57640", "2007-03-31": "-2.51020", "2006-12-31": "-2.49760", "2006-09-30": "2.21280", "2006-06-30": "2.41690", "2006-03-31": "2.48340", "2005-12-31": "2.15400", "2005-09-30": "1.45900", "2005-06-30": "1.53020", "2005-03-31": "1.84920"}, "Gross Margin": {"2020-09-30": "84.01320", "2020-06-30": "84.20670", "2020-03-31": "83.49270", "2019-12-31": "83.49480", "2019-09-30": "83.53550", "2019-06-30": "83.19310", "2019-03-31": "83.69420", "2018-12-31": "83.68910", "2018-09-30": "83.49490", "2018-06-30": "83.37240", "2018-03-31": "83.23560", "2017-12-31": "83.16040", "2017-09-30": "83.38630", "2017-06-30": "83.27590", "2017-03-31": "83.08390", "2016-12-31": "83.06550", "2016-09-30": "83.45670", "2016-06-30": "83.35110", "2016-03-31": "83.29440", "2015-12-31": "83.54960", "2015-09-30": "83.31980", "2015-06-30": "83.12620", "2015-03-31": "83.07150", "2014-12-31": "82.78330", "2014-09-30": "83.30800", "2014-06-30": "83.40200", "2014-03-31": "82.65400", "2013-12-31": "82.29970", "2013-09-30": "82.76960", "2013-06-30": "82.60360", "2013-03-31": "82.47630", "2012-12-31": "82.20300", "2012-09-30": "82.94470", "2012-06-30": "82.47040", "2012-03-31": "83.11720", "2011-12-31": "82.67470", "2011-09-30": "82.59850", "2011-06-30": "82.13550", "2011-03-31": "82.78420", "2010-12-31": "78.03410", "2010-09-30": "82.18310", "2010-06-30": "83.87060", "2010-03-31": "84.09330", "2009-12-31": "71.33290", "2009-09-30": "83.99040", "2009-06-30": "83.81670", "2009-03-31": "83.71690", "2008-12-31": "84.07430", "2008-09-30": "83.70470", "2008-06-30": "83.53870", "2008-03-31": "83.54150", "2007-12-31": "83.85880", "2007-09-30": "83.48300", "2007-06-30": "83.71230", "2007-03-31": "83.48060", "2006-12-31": "83.49520", "2006-09-30": "83.16430", "2006-06-30": "82.84590", "2006-03-31": "82.63450", "2005-12-31": "83.42510", "2005-09-30": "83.25310", "2005-06-30": "82.83360", "2005-03-31": "82.99900"}, "Operating Margin": {"2020-09-30": "16.38490", "2020-06-30": "10.41740", "2020-03-31": "11.86530", "2019-12-31": "15.11500", "2019-09-30": "12.90370", "2019-06-30": "13.14870", "2019-03-31": "15.35510", "2018-12-31": "15.69990", "2018-09-30": "13.22160", "2018-06-30": "14.44180", "2018-03-31": "13.70040", "2017-12-31": "15.67200", "2017-09-30": "11.56510", "2017-06-30": "14.61850", "2017-03-31": "13.96970", "2016-12-31": "16.00410", "2016-09-30": "14.23560", "2016-06-30": "15.14680", "2016-03-31": "14.85380", "2015-12-31": "16.10890", "2015-09-30": "13.52480", "2015-06-30": "15.55020", "2015-03-31": "15.37830", "2014-12-31": "15.53550", "2014-09-30": "14.83730", "2014-06-30": "16.74970", "2014-03-31": "13.55300", "2013-12-31": "14.18060", "2013-09-30": "13.71810", "2013-06-30": "14.95860", "2013-03-31": "13.55450", "2012-12-31": "14.00290", "2012-09-30": "13.84270", "2012-06-30": "14.16420", "2012-03-31": "16.72810", "2011-12-31": "16.11530", "2011-09-30": "14.46680", "2011-06-30": "14.65030", "2011-03-31": "16.63520", "2010-12-31": "18.72960", "2010-09-30": "14.51050", "2010-06-30": "14.63380", "2010-03-31": "16.15850", "2009-12-31": "22.75350", "2009-09-30": "12.19970", "2009-06-30": "13.88480", "2009-03-31": "14.85670", "2008-12-31": "12.15420", "2008-09-30": "10.04000", "2008-06-30": "10.73070", "2008-03-31": "11.54760", "2007-12-31": "11.60830", "2007-09-30": "9.54480", "2007-06-30": "12.17120", "2007-03-31": "13.79360", "2006-12-31": "14.25490", "2006-09-30": "9.19040", "2006-06-30": "11.38370", "2006-03-31": "13.39050", "2005-12-31": "10.94210", "2005-09-30": "10.15770", "2005-06-30": "12.42180", "2005-03-31": "14.02460"}, "EBIT Margin": {"2020-09-30": "16.38490", "2020-06-30": "10.41740", "2020-03-31": "11.86530", "2019-12-31": "15.11500", "2019-09-30": "12.90370", "2019-06-30": "13.14870", "2019-03-31": "15.35510", "2018-12-31": "15.69990", "2018-09-30": "13.22160", "2018-06-30": "14.44180", "2018-03-31": "13.70040", "2017-12-31": "15.67200", "2017-09-30": "11.56510", "2017-06-30": "14.61850", "2017-03-31": "13.96970", "2016-12-31": "16.00410", "2016-09-30": "14.23560", "2016-06-30": "15.14680", "2016-03-31": "14.85380", "2015-12-31": "16.10890", "2015-09-30": "13.52480", "2015-06-30": "15.55020", "2015-03-31": "15.37830", "2014-12-31": "15.53550", "2014-09-30": "14.83730", "2014-06-30": "16.74970", "2014-03-31": "13.55300", "2013-12-31": "14.18060", "2013-09-30": "13.71810", "2013-06-30": "14.95860", "2013-03-31": "13.55450", "2012-12-31": "14.00290", "2012-09-30": "13.84270", "2012-06-30": "14.16420", "2012-03-31": "16.72810", "2011-12-31": "16.11530", "2011-09-30": "14.46680", "2011-06-30": "14.65030", "2011-03-31": "16.63520", "2010-12-31": "18.72960", "2010-09-30": "14.51050", "2010-06-30": "14.63380", "2010-03-31": "16.15850", "2009-12-31": "22.75350", "2009-09-30": "12.19970", "2009-06-30": "13.88480", "2009-03-31": "14.85670", "2008-12-31": "12.15420", "2008-09-30": "10.04000", "2008-06-30": "10.73070", "2008-03-31": "11.54760", "2007-12-31": "11.60830", "2007-09-30": "9.54480", "2007-06-30": "12.17120", "2007-03-31": "13.79360", "2006-12-31": "14.25490", "2006-09-30": "9.19040", "2006-06-30": "11.38370", "2006-03-31": "13.39050", "2005-12-31": "10.94210", "2005-09-30": "10.15770", "2005-06-30": "12.42180", "2005-03-31": "14.02460"}, "EBITDA Margin": {"2020-09-30": "", "2020-06-30": "", "2020-03-31": "", "2019-12-31": "", "2019-09-30": "", "2019-06-30": "", "2019-03-31": "", "2018-12-31": "", "2018-09-30": "", "2018-06-30": "", "2018-03-31": "", "2017-12-31": "", "2017-09-30": "", "2017-06-30": "", "2017-03-31": "", "2016-12-31": "", "2016-09-30": "", "2016-06-30": "", "2016-03-31": "", "2015-12-31": "", "2015-09-30": "", "2015-06-30": "", "2015-03-31": "", "2014-12-31": "", "2014-09-30": "", "2014-06-30": "", "2014-03-31": "", "2013-12-31": "", "2013-09-30": "", "2013-06-30": "", "2013-03-31": "", "2012-12-31": "", "2012-09-30": "", "2012-06-30": "", "2012-03-31": "", "2011-12-31": "", "2011-09-30": "", "2011-06-30": "", "2011-03-31": "", "2010-12-31": "", "2010-09-30": "", "2010-06-30": "", "2010-03-31": "", "2009-12-31": "", "2009-09-30": "", "2009-06-30": "", "2009-03-31": "", "2008-12-31": "", "2008-09-30": "", "2008-06-30": "", "2008-03-31": "", "2007-12-31": "", "2007-09-30": "", "2007-06-30": "", "2007-03-31": "", "2006-12-31": "", "2006-09-30": "", "2006-06-30": "", "2006-03-31": "", "2005-12-31": "", "2005-09-30": "", "2005-06-30": "", "2005-03-31": ""}, "Pre-Tax Profit Margin": {"2020-09-30": "7.42240", "2020-06-30": "14.09470", "2020-03-31": "6.29810", "2019-12-31": "11.88350", "2019-09-30": "7.71230", "2019-06-30": "9.50640", "2019-03-31": "11.66410", "2018-12-31": "12.13130", "2018-09-30": "9.33540", "2018-06-30": "10.73810", "2018-03-31": "13.47280", "2017-12-31": "11.90970", "2017-09-30": "7.27370", "2017-06-30": "10.80780", "2017-03-31": "10.03480", "2016-12-31": "14.70730", "2016-09-30": "9.91240", "2016-06-30": "10.97010", "2016-03-31": "10.67250", "2015-12-31": "10.26440", "2015-09-30": "8.55320", "2015-06-30": "9.94240", "2015-03-31": "11.14100", "2014-12-31": "10.04570", "2014-09-30": "10.07590", "2014-06-30": "9.79410", "2014-03-31": "7.69930", "2013-12-31": "9.05390", "2013-09-30": "8.29000", "2013-06-30": "9.53850", "2013-03-31": "7.57110", "2012-12-31": "6.58050", "2012-09-30": "8.39740", "2012-06-30": "8.61690", "2012-03-31": "11.45750", "2011-12-31": "31.58710", "2011-09-30": "1.69470", "2011-06-30": "6.44230", "2011-03-31": "6.98080", "2010-12-31": "9.70910", "2010-09-30": "6.75710", "2010-06-30": "6.62710", "2010-03-31": "9.08010", "2009-12-31": "10.41810", "2009-09-30": "5.38960", "2009-06-30": "7.02930", "2009-03-31": "8.33000", "2008-12-31": "5.21680", "2008-09-30": "3.02770", "2008-06-30": "3.36680", "2008-03-31": "4.82670", "2007-12-31": "8.09240", "2007-09-30": "5.16060", "2007-06-30": "2.88300", "2007-03-31": "4.61290", "2006-12-31": "3.05130", "2006-09-30": "5.77820", "2006-06-30": "7.65720", "2006-03-31": "9.63370", "2005-12-31": "8.30370", "2005-09-30": "6.78840", "2005-06-30": "9.37400", "2005-03-31": "10.72470"}, "Net Profit Margin": {"2020-09-30": "5.01840", "2020-06-30": "9.74880", "2020-03-31": "4.51750", "2019-12-31": "7.91980", "2019-09-30": "4.82120", "2019-06-30": "6.21330", "2019-03-31": "8.30070", "2018-12-31": "8.66870", "2018-09-30": "6.62820", "2018-06-30": "7.11250", "2018-03-31": "10.01490", "2017-12-31": "4.09960", "2017-09-30": "3.98280", "2017-06-30": "6.12130", "2017-03-31": "6.20350", "2016-12-31": "8.64580", "2016-09-30": "6.01750", "2016-06-30": "6.37660", "2016-03-31": "6.76410", "2015-12-31": "5.67860", "2015-09-30": "4.55560", "2015-06-30": "5.12280", "2015-03-31": "6.10790", "2014-12-31": "5.46910", "2014-09-30": "5.61820", "2014-06-30": "5.23290", "2014-03-31": "3.92890", "2013-12-31": "4.79860", "2013-09-30": "4.31650", "2013-06-30": "5.00590", "2013-03-31": "4.07580", "2012-12-31": "3.72300", "2012-09-30": "4.46540", "2012-06-30": "4.82000", "2012-03-31": "6.42470", "2011-12-31": "24.90670", "2011-09-30": "0.84050", "2011-06-30": "3.15910", "2011-03-31": "3.24060", "2010-12-31": "4.87180", "2010-09-30": "3.50850", "2010-06-30": "3.77770", "2010-03-31": "5.14320", "2009-12-31": "4.98960", "2009-09-30": "2.60190", "2009-06-30": "3.76850", "2009-03-31": "4.84460", "2008-12-31": "3.79900", "2008-09-30": "1.22820", "2008-06-30": "2.02010", "2008-03-31": "2.38530", "2007-12-31": "4.03890", "2007-09-30": "4.56690", "2007-06-30": "1.72390", "2007-03-31": "2.69580", "2006-12-31": "1.88010", "2006-09-30": "3.86290", "2006-06-30": "4.63840", "2006-03-31": "5.90800", "2005-12-31": "5.26060", "2005-09-30": "4.64730", "2005-06-30": "6.67220", "2005-03-31": "6.69690"}, "Asset Turnover": {"2020-09-30": "0.26090", "2020-06-30": "0.22720", "2020-03-31": "0.28320", "2019-12-31": "0.30010", "2019-09-30": "0.28910", "2019-06-30": "0.27730", "2019-03-31": "0.28850", "2018-12-31": "0.31310", "2018-09-30": "0.30100", "2018-06-30": "0.30550", "2018-03-31": "0.30630", "2017-12-31": "0.31600", "2017-09-30": "0.29930", "2017-06-30": "0.31050", "2017-03-31": "0.31430", "2016-12-31": "0.31520", "2016-09-30": "0.31000", "2016-06-30": "0.31080", "2016-03-31": "0.31300", "2015-12-31": "0.31300", "2015-09-30": "0.30900", "2015-06-30": "0.31210", "2015-03-31": "0.30930", "2014-12-31": "0.31100", "2014-09-30": "0.30910", "2014-06-30": "0.30950", "2014-03-31": "0.29630", "2013-12-31": "0.30650", "2013-09-30": "0.29780", "2013-06-30": "0.30250", "2013-03-31": "0.30270", "2012-12-31": "0.30040", "2012-09-30": "0.29530", "2012-06-30": "0.29900", "2012-03-31": "0.30970", "2011-12-31": "0.28880", "2011-09-30": "0.30550", "2011-06-30": "0.30360", "2011-03-31": "0.31110", "2010-12-31": "0.24350", "2010-09-30": "0.29790", "2010-06-30": "0.33120", "2010-03-31": "0.31310", "2009-12-31": "0.17940", "2009-09-30": "0.31230", "2009-06-30": "0.30870", "2009-03-31": "0.30600", "2008-12-31": "0.29920", "2008-09-30": "0.29430", "2008-06-30": "0.29000", "2008-03-31": "0.29100", "2007-12-31": "0.28650", "2007-09-30": "0.27630", "2007-06-30": "0.28390", "2007-03-31": "0.28240", "2006-12-31": "0.27410", "2006-09-30": "0.26870", "2006-06-30": "0.27510", "2006-03-31": "0.28620", "2005-12-31": "0.27800", "2005-09-30": "0.27340", "2005-06-30": "0.27950", "2005-03-31": "0.28500"}, "Inventory Turnover Ratio": {"2020-09-30": "1.09130", "2020-06-30": "0.95310", "2020-03-31": "1.08700", "2019-12-31": "1.20710", "2019-09-30": "1.18150", "2019-06-30": "1.15990", "2019-03-31": "1.14790", "2018-12-31": "1.15590", "2018-09-30": "1.15670", "2018-06-30": "1.17180", "2018-03-31": "1.14190", "2017-12-31": "1.23780", "2017-09-30": "1.14940", "2017-06-30": "1.16260", "2017-03-31": "1.19720", "2016-12-31": "1.19890", "2016-09-30": "1.13040", "2016-06-30": "1.16000", "2016-03-31": "1.21130", "2015-12-31": "1.17160", "2015-09-30": "1.19220", "2015-06-30": "1.23890", "2015-03-31": "1.27270", "2014-12-31": "1.29710", "2014-09-30": "1.22340", "2014-06-30": "1.26510", "2014-03-31": "1.29060", "2013-12-31": "1.32650", "2013-09-30": "1.28370", "2013-06-30": "1.27600", "2013-03-31": "1.33970", "2012-12-31": "1.38210", "2012-09-30": "1.30700", "2012-06-30": "1.34790", "2012-03-31": "1.35660", "2011-12-31": "1.27700", "2011-09-30": "1.41750", "2011-06-30": "1.46000", "2011-03-31": "1.44720", "2010-12-31": "1.42250", "2010-09-30": "1.51410", "2010-06-30": "1.55400", "2010-03-31": "1.51130", "2009-12-31": "1.54740", "2009-09-30": "1.61880", "2009-06-30": "1.65890", "2009-03-31": "1.68760", "2008-12-31": "1.56990", "2008-09-30": "1.59360", "2008-06-30": "1.60700", "2008-03-31": "1.66380", "2007-12-31": "1.56480", "2007-09-30": "1.57470", "2007-06-30": "1.59070", "2007-03-31": "1.63170", "2006-12-31": "1.60090", "2006-09-30": "1.58730", "2006-06-30": "1.68890", "2006-03-31": "1.78530", "2005-12-31": "1.66230", "2005-09-30": "1.72770", "2005-06-30": "1.79660", "2005-03-31": "1.82150"}, "Receiveable Turnover": {"2020-09-30": "2.06920", "2020-06-30": "1.80290", "2020-03-31": "1.86660", "2019-12-31": "1.83240", "2019-09-30": "1.78010", "2019-06-30": "1.74570", "2019-03-31": "1.68690", "2018-12-31": "1.80790", "2018-09-30": "1.75310", "2018-06-30": "1.74890", "2018-03-31": "1.80400", "2017-12-31": "1.77850", "2017-09-30": "1.78860", "2017-06-30": "1.85630", "2017-03-31": "1.87550", "2016-12-31": "1.82650", "2016-09-30": "1.86630", "2016-06-30": "1.82030", "2016-03-31": "1.74490", "2015-12-31": "1.74040", "2015-09-30": "1.69140", "2015-06-30": "1.70520", "2015-03-31": "1.63230", "2014-12-31": "1.69230", "2014-09-30": "1.66910", "2014-06-30": "1.68680", "2014-03-31": "1.60900", "2013-12-31": "1.69660", "2013-09-30": "1.71730", "2013-06-30": "1.71920", "2013-03-31": "1.73060", "2012-12-31": "1.80520", "2012-09-30": "1.75340", "2012-06-30": "1.80870", "2012-03-31": "1.72300", "2011-12-31": "1.71390", "2011-09-30": "1.84920", "2011-06-30": "1.83710", "2011-03-31": "1.82410", "2010-12-31": "1.51590", "2010-09-30": "1.90480", "2010-06-30": "2.05780", "2010-03-31": "1.94530", "2009-12-31": "1.17250", "2009-09-30": "2.15290", "2009-06-30": "2.03340", "2009-03-31": "1.92020", "2008-12-31": "1.92200", "2008-09-30": "1.89290", "2008-06-30": "1.77970", "2008-03-31": "1.72400", "2007-12-31": "1.76710", "2007-09-30": "1.70310", "2007-06-30": "1.77170", "2007-03-31": "1.73020", "2006-12-31": "1.75140", "2006-09-30": "1.74180", "2006-06-30": "1.86290", "2006-03-31": "1.83760", "2005-12-31": "1.85410", "2005-09-30": "1.92120", "2005-06-30": "1.88860", "2005-03-31": "1.89980"}, "Days Sales In Receivables": {"2020-09-30": "43.49560", "2020-06-30": "49.91960", "2020-03-31": "48.21550", "2019-12-31": "49.11630", "2019-09-30": "50.55850", "2019-06-30": "51.55610", "2019-03-31": "53.35140", "2018-12-31": "49.78080", "2018-09-30": "51.33880", "2018-06-30": "51.45980", "2018-03-31": "49.88880", "2017-12-31": "50.60460", "2017-09-30": "50.31790", "2017-06-30": "48.48410", "2017-03-31": "47.98650", "2016-12-31": "49.27540", "2016-09-30": "48.22490", "2016-06-30": "49.44370", "2016-03-31": "51.57900", "2015-12-31": "51.71330", "2015-09-30": "53.20920", "2015-06-30": "52.77960", "2015-03-31": "55.13850", "2014-12-31": "53.18180", "2014-09-30": "53.92190", "2014-06-30": "53.35650", "2014-03-31": "55.93410", "2013-12-31": "53.04660", "2013-09-30": "52.40780", "2013-06-30": "52.34910", "2013-03-31": "52.00590", "2012-12-31": "49.85540", "2012-09-30": "51.32970", "2012-06-30": "49.75960", "2012-03-31": "52.23320", "2011-12-31": "52.51260", "2011-09-30": "48.67040", "2011-06-30": "48.99160", "2011-03-31": "49.33840", "2010-12-31": "59.36990", "2010-09-30": "47.24810", "2010-06-30": "43.73520", "2010-03-31": "46.26460", "2009-12-31": "76.75680", "2009-09-30": "41.80410", "2009-06-30": "44.26030", "2009-03-31": "46.87120", "2008-12-31": "46.82730", "2008-09-30": "47.54500", "2008-06-30": "50.57020", "2008-03-31": "52.20430", "2007-12-31": "50.92980", "2007-09-30": "52.84370", "2007-06-30": "50.79800", "2007-03-31": "52.01590", "2006-12-31": "51.38700", "2006-09-30": "51.67070", "2006-06-30": "48.31130", "2006-03-31": "48.97740", "2005-12-31": "48.54000", "2005-09-30": "46.84480", "2005-06-30": "47.65400", "2005-03-31": "47.37300"}, "ROE - Return On Equity": {"2020-09-30": "59.96920", "2020-06-30": "214.08450", "2020-03-31": "-99.28880", "2019-12-31": "-225.30970", "2019-09-30": "-52.79890", "2019-06-30": "-52.37290", "2019-03-31": "-52.37250", "2018-12-31": "-42.66620", "2018-09-30": "-24.02150", "2018-06-30": "-23.41820", "2018-03-31": "-28.91300", "2017-12-31": "-12.83280", "2017-09-30": "-10.46190", "2017-06-30": "-15.65270", "2017-03-31": "-14.50440", "2016-12-31": "-19.26150", "2016-09-30": "-12.08830", "2016-06-30": "-12.17300", "2016-03-31": "-13.51890", "2015-12-31": "-12.20640", "2015-09-30": "-9.85890", "2015-06-30": "-11.16710", "2015-03-31": "-11.57180", "2014-12-31": "-10.40320", "2014-09-30": "-10.15290", "2014-06-30": "-9.59320", "2014-03-31": "-7.02030", "2013-12-31": "-7.99650", "2013-09-30": "-6.62980", "2013-06-30": "-7.17430", "2013-03-31": "-5.46680", "2012-12-31": "-5.11930", "2012-09-30": "-6.93280", "2012-06-30": "-6.98550", "2012-03-31": "-8.72470", "2011-12-31": "-29.11320", "2011-09-30": "-1.61110", "2011-06-30": "-4.24740", "2011-03-31": "-4.28860", "2010-12-31": "-3.65020", "2010-09-30": "-3.51660", "2010-06-30": "-3.97560", "2010-03-31": "-5.11940", "2009-12-31": "-3.81050", "2009-09-30": "-3.30560", "2009-06-30": "-4.30370", "2009-03-31": "-4.87090", "2008-12-31": "-3.71490", "2008-09-30": "-1.34070", "2008-06-30": "-1.93420", "2008-03-31": "-2.13760", "2007-12-31": "-4.61190", "2007-09-30": "-2.79800", "2007-06-30": "-1.06370", "2007-03-31": "-1.61930", "2006-12-31": "-1.07260", "2006-09-30": "4.68200", "2006-06-30": "6.11270", "2006-03-31": "8.32050", "2005-12-31": "6.68310", "2005-09-30": "4.40320", "2005-06-30": "6.62090", "2005-03-31": "7.76590"}, "Return On Tangible Equity": {"2020-09-30": "-10.71380", "2020-06-30": "-15.18100", "2020-03-31": "-7.51350", "2019-12-31": "-14.41020", "2019-09-30": "-7.95250", "2019-06-30": "-9.35420", "2019-03-31": "-11.34050", "2018-12-31": "-11.45250", "2018-09-30": "-7.79880", "2018-06-30": "-8.33910", "2018-03-31": "-10.76860", "2017-12-31": "-5.17390", "2017-09-30": "-4.26630", "2017-06-30": "-6.70890", "2017-03-31": "-6.41570", "2016-12-31": "-8.79470", "2016-09-30": "-5.79590", "2016-06-30": "-5.99610", "2016-03-31": "-6.37980", "2015-12-31": "-5.77600", "2015-09-30": "-4.63890", "2015-06-30": "-5.34610", "2015-03-31": "-5.69760", "2014-12-31": "-5.23460", "2014-09-30": "-5.12710", "2014-06-30": "-5.05720", "2014-03-31": "-3.66810", "2013-12-31": "-4.31770", "2013-09-30": "-3.62690", "2013-06-30": "-4.12470", "2013-03-31": "-3.23180", "2012-12-31": "-3.07640", "2012-09-30": "-3.78440", "2012-06-30": "-3.91950", "2012-03-31": "-5.02280", "2011-12-31": "-16.64900", "2011-09-30": "-1.24120", "2011-06-30": "-3.12100", "2011-03-31": "-3.18310", "2010-12-31": "-2.92130", "2010-09-30": "-2.74220", "2010-06-30": "-3.12630", "2010-03-31": "-4.01380", "2009-12-31": "-2.88020", "2009-09-30": "-2.51720", "2009-06-30": "-3.29570", "2009-03-31": "-3.77360", "2008-12-31": "-2.90540", "2008-09-30": "-1.06710", "2008-06-30": "-1.53730", "2008-03-31": "-1.70990", "2007-12-31": "-3.69100", "2007-09-30": "-2.24320", "2007-06-30": "-0.85700", "2007-03-31": "-1.30920", "2006-12-31": "-0.87300", "2006-09-30": "9.74420", "2006-06-30": "13.54450", "2006-03-31": "19.60680", "2005-12-31": "14.52840", "2005-09-30": "7.53900", "2005-06-30": "11.58800", "2005-03-31": "15.04360"}, "ROA - Return On Assets": {"2020-09-30": "1.52700", "2020-06-30": "2.49650", "2020-03-31": "1.53670", "2019-12-31": "2.82520", "2019-09-30": "1.73980", "2019-06-30": "2.03960", "2019-03-31": "2.72250", "2018-12-31": "3.17550", "2018-09-30": "2.35520", "2018-06-30": "2.55950", "2018-03-31": "3.43710", "2017-12-31": "1.75170", "2017-09-30": "1.48330", "2017-06-30": "2.29990", "2017-03-31": "2.29920", "2016-12-31": "3.21410", "2016-09-30": "2.24890", "2016-06-30": "2.38220", "2016-03-31": "2.47440", "2015-12-31": "2.25380", "2015-09-30": "1.79650", "2015-06-30": "2.09710", "2015-03-31": "2.30120", "2014-12-31": "2.18210", "2014-09-30": "2.04860", "2014-06-30": "2.11920", "2014-03-31": "1.52300", "2013-12-31": "1.92150", "2013-09-30": "1.64480", "2013-06-30": "1.92240", "2013-03-31": "1.57090", "2012-12-31": "1.52090", "2012-09-30": "1.66650", "2012-06-30": "1.78760", "2012-03-31": "2.35450", "2011-12-31": "7.59160", "2011-09-30": "0.61460", "2011-06-30": "1.34020", "2011-03-31": "1.40280", "2010-12-31": "1.65190", "2010-09-30": "1.39770", "2010-06-30": "1.61400", "2010-03-31": "1.97580", "2009-12-31": "1.25980", "2009-09-30": "1.13600", "2009-06-30": "1.50570", "2009-03-31": "1.77890", "2008-12-31": "1.41680", "2008-09-30": "0.57160", "2008-06-30": "0.81840", "2008-03-31": "0.91870", "2007-12-31": "2.02290", "2007-09-30": "1.26170", "2007-06-30": "0.48940", "2007-03-31": "0.76130", "2006-12-31": "0.51530", "2006-09-30": "1.03780", "2006-06-30": "1.27600", "2006-03-31": "1.69080", "2005-12-31": "1.46230", "2005-09-30": "1.27060", "2005-06-30": "1.86480", "2005-03-31": "1.90880"}, "ROI - Return On Investment": {"2020-09-30": "2.42750", "2020-06-30": "3.87920", "2020-03-31": "2.05320", "2019-12-31": "3.85620", "2019-09-30": "2.34000", "2019-06-30": "2.86550", "2019-03-31": "4.10580", "2018-12-31": "4.27610", "2018-09-30": "3.07000", "2018-06-30": "3.52880", "2018-03-31": "4.72020", "2017-12-31": "2.30050", "2017-09-30": "1.91440", "2017-06-30": "3.01490", "2017-03-31": "2.99480", "2016-12-31": "4.25040", "2016-09-30": "2.97260", "2016-06-30": "3.19850", "2016-03-31": "3.33350", "2015-12-31": "3.04850", "2015-09-30": "2.53960", "2015-06-30": "2.96770", "2015-03-31": "3.39880", "2014-12-31": "2.99250", "2014-09-30": "2.85410", "2014-06-30": "2.95960", "2014-03-31": "2.11990", "2013-12-31": "2.68130", "2013-09-30": "2.29540", "2013-06-30": "2.78830", "2013-03-31": "2.28630", "2012-12-31": "2.22930", "2012-09-30": "2.44370", "2012-06-30": "2.58130", "2012-03-31": "3.41040", "2011-12-31": "10.96020", "2011-09-30": "0.86860", "2011-06-30": "1.87170", "2011-03-31": "1.96100", "2010-12-31": "2.33980", "2010-09-30": "2.01350", "2010-06-30": "2.32460", "2010-03-31": "2.87160", "2009-12-31": "1.80460", "2009-09-30": "1.61270", "2009-06-30": "2.04250", "2009-03-31": "2.49970", "2008-12-31": "1.98560", "2008-09-30": "0.82280", "2008-06-30": "1.15280", "2008-03-31": "1.35270", "2007-12-31": "2.95230", "2007-09-30": "1.81550", "2007-06-30": "0.68690", "2007-03-31": "1.09080", "2006-12-31": "0.72870", "2006-09-30": "1.53470", "2006-06-30": "1.86340", "2006-03-31": "2.49950", "2005-12-31": "2.20310", "2005-09-30": "1.85910", "2005-06-30": "2.71500", "2005-03-31": "2.81580"}, "Book Value Per Share": {"2020-09-30": "3.83900", "2020-06-30": "1.68070", "2020-03-31": "-2.08230", "2019-12-31": "-1.66940", "2019-09-30": "-4.25520", "2019-06-30": "-5.18280", "2019-03-31": "-6.57380", "2018-12-31": "-8.50990", "2018-09-30": "-10.80890", "2018-06-30": "-11.89580", "2018-03-31": "-12.63290", "2017-12-31": "-14.26770", "2017-09-30": "-14.19130", "2017-06-30": "-13.99580", "2017-03-31": "-14.52960", "2016-12-31": "-15.20230", "2016-09-30": "-16.38490", "2016-06-30": "-17.09720", "2016-03-31": "-15.23940", "2015-12-31": "-15.16280", "2015-09-30": "-14.08500", "2015-06-30": "-14.30290", "2015-03-31": "-14.84330", "2014-12-31": "-15.45380", "2014-09-30": "-13.88620", "2014-06-30": "-15.27220", "2014-03-31": "-14.55870", "2013-12-31": "-15.75960", "2013-09-30": "-15.73820", "2013-06-30": "-16.74250", "2013-03-31": "-17.96990", "2012-12-31": "-18.81990", "2012-09-30": "-14.86920", "2012-06-30": "-15.76220", "2012-03-31": "-16.70800", "2011-12-31": "-16.03280", "2011-09-30": "-20.76140", "2011-06-30": "-14.56990", "2011-03-31": "-15.10430", "2010-12-31": "-25.25150", "2010-09-30": "-97.65020", "2010-06-30": "-100.46600", "2010-03-31": "-98.26050", "2009-12-31": "-84.30110", "2009-09-30": "-87.60770", "2009-06-30": "-89.83160", "2009-03-31": "-93.97220", "2008-12-31": "-98.12650", "2008-09-30": "-107.70640", "2008-06-30": "-108.14740", "2008-03-31": "-111.76470", "2007-12-31": "-111.88970", "2007-09-30": "-113.84820", "2007-06-30": "-115.78520", "2007-03-31": "-118.02560", "2006-12-31": "-123.33820", "2006-09-30": "12.51220", "2006-06-30": "11.79270", "2006-03-31": "11.16250", "2005-12-31": "11.64750", "2005-09-30": "14.04790", "2005-06-30": "13.53430", "2005-03-31": "12.08390"}, "Operating Cash Flow Per Share": {"2020-09-30": 7.7629, "2020-06-30": 25.565, "2020-03-31": "3.99600", "2019-12-31": 7.1625, "2019-09-30": 6.14, "2019-06-30": 5.7479, "2019-03-31": "2.78030", "2018-12-31": 6.0608, "2018-09-30": 4.8985, "2018-06-30": 4.5031, "2018-03-31": "3.56640", "2017-12-31": 4.5945, "2017-09-30": 2.832, "2017-06-30": 3.7823, "2017-03-31": "3.36860", "2016-12-31": 4.1315, "2016-09-30": 3.256, "2016-06-30": 3.4857, "2016-03-31": "3.40740", "2015-12-31": 3.6462, "2015-09-30": 2.615, "2015-06-30": 2.4941, "2015-03-31": "2.33860", "2014-12-31": 3.5694, "2014-09-30": 2.5701, "2014-06-30": 2.7688, "2014-03-31": "0.96840", "2013-12-31": 2.6732, "2013-09-30": 1.9387, "2013-06-30": 1.7545, "2013-03-31": "1.60050", "2012-12-31": 2.7508, "2012-09-30": 1.4158, "2012-06-30": 3.1823, "2012-03-31": "1.73900", "2011-12-31": 3.1039, "2011-09-30": 1.7329, "2011-06-30": 1.1064, "2011-03-31": "1.98710", "2010-12-31": 1.2434, "2010-09-30": 2.8478, "2010-06-30": 0.9911, "2010-03-31": "1.97160", "2009-12-31": -17.7986, "2009-09-30": 10.8446, "2009-06-30": 13.3095, "2009-03-31": "", "2008-12-31": 0, "2008-09-30": 0, "2008-06-30": 0, "2008-03-31": "", "2007-12-31": 0, "2007-09-30": 0, "2007-06-30": 0, "2007-03-31": "", "2006-12-31": 0, "2006-09-30": 0, "2006-06-30": 0, "2006-03-31": "", "2005-12-31": -5.7796, "2005-09-30": 2.0362, "2005-06-30": 1.7877, "2005-03-31": "1.95570"}, "Free Cash Flow Per Share": {"2020-09-30": 6.3625, "2020-06-30": 23.366, "2020-03-31": "1.51700", "2019-12-31": 3.5215, "2019-09-30": 2.8494, "2019-06-30": 2.9683, "2019-03-31": "0.55090", "2018-12-31": 2.8477, "2018-09-30": 2.4887, "2018-06-30": 1.9989, "2018-03-31": "1.63730", "2017-12-31": 1.9915, "2017-09-30": 0.8091, "2017-06-30": 1.8108, "2017-03-31": "1.86590", "2016-12-31": 1.995, "2016-09-30": 1.36, "2016-06-30": 1.7856, "2016-03-31": "2.16770", "2015-12-31": 1.7645, "2015-09-30": 1.2693, "2015-06-30": 1.1804, "2015-03-31": "1.31400", "2014-12-31": 2.0511, "2014-09-30": 1.272, "2014-06-30": 1.6278, "2014-03-31": "0.09400", "2013-12-31": 1.3724, "2013-09-30": 0.9674, "2013-06-30": 0.6939, "2013-03-31": "0.72670", "2012-12-31": 1.4571, "2012-09-30": 0.3659, "2012-06-30": 2.2038, "2012-03-31": "1.00800", "2011-12-31": 1.9364, "2011-09-30": 0.9559, "2011-06-30": 0.3776, "2011-03-31": "1.27500", "2010-12-31": 0.1726, "2010-09-30": 2.1153, "2010-06-30": 0.256, "2010-03-31": "1.48040", "2009-12-31": -11.2988, "2009-09-30": 7.7644, "2009-06-30": 6.8428, "2009-03-31": "", "2008-12-31": 0, "2008-09-30": 0, "2008-06-30": 0, "2008-03-31": "", "2007-12-31": 0, "2007-09-30": 0, "2007-06-30": 0, "2007-03-31": "", "2006-12-31": 0, "2006-09-30": 0, "2006-06-30": 0, "2006-03-31": "", "2005-12-31": -3.4757, "2005-09-30": 1.1159, "2005-06-30": 1.0652, "2005-03-31": "1.29460"}}, "revenue": {"HCA Healthcare Annual Revenue (Millions of US $)": {"2020": "$51,533", "2019": "$51,336", "2018": "$46,677", "2017": "$43,614", "2016": "$41,490", "2015": "$39,678", "2014": "$36,918", "2013": "$34,182", "2012": "$33,013", "2011": "$29,682", "2010": "$28,035", "2009": "$26,776", "2008": "$28,374", "2007": "$26,858", "2006": "$25,477", "2005": "$24,455"}, "HCA Healthcare Quarterly Revenue (Millions of US $)": {"2020-12-31": "$14,293", "2020-09-30": "$13,311", "2020-06-30": "$11,068", "2020-03-31": "$12,861", "2019-12-31": "$13,523", "2019-09-30": "$12,694", "2019-06-30": "$12,602", "2019-03-31": "$12,517", "2018-12-31": "$12,274", "2018-09-30": "$11,451", "2018-06-30": "$11,529", "2018-03-31": "$11,423", "2017-12-31": "$11,562", "2017-09-30": "$10,696", "2017-06-30": "$10,733", "2017-03-31": "$10,623", "2016-12-31": "$10,641", "2016-09-30": "$10,270", "2016-06-30": "$10,319", "2016-03-31": "$10,260", "2015-12-31": "$10,249", "2015-09-30": "$9,856", "2015-06-30": "$9,897", "2015-03-31": "$9,676", "2014-12-31": "$9,636", "2014-09-30": "$9,220", "2014-06-30": "$9,230", "2014-03-31": "$8,832", "2013-12-31": "$8,836", "2013-09-30": "$8,456", "2013-06-30": "$8,450", "2013-03-31": "$8,440", "2012-12-31": "$8,434", "2012-09-30": "$8,062", "2012-06-30": "$8,112", "2012-03-31": "$8,405", "2011-12-31": "$7,769", "2011-09-30": "$7,258", "2011-06-30": "$7,249", "2011-03-31": "$7,406", "2010-12-31": "$5,809", "2010-09-30": "$6,926", "2010-06-30": "$7,756", "2010-03-31": "$7,544", "2009-12-31": "$4,329", "2009-09-30": "$7,533", "2009-06-30": "$7,483", "2009-03-31": "$7,431", "2008-12-31": "$7,265", "2008-09-30": "$7,002", "2008-06-30": "$6,980", "2008-03-31": "$7,127", "2007-12-31": "$6,883", "2007-09-30": "$6,569", "2007-06-30": "$6,729", "2007-03-31": "$6,677", "2006-12-31": "$6,489", "2006-09-30": "$6,213", "2006-06-30": "$6,360", "2006-03-31": "$6,415", "2005-12-31": "$6,178", "2005-09-30": "$6,025", "2005-06-30": "$6,070", "2005-03-31": "$6,182"}}, "gross-profit": {"HCA Healthcare Annual Gross Profit (Millions of US $)": {"2020": "$43,164", "2019": "$42,855", "2018": "$38,953", "2017": "$36,298", "2016": "$34,557", "2015": "$33,040", "2014": "$30,656", "2013": "$28,212", "2012": "$27,296", "2011": "$24,503", "2010": "$23,074", "2009": "$21,908", "2008": "$23,754", "2007": "$22,463", "2006": "$21,155", "2005": "$20,329"}, "HCA Healthcare Quarterly Gross Profit (Millions of US $)": {"2020-12-31": "$11,923", "2020-09-30": "$11,183", "2020-06-30": "$9,320", "2020-03-31": "$10,738", "2019-12-31": "$11,291", "2019-09-30": "$10,604", "2019-06-30": "$10,484", "2019-03-31": "$10,476", "2018-12-31": "$10,272", "2018-09-30": "$9,561", "2018-06-30": "$9,612", "2018-03-31": "$9,508", "2017-12-31": "$9,615", "2017-09-30": "$8,919", "2017-06-30": "$8,938", "2017-03-31": "$8,826", "2016-12-31": "$8,839", "2016-09-30": "$8,571", "2016-06-30": "$8,601", "2016-03-31": "$8,546", "2015-12-31": "$8,563", "2015-09-30": "$8,212", "2015-06-30": "$8,227", "2015-03-31": "$8,038", "2014-12-31": "$7,977", "2014-09-30": "$7,681", "2014-06-30": "$7,698", "2014-03-31": "$7,300", "2013-12-31": "$7,272", "2013-09-30": "$6,999", "2013-06-30": "$6,980", "2013-03-31": "$6,961", "2012-12-31": "$6,933", "2012-09-30": "$6,687", "2012-06-30": "$6,690", "2012-03-31": "$6,986", "2011-12-31": "$6,423", "2011-09-30": "$5,995", "2011-06-30": "$5,954", "2011-03-31": "$6,131", "2010-12-31": "$4,533", "2010-09-30": "$5,692", "2010-06-30": "$6,505", "2010-03-31": "$6,344", "2009-12-31": "$3,088", "2009-09-30": "$6,327", "2009-06-30": "$6,272", "2009-03-31": "$6,221", "2008-12-31": "$6,108", "2008-09-30": "$5,861", "2008-06-30": "$5,831", "2008-03-31": "$5,954", "2007-12-31": "$5,772", "2007-09-30": "$5,484", "2007-06-30": "$5,633", "2007-03-31": "$5,574", "2006-12-31": "$5,418", "2006-09-30": "$5,167", "2006-06-30": "$5,269", "2006-03-31": "$5,301", "2005-12-31": "$5,154", "2005-09-30": "$5,016", "2005-06-30": "$5,028", "2005-03-31": "$5,131"}}, "operating-income": {"HCA Healthcare Annual Operating Income (Millions of US $)": {"2020": "$7,316", "2019": "$7,261", "2018": "$6,671", "2017": "$6,102", "2016": "$6,252", "2015": "$6,011", "2014": "$5,608", "2013": "$4,821", "2012": "$4,852", "2011": "$4,596", "2010": "$4,447", "2009": "$4,047", "2008": "$3,158", "2007": "$3,166", "2006": "$3,079", "2005": "$2,909"}, "HCA Healthcare Quarterly Operating Income (Millions of US $)": {"2020-12-31": "$2,456", "2020-09-30": "$2,181", "2020-06-30": "$1,153", "2020-03-31": "$1,526", "2019-12-31": "$2,044", "2019-09-30": "$1,638", "2019-06-30": "$1,657", "2019-03-31": "$1,922", "2018-12-31": "$1,927", "2018-09-30": "$1,514", "2018-06-30": "$1,665", "2018-03-31": "$1,565", "2017-12-31": "$1,812", "2017-09-30": "$1,237", "2017-06-30": "$1,569", "2017-03-31": "$1,484", "2016-12-31": "$1,703", "2016-09-30": "$1,462", "2016-06-30": "$1,563", "2016-03-31": "$1,524", "2015-12-31": "$1,651", "2015-09-30": "$1,333", "2015-06-30": "$1,539", "2015-03-31": "$1,488", "2014-12-31": "$1,497", "2014-09-30": "$1,368", "2014-06-30": "$1,546", "2014-03-31": "$1,197", "2013-12-31": "$1,253", "2013-09-30": "$1,160", "2013-06-30": "$1,264", "2013-03-31": "$1,144", "2012-12-31": "$1,181", "2012-09-30": "$1,116", "2012-06-30": "$1,149", "2012-03-31": "$1,406", "2011-12-31": "$1,252", "2011-09-30": "$1,050", "2011-06-30": "$1,062", "2011-03-31": "$1,232", "2010-12-31": "$1,088", "2010-09-30": "$1,005", "2010-06-30": "$1,135", "2010-03-31": "$1,219", "2009-12-31": "$985", "2009-09-30": "$919", "2009-06-30": "$1,039", "2009-03-31": "$1,104", "2008-12-31": "$883", "2008-09-30": "$703", "2008-06-30": "$749", "2008-03-31": "$823", "2007-12-31": "$799", "2007-09-30": "$627", "2007-06-30": "$819", "2007-03-31": "$921", "2006-12-31": "$925", "2006-09-30": "$571", "2006-06-30": "$724", "2006-03-31": "$859", "2005-12-31": "$676", "2005-09-30": "$612", "2005-06-30": "$754", "2005-03-31": "$867"}}, "ebitda": {"HCA Healthcare Annual EBITDA (Millions of US $)": {"2019": "$9,887", "2018": "$8,980", "2017": "$8,264", "2016": "$8,252", "2015": "$7,950", "2014": "$7,470", "2013": "$6,629", "2012": "$6,593", "2011": "$6,131", "2010": "$5,949", "2009": "$5,552", "2008": "$4,653", "2007": "$4,670", "2006": "$4,488", "2005": "$4,283"}, "HCA Healthcare Quarterly EBITDA (Millions of US $)": {"2020-09-30": "$2,883", "2020-06-30": "$1,851", "2020-03-31": "$2,207", "2019-12-31": "$2,745", "2019-09-30": "$2,292", "2019-06-30": "$2,301", "2019-03-31": "$2,549", "2018-12-31": "$2,516", "2018-09-30": "$2,104", "2018-06-30": "$2,234", "2018-03-31": "$2,126", "2017-12-31": "$2,370", "2017-09-30": "$1,783", "2017-06-30": "$2,098", "2017-03-31": "$2,013", "2016-12-31": "$2,214", "2016-09-30": "$1,965", "2016-06-30": "$2,060", "2016-03-31": "$2,013", "2015-12-31": "$2,139", "2015-09-30": "$1,823", "2015-06-30": "$2,017", "2015-03-31": "$1,971", "2014-12-31": "$1,965", "2014-09-30": "$1,838", "2014-06-30": "$2,009", "2014-03-31": "$1,658", "2013-12-31": "$1,728", "2013-09-30": "$1,616", "2013-06-30": "$1,704", "2013-03-31": "$1,581", "2012-12-31": "$1,624", "2012-09-30": "$1,548", "2012-06-30": "$1,584", "2012-03-31": "$1,837", "2011-12-31": "$1,653", "2011-09-30": "$1,429", "2011-06-30": "$1,439", "2011-03-31": "$1,610", "2010-12-31": "$1,468", "2010-09-30": "$1,377", "2010-06-30": "$1,510", "2010-03-31": "$1,594", "2009-12-31": "$1,363", "2009-09-30": "$1,293", "2009-06-30": "$1,418", "2009-03-31": "$1,478", "2008-12-31": "$1,257", "2008-09-30": "$1,069", "2008-06-30": "$1,124", "2008-03-31": "$1,203", "2007-12-31": "$1,231", "2007-09-30": "$983", "2007-06-30": "$1,180", "2007-03-31": "$1,276", "2006-12-31": "$1,289", "2006-09-30": "$919", "2006-06-30": "$1,076", "2006-03-31": "$1,204", "2005-12-31": "$1,012", "2005-09-30": "$949", "2005-06-30": "$1,118", "2005-03-31": "$1,204"}}, "net-income": {"HCA Healthcare Annual Net Income (Millions of US $)": {"2020": "$3,754", "2019": "$3,505", "2018": "$3,787", "2017": "$2,216", "2016": "$2,890", "2015": "$2,129", "2014": "$1,875", "2013": "$1,556", "2012": "$1,605", "2011": "$2,465", "2010": "$1,207", "2009": "$1,054", "2008": "$673", "2007": "$874", "2006": "$1,036", "2005": "$1,424"}, "HCA Healthcare Quarterly Net Income (Millions of US $)": {"2020-12-31": "$1,426", "2020-09-30": "$668", "2020-06-30": "$1,079", "2020-03-31": "$581", "2019-12-31": "$1,071", "2019-09-30": "$612", "2019-06-30": "$783", "2019-03-31": "$1,039", "2018-12-31": "$1,064", "2018-09-30": "$759", "2018-06-30": "$820", "2018-03-31": "$1,144", "2017-12-31": "$474", "2017-09-30": "$426", "2017-06-30": "$657", "2017-03-31": "$659", "2016-12-31": "$920", "2016-09-30": "$618", "2016-06-30": "$658", "2016-03-31": "$694", "2015-12-31": "$582", "2015-09-30": "$449", "2015-06-30": "$507", "2015-03-31": "$591", "2014-12-31": "$527", "2014-09-30": "$518", "2014-06-30": "$483", "2014-03-31": "$347", "2013-12-31": "$424", "2013-09-30": "$365", "2013-06-30": "$423", "2013-03-31": "$344", "2012-12-31": "$314", "2012-09-30": "$360", "2012-06-30": "$391", "2012-03-31": "$540", "2011-12-31": "$1,935", "2011-09-30": "$61", "2011-06-30": "$229", "2011-03-31": "$240", "2010-12-31": "$283", "2010-09-30": "$243", "2010-06-30": "$293", "2010-03-31": "$388", "2009-12-31": "$216", "2009-09-30": "$196", "2009-06-30": "$282", "2009-03-31": "$360", "2008-12-31": "$276", "2008-09-30": "$86", "2008-06-30": "$141", "2008-03-31": "$170", "2007-12-31": "$278", "2007-09-30": "$300", "2007-06-30": "$116", "2007-03-31": "$180", "2006-12-31": "$122", "2006-09-30": "$240", "2006-06-30": "$295", "2006-03-31": "$379", "2005-12-31": "$325", "2005-09-30": "$280", "2005-06-30": "$405", "2005-03-31": "$414"}}, "eps-earnings-per-share-diluted": {"HCA Healthcare Annual EPS": {"2020": "$10.93", "2019": "$10.07", "2018": "$10.66", "2017": "$5.95", "2016": "$7.30", "2015": "$4.99", "2014": "$4.16", "2013": "$3.37", "2012": "$3.49", "2011": "$4.97", "2010": "$2.76", "2009": "$2.44", "2008": "$7.04", "2007": "$0.00", "2006": "$0.00", "2005": "$0.00"}, "HCA Healthcare Quarterly EPS": {"2020-12-31": "$4.13", "2020-09-30": "$1.95", "2020-06-30": "$3.16", "2020-03-31": "$1.69", "2019-12-31": "$3.09", "2019-09-30": "$1.76", "2019-06-30": "$2.25", "2019-03-31": "$2.97", "2018-12-31": "$3.02", "2018-09-30": "$2.15", "2018-06-30": "$2.31", "2018-03-31": "$3.18", "2017-12-31": "$1.31", "2017-09-30": "$1.15", "2017-06-30": "$1.75", "2017-03-31": "$1.74", "2016-12-31": "$2.37", "2016-09-30": "$1.59", "2016-06-30": "$1.65", "2016-03-31": "$1.69", "2015-12-31": "$1.40", "2015-09-30": "$1.05", "2015-06-30": "$1.18", "2015-03-31": "$1.36", "2014-12-31": "$1.17", "2014-09-30": "$1.16", "2014-06-30": "$1.07", "2014-03-31": "$0.76", "2013-12-31": "$0.93", "2013-09-30": "$0.79", "2013-06-30": "$0.91", "2013-03-31": "$0.74", "2012-12-31": "$0.68", "2012-09-30": "$0.78", "2012-06-30": "$0.85", "2012-03-31": "$1.18", "2011-12-31": "$3.91", "2011-09-30": "$0.11", "2011-06-30": "$0.43", "2011-03-31": "$0.52", "2010-12-31": "$0.65", "2010-09-30": "$0.55", "2010-06-30": "$0.67", "2010-03-31": "$0.89", "2009-12-31": "$-2.56", "2009-09-30": "$2.04", "2009-06-30": "$2.96", "2009-03-31": "$0.00", "2008-12-31": "$0.00", "2008-09-30": "$0.00", "2008-06-30": "$0.00", "2008-03-31": "$0.00", "2007-12-31": "$0.00", "2007-09-30": "$0.00", "2007-06-30": "$0.00", "2007-03-31": "$0.00", "2006-12-31": "$0.00", "2006-09-30": "$0.00", "2006-06-30": "$0.00", "2006-03-31": "$0.00", "2005-12-31": "$0.00", "2005-09-30": "$0.62", "2005-06-30": "$0.90", "2005-03-31": "$0.95"}}, "shares-outstanding": {"HCA Healthcare Annual Shares Outstanding (Millions of Shares)": {"2020": "344", "2019": "348", "2018": "355", "2017": "372", "2016": "396", "2015": "427", "2014": "450", "2013": "462", "2012": "459", "2011": "496", "2010": "437", "2009": "432", "2008": "96", "2007": "", "2006": "", "2005": ""}, "HCA Healthcare Quarterly Shares Outstanding (Millions of Shares)": {"2020-12-31": "345", "2020-09-30": "343", "2020-06-30": "342", "2020-03-31": "344", "2019-12-31": "348", "2019-09-30": "347", "2019-06-30": "348", "2019-03-31": "350", "2018-12-31": "355", "2018-09-30": "354", "2018-06-30": "355", "2018-03-31": "360", "2017-12-31": "372", "2017-09-30": "370", "2017-06-30": "375", "2017-03-31": "380", "2016-12-31": "396", "2016-09-30": "390", "2016-06-30": "399", "2016-03-31": "411", "2015-12-31": "427", "2015-09-30": "426", "2015-06-30": "429", "2015-03-31": "435", "2014-12-31": "450", "2014-09-30": "447", "2014-06-30": "453", "2014-03-31": "457", "2013-12-31": "462", "2013-09-30": "464", "2013-06-30": "463", "2013-03-31": "462", "2012-12-31": "459", "2012-09-30": "460", "2012-06-30": "459", "2012-03-31": "458", "2011-12-31": "496", "2011-09-30": "528", "2011-06-30": "539", "2011-03-31": "462", "2010-12-31": "437", "2010-09-30": "439", "2010-06-30": "437", "2010-03-31": "436", "2009-12-31": "432", "2009-09-30": "96", "2009-06-30": "96", "2009-03-31": "", "2008-12-31": "", "2008-09-30": "", "2008-06-30": "", "2008-03-31": "", "2007-12-31": "", "2007-09-30": "", "2007-06-30": "", "2007-03-31": "", "2006-12-31": "", "2006-09-30": "", "2006-06-30": "", "2006-03-31": "", "2005-12-31": "", "2005-09-30": "455", "2005-06-30": "452", "2005-03-31": "436"}}, "total-assets": {"HCA Healthcare Annual Total Assets (Millions of US $)": {"2019": "$45,058", "2018": "$39,207", "2017": "$36,593", "2016": "$33,758", "2015": "$32,744", "2014": "$30,980", "2013": "$28,831", "2012": "$28,075", "2011": "$26,898", "2010": "$23,852", "2009": "$24,131", "2008": "$24,280", "2007": "$24,025", "2006": "$23,675", "2005": "$22,225"}, "HCA Healthcare Quarterly Total Assets (Millions of US $)": {"2020-09-30": "$51,016", "2020-06-30": "$48,709", "2020-03-31": "$45,421", "2019-12-31": "$45,058", "2019-09-30": "$43,912", "2019-06-30": "$45,449", "2019-03-31": "$43,379", "2018-12-31": "$39,207", "2018-09-30": "$38,044", "2018-06-30": "$37,742", "2018-03-31": "$37,299", "2017-12-31": "$36,593", "2017-09-30": "$35,731", "2017-06-30": "$34,566", "2017-03-31": "$33,795", "2016-12-31": "$33,758", "2016-09-30": "$33,127", "2016-06-30": "$33,205", "2016-03-31": "$32,776", "2015-12-31": "$32,744", "2015-09-30": "$31,896", "2015-06-30": "$31,710", "2015-03-31": "$31,288", "2014-12-31": "$30,980", "2014-09-30": "$29,825", "2014-06-30": "$29,822", "2014-03-31": "$29,809", "2013-12-31": "$28,831", "2013-09-30": "$28,393", "2013-06-30": "$27,934", "2013-03-31": "$27,882", "2012-12-31": "$28,075", "2012-09-30": "$27,302", "2012-06-30": "$27,132", "2012-03-31": "$27,139", "2011-12-31": "$26,898", "2011-09-30": "$23,756", "2011-06-30": "$23,877", "2011-03-31": "$23,809", "2010-12-31": "$23,852", "2010-09-30": "$23,253", "2010-06-30": "$23,420", "2010-03-31": "$24,091", "2009-12-31": "$24,131", "2009-09-30": "$24,120", "2009-06-30": "$24,241", "2009-03-31": "$24,284", "2008-12-31": "$24,280", "2008-09-30": "$23,793", "2008-06-30": "$24,070", "2008-03-31": "$24,492", "2007-12-31": "$24,025", "2007-09-30": "$23,777", "2007-06-30": "$23,704", "2007-03-31": "$23,643", "2006-12-31": "$23,675", "2006-09-30": "$23,125", "2006-06-30": "$23,120", "2006-03-31": "$22,415", "2005-12-31": "$22,225", "2005-09-30": "$22,036", "2005-06-30": "$21,718", "2005-03-31": "$21,689"}}, "cash-on-hand": {"HCA Healthcare Annual Cash on Hand (Millions of US $)": {"2019": "$621", "2018": "$502", "2017": "$732", "2016": "$646", "2015": "$741", "2014": "$566", "2013": "$414", "2012": "$705", "2011": "$373", "2010": "$411", "2009": "$312", "2008": "$465", "2007": "$393", "2006": "$634", "2005": "$336"}, "HCA Healthcare Quarterly Cash on Hand (Millions of US $)": {"2020-09-30": "$6,588", "2020-06-30": "$4,638", "2020-03-31": "$731", "2019-12-31": "$621", "2019-09-30": "$559", "2019-06-30": "$2,430", "2019-03-31": "$531", "2018-12-31": "$502", "2018-09-30": "$578", "2018-06-30": "$868", "2018-03-31": "$1,086", "2017-12-31": "$732", "2017-09-30": "$718", "2017-06-30": "$705", "2017-03-31": "$753", "2016-12-31": "$646", "2016-09-30": "$677", "2016-06-30": "$691", "2016-03-31": "$852", "2015-12-31": "$741", "2015-09-30": "$588", "2015-06-30": "$673", "2015-03-31": "$586", "2014-12-31": "$566", "2014-09-30": "$515", "2014-06-30": "$658", "2014-03-31": "$850", "2013-12-31": "$414", "2013-09-30": "$484", "2013-06-30": "$462", "2013-03-31": "$594", "2012-12-31": "$705", "2012-09-30": "$472", "2012-06-30": "$518", "2012-03-31": "$471", "2011-12-31": "$373", "2011-09-30": "$359", "2011-06-30": "$539", "2011-03-31": "$553", "2010-12-31": "$411", "2010-09-30": "$377", "2010-06-30": "$350", "2010-03-31": "$388", "2009-12-31": "$312", "2009-09-30": "$443", "2009-06-30": "$450", "2009-03-31": "$356", "2008-12-31": "$465", "2008-09-30": "$444", "2008-06-30": "$368", "2008-03-31": "$471", "2007-12-31": "$393", "2007-09-30": "$347", "2007-06-30": "$354", "2007-03-31": "$409", "2006-12-31": "$634", "2006-09-30": "$541", "2006-06-30": "$736", "2006-03-31": "$453", "2005-12-31": "$336", "2005-09-30": "$721", "2005-06-30": "$463", "2005-03-31": "$144"}}, "long-term-debt": {"HCA Healthcare Annual Long Term Debt (Millions of US $)": {"2019": "$33,577", "2018": "$32,033", "2017": "$32,858", "2016": "$31,160", "2015": "$30,255", "2014": "$29,088", "2013": "$27,590", "2012": "$27,495", "2011": "$25,645", "2010": "$27,633", "2009": "$24,824", "2008": "$26,585", "2007": "$27,000", "2006": "$28,115", "2005": "$9,889"}, "HCA Healthcare Quarterly Long Term Debt (Millions of US $)": {"2020-09-30": "$30,792", "2020-06-30": "$30,779", "2020-03-31": "$34,699", "2019-12-31": "$33,577", "2019-09-30": "$34,097", "2019-06-30": "$34,120", "2019-03-31": "$31,019", "2018-12-31": "$32,033", "2018-09-30": "$32,916", "2018-06-30": "$31,500", "2018-03-31": "$31,594", "2017-12-31": "$32,858", "2017-09-30": "$32,751", "2017-06-30": "$31,448", "2017-03-31": "$31,302", "2016-12-31": "$31,160", "2016-09-30": "$31,225", "2016-06-30": "$31,228", "2016-03-31": "$30,328", "2015-12-31": "$30,255", "2015-09-30": "$28,375", "2015-06-30": "$28,363", "2015-03-31": "$27,406", "2014-12-31": "$29,088", "2014-09-30": "$27,426", "2014-06-30": "$27,942", "2014-03-31": "$27,883", "2013-12-31": "$27,590", "2013-09-30": "$27,389", "2013-06-30": "$26,744", "2013-03-31": "$27,170", "2012-12-31": "$27,495", "2012-09-30": "$25,182", "2012-06-30": "$25,732", "2012-03-31": "$26,061", "2011-12-31": "$25,645", "2011-09-30": "$25,871", "2011-06-30": "$24,631", "2011-03-31": "$24,820", "2010-12-31": "$27,633", "2010-09-30": "$25,383", "2010-06-30": "$25,769", "2010-03-31": "$25,874", "2009-12-31": "$24,824", "2009-09-30": "$25,279", "2009-06-30": "$26,351", "2009-03-31": "$26,151", "2008-12-31": "$26,585", "2008-09-30": "$26,673", "2008-06-30": "$27,274", "2008-03-31": "$27,159", "2007-12-31": "$27,000", "2007-09-30": "$27,246", "2007-06-30": "$27,792", "2007-03-31": "$27,617", "2006-12-31": "$28,115", "2006-09-30": "$10,512", "2006-06-30": "$11,005", "2006-03-31": "$10,608", "2005-12-31": "$9,889", "2005-09-30": "$8,702", "2005-06-30": "$8,800", "2005-03-31": "$9,372"}}, "total-liabilities": {"HCA Healthcare Annual Total Liabilities (Millions of US $)": {"2019": "$45,623", "2018": "$42,125", "2017": "$41,588", "2016": "$39,391", "2015": "$38,790", "2014": "$37,478", "2013": "$35,759", "2012": "$36,416", "2011": "$33,912", "2010": "$34,646", "2009": "$32,109", "2008": "$33,540", "2007": "$34,563", "2006": "$35,049", "2005": "$17,362"}, "HCA Healthcare Quarterly Total Liabilities (Millions of US $)": {"2020-09-30": "$49,717", "2020-06-30": "$48,141", "2020-03-31": "$46,124", "2019-12-31": "$45,623", "2019-09-30": "$45,359", "2019-06-30": "$47,219", "2019-03-31": "$45,634", "2018-12-31": "$42,125", "2018-09-30": "$41,774", "2018-06-30": "$41,867", "2018-03-31": "$41,733", "2017-12-31": "$41,588", "2017-09-30": "$40,797", "2017-06-30": "$39,645", "2017-03-31": "$39,152", "2016-12-31": "$39,391", "2016-09-30": "$39,290", "2016-06-30": "$39,703", "2016-03-31": "$38,775", "2015-12-31": "$38,790", "2015-09-30": "$37,708", "2015-06-30": "$37,665", "2015-03-31": "$37,510", "2014-12-31": "$37,478", "2014-09-30": "$35,843", "2014-06-30": "$36,410", "2014-03-31": "$36,276", "2013-12-31": "$35,759", "2013-09-30": "$35,437", "2013-06-30": "$35,419", "2013-03-31": "$35,894", "2012-12-31": "$36,416", "2012-09-30": "$33,865", "2012-06-30": "$34,075", "2012-03-31": "$34,463", "2011-12-31": "$33,912", "2011-09-30": "$32,818", "2011-06-30": "$31,411", "2011-03-31": "$31,597", "2010-12-31": "$34,646", "2010-09-30": "$32,495", "2010-06-30": "$32,928", "2010-03-31": "$33,389", "2009-12-31": "$32,109", "2009-09-30": "$32,409", "2009-06-30": "$32,722", "2009-03-31": "$33,153", "2008-12-31": "$33,540", "2008-09-30": "$33,937", "2008-06-30": "$34,255", "2008-03-31": "$35,018", "2007-12-31": "$34,563", "2007-09-30": "$34,499", "2007-06-30": "$34,609", "2007-03-31": "$34,759", "2006-12-31": "$35,049", "2006-09-30": "$17,999", "2006-06-30": "$18,294", "2006-03-31": "$17,860", "2005-12-31": "$17,362", "2005-09-30": "$15,677", "2005-06-30": "$15,601", "2005-03-31": "$16,358"}}, "total-share-holder-equity": {"HCA Healthcare Annual Share Holder Equity (Millions of US $)": {"2019": "$-565", "2018": "$-2,918", "2017": "$-4,995", "2016": "$-5,633", "2015": "$-6,046", "2014": "$-6,498", "2013": "$-6,928", "2012": "$-8,341", "2011": "$-7,014", "2010": "$-10,794", "2009": "$-7,978", "2008": "$-9,260", "2007": "$-10,538", "2006": "$-11,374", "2005": "$4,863"}, "HCA Healthcare Quarterly Share Holder Equity (Millions of US $)": {"2020-09-30": "$1,299", "2020-06-30": "$568", "2020-03-31": "$-703", "2019-12-31": "$-565", "2019-09-30": "$-1,447", "2019-06-30": "$-1,770", "2019-03-31": "$-2,255", "2018-12-31": "$-2,918", "2018-09-30": "$-3,730", "2018-06-30": "$-4,125", "2018-03-31": "$-4,434", "2017-12-31": "$-4,995", "2017-09-30": "$-5,066", "2017-06-30": "$-5,079", "2017-03-31": "$-5,357", "2016-12-31": "$-5,633", "2016-09-30": "$-6,163", "2016-06-30": "$-6,498", "2016-03-31": "$-5,999", "2015-12-31": "$-6,046", "2015-09-30": "$-5,812", "2015-06-30": "$-5,955", "2015-03-31": "$-6,222", "2014-12-31": "$-6,498", "2014-09-30": "$-6,018", "2014-06-30": "$-6,588", "2014-03-31": "$-6,467", "2013-12-31": "$-6,928", "2013-09-30": "$-7,044", "2013-06-30": "$-7,485", "2013-03-31": "$-8,012", "2012-12-31": "$-8,341", "2012-09-30": "$-6,563", "2012-06-30": "$-6,943", "2012-03-31": "$-7,324", "2011-12-31": "$-7,014", "2011-09-30": "$-9,062", "2011-06-30": "$-7,534", "2011-03-31": "$-7,788", "2010-12-31": "$-10,794", "2010-09-30": "$-9,242", "2010-06-30": "$-9,508", "2010-03-31": "$-9,298", "2009-12-31": "$-7,978", "2009-09-30": "$-8,289", "2009-06-30": "$-8,481", "2009-03-31": "$-8,869", "2008-12-31": "$-9,260", "2008-09-30": "$-10,144", "2008-06-30": "$-10,185", "2008-03-31": "$-10,526", "2007-12-31": "$-10,538", "2007-09-30": "$-10,722", "2007-06-30": "$-10,905", "2007-03-31": "$-11,116", "2006-12-31": "$-11,374", "2006-09-30": "$5,126", "2006-06-30": "$4,826", "2006-03-31": "$4,555", "2005-12-31": "$4,863", "2005-09-30": "$6,359", "2005-06-30": "$6,117", "2005-03-31": "$5,331"}}, "profit-margins": {"current": "7.28%"}, "gross margin": {"2020-12-31": "83.76%", "2020-09-30": "83.79%", "2020-06-30": "83.66%", "2020-03-31": "83.43%", "2019-12-31": "83.48%", "2019-09-30": "83.53%", "2019-06-30": "83.52%", "2019-03-31": "83.57%", "2018-12-31": "83.45%", "2018-09-30": "83.32%", "2018-06-30": "83.29%", "2018-03-31": "83.26%", "2017-12-31": "83.23%", "2017-09-30": "83.20%", "2017-06-30": "83.22%", "2017-03-31": "83.24%", "2016-12-31": "83.29%", "2016-09-30": "83.41%", "2016-06-30": "83.38%", "2016-03-31": "83.32%", "2015-12-31": "83.27%", "2015-09-30": "83.08%", "2015-06-30": "83.07%", "2015-03-31": "83.14%", "2014-12-31": "83.04%", "2014-09-30": "82.93%", "2014-06-30": "82.79%", "2014-03-31": "82.58%", "2013-12-31": "82.53%", "2013-09-30": "82.51%", "2013-06-30": "82.55%", "2013-03-31": "82.52%", "2012-12-31": "82.68%", "2012-09-30": "82.81%", "2012-06-30": "82.72%", "2012-03-31": "82.65%", "2011-12-31": "82.55%", "2011-09-30": "81.57%", "2011-06-30": "81.45%", "2011-03-31": "81.95%", "2010-12-31": "82.30%", "2010-09-30": "81.45%", "2010-06-30": "81.97%", "2010-03-31": "81.93%", "2009-12-31": "81.82%", "2009-09-30": "83.90%", "2009-06-30": "83.83%", "2009-03-31": "83.76%", "2008-12-31": "83.72%", "2008-09-30": "83.66%", "2008-06-30": "83.61%", "2008-03-31": "83.65%", "2007-12-31": "83.64%", "2007-09-30": "83.54%", "2007-06-30": "83.47%", "2007-03-31": "83.25%", "2006-12-31": "83.04%", "2006-09-30": "83.01%", "2006-06-30": "83.03%", "2006-03-31": "83.03%", "2005-12-31": "83.13%"}, "operating margin": {"2020-12-31": "14.20%", "2020-09-30": "13.60%", "2020-06-30": "12.68%", "2020-03-31": "13.28%", "2019-12-31": "14.14%", "2019-09-30": "14.26%", "2019-06-30": "14.37%", "2019-03-31": "14.71%", "2018-12-31": "14.29%", "2018-09-30": "14.26%", "2018-06-30": "13.89%", "2018-03-31": "13.92%", "2017-12-31": "13.99%", "2017-09-30": "14.04%", "2017-06-30": "14.71%", "2017-03-31": "14.84%", "2016-12-31": "15.07%", "2016-09-30": "15.09%", "2016-06-30": "14.92%", "2016-03-31": "15.02%", "2015-12-31": "15.15%", "2015-09-30": "14.99%", "2015-06-30": "15.33%", "2015-03-31": "15.62%", "2014-12-31": "15.19%", "2014-09-30": "14.85%", "2014-06-30": "14.58%", "2014-03-31": "14.10%", "2013-12-31": "14.10%", "2013-09-30": "14.06%", "2013-06-30": "14.09%", "2013-03-31": "13.89%", "2012-12-31": "14.70%", "2012-09-30": "15.22%", "2012-06-30": "15.40%", "2012-03-31": "15.55%", "2011-12-31": "15.48%", "2011-09-30": "15.99%", "2011-06-30": "16.02%", "2011-03-31": "15.99%", "2010-12-31": "15.86%", "2010-09-30": "16.36%", "2010-06-30": "15.68%", "2010-03-31": "15.48%", "2009-12-31": "15.11%", "2009-09-30": "13.28%", "2009-06-30": "12.78%", "2009-03-31": "11.99%", "2008-12-31": "11.13%", "2008-09-30": "10.98%", "2008-06-30": "10.88%", "2008-03-31": "11.23%", "2007-12-31": "11.79%", "2007-09-30": "12.44%", "2007-06-30": "12.39%", "2007-03-31": "12.20%", "2006-12-31": "12.09%", "2006-09-30": "11.25%", "2006-06-30": "11.49%", "2006-03-31": "11.75%", "2005-12-31": "11.90%"}, "ebitda margin": {"2020-09-30": "19.08%", "2020-06-30": "18.14%", "2020-03-31": "18.47%", "2019-12-31": "19.26%", "2019-09-30": "19.28%", "2019-06-30": "19.39%", "2019-03-31": "19.68%", "2018-12-31": "19.24%", "2018-09-30": "19.22%", "2018-06-30": "18.83%", "2018-03-31": "18.86%", "2017-12-31": "18.95%", "2017-09-30": "18.99%", "2017-06-30": "19.61%", "2017-03-31": "19.72%", "2016-12-31": "19.89%", "2016-09-30": "19.90%", "2016-06-30": "19.75%", "2016-03-31": "19.85%", "2015-12-31": "20.04%", "2015-09-30": "19.91%", "2015-06-30": "20.27%", "2015-03-31": "20.61%", "2014-12-31": "20.23%", "2014-09-30": "20.03%", "2014-06-30": "19.83%", "2014-03-31": "19.40%", "2013-12-31": "19.39%", "2013-09-30": "19.32%", "2013-06-30": "19.34%", "2013-03-31": "19.18%", "2012-12-31": "19.97%", "2012-09-30": "20.47%", "2012-06-30": "20.62%", "2012-03-31": "20.72%", "2011-12-31": "20.66%", "2011-09-30": "21.45%", "2011-06-30": "21.52%", "2011-03-31": "21.38%", "2010-12-31": "21.22%", "2010-09-30": "22.01%", "2010-06-30": "21.21%", "2010-03-31": "21.08%", "2009-12-31": "20.73%", "2009-09-30": "18.33%", "2009-06-30": "17.90%", "2009-03-31": "17.18%", "2008-12-31": "16.40%", "2008-09-30": "16.53%", "2008-06-30": "16.48%", "2008-03-31": "16.83%", "2007-12-31": "17.39%", "2007-09-30": "17.87%", "2007-06-30": "17.86%", "2007-03-31": "17.72%", "2006-12-31": "17.62%", "2006-09-30": "16.73%", "2006-06-30": "16.98%", "2006-03-31": "17.35%", "2005-12-31": "17.51%"}, "pre tax profit margin": {"2020-12-31": "10.54%", "2020-09-30": "9.78%", "2020-06-30": "9.88%", "2020-03-31": "8.89%", "2019-12-31": "10.22%", "2019-09-30": "10.23%", "2019-06-30": "10.68%", "2019-03-31": "11.00%", "2018-12-31": "11.43%", "2018-09-30": "11.36%", "2018-06-30": "10.91%", "2018-03-31": "10.93%", "2017-12-31": "10.04%", "2017-09-30": "10.70%", "2017-06-30": "11.38%", "2017-03-31": "11.42%", "2016-12-31": "11.59%", "2016-09-30": "10.46%", "2016-06-30": "10.13%", "2016-03-31": "9.87%", "2015-12-31": "9.97%", "2015-09-30": "9.91%", "2015-06-30": "10.30%", "2015-03-31": "10.27%", "2014-12-31": "9.43%", "2014-09-30": "9.17%", "2014-06-30": "8.73%", "2014-03-31": "8.64%", "2013-12-31": "8.62%", "2013-09-30": "8.00%", "2013-06-30": "8.02%", "2013-03-31": "7.78%", "2012-12-31": "8.77%", "2012-09-30": "14.82%", "2012-06-30": "13.44%", "2012-03-31": "13.06%", "2011-12-31": "12.00%", "2011-09-30": "6.03%", "2011-06-30": "7.36%", "2011-03-31": "7.40%", "2010-12-31": "7.96%", "2010-09-30": "7.98%", "2010-06-30": "7.57%", "2010-03-31": "7.69%", "2009-12-31": "7.48%", "2009-09-30": "6.50%", "2009-06-30": "5.95%", "2009-03-31": "5.04%", "2008-12-31": "4.12%", "2008-09-30": "4.82%", "2008-06-30": "5.35%", "2008-03-31": "5.25%", "2007-12-31": "5.21%", "2007-09-30": "3.93%", "2007-06-30": "4.06%", "2007-03-31": "5.25%", "2006-12-31": "6.52%", "2006-09-30": "7.86%", "2006-06-30": "8.12%", "2006-03-31": "8.54%", "2005-12-31": "8.81%"}, "net profit margin": {"2020-12-31": "7.28%", "2020-09-30": "6.70%", "2020-06-30": "6.67%", "2020-03-31": "5.90%", "2019-12-31": "6.83%", "2019-09-30": "6.98%", "2019-06-30": "7.46%", "2019-03-31": "7.71%", "2018-12-31": "8.11%", "2018-09-30": "6.96%", "2018-06-30": "6.33%", "2018-03-31": "6.08%", "2017-12-31": "5.08%", "2017-09-30": "6.24%", "2017-06-30": "6.75%", "2017-03-31": "6.82%", "2016-12-31": "6.97%", "2016-09-30": "6.21%", "2016-06-30": "5.86%", "2016-03-31": "5.54%", "2015-12-31": "5.37%", "2015-09-30": "5.31%", "2015-06-30": "5.58%", "2015-03-31": "5.61%", "2014-12-31": "5.08%", "2014-09-30": "4.91%", "2014-06-30": "4.58%", "2014-03-31": "4.51%", "2013-12-31": "4.55%", "2013-09-30": "4.28%", "2013-06-30": "4.32%", "2013-03-31": "4.26%", "2012-12-31": "4.86%", "2012-09-30": "9.97%", "2012-06-30": "9.28%", "2012-03-31": "9.01%", "2011-12-31": "8.30%", "2011-09-30": "2.93%", "2011-06-30": "3.63%", "2011-03-31": "3.80%", "2010-12-31": "4.31%", "2010-09-30": "4.29%", "2010-06-30": "4.02%", "2010-03-31": "4.02%", "2009-12-31": "3.94%", "2009-09-30": "3.75%", "2009-06-30": "3.44%", "2009-03-31": "3.01%", "2008-12-31": "2.37%", "2008-09-30": "2.41%", "2008-06-30": "3.23%", "2008-03-31": "3.16%", "2007-12-31": "3.25%", "2007-09-30": "2.71%", "2007-06-30": "2.52%", "2007-03-31": "3.25%", "2006-12-31": "4.07%", "2006-09-30": "4.92%", "2006-06-30": "5.12%", "2006-03-31": "5.63%", "2005-12-31": "5.82%"}, "pe ratio": {"current": "17.75", "2021-02-11": "25.82", "2020-12-31": "24.19", "2020-09-30": "12.58", "2020-06-30": "9.98", "2020-03-31": "10.20", "2019-12-31": "14.60", "2019-09-30": "11.95", "2019-06-30": "12.87", "2019-03-31": "12.30", "2018-12-31": "11.48", "2018-09-30": "15.25", "2018-06-30": "12.63", "2018-03-31": "12.80", "2017-12-31": "14.35", "2017-09-30": "10.99", "2017-06-30": "11.33", "2017-03-31": "11.72", "2016-12-31": "9.81", "2016-09-30": "11.60", "2016-06-30": "12.91", "2016-03-31": "14.24", "2015-12-31": "13.15", "2015-09-30": "15.71", "2015-06-30": "18.01", "2015-03-31": "15.27", "2014-12-31": "17.04", "2014-09-30": "17.50", "2014-06-30": "15.46", "2014-03-31": "15.07", "2013-12-31": "13.78", "2013-09-30": "13.30", "2013-06-30": "11.25", "2013-03-31": "12.93", "2012-12-31": "8.39", "2012-09-30": "3.95", "2012-06-30": "3.99", "2012-03-31": "3.47", "2011-12-31": "3.22"}, "price sales": {"2021-02-11": "1.17", "2020-12-31": "1.10", "2020-09-30": "0.84", "2020-06-30": "0.67", "2020-03-31": "0.60", "2019-12-31": "1.00", "2019-09-30": "0.84", "2019-06-30": "0.96", "2019-03-31": "0.95", "2018-12-31": "0.93", "2018-09-30": "1.07", "2018-06-30": "0.81", "2018-03-31": "0.79", "2017-12-31": "0.73", "2017-09-30": "0.69", "2017-06-30": "0.77", "2017-03-31": "0.81", "2016-12-31": "0.69", "2016-09-30": "0.72", "2016-06-30": "0.76", "2016-03-31": "0.80", "2015-12-31": "0.71", "2015-09-30": "0.84", "2015-06-30": "1.01", "2015-03-31": "0.86", "2014-12-31": "0.87", "2014-09-30": "0.86", "2014-06-30": "0.71", "2014-03-31": "0.68", "2013-12-31": "0.63", "2013-09-30": "0.57", "2013-06-30": "0.48", "2013-03-31": "0.55", "2012-12-31": "0.41", "2012-09-30": "0.40", "2012-06-30": "0.39", "2012-03-31": "0.34", "2011-12-31": "0.29"}, "price book": {"current": "20.52", "2021-02-11": "45.73", "2020-09-30": "32.41", "2020-06-30": "57.62", "2020-03-31": "-43.05", "2019-12-31": "-88.05", "2019-09-30": "-28.06", "2019-06-30": "-25.77", "2019-03-31": "-19.54", "2018-12-31": "-14.36", "2018-09-30": "-12.61", "2018-06-30": "-8.43", "2018-03-31": "-7.48", "2017-12-31": "-5.98", "2017-09-30": "-5.44", "2017-06-30": "-6.05", "2017-03-31": "-5.94", "2016-12-31": "-4.73", "2016-09-30": "-4.48", "2016-06-30": "-4.37", "2016-03-31": "-4.97", "2015-12-31": "-4.33", "2015-09-30": "-5.33", "2015-06-30": "-6.16", "2015-03-31": "-4.92", "2014-12-31": "-4.61", "2014-09-30": "-4.93", "2014-06-30": "-3.58", "2014-03-31": "-3.50", "2013-12-31": "-2.94", "2013-09-30": "-2.64", "2013-06-30": "-2.09", "2013-03-31": "-2.19", "2012-12-31": "-1.56", "2012-09-30": "-1.87", "2012-06-30": "-1.62", "2012-03-31": "-1.24", "2011-12-31": "-1.07", "2011-09-30": "-0.75", "2011-06-30": "-1.76", "2011-03-31": "-1.74"}, "price fcf": {"2021-02-11": "", "2020-09-30": "$34.77", "2020-06-30": "$31.25", "2020-03-31": "$10.86", "2019-12-31": "$9.89", "2019-09-30": "$9.22", "2019-06-30": "$8.86", "2019-03-31": "$7.89", "2018-12-31": "$8.97", "2018-09-30": "$8.12", "2018-06-30": "$6.44", "2018-03-31": "$6.25", "2017-12-31": "$6.48", "2017-09-30": "$6.48", "2017-06-30": "$7.03", "2017-03-31": "$7.01", "2016-12-31": "$7.31", "2016-09-30": "$7.08", "2016-06-30": "$6.99", "2016-03-31": "$6.38", "2015-12-31": "$5.53", "2015-09-30": "$5.81", "2015-06-30": "$5.82", "2015-03-31": "$6.26", "2014-12-31": "$5.04", "2014-09-30": "$4.37", "2014-06-30": "$4.06", "2014-03-31": "$3.13", "2013-12-31": "$3.76", "2013-09-30": "$3.85", "2013-06-30": "$3.24", "2013-03-31": "$4.75", "2012-12-31": "$5.03", "2012-09-30": "$5.51", "2012-06-30": "$6.10", "2012-03-31": "$4.28", "2011-12-31": "$4.54"}, "net worth": {"value": "$59.36B"}, "current ratio": {"2020-12-31": "1.42", "2020-09-30": "1.13", "2020-06-30": "1.09", "2020-03-31": "1.57", "2019-12-31": "1.44", "2019-09-30": "1.51", "2019-06-30": "1.44", "2019-03-31": "1.06", "2018-12-31": "1.35", "2018-09-30": "1.61", "2018-06-30": "1.36", "2018-03-31": "1.39", "2017-12-31": "1.62", "2017-09-30": "1.68", "2017-06-30": "1.62", "2017-03-31": "1.65", "2016-12-31": "1.56", "2016-09-30": "1.72", "2016-06-30": "1.69", "2016-03-31": "1.71", "2015-12-31": "1.67", "2015-09-30": "1.46", "2015-06-30": "1.47", "2015-03-31": "1.27", "2014-12-31": "1.63", "2014-09-30": "1.51", "2014-06-30": "1.49", "2014-03-31": "1.51", "2013-12-31": "1.41", "2013-09-30": "1.43", "2013-06-30": "1.29", "2013-03-31": "1.30", "2012-12-31": "1.26", "2012-09-30": "1.24", "2012-06-30": "1.31", "2012-03-31": "1.30", "2011-12-31": "1.30", "2011-09-30": "1.57", "2011-06-30": "1.61", "2011-03-31": "1.64", "2010-12-31": "1.62", "2010-09-30": "1.51", "2010-06-30": "1.55", "2010-03-31": "1.47", "2009-12-31": "1.53", "2009-09-30": "1.54", "2009-06-30": "1.90", "2009-03-31": "1.67", "2008-12-31": "1.61", "2008-09-30": "1.67", "2008-06-30": "1.85", "2008-03-31": "1.73", "2007-12-31": "1.61", "2007-09-30": "1.63", "2007-06-30": "1.77", "2007-03-31": "1.65", "2006-12-31": "1.70", "2006-09-30": "1.43", "2006-06-30": "1.46", "2006-03-31": "1.44", "2005-12-31": "1.34", "2005-09-30": "1.53", "2005-06-30": "1.58", "2005-03-31": "1.53"}, "quick ratio": {"2020-12-31": "1.18", "2020-09-30": "1.00", "2020-06-30": "0.95", "2020-03-31": "1.29", "2019-12-31": "1.21", "2019-09-30": "1.26", "2019-06-30": "1.23", "2019-03-31": "0.89", "2018-12-31": "1.12", "2018-09-30": "1.34", "2018-06-30": "1.15", "2018-03-31": "1.17", "2017-12-31": "1.37", "2017-09-30": "1.41", "2017-06-30": "1.35", "2017-03-31": "1.38", "2016-12-31": "1.30", "2016-09-30": "1.42", "2016-06-30": "1.41", "2016-03-31": "1.44", "2015-12-31": "1.41", "2015-09-30": "1.24", "2015-06-30": "1.26", "2015-03-31": "1.09", "2014-12-31": "1.40", "2014-09-30": "1.29", "2014-06-30": "1.28", "2014-03-31": "1.31", "2013-12-31": "1.20", "2013-09-30": "1.23", "2013-06-30": "1.10", "2013-03-31": "1.12", "2012-12-31": "1.08", "2012-09-30": "1.06", "2012-06-30": "1.12", "2012-03-31": "1.11", "2011-12-31": "1.11", "2011-09-30": "1.36", "2011-06-30": "1.40", "2011-03-31": "1.43", "2010-12-31": "1.41", "2010-09-30": "1.33", "2010-06-30": "1.36", "2010-03-31": "1.30", "2009-12-31": "1.34", "2009-09-30": "1.35", "2009-06-30": "1.68", "2009-03-31": "1.48", "2008-12-31": "1.42", "2008-09-30": "1.48", "2008-06-30": "1.64", "2008-03-31": "1.54", "2007-12-31": "1.43", "2007-09-30": "1.44", "2007-06-30": "1.57", "2007-03-31": "1.46", "2006-12-31": "1.51", "2006-09-30": "1.26", "2006-06-30": "1.30", "2006-03-31": "1.28", "2005-12-31": "1.18", "2005-09-30": "1.36", "2005-06-30": "1.40", "2005-03-31": "1.35"}, "debt equity ratio": {"current": "10.65", "2020-12-31": "15.42", "2020-09-30": "38.27", "2020-06-30": "84.76", "2020-03-31": "-65.61", "2019-12-31": "-80.75", "2019-09-30": "-31.35", "2019-06-30": "-26.68", "2019-03-31": "-20.24", "2018-12-31": "-14.44", "2018-09-30": "-11.20", "2018-06-30": "-10.15", "2018-03-31": "-9.41", "2017-12-31": "-8.33", "2017-09-30": "-8.05", "2017-06-30": "-7.81", "2017-03-31": "-7.31", "2016-12-31": "-6.99", "2016-09-30": "-6.38", "2016-06-30": "-6.11", "2016-03-31": "-6.46", "2015-12-31": "-6.42", "2015-09-30": "-6.49", "2015-06-30": "-6.33", "2015-03-31": "-6.03", "2014-12-31": "-5.77", "2014-09-30": "-5.96", "2014-06-30": "-5.53", "2014-03-31": "-5.61", "2013-12-31": "-5.16", "2013-09-30": "-5.03", "2013-06-30": "-4.73", "2013-03-31": "-4.48", "2012-12-31": "-4.37", "2012-09-30": "-5.16", "2012-06-30": "-4.91", "2012-03-31": "-4.71", "2011-12-31": "-4.84", "2011-09-30": "-3.62", "2011-06-30": "-4.17", "2011-03-31": "-4.06", "2010-12-31": "-3.21", "2010-09-30": "-3.52", "2010-06-30": "-3.46", "2010-03-31": "-3.59", "2009-12-31": "-4.03", "2009-09-30": "-3.91", "2009-06-30": "-3.86", "2009-03-31": "-3.74", "2008-12-31": "-3.62", "2008-09-30": "-3.35", "2008-06-30": "-3.36", "2008-03-31": "-3.33", "2007-12-31": "-3.28", "2007-09-30": "-3.22", "2007-06-30": "-3.17", "2007-03-31": "-3.13", "2006-12-31": "-3.08", "2006-09-30": "3.51", "2006-06-30": "3.79", "2006-03-31": "3.92", "2005-12-31": "3.57", "2005-09-30": "2.47", "2005-06-30": "2.55", "2005-03-31": "3.07"}, "return on equity": {"2020-12-31": "370.22%", "2020-09-30": "2269.78%", "2020-06-30": "-622.82%", "2020-03-31": "-271.75%", "2019-12-31": "-232.23%", "2019-09-30": "-166.77%", "2019-06-30": "-136.61%", "2019-03-31": "-113.05%", "2018-12-31": "-99.61%", "2018-09-30": "-73.99%", "2018-06-30": "-61.53%", "2018-03-31": "-55.20%", "2017-12-31": "-43.25%", "2017-09-30": "-50.38%", "2017-06-30": "-51.35%", "2017-03-31": "-48.29%", "2016-12-31": "-47.59%", "2016-09-30": "-41.32%", "2016-06-30": "-39.14%", "2016-03-31": "-37.49%", "2015-12-31": "-35.43%", "2015-09-30": "-33.88%", "2015-06-30": "-34.71%", "2015-03-31": "-33.47%", "2014-12-31": "-29.33%", "2014-09-30": "-27.26%", "2014-06-30": "-23.96%", "2014-03-31": "-22.33%", "2013-12-31": "-21.12%", "2013-09-30": "-18.73%", "2013-06-30": "-18.96%", "2013-03-31": "-18.88%", "2012-12-31": "-22.01%", "2012-09-30": "-46.34%", "2012-06-30": "-38.59%", "2012-03-31": "-35.75%", "2011-12-31": "-31.40%", "2011-09-30": "-9.24%", "2011-06-30": "-11.26%", "2011-03-31": "-11.35%", "2010-12-31": "-12.43%", "2010-09-30": "-12.66%", "2010-06-30": "-12.47%", "2010-03-31": "-12.71%", "2009-12-31": "-12.54%", "2009-09-30": "-12.77%", "2009-06-30": "-10.93%", "2009-03-31": "-8.98%", "2008-12-31": "-6.71%", "2008-09-30": "-6.52%", "2008-06-30": "-8.47%", "2008-03-31": "-8.10%", "2007-12-31": "-8.08%", "2007-09-30": "-6.51%", "2007-06-30": "-9.31%", "2007-03-31": "-26.70%", "2006-12-31": "132.27%", "2006-09-30": "25.59%", "2006-06-30": "24.83%", "2006-03-31": "25.38%", "2005-12-31": "25.13%"}, "return on assets": {"2020-12-31": "7.80%", "2020-09-30": "7.15%", "2020-06-30": "7.30%", "2020-03-31": "6.78%", "2019-12-31": "7.89%", "2019-09-30": "8.14%", "2019-06-30": "8.78%", "2019-03-31": "9.30%", "2018-12-31": "9.95%", "2018-09-30": "8.54%", "2018-06-30": "7.77%", "2018-03-31": "7.49%", "2017-12-31": "6.30%", "2017-09-30": "7.72%", "2017-06-30": "8.44%", "2017-03-31": "8.53%", "2016-12-31": "8.70%", "2016-09-30": "7.74%", "2016-06-30": "7.30%", "2016-03-31": "6.91%", "2015-12-31": "6.67%", "2015-09-30": "6.59%", "2015-06-30": "6.92%", "2015-03-31": "6.95%", "2014-12-31": "6.23%", "2014-09-30": "5.99%", "2014-06-30": "5.54%", "2014-03-31": "5.42%", "2013-12-31": "5.51%", "2013-09-30": "5.15%", "2013-06-30": "5.18%", "2013-03-31": "5.11%", "2012-12-31": "5.86%", "2012-09-30": "11.90%", "2012-06-30": "11.16%", "2012-03-31": "10.88%", "2011-12-31": "10.03%", "2011-09-30": "3.41%", "2011-06-30": "4.20%", "2011-03-31": "4.49%", "2010-12-31": "5.10%", "2010-09-30": "4.81%", "2010-06-30": "4.57%", "2010-03-31": "4.48%", "2009-12-31": "4.36%", "2009-09-30": "4.60%", "2009-06-30": "4.16%", "2009-03-31": "3.58%", "2008-12-31": "2.79%", "2008-09-30": "2.80%", "2008-06-30": "3.69%", "2008-03-31": "3.60%", "2007-12-31": "3.67%", "2007-09-30": "3.03%", "2007-06-30": "2.80%", "2007-03-31": "3.58%", "2006-12-31": "4.49%", "2006-09-30": "5.45%", "2006-06-30": "5.70%", "2006-03-31": "6.29%", "2005-12-31": "6.50%"}, "return on investments": {"2020-12-31": "22.32%", "2020-09-30": "21.17%", "2020-06-30": "19.42%", "2020-03-31": "20.80%", "2019-12-31": "22.91%", "2019-09-30": "23.26%", "2019-06-30": "23.51%", "2019-03-31": "24.56%", "2018-12-31": "23.65%", "2018-09-30": "23.50%", "2018-06-30": "22.82%", "2018-03-31": "22.67%", "2017-12-31": "22.63%", "2017-09-30": "22.72%", "2017-06-30": "24.17%", "2017-03-31": "24.54%", "2016-12-31": "25.10%", "2016-09-30": "25.22%", "2016-06-30": "25.34%", "2016-03-31": "25.87%", "2015-12-31": "26.61%", "2015-09-30": "26.40%", "2015-06-30": "26.91%", "2015-03-31": "27.27%", "2014-12-31": "25.85%", "2014-09-30": "25.29%", "2014-06-30": "24.62%", "2014-03-31": "23.87%", "2013-12-31": "24.28%", "2013-09-30": "24.38%", "2013-06-30": "24.70%", "2013-03-31": "24.25%", "2012-12-31": "25.77%", "2012-09-30": "26.33%", "2012-06-30": "26.63%", "2012-03-31": "26.77%", "2011-12-31": "26.43%", "2011-09-30": "26.16%", "2011-06-30": "26.15%", "2011-03-31": "26.92%", "2010-12-31": "27.03%", "2010-09-30": "26.40%", "2010-06-30": "25.55%", "2010-03-31": "24.38%", "2009-12-31": "23.46%", "2009-09-30": "22.72%", "2009-06-30": "21.62%", "2009-03-31": "20.16%", "2008-12-31": "18.69%", "2008-09-30": "18.43%", "2008-06-30": "17.98%", "2008-03-31": "18.45%", "2007-12-31": "19.08%", "2007-09-30": "19.76%", "2007-06-30": "19.68%", "2007-03-31": "19.42%", "2006-12-31": "19.43%", "2006-09-30": "18.44%", "2006-06-30": "18.89%", "2006-03-31": "19.37%", "2005-12-31": "19.58%"}, "return on tangible equity": {"2020-09-30": "-40.70%", "2020-06-30": "-37.41%", "2020-03-31": "-32.38%", "2019-12-31": "-36.17%", "2019-09-30": "-34.29%", "2019-06-30": "-34.16%", "2019-03-31": "-33.20%", "2018-12-31": "-33.04%", "2018-09-30": "-27.00%", "2018-06-30": "-23.72%", "2018-03-31": "-22.25%", "2017-12-31": "-18.17%", "2017-09-30": "-21.86%", "2017-06-30": "-23.23%", "2017-03-31": "-22.62%", "2016-12-31": "-22.62%", "2016-09-30": "-19.81%", "2016-06-30": "-18.68%", "2016-03-31": "-17.76%", "2015-12-31": "-16.96%", "2015-09-30": "-16.48%", "2015-06-30": "-17.18%", "2015-03-31": "-16.96%", "2014-12-31": "-15.09%", "2014-09-30": "-14.28%", "2014-06-30": "-12.80%", "2014-03-31": "-12.20%", "2013-12-31": "-11.91%", "2013-09-30": "-10.85%", "2013-06-30": "-10.98%", "2013-03-31": "-10.87%", "2012-12-31": "-12.59%", "2012-09-30": "-26.13%", "2012-06-30": "-23.83%", "2012-03-31": "-23.53%", "2011-12-31": "-22.02%", "2011-09-30": "-7.07%", "2011-06-30": "-8.64%", "2011-03-31": "-8.84%", "2010-12-31": "-9.80%", "2010-09-30": "-9.84%", "2010-06-30": "-9.63%", "2010-03-31": "-9.75%", "2009-12-31": "-9.59%", "2009-09-30": "-9.85%", "2009-06-30": "-8.53%", "2009-03-31": "-7.07%", "2008-12-31": "-5.32%", "2008-09-30": "-5.20%", "2008-06-30": "-6.77%", "2008-03-31": "-6.49%", "2007-12-31": "-6.50%", "2007-09-30": "-5.26%", "2007-06-30": "-6.78%", "2007-03-31": "-14.50%", "2006-12-31": "-55.99%", "2006-09-30": "56.25%", "2006-06-30": "50.84%", "2006-03-31": "48.83%", "2005-12-31": "46.70%"}, "dividend yield history": {"last payout": "$0.00", "last yield": "0.00%"}}