{"ticker": "HD", "price": {"title": "Home Depot Historical Annual Stock Price Data", "value": 277.06, "historical": {"2021": {"Average Stock Price": "274.5071", "Year Open": "263.9200", "Year High": "285.0800", "Year Low": "263.9200", "Year Close": "277.0600", "Annual % Change": "4.31%"}, "2020": {"Average Stock Price": "248.8543", "Year Open": "219.6600", "Year High": "291.9300", "Year Low": "152.1500", "Year Close": "265.6200", "Annual % Change": "21.63%"}, "2019": {"Average Stock Price": "207.3018", "Year Open": "172.4100", "Year High": "238.8500", "Year Low": "168.6100", "Year Close": "218.3800", "Annual % Change": "27.10%"}, "2018": {"Average Stock Price": "188.7681", "Year Open": "188.0300", "Year High": "213.8500", "Year Low": "158.1400", "Year Close": "171.8200", "Annual % Change": "-9.34%"}, "2017": {"Average Stock Price": "155.3428", "Year Open": "134.3100", "Year High": "190.3600", "Year Low": "133.5300", "Year Close": "189.5300", "Annual % Change": "41.36%"}, "2016": {"Average Stock Price": "129.8203", "Year Open": "131.0700", "Year High": "138.7700", "Year Low": "111.8500", "Year Close": "134.0800", "Annual % Change": "1.38%"}, "2015": {"Average Stock Price": "116.3825", "Year Open": "103.4300", "Year High": "134.7400", "Year Low": "100.9500", "Year Close": "132.2500", "Annual % Change": "25.99%"}, "2014": {"Average Stock Price": "85.4280", "Year Open": "82.0200", "Year High": "104.9700", "Year Low": "74.9700", "Year Close": "104.9700", "Annual % Change": "27.48%"}, "2013": {"Average Stock Price": "74.4693", "Year Open": "63.4800", "Year High": "82.3400", "Year Low": "62.8412", "Year Close": "82.3400", "Annual % Change": "33.13%"}, "2012": {"Average Stock Price": "53.5587", "Year Open": "42.1400", "Year High": "65.0700", "Year Low": "42.1400", "Year Close": "61.8500", "Annual % Change": "47.12%"}, "2011": {"Average Stock Price": "36.1415", "Year Open": "35.3100", "Year High": "42.2200", "Year Low": "28.5100", "Year Close": "42.0400", "Annual % Change": "19.91%"}, "2010": {"Average Stock Price": "31.2160", "Year Open": "28.6700", "Year High": "36.4900", "Year Low": "27.0700", "Year Close": "35.0600", "Annual % Change": "21.19%"}, "2009": {"Average Stock Price": "25.0102", "Year Open": "24.1300", "Year High": "29.2900", "Year Low": "18.0000", "Year Close": "28.9300", "Annual % Change": "25.67%"}, "2008": {"Average Stock Price": "25.6533", "Year Open": "26.1100", "Year High": "30.6400", "Year Low": "18.5100", "Year Close": "23.0200", "Annual % Change": "-14.55%"}, "2007": {"Average Stock Price": "36.0962", "Year Open": "41.0700", "Year High": "41.7600", "Year Low": "25.9400", "Year Close": "26.9400", "Annual % Change": "-32.92%"}, "2006": {"Average Stock Price": "38.2587", "Year Open": "41.2400", "Year High": "43.8100", "Year Low": "33.1300", "Year Close": "40.1600", "Annual % Change": "-0.79%"}, "2005": {"Average Stock Price": "40.1035", "Year Open": "43.1000", "Year High": "43.9500", "Year Low": "35.0900", "Year Close": "40.4800", "Annual % Change": "-5.29%"}, "2004": {"Average Stock Price": "37.2034", "Year Open": "35.0200", "Year High": "43.7900", "Year Low": "32.8800", "Year Close": "42.7400", "Annual % Change": "20.43%"}, "2003": {"Average Stock Price": "30.2037", "Year Open": "24.8800", "Year High": "37.5200", "Year Low": "20.1000", "Year Close": "35.4900", "Annual % Change": "47.75%"}, "2002": {"Average Stock Price": "37.6407", "Year Open": "50.3900", "Year High": "52.0700", "Year Low": "23.6600", "Year Close": "24.0200", "Annual % Change": "-52.91%"}, "2001": {"Average Stock Price": "45.6795", "Year Open": "45.5600", "Year High": "53.4500", "Year Low": "32.8000", "Year Close": "51.0100", "Annual % Change": "11.64%"}, "2000": {"Average Stock Price": "52.2647", "Year Open": "65.1900", "Year High": "68.5000", "Year Low": "34.8800", "Year Close": "45.6900", "Annual % Change": "-33.54%"}, "1999": {"Average Stock Price": "44.3072", "Year Open": "39.2067", "Year High": "68.7500", "Year Low": "36.0267", "Year Close": "68.7500", "Annual % Change": "68.53%"}, "1998": {"Average Stock Price": "26.7281", "Year Open": "19.5000", "Year High": "41.0400", "Year Low": "18.7933", "Year Close": "40.7933", "Annual % Change": "107.85%"}, "1997": {"Average Stock Price": "15.1303", "Year Open": "10.9178", "Year High": "19.9800", "Year Low": "10.6667", "Year Close": "19.6267", "Annual % Change": "76.18%"}, "1996": {"Average Stock Price": "11.3476", "Year Open": "10.5289", "Year High": "13.0000", "Year Low": "9.2222", "Year Close": "11.1400", "Annual % Change": "4.98%"}, "1995": {"Average Stock Price": "9.5501", "Year Open": "10.0844", "Year High": "11.0556", "Year Low": "8.1667", "Year Close": "10.6111", "Annual % Change": "3.80%"}, "1994": {"Average Stock Price": "9.5091", "Year Open": "8.6111", "Year High": "10.6111", "Year Low": "8.1400", "Year Close": "10.2222", "Annual % Change": "16.46%"}, "1993": {"Average Stock Price": "9.6711", "Year Open": "10.9369", "Year High": "11.1253", "Year Low": "7.8889", "Year Close": "8.7778", "Annual % Change": "-21.98%"}, "1992": {"Average Stock Price": "8.2727", "Year Open": "7.6113", "Year High": "11.3553", "Year Low": "6.7357", "Year Close": "11.2503", "Annual % Change": "50.29%"}, "1991": {"Average Stock Price": "5.0394", "Year Open": "2.8238", "Year High": "7.6946", "Year Low": "2.6112", "Year Close": "7.4857", "Annual % Change": "161.66%"}, "1990": {"Average Stock Price": "2.4241", "Year Open": "1.8642", "Year High": "3.2312", "Year Low": "1.7284", "Year Close": "2.8608", "Annual % Change": "58.20%"}, "1989": {"Average Stock Price": "1.4328", "Year Open": "1.0246", "Year High": "1.8830", "Year Low": "0.9548", "Year Close": "1.8084", "Annual % Change": "73.72%"}, "1988": {"Average Stock Price": "0.8483", "Year Open": "0.6542", "Year High": "1.0410", "Year Low": "0.5722", "Year Close": "1.0410", "Annual % Change": "68.64%"}, "1987": {"Average Stock Price": "0.6582", "Year Open": "0.3951", "Year High": "0.9109", "Year Low": "0.3951", "Year Close": "0.6173", "Annual % Change": "57.31%"}, "1986": {"Average Stock Price": "0.3763", "Year Open": "0.2798", "Year High": "0.4774", "Year Low": "0.2414", "Year Close": "0.3924", "Annual % Change": "43.00%"}, "1985": {"Average Stock Price": "0.3200", "Year Open": "0.3760", "Year High": "0.4390", "Year Low": "0.2333", "Year Close": "0.2744", "Annual % Change": "-29.57%"}, "1984": {"Average Stock Price": "0.4013", "Year Open": "0.5487", "Year High": "0.5900", "Year Low": "0.2744", "Year Close": "0.3896", "Annual % Change": "-32.71%"}, "1983": {"Average Stock Price": "0.4969", "Year Open": "0.2702", "Year High": "0.6914", "Year Low": "0.2606", "Year Close": "0.5790", "Annual % Change": "114.29%"}, "1982": {"Average Stock Price": "0.1229", "Year Open": "0.0501", "Year High": "0.3197", "Year Low": "0.0499", "Year Close": "0.2702", "Annual % Change": "439.32%"}}}, "market cap": {"value": "$297.97B"}, "income statement": {"Revenue": {"2020-01-31": "110225.00000", "2019-01-31": "108203.00000", "2018-01-31": "100904.00000", "2017-01-31": "94595.00000", "2016-01-31": "88519.00000", "2015-01-31": "83176.00000", "2014-01-31": "78812.00000", "2013-01-31": "74754.00000", "2012-01-31": "70395.00000", "2011-01-31": "67997.00000", "2010-01-31": "66176.00000", "2009-01-31": "71288.00000", "2008-01-31": "77349.00000", "2007-01-31": "79022.00000", "2006-01-31": "77019.00000", "2005-01-31": "73094.00000"}, "Cost Of Goods Sold": {"2020-01-31": "72653.00000", "2019-01-31": "71043.00000", "2018-01-31": "66548.00000", "2017-01-31": "62282.00000", "2016-01-31": "58254.00000", "2015-01-31": "54787.00000", "2014-01-31": "51897.00000", "2013-01-31": "48912.00000", "2012-01-31": "46133.00000", "2011-01-31": "44693.00000", "2010-01-31": "43764.00000", "2009-01-31": "47298.00000", "2008-01-31": "51352.00000", "2007-01-31": "52476.00000", "2006-01-31": "51081.00000", "2005-01-31": "48664.00000"}, "Gross Profit": {"2020-01-31": "37572.00000", "2019-01-31": "37160.00000", "2018-01-31": "34356.00000", "2017-01-31": "32313.00000", "2016-01-31": "30265.00000", "2015-01-31": "28389.00000", "2014-01-31": "26915.00000", "2013-01-31": "25842.00000", "2012-01-31": "24262.00000", "2011-01-31": "23304.00000", "2010-01-31": "22412.00000", "2009-01-31": "23990.00000", "2008-01-31": "25997.00000", "2007-01-31": "26546.00000", "2006-01-31": "25938.00000", "2005-01-31": "24430.00000"}, "Research And Development Expenses": {"2020-01-31": "", "2019-01-31": "", "2018-01-31": "", "2017-01-31": "", "2016-01-31": "", "2015-01-31": "", "2014-01-31": "", "2013-01-31": "", "2012-01-31": "", "2011-01-31": "", "2010-01-31": "", "2009-01-31": "", "2008-01-31": "", "2007-01-31": "", "2006-01-31": "", "2005-01-31": ""}, "SG&A Expenses": {"2020-01-31": "19740.00000", "2019-01-31": "19513.00000", "2018-01-31": "17864.00000", "2017-01-31": "17132.00000", "2016-01-31": "16801.00000", "2015-01-31": "16280.00000", "2014-01-31": "16122.00000", "2013-01-31": "16508.00000", "2012-01-31": "16028.00000", "2011-01-31": "15849.00000", "2010-01-31": "15902.00000", "2009-01-31": "17846.00000", "2008-01-31": "17053.00000", "2007-01-31": "16106.00000", "2006-01-31": "15480.00000", "2005-01-31": "15256.00000"}, "Other Operating Income Or Expenses": {"2020-01-31": "", "2019-01-31": "-247.00000", "2018-01-31": "", "2017-01-31": "0.00000", "2016-01-31": "", "2015-01-31": "", "2014-01-31": "", "2013-01-31": "", "2012-01-31": "", "2011-01-31": "", "2010-01-31": "", "2009-01-31": "", "2008-01-31": "", "2007-01-31": "", "2006-01-31": "", "2005-01-31": ""}, "Operating Expenses": {"2020-01-31": "94382.00000", "2019-01-31": "92673.00000", "2018-01-31": "86223.00000", "2017-01-31": "81168.00000", "2016-01-31": "76745.00000", "2015-01-31": "72707.00000", "2014-01-31": "69646.00000", "2013-01-31": "66988.00000", "2012-01-31": "63734.00000", "2011-01-31": "62158.00000", "2010-01-31": "61373.00000", "2009-01-31": "66929.00000", "2008-01-31": "70107.00000", "2007-01-31": "70156.00000", "2006-01-31": "67972.00000", "2005-01-31": "65168.00000"}, "Operating Income": {"2020-01-31": "15843.00000", "2019-01-31": "15530.00000", "2018-01-31": "14681.00000", "2017-01-31": "13427.00000", "2016-01-31": "11774.00000", "2015-01-31": "10469.00000", "2014-01-31": "9166.00000", "2013-01-31": "7766.00000", "2012-01-31": "6661.00000", "2011-01-31": "5839.00000", "2010-01-31": "4803.00000", "2009-01-31": "4359.00000", "2008-01-31": "7242.00000", "2007-01-31": "8866.00000", "2006-01-31": "9047.00000", "2005-01-31": "7926.00000"}, "Total Non-Operating Income/Expense": {"2020-01-31": "-1128.00000", "2019-01-31": "-974.00000", "2018-01-31": "-983.00000", "2017-01-31": "-936.00000", "2016-01-31": "-753.00000", "2015-01-31": "-493.00000", "2014-01-31": "-699.00000", "2013-01-31": "-545.00000", "2012-01-31": "-593.00000", "2011-01-31": "-566.00000", "2010-01-31": "-821.00000", "2009-01-31": "-769.00000", "2008-01-31": "-622.00000", "2007-01-31": "-364.00000", "2006-01-31": "-80.00000", "2005-01-31": "-14.00000"}, "Pre-Tax Income": {"2020-01-31": "14715.00000", "2019-01-31": "14556.00000", "2018-01-31": "13698.00000", "2017-01-31": "12491.00000", "2016-01-31": "11021.00000", "2015-01-31": "9976.00000", "2014-01-31": "8467.00000", "2013-01-31": "7221.00000", "2012-01-31": "6068.00000", "2011-01-31": "5273.00000", "2010-01-31": "3982.00000", "2009-01-31": "3590.00000", "2008-01-31": "6620.00000", "2007-01-31": "8502.00000", "2006-01-31": "8967.00000", "2005-01-31": "7912.00000"}, "Income Taxes": {"2020-01-31": "3473.00000", "2019-01-31": "3435.00000", "2018-01-31": "5068.00000", "2017-01-31": "4534.00000", "2016-01-31": "4012.00000", "2015-01-31": "3631.00000", "2014-01-31": "3082.00000", "2013-01-31": "2686.00000", "2012-01-31": "2185.00000", "2011-01-31": "1935.00000", "2010-01-31": "1362.00000", "2009-01-31": "1278.00000", "2008-01-31": "2410.00000", "2007-01-31": "3236.00000", "2006-01-31": "3326.00000", "2005-01-31": "2911.00000"}, "Income After Taxes": {"2020-01-31": "11242.00000", "2019-01-31": "11121.00000", "2018-01-31": "8630.00000", "2017-01-31": "7957.00000", "2016-01-31": "7009.00000", "2015-01-31": "6345.00000", "2014-01-31": "5385.00000", "2013-01-31": "4535.00000", "2012-01-31": "3883.00000", "2011-01-31": "3338.00000", "2010-01-31": "2620.00000", "2009-01-31": "2312.00000", "2008-01-31": "4210.00000", "2007-01-31": "5266.00000", "2006-01-31": "5641.00000", "2005-01-31": "5001.00000"}, "Other Income": {"2020-01-31": "", "2019-01-31": "", "2018-01-31": "", "2017-01-31": "", "2016-01-31": "", "2015-01-31": "", "2014-01-31": "", "2013-01-31": "", "2012-01-31": "", "2011-01-31": "", "2010-01-31": "", "2009-01-31": "", "2008-01-31": "", "2007-01-31": "", "2006-01-31": "", "2005-01-31": ""}, "Income From Continuous Operations": {"2020-01-31": "11242.00000", "2019-01-31": "11121.00000", "2018-01-31": "8630.00000", "2017-01-31": "7957.00000", "2016-01-31": "7009.00000", "2015-01-31": "6345.00000", "2014-01-31": "5385.00000", "2013-01-31": "4535.00000", "2012-01-31": "3883.00000", "2011-01-31": "3338.00000", "2010-01-31": "2620.00000", "2009-01-31": "2312.00000", "2008-01-31": "4210.00000", "2007-01-31": "5266.00000", "2006-01-31": "5641.00000", "2005-01-31": "5001.00000"}, "Income From Discontinued Operations": {"2020-01-31": "", "2019-01-31": "", "2018-01-31": "", "2017-01-31": "", "2016-01-31": "", "2015-01-31": "", "2014-01-31": "", "2013-01-31": "", "2012-01-31": "", "2011-01-31": "", "2010-01-31": "41.00000", "2009-01-31": "-52.00000", "2008-01-31": "185.00000", "2007-01-31": "495.00000", "2006-01-31": "197.00000", "2005-01-31": ""}, "Net Income": {"2020-01-31": "11242.00000", "2019-01-31": "11121.00000", "2018-01-31": "8630.00000", "2017-01-31": "7957.00000", "2016-01-31": "7009.00000", "2015-01-31": "6345.00000", "2014-01-31": "5385.00000", "2013-01-31": "4535.00000", "2012-01-31": "3883.00000", "2011-01-31": "3338.00000", "2010-01-31": "2661.00000", "2009-01-31": "2260.00000", "2008-01-31": "4395.00000", "2007-01-31": "5761.00000", "2006-01-31": "5838.00000", "2005-01-31": "5001.00000"}, "EBITDA": {"2020-01-31": "18139.00000", "2019-01-31": "17682.00000", "2018-01-31": "16743.00000", "2017-01-31": "15400.00000", "2016-01-31": "13637.00000", "2015-01-31": "12255.00000", "2014-01-31": "10923.00000", "2013-01-31": "9450.00000", "2012-01-31": "8343.00000", "2011-01-31": "7557.00000", "2010-01-31": "6609.00000", "2009-01-31": "6261.00000", "2008-01-31": "9148.00000", "2007-01-31": "10752.00000", "2006-01-31": "10626.00000", "2005-01-31": "9245.00000"}, "EBIT": {"2020-01-31": "15843.00000", "2019-01-31": "15530.00000", "2018-01-31": "14681.00000", "2017-01-31": "13427.00000", "2016-01-31": "11774.00000", "2015-01-31": "10469.00000", "2014-01-31": "9166.00000", "2013-01-31": "7766.00000", "2012-01-31": "6661.00000", "2011-01-31": "5839.00000", "2010-01-31": "4803.00000", "2009-01-31": "4359.00000", "2008-01-31": "7242.00000", "2007-01-31": "8866.00000", "2006-01-31": "9047.00000", "2005-01-31": "7926.00000"}, "Basic Shares Outstanding": {"2020-01-31": "1093.00000", "2019-01-31": "1137.00000", "2018-01-31": "1178.00000", "2017-01-31": "1229.00000", "2016-01-31": "1277.00000", "2015-01-31": "1338.00000", "2014-01-31": "1425.00000", "2013-01-31": "1499.00000", "2012-01-31": "1562.00000", "2011-01-31": "1648.00000", "2010-01-31": "1683.00000", "2009-01-31": "1682.00000", "2008-01-31": "1849.00000", "2007-01-31": "2054.00000", "2006-01-31": "2138.00000", "2005-01-31": "2207.00000"}, "Shares Outstanding": {"2020-01-31": "1097.00000", "2019-01-31": "1143.00000", "2018-01-31": "1184.00000", "2017-01-31": "1234.00000", "2016-01-31": "1283.00000", "2015-01-31": "1346.00000", "2014-01-31": "1434.00000", "2013-01-31": "1511.00000", "2012-01-31": "1570.00000", "2011-01-31": "1658.00000", "2010-01-31": "1692.00000", "2009-01-31": "1686.00000", "2008-01-31": "1856.00000", "2007-01-31": "2062.00000", "2006-01-31": "2147.00000", "2005-01-31": "2216.00000"}, "Basic EPS": {"2020-01-31": "10.29000", "2019-01-31": "9.78000", "2018-01-31": "7.33000", "2017-01-31": "6.47000", "2016-01-31": "5.49000", "2015-01-31": "4.74000", "2014-01-31": "3.78000", "2013-01-31": "3.03000", "2012-01-31": "2.49000", "2011-01-31": "2.03000", "2010-01-31": "1.58000", "2009-01-31": "1.34000", "2008-01-31": "2.38000", "2007-01-31": "2.80000", "2006-01-31": "2.73000", "2005-01-31": "2.27000"}, "EPS - Earnings Per Share": {"2020-01-31": "10.25000", "2019-01-31": "9.73000", "2018-01-31": "7.29000", "2017-01-31": "6.45000", "2016-01-31": "5.46000", "2015-01-31": "4.71000", "2014-01-31": "3.76000", "2013-01-31": "3.00000", "2012-01-31": "2.47000", "2011-01-31": "2.01000", "2010-01-31": "1.57000", "2009-01-31": "1.34000", "2008-01-31": "2.37000", "2007-01-31": "2.79000", "2006-01-31": "2.72000", "2005-01-31": "2.26000"}}, "income statement, quarterly": {"Revenue": {"2020-10-31": "33536.00000", "2020-07-31": "38053.00000", "2020-04-30": "28260.00000", "2020-01-31": "25782.00000", "2019-10-31": "27223.00000", "2019-07-31": "30839.00000", "2019-04-30": "26381.00000", "2019-01-31": "26491.00000", "2018-10-31": "26302.00000", "2018-07-31": "30463.00000", "2018-04-30": "24947.00000", "2018-01-31": "23883.00000", "2017-10-31": "25026.00000", "2017-07-31": "28108.00000", "2017-04-30": "23887.00000", "2017-01-31": "22207.00000", "2016-10-31": "23154.00000", "2016-07-31": "26472.00000", "2016-04-30": "22762.00000", "2016-01-31": "20980.00000", "2015-10-31": "21819.00000", "2015-07-31": "24829.00000", "2015-04-30": "20891.00000", "2015-01-31": "19162.00000", "2014-10-31": "20516.00000", "2014-07-31": "23811.00000", "2014-04-30": "19687.00000", "2014-01-31": "17696.00000", "2013-10-31": "19470.00000", "2013-07-31": "22522.00000", "2013-04-30": "19124.00000", "2013-01-31": "18246.00000", "2012-10-31": "18130.00000", "2012-07-31": "20570.00000", "2012-04-30": "17808.00000", "2012-01-31": "16014.00000", "2011-10-31": "17326.00000", "2011-07-31": "20232.00000", "2011-04-30": "16823.00000", "2011-01-31": "15126.00000", "2010-10-31": "16598.00000", "2010-07-31": "19410.00000", "2010-04-30": "16863.00000", "2010-01-31": "14569.00000", "2009-10-31": "16361.00000", "2009-07-31": "19071.00000", "2009-04-30": "16175.00000", "2009-01-31": "14607.00000", "2008-10-31": "17784.00000", "2008-07-31": "20990.00000", "2008-04-30": "17907.00000", "2008-01-31": "17659.00000", "2007-10-31": "18961.00000", "2007-07-31": "22184.00000", "2007-04-30": "18545.00000", "2007-01-31": "15321.00000", "2006-10-31": "19648.00000", "2006-07-31": "22592.00000", "2006-04-30": "21461.00000", "2006-01-31": "14997.00000", "2005-10-31": "20744.00000", "2005-07-31": "22305.00000", "2005-04-30": "18973.00000", "2005-01-31": "16812.00000"}, "Cost Of Goods Sold": {"2020-10-31": "22080.00000", "2020-07-31": "25112.00000", "2020-04-30": "18635.00000", "2020-01-31": "17046.00000", "2019-10-31": "17836.00000", "2019-07-31": "20407.00000", "2019-04-30": "17364.00000", "2019-01-31": "17464.00000", "2018-10-31": "17151.00000", "2018-07-31": "20098.00000", "2018-04-30": "16330.00000", "2018-01-31": "15790.00000", "2017-10-31": "16378.00000", "2017-07-31": "18647.00000", "2017-04-30": "15733.00000", "2017-01-31": "14654.00000", "2016-10-31": "15112.00000", "2016-07-31": "17545.00000", "2016-04-30": "14971.00000", "2016-01-31": "13824.00000", "2015-10-31": "14254.00000", "2015-07-31": "16464.00000", "2015-04-30": "13712.00000", "2015-01-31": "12580.00000", "2014-10-31": "13473.00000", "2014-07-31": "15804.00000", "2014-04-30": "12930.00000", "2014-01-31": "11979.00000", "2013-10-31": "12672.00000", "2013-07-31": "14801.00000", "2013-04-30": "12445.00000", "2013-01-31": "11880.00000", "2012-10-31": "11863.00000", "2012-07-31": "13544.00000", "2012-04-30": "11625.00000", "2012-01-31": "10417.00000", "2011-10-31": "11365.00000", "2011-07-31": "13356.00000", "2011-04-30": "10995.00000", "2011-01-31": "9883.00000", "2010-10-31": "10913.00000", "2010-07-31": "12828.00000", "2010-04-30": "11069.00000", "2010-01-31": "9556.00000", "2009-10-31": "10800.00000", "2009-07-31": "12683.00000", "2009-04-30": "10725.00000", "2009-01-31": "9647.00000", "2008-10-31": "11790.00000", "2008-07-31": "14026.00000", "2008-04-30": "11835.00000", "2008-01-31": "11605.00000", "2007-10-31": "12622.00000", "2007-07-31": "14843.00000", "2007-04-30": "12282.00000", "2007-01-31": "10063.00000", "2006-10-31": "13044.00000", "2006-07-31": "15136.00000", "2006-04-30": "14233.00000", "2006-01-31": "9786.00000", "2005-10-31": "13781.00000", "2005-07-31": "14896.00000", "2005-04-30": "12618.00000", "2005-01-31": "11063.00000"}, "Gross Profit": {"2020-10-31": "11456.00000", "2020-07-31": "12941.00000", "2020-04-30": "9625.00000", "2020-01-31": "8736.00000", "2019-10-31": "9387.00000", "2019-07-31": "10432.00000", "2019-04-30": "9017.00000", "2019-01-31": "9027.00000", "2018-10-31": "9151.00000", "2018-07-31": "10365.00000", "2018-04-30": "8617.00000", "2018-01-31": "8093.00000", "2017-10-31": "8648.00000", "2017-07-31": "9461.00000", "2017-04-30": "8154.00000", "2017-01-31": "7553.00000", "2016-10-31": "8042.00000", "2016-07-31": "8927.00000", "2016-04-30": "7791.00000", "2016-01-31": "7156.00000", "2015-10-31": "7565.00000", "2015-07-31": "8365.00000", "2015-04-30": "7179.00000", "2015-01-31": "6582.00000", "2014-10-31": "7043.00000", "2014-07-31": "8007.00000", "2014-04-30": "6757.00000", "2014-01-31": "5717.00000", "2013-10-31": "6798.00000", "2013-07-31": "7721.00000", "2013-04-30": "6679.00000", "2013-01-31": "6366.00000", "2012-10-31": "6267.00000", "2012-07-31": "7026.00000", "2012-04-30": "6183.00000", "2012-01-31": "5597.00000", "2011-10-31": "5961.00000", "2011-07-31": "6876.00000", "2011-04-30": "5828.00000", "2011-01-31": "5243.00000", "2010-10-31": "5685.00000", "2010-07-31": "6582.00000", "2010-04-30": "5794.00000", "2010-01-31": "5013.00000", "2009-10-31": "5561.00000", "2009-07-31": "6388.00000", "2009-04-30": "5450.00000", "2009-01-31": "4960.00000", "2008-10-31": "5994.00000", "2008-07-31": "6964.00000", "2008-04-30": "6072.00000", "2008-01-31": "6054.00000", "2007-10-31": "6339.00000", "2007-07-31": "7341.00000", "2007-04-30": "6263.00000", "2007-01-31": "5258.00000", "2006-10-31": "6604.00000", "2006-07-31": "7456.00000", "2006-04-30": "7228.00000", "2006-01-31": "5211.00000", "2005-10-31": "6963.00000", "2005-07-31": "7409.00000", "2005-04-30": "6355.00000", "2005-01-31": "5749.00000"}, "Research And Development Expenses": {"2020-10-31": "", "2020-07-31": "", "2020-04-30": "", "2020-01-31": "", "2019-10-31": "", "2019-07-31": "", "2019-04-30": "", "2019-01-31": "", "2018-10-31": "", "2018-07-31": "", "2018-04-30": "", "2018-01-31": "", "2017-10-31": "", "2017-07-31": "", "2017-04-30": "", "2017-01-31": "", "2016-10-31": "", "2016-07-31": "", "2016-04-30": "", "2016-01-31": "", "2015-10-31": "", "2015-07-31": "", "2015-04-30": "", "2015-01-31": "", "2014-10-31": "", "2014-07-31": "", "2014-04-30": "", "2014-01-31": "", "2013-10-31": "", "2013-07-31": "", "2013-04-30": "", "2013-01-31": "", "2012-10-31": "", "2012-07-31": "", "2012-04-30": "", "2012-01-31": "", "2011-10-31": "", "2011-07-31": "", "2011-04-30": "", "2011-01-31": "", "2010-10-31": "", "2010-07-31": "", "2010-04-30": "", "2010-01-31": "", "2009-10-31": "", "2009-07-31": "", "2009-04-30": "", "2009-01-31": "", "2008-10-31": "", "2008-07-31": "", "2008-04-30": "", "2008-01-31": "", "2007-10-31": "", "2007-07-31": "", "2007-04-30": "", "2007-01-31": "", "2006-10-31": "", "2006-07-31": "", "2006-04-30": "", "2006-01-31": "", "2005-10-31": "", "2005-07-31": "", "2005-04-30": "", "2005-01-31": ""}, "SG&A Expenses": {"2020-10-31": "6076.00000", "2020-07-31": "6355.00000", "2020-04-30": "5829.00000", "2020-01-31": "4814.00000", "2019-10-31": "4942.00000", "2019-07-31": "5044.00000", "2019-04-30": "4940.00000", "2019-01-31": "4922.00000", "2018-10-31": "4808.00000", "2018-07-31": "5004.00000", "2018-04-30": "4779.00000", "2018-01-31": "4440.00000", "2017-10-31": "4514.00000", "2017-07-31": "4549.00000", "2017-04-30": "4361.00000", "2017-01-31": "4183.00000", "2016-10-31": "4280.00000", "2016-07-31": "4388.00000", "2016-04-30": "4281.00000", "2016-01-31": "4178.00000", "2015-10-31": "4161.00000", "2015-07-31": "4299.00000", "2015-04-30": "4163.00000", "2015-01-31": "3987.00000", "2014-10-31": "4080.00000", "2014-07-31": "4146.00000", "2014-04-30": "4067.00000", "2014-01-31": "3549.00000", "2013-10-31": "4096.00000", "2013-07-31": "4294.00000", "2013-04-30": "4183.00000", "2013-01-31": "4217.00000", "2012-10-31": "4139.00000", "2012-07-31": "4066.00000", "2012-04-30": "4086.00000", "2012-01-31": "3877.00000", "2011-10-31": "3956.00000", "2011-07-31": "4186.00000", "2011-04-30": "4009.00000", "2011-01-31": "3807.00000", "2010-10-31": "3837.00000", "2010-07-31": "4127.00000", "2010-04-30": "4078.00000", "2010-01-31": "3869.00000", "2009-10-31": "3870.00000", "2009-07-31": "4121.00000", "2009-04-30": "4042.00000", "2009-01-31": "4251.00000", "2008-10-31": "4225.00000", "2008-07-31": "4470.00000", "2008-04-30": "4900.00000", "2008-01-31": "4353.00000", "2007-10-31": "4144.00000", "2007-07-31": "4370.00000", "2007-04-30": "4186.00000", "2007-01-31": "3593.00000", "2006-10-31": "3981.00000", "2006-07-31": "4146.00000", "2006-04-30": "4386.00000", "2006-01-31": "3127.00000", "2005-10-31": "4119.00000", "2005-07-31": "4217.00000", "2005-04-30": "4017.00000", "2005-01-31": "3748.00000"}, "Other Operating Income Or Expenses": {"2020-10-31": "", "2020-07-31": "", "2020-04-30": "", "2020-01-31": "", "2019-10-31": "", "2019-07-31": "", "2019-04-30": "", "2019-01-31": "", "2018-10-31": "", "2018-07-31": "", "2018-04-30": "", "2018-01-31": "", "2017-10-31": "", "2017-07-31": "", "2017-04-30": "", "2017-01-31": "", "2016-10-31": "", "2016-07-31": "", "2016-04-30": "", "2016-01-31": "", "2015-10-31": "", "2015-07-31": "", "2015-04-30": "", "2015-01-31": "", "2014-10-31": "", "2014-07-31": "", "2014-04-30": "", "2014-01-31": "", "2013-10-31": "", "2013-07-31": "", "2013-04-30": "", "2013-01-31": "", "2012-10-31": "", "2012-07-31": "", "2012-04-30": "", "2012-01-31": "", "2011-10-31": "", "2011-07-31": "", "2011-04-30": "", "2011-01-31": "", "2010-10-31": "", "2010-07-31": "", "2010-04-30": "", "2010-01-31": "", "2009-10-31": "", "2009-07-31": "", "2009-04-30": "", "2009-01-31": "", "2008-10-31": "", "2008-07-31": "", "2008-04-30": "", "2008-01-31": "", "2007-10-31": "", "2007-07-31": "", "2007-04-30": "", "2007-01-31": "", "2006-10-31": "", "2006-07-31": "", "2006-04-30": "", "2006-01-31": "", "2005-10-31": "", "2005-07-31": "", "2005-04-30": "", "2005-01-31": ""}, "Operating Expenses": {"2020-10-31": "28684.00000", "2020-07-31": "31986.00000", "2020-04-30": "24984.00000", "2020-01-31": "22379.00000", "2019-10-31": "23276.00000", "2019-07-31": "25943.00000", "2019-04-30": "22784.00000", "2019-01-31": "23113.00000", "2018-10-31": "22432.00000", "2018-07-31": "25562.00000", "2018-04-30": "21566.00000", "2018-01-31": "20694.00000", "2017-10-31": "21346.00000", "2017-07-31": "23645.00000", "2017-04-30": "20538.00000", "2017-01-31": "19280.00000", "2016-10-31": "19834.00000", "2016-07-31": "22369.00000", "2016-04-30": "19685.00000", "2016-01-31": "18431.00000", "2015-10-31": "18838.00000", "2015-07-31": "21182.00000", "2015-04-30": "18294.00000", "2015-01-31": "16971.00000", "2014-10-31": "17963.00000", "2014-07-31": "20363.00000", "2014-04-30": "17410.00000", "2014-01-31": "15935.00000", "2013-10-31": "17177.00000", "2013-07-31": "19504.00000", "2013-04-30": "17030.00000", "2013-01-31": "16496.00000", "2012-10-31": "16397.00000", "2012-07-31": "18001.00000", "2012-04-30": "16094.00000", "2012-01-31": "14684.00000", "2011-10-31": "15711.00000", "2011-07-31": "17938.00000", "2011-04-30": "15401.00000", "2011-01-31": "14089.00000", "2010-10-31": "15150.00000", "2010-07-31": "17361.00000", "2010-04-30": "15558.00000", "2010-01-31": "13842.00000", "2009-10-31": "15098.00000", "2009-07-31": "17238.00000", "2009-04-30": "15195.00000", "2009-01-31": "14341.00000", "2008-10-31": "16461.00000", "2008-07-31": "18948.00000", "2008-04-30": "17179.00000", "2008-01-31": "16410.00000", "2007-10-31": "17197.00000", "2007-07-31": "19627.00000", "2007-04-30": "16873.00000", "2007-01-31": "14014.00000", "2006-10-31": "17426.00000", "2006-07-31": "19677.00000", "2006-04-30": "19039.00000", "2006-01-31": "13265.00000", "2005-10-31": "18271.00000", "2005-07-31": "19462.00000", "2005-04-30": "16974.00000", "2005-01-31": "15145.00000"}, "Operating Income": {"2020-10-31": "4852.00000", "2020-07-31": "6067.00000", "2020-04-30": "3276.00000", "2020-01-31": "3403.00000", "2019-10-31": "3947.00000", "2019-07-31": "4896.00000", "2019-04-30": "3597.00000", "2019-01-31": "3378.00000", "2018-10-31": "3870.00000", "2018-07-31": "4901.00000", "2018-04-30": "3381.00000", "2018-01-31": "3189.00000", "2017-10-31": "3680.00000", "2017-07-31": "4463.00000", "2017-04-30": "3349.00000", "2017-01-31": "2927.00000", "2016-10-31": "3320.00000", "2016-07-31": "4103.00000", "2016-04-30": "3077.00000", "2016-01-31": "2549.00000", "2015-10-31": "2981.00000", "2015-07-31": "3647.00000", "2015-04-30": "2597.00000", "2015-01-31": "2191.00000", "2014-10-31": "2553.00000", "2014-07-31": "3448.00000", "2014-04-30": "2277.00000", "2014-01-31": "1761.00000", "2013-10-31": "2293.00000", "2013-07-31": "3018.00000", "2013-04-30": "2094.00000", "2013-01-31": "1750.00000", "2012-10-31": "1733.00000", "2012-07-31": "2569.00000", "2012-04-30": "1714.00000", "2012-01-31": "1330.00000", "2011-10-31": "1615.00000", "2011-07-31": "2294.00000", "2011-04-30": "1422.00000", "2011-01-31": "1037.00000", "2010-10-31": "1448.00000", "2010-07-31": "2049.00000", "2010-04-30": "1305.00000", "2010-01-31": "727.00000", "2009-10-31": "1263.00000", "2009-07-31": "1833.00000", "2009-04-30": "980.00000", "2009-01-31": "266.00000", "2008-10-31": "1323.00000", "2008-07-31": "2042.00000", "2008-04-30": "728.00000", "2008-01-31": "1249.00000", "2007-10-31": "1764.00000", "2007-07-31": "2557.00000", "2007-04-30": "1672.00000", "2007-01-31": "1307.00000", "2006-10-31": "2222.00000", "2006-07-31": "2915.00000", "2006-04-30": "2422.00000", "2006-01-31": "1732.00000", "2005-10-31": "2473.00000", "2005-07-31": "2843.00000", "2005-04-30": "1999.00000", "2005-01-31": "1667.00000"}, "Total Non-Operating Income/Expense": {"2020-10-31": "-329.00000", "2020-07-31": "-337.00000", "2020-04-30": "-307.00000", "2020-01-31": "-292.00000", "2019-10-31": "-280.00000", "2019-07-31": "-283.00000", "2019-04-30": "-273.00000", "2019-01-31": "-265.00000", "2018-10-31": "-224.00000", "2018-07-31": "-246.00000", "2018-04-30": "-239.00000", "2018-01-31": "-246.00000", "2017-10-31": "-247.00000", "2017-07-31": "-249.00000", "2017-04-30": "-241.00000", "2017-01-31": "-235.00000", "2016-10-31": "-236.00000", "2016-07-31": "-228.00000", "2016-04-30": "-237.00000", "2016-01-31": "-236.00000", "2015-10-31": "-240.00000", "2015-07-31": "-84.00000", "2015-04-30": "-193.00000", "2015-01-31": "-98.00000", "2014-10-31": "-113.00000", "2014-07-31": "-191.00000", "2014-04-30": "-91.00000", "2014-01-31": "-178.00000", "2013-10-31": "-188.00000", "2013-07-31": "-172.00000", "2013-04-30": "-161.00000", "2013-01-31": "-160.00000", "2012-10-31": "-150.00000", "2012-07-31": "-151.00000", "2012-04-30": "-84.00000", "2012-01-31": "-150.00000", "2011-10-31": "-158.00000", "2011-07-31": "-146.00000", "2011-04-30": "-139.00000", "2011-01-31": "-87.00000", "2010-10-31": "-142.00000", "2010-07-31": "-148.00000", "2010-04-30": "-189.00000", "2010-01-31": "-321.00000", "2009-10-31": "-164.00000", "2009-07-31": "-161.00000", "2009-04-30": "-175.00000", "2009-01-31": "-297.00000", "2008-10-31": "-151.00000", "2008-07-31": "-157.00000", "2008-04-30": "-164.00000", "2008-01-31": "-192.00000", "2007-10-31": "-125.00000", "2007-07-31": "-145.00000", "2007-04-30": "-160.00000", "2007-01-31": "-122.00000", "2006-10-31": "-92.00000", "2006-07-31": "-98.00000", "2006-04-30": "-52.00000", "2006-01-31": "-26.00000", "2005-10-31": "-21.00000", "2005-07-31": "-20.00000", "2005-04-30": "-13.00000", "2005-01-31": "-11.00000"}, "Pre-Tax Income": {"2020-10-31": "4523.00000", "2020-07-31": "5730.00000", "2020-04-30": "2969.00000", "2020-01-31": "3111.00000", "2019-10-31": "3667.00000", "2019-07-31": "4613.00000", "2019-04-30": "3324.00000", "2019-01-31": "3113.00000", "2018-10-31": "3646.00000", "2018-07-31": "4655.00000", "2018-04-30": "3142.00000", "2018-01-31": "2943.00000", "2017-10-31": "3433.00000", "2017-07-31": "4214.00000", "2017-04-30": "3108.00000", "2017-01-31": "2692.00000", "2016-10-31": "3084.00000", "2016-07-31": "3875.00000", "2016-04-30": "2840.00000", "2016-01-31": "2313.00000", "2015-10-31": "2741.00000", "2015-07-31": "3563.00000", "2015-04-30": "2404.00000", "2015-01-31": "2093.00000", "2014-10-31": "2440.00000", "2014-07-31": "3257.00000", "2014-04-30": "2186.00000", "2014-01-31": "1583.00000", "2013-10-31": "2105.00000", "2013-07-31": "2846.00000", "2013-04-30": "1933.00000", "2013-01-31": "1590.00000", "2012-10-31": "1583.00000", "2012-07-31": "2418.00000", "2012-04-30": "1630.00000", "2012-01-31": "1180.00000", "2011-10-31": "1457.00000", "2011-07-31": "2148.00000", "2011-04-30": "1283.00000", "2011-01-31": "950.00000", "2010-10-31": "1306.00000", "2010-07-31": "1901.00000", "2010-04-30": "1116.00000", "2010-01-31": "406.00000", "2009-10-31": "1099.00000", "2009-07-31": "1672.00000", "2009-04-30": "805.00000", "2009-01-31": "-31.00000", "2008-10-31": "1172.00000", "2008-07-31": "1885.00000", "2008-04-30": "564.00000", "2008-01-31": "1057.00000", "2007-10-31": "1639.00000", "2007-07-31": "2412.00000", "2007-04-30": "1512.00000", "2007-01-31": "1185.00000", "2006-10-31": "2130.00000", "2006-07-31": "2817.00000", "2006-04-30": "2370.00000", "2006-01-31": "1706.00000", "2005-10-31": "2452.00000", "2005-07-31": "2823.00000", "2005-04-30": "1986.00000", "2005-01-31": "1656.00000"}, "Income Taxes": {"2020-10-31": "1091.00000", "2020-07-31": "1398.00000", "2020-04-30": "724.00000", "2020-01-31": "630.00000", "2019-10-31": "898.00000", "2019-07-31": "1134.00000", "2019-04-30": "811.00000", "2019-01-31": "769.00000", "2018-10-31": "779.00000", "2018-07-31": "1149.00000", "2018-04-30": "738.00000", "2018-01-31": "1164.00000", "2017-10-31": "1268.00000", "2017-07-31": "1542.00000", "2017-04-30": "1094.00000", "2017-01-31": "948.00000", "2016-10-31": "1115.00000", "2016-07-31": "1434.00000", "2016-04-30": "1037.00000", "2016-01-31": "842.00000", "2015-10-31": "1016.00000", "2015-07-31": "1329.00000", "2015-04-30": "825.00000", "2015-01-31": "714.00000", "2014-10-31": "903.00000", "2014-07-31": "1207.00000", "2014-04-30": "807.00000", "2014-01-31": "570.00000", "2013-10-31": "754.00000", "2013-07-31": "1051.00000", "2013-04-30": "707.00000", "2013-01-31": "569.00000", "2012-10-31": "636.00000", "2012-07-31": "886.00000", "2012-04-30": "595.00000", "2012-01-31": "406.00000", "2011-10-31": "523.00000", "2011-07-31": "785.00000", "2011-04-30": "471.00000", "2011-01-31": "363.00000", "2010-10-31": "472.00000", "2010-07-31": "709.00000", "2010-04-30": "391.00000", "2010-01-31": "105.00000", "2009-10-31": "410.00000", "2009-07-31": "556.00000", "2009-04-30": "291.00000", "2009-01-31": "-29.00000", "2008-10-31": "416.00000", "2008-07-31": "683.00000", "2008-04-30": "208.00000", "2008-01-31": "386.00000", "2007-10-31": "568.00000", "2007-07-31": "891.00000", "2007-04-30": "565.00000", "2007-01-31": "437.00000", "2006-10-31": "797.00000", "2006-07-31": "1116.00000", "2006-04-30": "886.00000", "2006-01-31": "618.00000", "2005-10-31": "914.00000", "2005-07-31": "1055.00000", "2005-04-30": "739.00000", "2005-01-31": "615.00000"}, "Income After Taxes": {"2020-10-31": "3432.00000", "2020-07-31": "4332.00000", "2020-04-30": "2245.00000", "2020-01-31": "2481.00000", "2019-10-31": "2769.00000", "2019-07-31": "3479.00000", "2019-04-30": "2513.00000", "2019-01-31": "2344.00000", "2018-10-31": "2867.00000", "2018-07-31": "3506.00000", "2018-04-30": "2404.00000", "2018-01-31": "1779.00000", "2017-10-31": "2165.00000", "2017-07-31": "2672.00000", "2017-04-30": "2014.00000", "2017-01-31": "1744.00000", "2016-10-31": "1969.00000", "2016-07-31": "2441.00000", "2016-04-30": "1803.00000", "2016-01-31": "1471.00000", "2015-10-31": "1725.00000", "2015-07-31": "2234.00000", "2015-04-30": "1579.00000", "2015-01-31": "1379.00000", "2014-10-31": "1537.00000", "2014-07-31": "2050.00000", "2014-04-30": "1379.00000", "2014-01-31": "1013.00000", "2013-10-31": "1351.00000", "2013-07-31": "1795.00000", "2013-04-30": "1226.00000", "2013-01-31": "1021.00000", "2012-10-31": "947.00000", "2012-07-31": "1532.00000", "2012-04-30": "1035.00000", "2012-01-31": "774.00000", "2011-10-31": "934.00000", "2011-07-31": "1363.00000", "2011-04-30": "812.00000", "2011-01-31": "587.00000", "2010-10-31": "834.00000", "2010-07-31": "1192.00000", "2010-04-30": "725.00000", "2010-01-31": "301.00000", "2009-10-31": "689.00000", "2009-07-31": "1116.00000", "2009-04-30": "514.00000", "2009-01-31": "-2.00000", "2008-10-31": "756.00000", "2008-07-31": "1202.00000", "2008-04-30": "356.00000", "2008-01-31": "671.00000", "2007-10-31": "1071.00000", "2007-07-31": "1521.00000", "2007-04-30": "947.00000", "2007-01-31": "748.00000", "2006-10-31": "1333.00000", "2006-07-31": "1701.00000", "2006-04-30": "1484.00000", "2006-01-31": "1088.00000", "2005-10-31": "1538.00000", "2005-07-31": "1768.00000", "2005-04-30": "1247.00000", "2005-01-31": "1041.00000"}, "Other Income": {"2020-10-31": "", "2020-07-31": "", "2020-04-30": "", "2020-01-31": "", "2019-10-31": "", "2019-07-31": "", "2019-04-30": "", "2019-01-31": "", "2018-10-31": "", "2018-07-31": "", "2018-04-30": "", "2018-01-31": "", "2017-10-31": "", "2017-07-31": "", "2017-04-30": "", "2017-01-31": "", "2016-10-31": "", "2016-07-31": "", "2016-04-30": "", "2016-01-31": "", "2015-10-31": "", "2015-07-31": "", "2015-04-30": "", "2015-01-31": "", "2014-10-31": "", "2014-07-31": "", "2014-04-30": "", "2014-01-31": "", "2013-10-31": "", "2013-07-31": "", "2013-04-30": "", "2013-01-31": "", "2012-10-31": "", "2012-07-31": "", "2012-04-30": "", "2012-01-31": "", "2011-10-31": "", "2011-07-31": "", "2011-04-30": "", "2011-01-31": "", "2010-10-31": "", "2010-07-31": "", "2010-04-30": "", "2010-01-31": "", "2009-10-31": "", "2009-07-31": "", "2009-04-30": "", "2009-01-31": "", "2008-10-31": "", "2008-07-31": "", "2008-04-30": "", "2008-01-31": "", "2007-10-31": "", "2007-07-31": "", "2007-04-30": "", "2007-01-31": "", "2006-10-31": "", "2006-07-31": "", "2006-04-30": "", "2006-01-31": "", "2005-10-31": "", "2005-07-31": "", "2005-04-30": "", "2005-01-31": ""}, "Income From Continuous Operations": {"2020-10-31": "3432.00000", "2020-07-31": "4332.00000", "2020-04-30": "2245.00000", "2020-01-31": "2481.00000", "2019-10-31": "2769.00000", "2019-07-31": "3479.00000", "2019-04-30": "2513.00000", "2019-01-31": "2344.00000", "2018-10-31": "2867.00000", "2018-07-31": "3506.00000", "2018-04-30": "2404.00000", "2018-01-31": "1779.00000", "2017-10-31": "2165.00000", "2017-07-31": "2672.00000", "2017-04-30": "2014.00000", "2017-01-31": "1744.00000", "2016-10-31": "1969.00000", "2016-07-31": "2441.00000", "2016-04-30": "1803.00000", "2016-01-31": "1471.00000", "2015-10-31": "1725.00000", "2015-07-31": "2234.00000", "2015-04-30": "1579.00000", "2015-01-31": "1379.00000", "2014-10-31": "1537.00000", "2014-07-31": "2050.00000", "2014-04-30": "1379.00000", "2014-01-31": "1013.00000", "2013-10-31": "1351.00000", "2013-07-31": "1795.00000", "2013-04-30": "1226.00000", "2013-01-31": "1021.00000", "2012-10-31": "947.00000", "2012-07-31": "1532.00000", "2012-04-30": "1035.00000", "2012-01-31": "774.00000", "2011-10-31": "934.00000", "2011-07-31": "1363.00000", "2011-04-30": "812.00000", "2011-01-31": "587.00000", "2010-10-31": "834.00000", "2010-07-31": "1192.00000", "2010-04-30": "725.00000", "2010-01-31": "301.00000", "2009-10-31": "689.00000", "2009-07-31": "1116.00000", "2009-04-30": "514.00000", "2009-01-31": "-2.00000", "2008-10-31": "756.00000", "2008-07-31": "1202.00000", "2008-04-30": "356.00000", "2008-01-31": "671.00000", "2007-10-31": "1071.00000", "2007-07-31": "1521.00000", "2007-04-30": "947.00000", "2007-01-31": "748.00000", "2006-10-31": "1333.00000", "2006-07-31": "1701.00000", "2006-04-30": "1484.00000", "2006-01-31": "1088.00000", "2005-10-31": "1538.00000", "2005-07-31": "1768.00000", "2005-04-30": "1247.00000", "2005-01-31": "1041.00000"}, "Income From Discontinued Operations": {"2020-10-31": "", "2020-07-31": "", "2020-04-30": "", "2020-01-31": "", "2019-10-31": "", "2019-07-31": "", "2019-04-30": "", "2019-01-31": "", "2018-10-31": "", "2018-07-31": "", "2018-04-30": "", "2018-01-31": "", "2017-10-31": "", "2017-07-31": "", "2017-04-30": "", "2017-01-31": "", "2016-10-31": "", "2016-07-31": "", "2016-04-30": "", "2016-01-31": "", "2015-10-31": "", "2015-07-31": "", "2015-04-30": "", "2015-01-31": "", "2014-10-31": "", "2014-07-31": "", "2014-04-30": "", "2014-01-31": "", "2013-10-31": "", "2013-07-31": "", "2013-04-30": "", "2013-01-31": "", "2012-10-31": "", "2012-07-31": "", "2012-04-30": "", "2012-01-31": "", "2011-10-31": "", "2011-07-31": "", "2011-04-30": "", "2011-01-31": "", "2010-10-31": "", "2010-07-31": "", "2010-04-30": "", "2010-01-31": "", "2009-10-31": "", "2009-07-31": "", "2009-04-30": "", "2009-01-31": "", "2008-10-31": "", "2008-07-31": "", "2008-04-30": "", "2008-01-31": "", "2007-10-31": "20.00000", "2007-07-31": "66.00000", "2007-04-30": "99.00000", "2007-01-31": "177.00000", "2006-10-31": "157.00000", "2006-07-31": "161.00000", "2006-04-30": "", "2006-01-31": "", "2005-10-31": "", "2005-07-31": "", "2005-04-30": "", "2005-01-31": ""}, "Net Income": {"2020-10-31": "3432.00000", "2020-07-31": "4332.00000", "2020-04-30": "2245.00000", "2020-01-31": "2481.00000", "2019-10-31": "2769.00000", "2019-07-31": "3479.00000", "2019-04-30": "2513.00000", "2019-01-31": "2344.00000", "2018-10-31": "2867.00000", "2018-07-31": "3506.00000", "2018-04-30": "2404.00000", "2018-01-31": "1779.00000", "2017-10-31": "2165.00000", "2017-07-31": "2672.00000", "2017-04-30": "2014.00000", "2017-01-31": "1744.00000", "2016-10-31": "1969.00000", "2016-07-31": "2441.00000", "2016-04-30": "1803.00000", "2016-01-31": "1471.00000", "2015-10-31": "1725.00000", "2015-07-31": "2234.00000", "2015-04-30": "1579.00000", "2015-01-31": "1379.00000", "2014-10-31": "1537.00000", "2014-07-31": "2050.00000", "2014-04-30": "1379.00000", "2014-01-31": "1013.00000", "2013-10-31": "1351.00000", "2013-07-31": "1795.00000", "2013-04-30": "1226.00000", "2013-01-31": "1021.00000", "2012-10-31": "947.00000", "2012-07-31": "1532.00000", "2012-04-30": "1035.00000", "2012-01-31": "774.00000", "2011-10-31": "934.00000", "2011-07-31": "1363.00000", "2011-04-30": "812.00000", "2011-01-31": "587.00000", "2010-10-31": "834.00000", "2010-07-31": "1192.00000", "2010-04-30": "725.00000", "2010-01-31": "342.00000", "2009-10-31": "689.00000", "2009-07-31": "1116.00000", "2009-04-30": "514.00000", "2009-01-31": "-54.00000", "2008-10-31": "756.00000", "2008-07-31": "1202.00000", "2008-04-30": "356.00000", "2008-01-31": "671.00000", "2007-10-31": "1091.00000", "2007-07-31": "1587.00000", "2007-04-30": "1046.00000", "2007-01-31": "925.00000", "2006-10-31": "1490.00000", "2006-07-31": "1862.00000", "2006-04-30": "1484.00000", "2006-01-31": "1285.00000", "2005-10-31": "1538.00000", "2005-07-31": "1768.00000", "2005-04-30": "1247.00000", "2005-01-31": "1041.00000"}, "EBITDA": {"2020-10-31": "5483.00000", "2020-07-31": "6682.00000", "2020-04-30": "3883.00000", "2020-01-31": "3998.00000", "2019-10-31": "4541.00000", "2019-07-31": "5456.00000", "2019-04-30": "4144.00000", "2019-01-31": "3927.00000", "2018-10-31": "4411.00000", "2018-07-31": "5431.00000", "2018-04-30": "3913.00000", "2018-01-31": "3718.00000", "2017-10-31": "4198.00000", "2017-07-31": "4973.00000", "2017-04-30": "3854.00000", "2017-01-31": "3426.00000", "2016-10-31": "3816.00000", "2016-07-31": "4595.00000", "2016-04-30": "3563.00000", "2016-01-31": "3028.00000", "2015-10-31": "3450.00000", "2015-07-31": "4108.00000", "2015-04-30": "3051.00000", "2015-01-31": "2632.00000", "2014-10-31": "3002.00000", "2014-07-31": "3897.00000", "2014-04-30": "2724.00000", "2014-01-31": "2201.00000", "2013-10-31": "2733.00000", "2013-07-31": "3460.00000", "2013-04-30": "2529.00000", "2013-01-31": "2177.00000", "2012-10-31": "2157.00000", "2012-07-31": "2992.00000", "2012-04-30": "2124.00000", "2012-01-31": "1747.00000", "2011-10-31": "2031.00000", "2011-07-31": "2719.00000", "2011-04-30": "1846.00000", "2011-01-31": "1463.00000", "2010-10-31": "1874.00000", "2010-07-31": "2477.00000", "2010-04-30": "1743.00000", "2010-01-31": "1169.00000", "2009-10-31": "1716.00000", "2009-07-31": "2291.00000", "2009-04-30": "1433.00000", "2009-01-31": "736.00000", "2008-10-31": "1799.00000", "2008-07-31": "2524.00000", "2008-04-30": "1202.00000", "2008-01-31": "1730.00000", "2007-10-31": "2226.00000", "2007-07-31": "3035.00000", "2007-04-30": "2157.00000", "2007-01-31": "1769.00000", "2006-10-31": "2714.00000", "2006-07-31": "3397.00000", "2006-04-30": "2872.00000", "2006-01-31": "2177.00000", "2005-10-31": "2878.00000", "2005-07-31": "3211.00000", "2005-04-30": "2360.00000", "2005-01-31": "2015.00000"}, "EBIT": {"2020-10-31": "4852.00000", "2020-07-31": "6067.00000", "2020-04-30": "3276.00000", "2020-01-31": "3403.00000", "2019-10-31": "3947.00000", "2019-07-31": "4896.00000", "2019-04-30": "3597.00000", "2019-01-31": "3378.00000", "2018-10-31": "3870.00000", "2018-07-31": "4901.00000", "2018-04-30": "3381.00000", "2018-01-31": "3189.00000", "2017-10-31": "3680.00000", "2017-07-31": "4463.00000", "2017-04-30": "3349.00000", "2017-01-31": "2927.00000", "2016-10-31": "3320.00000", "2016-07-31": "4103.00000", "2016-04-30": "3077.00000", "2016-01-31": "2549.00000", "2015-10-31": "2981.00000", "2015-07-31": "3647.00000", "2015-04-30": "2597.00000", "2015-01-31": "2191.00000", "2014-10-31": "2553.00000", "2014-07-31": "3448.00000", "2014-04-30": "2277.00000", "2014-01-31": "1761.00000", "2013-10-31": "2293.00000", "2013-07-31": "3018.00000", "2013-04-30": "2094.00000", "2013-01-31": "1750.00000", "2012-10-31": "1733.00000", "2012-07-31": "2569.00000", "2012-04-30": "1714.00000", "2012-01-31": "1330.00000", "2011-10-31": "1615.00000", "2011-07-31": "2294.00000", "2011-04-30": "1422.00000", "2011-01-31": "1037.00000", "2010-10-31": "1448.00000", "2010-07-31": "2049.00000", "2010-04-30": "1305.00000", "2010-01-31": "727.00000", "2009-10-31": "1263.00000", "2009-07-31": "1833.00000", "2009-04-30": "980.00000", "2009-01-31": "266.00000", "2008-10-31": "1323.00000", "2008-07-31": "2042.00000", "2008-04-30": "728.00000", "2008-01-31": "1249.00000", "2007-10-31": "1764.00000", "2007-07-31": "2557.00000", "2007-04-30": "1672.00000", "2007-01-31": "1307.00000", "2006-10-31": "2222.00000", "2006-07-31": "2915.00000", "2006-04-30": "2422.00000", "2006-01-31": "1732.00000", "2005-10-31": "2473.00000", "2005-07-31": "2843.00000", "2005-04-30": "1999.00000", "2005-01-31": "1667.00000"}, "Basic Shares Outstanding": {"2020-10-31": "1073.00000", "2020-07-31": "1073.00000", "2020-04-30": "1073.00000", "2020-01-31": "1093.00000", "2019-10-31": "1089.00000", "2019-07-31": "1095.00000", "2019-04-30": "1101.00000", "2019-01-31": "1137.00000", "2018-10-31": "1135.00000", "2018-07-31": "1144.00000", "2018-04-30": "1152.00000", "2018-01-31": "1178.00000", "2017-10-31": "1168.00000", "2017-07-31": "1183.00000", "2017-04-30": "1198.00000", "2017-01-31": "1229.00000", "2016-10-31": "1224.00000", "2016-07-31": "1235.00000", "2016-04-30": "1247.00000", "2016-01-31": "1277.00000", "2015-10-31": "1268.00000", "2015-07-31": "1283.00000", "2015-04-30": "1298.00000", "2015-01-31": "1338.00000", "2014-10-31": "1327.00000", "2014-07-31": "1346.00000", "2014-04-30": "1367.00000", "2014-01-31": "1425.00000", "2013-10-31": "1408.00000", "2013-07-31": "1434.00000", "2013-04-30": "1468.00000", "2013-01-31": "1499.00000", "2012-10-31": "1487.00000", "2012-07-31": "1501.00000", "2012-04-30": "1522.00000", "2012-01-31": "1562.00000", "2011-10-31": "1540.00000", "2011-07-31": "1568.00000", "2011-04-30": "1599.00000", "2011-01-31": "1648.00000", "2010-10-31": "1637.00000", "2010-07-31": "1653.00000", "2010-04-30": "1677.00000", "2010-01-31": "1683.00000", "2009-10-31": "1682.00000", "2009-07-31": "1683.00000", "2009-04-30": "1683.00000", "2009-01-31": "1682.00000", "2008-10-31": "1681.00000", "2008-07-31": "1680.00000", "2008-04-30": "1679.00000", "2008-01-31": "1849.00000", "2007-10-31": "1810.00000", "2007-07-31": "1960.00000", "2007-04-30": "1959.00000", "2007-01-31": "2054.00000", "2006-10-31": "2043.00000", "2006-07-31": "2065.00000", "2006-04-30": "2114.00000", "2006-01-31": "2138.00000", "2005-10-31": "2130.00000", "2005-07-31": "2140.00000", "2005-04-30": "2162.00000", "2005-01-31": "2207.00000"}, "Shares Outstanding": {"2020-10-31": "1078.00000", "2020-07-31": "1077.00000", "2020-04-30": "1077.00000", "2020-01-31": "1097.00000", "2019-10-31": "1094.00000", "2019-07-31": "1099.00000", "2019-04-30": "1106.00000", "2019-01-31": "1143.00000", "2018-10-31": "1141.00000", "2018-07-31": "1149.00000", "2018-04-30": "1158.00000", "2018-01-31": "1184.00000", "2017-10-31": "1174.00000", "2017-07-31": "1189.00000", "2017-04-30": "1204.00000", "2017-01-31": "1234.00000", "2016-10-31": "1229.00000", "2016-07-31": "1240.00000", "2016-04-30": "1252.00000", "2016-01-31": "1283.00000", "2015-10-31": "1274.00000", "2015-07-31": "1289.00000", "2015-04-30": "1305.00000", "2015-01-31": "1346.00000", "2014-10-31": "1334.00000", "2014-07-31": "1353.00000", "2014-04-30": "1376.00000", "2014-01-31": "1434.00000", "2013-10-31": "1417.00000", "2013-07-31": "1443.00000", "2013-04-30": "1478.00000", "2013-01-31": "1511.00000", "2012-10-31": "1498.00000", "2012-07-31": "1512.00000", "2012-04-30": "1531.00000", "2012-01-31": "1570.00000", "2011-10-31": "1548.00000", "2011-07-31": "1577.00000", "2011-04-30": "1611.00000", "2011-01-31": "1658.00000", "2010-10-31": "1646.00000", "2010-07-31": "1663.00000", "2010-04-30": "1688.00000", "2010-01-31": "1692.00000", "2009-10-31": "1693.00000", "2009-07-31": "1691.00000", "2009-04-30": "1689.00000", "2009-01-31": "1686.00000", "2008-10-31": "1687.00000", "2008-07-31": "1685.00000", "2008-04-30": "1683.00000", "2008-01-31": "1856.00000", "2007-10-31": "1815.00000", "2007-07-31": "1969.00000", "2007-04-30": "1969.00000", "2007-01-31": "2062.00000", "2006-10-31": "2050.00000", "2006-07-31": "2072.00000", "2006-04-30": "2122.00000", "2006-01-31": "2147.00000", "2005-10-31": "2138.00000", "2005-07-31": "2150.00000", "2005-04-30": "2172.00000", "2005-01-31": "2216.00000"}, "Basic EPS": {"2020-10-31": "3.20000", "2020-07-31": "4.04000", "2020-04-30": "2.09000", "2020-01-31": "2.29000", "2019-10-31": "2.54000", "2019-07-31": "3.18000", "2019-04-30": "2.28000", "2019-01-31": "2.10000", "2018-10-31": "2.53000", "2018-07-31": "3.06000", "2018-04-30": "2.09000", "2018-01-31": "1.54000", "2017-10-31": "1.85000", "2017-07-31": "2.26000", "2017-04-30": "1.68000", "2017-01-31": "1.43000", "2016-10-31": "1.61000", "2016-07-31": "1.98000", "2016-04-30": "1.45000", "2016-01-31": "1.17000", "2015-10-31": "1.36000", "2015-07-31": "1.74000", "2015-04-30": "1.22000", "2015-01-31": "1.05000", "2014-10-31": "1.16000", "2014-07-31": "1.52000", "2014-04-30": "1.01000", "2014-01-31": "0.73000", "2013-10-31": "0.96000", "2013-07-31": "1.25000", "2013-04-30": "0.84000", "2013-01-31": "0.69000", "2012-10-31": "0.64000", "2012-07-31": "1.02000", "2012-04-30": "0.68000", "2012-01-31": "0.50000", "2011-10-31": "0.61000", "2011-07-31": "0.87000", "2011-04-30": "0.51000", "2011-01-31": "0.37000", "2010-10-31": "0.51000", "2010-07-31": "0.72000", "2010-04-30": "0.43000", "2010-01-31": "0.20000", "2009-10-31": "0.41000", "2009-07-31": "0.66000", "2009-04-30": "0.31000", "2009-01-31": "-0.04000", "2008-10-31": "0.45000", "2008-07-31": "0.72000", "2008-04-30": "0.21000", "2008-01-31": "0.44000", "2007-10-31": "0.60000", "2007-07-31": "0.81000", "2007-04-30": "0.53000", "2007-01-31": "0.47000", "2006-10-31": "0.73000", "2006-07-31": "0.90000", "2006-04-30": "0.70000", "2006-01-31": "0.60000", "2005-10-31": "0.72000", "2005-07-31": "0.83000", "2005-04-30": "0.58000", "2005-01-31": "0.48000"}, "EPS - Earnings Per Share": {"2020-10-31": "3.18000", "2020-07-31": "4.02000", "2020-04-30": "2.08000", "2020-01-31": "2.28000", "2019-10-31": "2.53000", "2019-07-31": "3.17000", "2019-04-30": "2.27000", "2019-01-31": "2.09000", "2018-10-31": "2.51000", "2018-07-31": "3.05000", "2018-04-30": "2.08000", "2018-01-31": "1.53000", "2017-10-31": "1.84000", "2017-07-31": "2.25000", "2017-04-30": "1.67000", "2017-01-31": "1.44000", "2016-10-31": "1.60000", "2016-07-31": "1.97000", "2016-04-30": "1.44000", "2016-01-31": "1.17000", "2015-10-31": "1.35000", "2015-07-31": "1.73000", "2015-04-30": "1.21000", "2015-01-31": "1.04000", "2014-10-31": "1.15000", "2014-07-31": "1.52000", "2014-04-30": "1.00000", "2014-01-31": "0.74000", "2013-10-31": "0.95000", "2013-07-31": "1.24000", "2013-04-30": "0.83000", "2013-01-31": "0.68000", "2012-10-31": "0.63000", "2012-07-31": "1.01000", "2012-04-30": "0.68000", "2012-01-31": "0.51000", "2011-10-31": "0.60000", "2011-07-31": "0.86000", "2011-04-30": "0.50000", "2011-01-31": "0.35000", "2010-10-31": "0.51000", "2010-07-31": "0.72000", "2010-04-30": "0.43000", "2010-01-31": "0.20000", "2009-10-31": "0.41000", "2009-07-31": "0.66000", "2009-04-30": "0.30000", "2009-01-31": "-0.03000", "2008-10-31": "0.45000", "2008-07-31": "0.71000", "2008-04-30": "0.21000", "2008-01-31": "0.43000", "2007-10-31": "0.60000", "2007-07-31": "0.81000", "2007-04-30": "0.53000", "2007-01-31": "0.46000", "2006-10-31": "0.73000", "2006-07-31": "0.90000", "2006-04-30": "0.70000", "2006-01-31": "0.61000", "2005-10-31": "0.72000", "2005-07-31": "0.82000", "2005-04-30": "0.57000", "2005-01-31": "0.47000"}}, "balance sheet": {"Cash On Hand": {"2020-01-31": "2133.00000", "2019-01-31": "1778.00000", "2018-01-31": "3595.00000", "2017-01-31": "2538.00000", "2016-01-31": "2216.00000", "2015-01-31": "1723.00000", "2014-01-31": "1929.00000", "2013-01-31": "2494.00000", "2012-01-31": "1987.00000", "2011-01-31": "545.00000", "2010-01-31": "1421.00000", "2009-01-31": "525.00000", "2008-01-31": "457.00000", "2007-01-31": "614.00000", "2006-01-31": "807.00000", "2005-01-31": "2165.00000"}, "Receivables": {"2020-01-31": "2106.00000", "2019-01-31": "1936.00000", "2018-01-31": "1952.00000", "2017-01-31": "2029.00000", "2016-01-31": "1890.00000", "2015-01-31": "1484.00000", "2014-01-31": "1398.00000", "2013-01-31": "1395.00000", "2012-01-31": "1245.00000", "2011-01-31": "1085.00000", "2010-01-31": "964.00000", "2009-01-31": "972.00000", "2008-01-31": "1259.00000", "2007-01-31": "3223.00000", "2006-01-31": "2396.00000", "2005-01-31": "1499.00000"}, "Inventory": {"2020-01-31": "14531.00000", "2019-01-31": "13925.00000", "2018-01-31": "12748.00000", "2017-01-31": "12549.00000", "2016-01-31": "11809.00000", "2015-01-31": "11079.00000", "2014-01-31": "11057.00000", "2013-01-31": "10710.00000", "2012-01-31": "10325.00000", "2011-01-31": "10625.00000", "2010-01-31": "10188.00000", "2009-01-31": "10673.00000", "2008-01-31": "11731.00000", "2007-01-31": "12822.00000", "2006-01-31": "11401.00000", "2005-01-31": "10076.00000"}, "Pre-Paid Expenses": {"2020-01-31": "", "2019-01-31": "", "2018-01-31": "", "2017-01-31": "", "2016-01-31": "", "2015-01-31": "", "2014-01-31": "", "2013-01-31": "", "2012-01-31": "", "2011-01-31": "", "2010-01-31": "", "2009-01-31": "", "2008-01-31": "", "2007-01-31": "", "2006-01-31": "", "2005-01-31": ""}, "Other Current Assets": {"2020-01-31": "1040.00000", "2019-01-31": "890.00000", "2018-01-31": "638.00000", "2017-01-31": "608.00000", "2016-01-31": "569.00000", "2015-01-31": "1016.00000", "2014-01-31": "895.00000", "2013-01-31": "773.00000", "2012-01-31": "963.00000", "2011-01-31": "1224.00000", "2010-01-31": "1327.00000", "2009-01-31": "1192.00000", "2008-01-31": "1227.00000", "2007-01-31": "1341.00000", "2006-01-31": "665.00000", "2005-01-31": "533.00000"}, "Total Current Assets": {"2020-01-31": "19810.00000", "2019-01-31": "18529.00000", "2018-01-31": "18933.00000", "2017-01-31": "17724.00000", "2016-01-31": "16484.00000", "2015-01-31": "15302.00000", "2014-01-31": "15279.00000", "2013-01-31": "15372.00000", "2012-01-31": "14520.00000", "2011-01-31": "13479.00000", "2010-01-31": "13900.00000", "2009-01-31": "13362.00000", "2008-01-31": "14674.00000", "2007-01-31": "18000.00000", "2006-01-31": "15269.00000", "2005-01-31": "14273.00000"}, "Property, Plant, And Equipment": {"2020-01-31": "22770.00000", "2019-01-31": "22375.00000", "2018-01-31": "22075.00000", "2017-01-31": "21914.00000", "2016-01-31": "22191.00000", "2015-01-31": "22720.00000", "2014-01-31": "23348.00000", "2013-01-31": "24069.00000", "2012-01-31": "24448.00000", "2011-01-31": "25060.00000", "2010-01-31": "25550.00000", "2009-01-31": "26234.00000", "2008-01-31": "27476.00000", "2007-01-31": "26605.00000", "2006-01-31": "24901.00000", "2005-01-31": "22726.00000"}, "Long-Term Investments": {"2020-01-31": "", "2019-01-31": "", "2018-01-31": "", "2017-01-31": "", "2016-01-31": "", "2015-01-31": "", "2014-01-31": "", "2013-01-31": "", "2012-01-31": "", "2011-01-31": "", "2010-01-31": "", "2009-01-31": "", "2008-01-31": "", "2007-01-31": "", "2006-01-31": "", "2005-01-31": ""}, "Goodwill And Intangible Assets": {"2020-01-31": "2254.00000", "2019-01-31": "2252.00000", "2018-01-31": "2275.00000", "2017-01-31": "2093.00000", "2016-01-31": "2102.00000", "2015-01-31": "1353.00000", "2014-01-31": "1289.00000", "2013-01-31": "1170.00000", "2012-01-31": "1120.00000", "2011-01-31": "1187.00000", "2010-01-31": "1171.00000", "2009-01-31": "1134.00000", "2008-01-31": "1209.00000", "2007-01-31": "6314.00000", "2006-01-31": "3286.00000", "2005-01-31": "1394.00000"}, "Other Long-Term Assets": {"2020-01-31": "807.00000", "2019-01-31": "847.00000", "2018-01-31": "1246.00000", "2017-01-31": "1235.00000", "2016-01-31": "1196.00000", "2015-01-31": "571.00000", "2014-01-31": "602.00000", "2013-01-31": "473.00000", "2012-01-31": "295.00000", "2011-01-31": "260.00000", "2010-01-31": "223.00000", "2009-01-31": "398.00000", "2008-01-31": "623.00000", "2007-01-31": "1001.00000", "2006-01-31": "601.00000", "2005-01-31": "258.00000"}, "Total Long-Term Assets": {"2020-01-31": "31426.00000", "2019-01-31": "25474.00000", "2018-01-31": "25596.00000", "2017-01-31": "25242.00000", "2016-01-31": "25489.00000", "2015-01-31": "24644.00000", "2014-01-31": "25239.00000", "2013-01-31": "25712.00000", "2012-01-31": "25998.00000", "2011-01-31": "26646.00000", "2010-01-31": "26977.00000", "2009-01-31": "27802.00000", "2008-01-31": "29650.00000", "2007-01-31": "34263.00000", "2006-01-31": "29136.00000", "2005-01-31": "24747.00000"}, "Total Assets": {"2020-01-31": "51236.00000", "2019-01-31": "44003.00000", "2018-01-31": "44529.00000", "2017-01-31": "42966.00000", "2016-01-31": "41973.00000", "2015-01-31": "39946.00000", "2014-01-31": "40518.00000", "2013-01-31": "41084.00000", "2012-01-31": "40518.00000", "2011-01-31": "40125.00000", "2010-01-31": "40877.00000", "2009-01-31": "41164.00000", "2008-01-31": "44324.00000", "2007-01-31": "52263.00000", "2006-01-31": "44405.00000", "2005-01-31": "39020.00000"}, "Total Current Liabilities": {"2020-01-31": "18375.00000", "2019-01-31": "16716.00000", "2018-01-31": "16194.00000", "2017-01-31": "14133.00000", "2016-01-31": "12524.00000", "2015-01-31": "11269.00000", "2014-01-31": "10749.00000", "2013-01-31": "11462.00000", "2012-01-31": "9376.00000", "2011-01-31": "10122.00000", "2010-01-31": "10363.00000", "2009-01-31": "11153.00000", "2008-01-31": "12706.00000", "2007-01-31": "12931.00000", "2006-01-31": "12706.00000", "2005-01-31": "10455.00000"}, "Long Term Debt": {"2020-01-31": "28670.00000", "2019-01-31": "26807.00000", "2018-01-31": "24267.00000", "2017-01-31": "22349.00000", "2016-01-31": "20789.00000", "2015-01-31": "16869.00000", "2014-01-31": "14691.00000", "2013-01-31": "9475.00000", "2012-01-31": "10758.00000", "2011-01-31": "8707.00000", "2010-01-31": "8662.00000", "2009-01-31": "9667.00000", "2008-01-31": "11383.00000", "2007-01-31": "11643.00000", "2006-01-31": "2672.00000", "2005-01-31": "2148.00000"}, "Other Non-Current Liabilities": {"2020-01-31": "1535.00000", "2019-01-31": "1867.00000", "2018-01-31": "2174.00000", "2017-01-31": "1855.00000", "2016-01-31": "1965.00000", "2015-01-31": "1844.00000", "2014-01-31": "2042.00000", "2013-01-31": "2051.00000", "2012-01-31": "2146.00000", "2011-01-31": "2135.00000", "2010-01-31": "2140.00000", "2009-01-31": "2198.00000", "2008-01-31": "1833.00000", "2007-01-31": "1243.00000", "2006-01-31": "1172.00000", "2005-01-31": "871.00000"}, "Total Long Term Liabilities": {"2020-01-31": "35977.00000", "2019-01-31": "29165.00000", "2018-01-31": "26881.00000", "2017-01-31": "24500.00000", "2016-01-31": "23133.00000", "2015-01-31": "19355.00000", "2014-01-31": "17247.00000", "2013-01-31": "11845.00000", "2012-01-31": "13244.00000", "2011-01-31": "11114.00000", "2010-01-31": "11121.00000", "2009-01-31": "12234.00000", "2008-01-31": "13904.00000", "2007-01-31": "14302.00000", "2006-01-31": "4790.00000", "2005-01-31": "4407.00000"}, "Total Liabilities": {"2020-01-31": "54352.00000", "2019-01-31": "45881.00000", "2018-01-31": "43075.00000", "2017-01-31": "38633.00000", "2016-01-31": "35657.00000", "2015-01-31": "30624.00000", "2014-01-31": "27996.00000", "2013-01-31": "23307.00000", "2012-01-31": "22620.00000", "2011-01-31": "21236.00000", "2010-01-31": "21484.00000", "2009-01-31": "23387.00000", "2008-01-31": "26610.00000", "2007-01-31": "27233.00000", "2006-01-31": "17496.00000", "2005-01-31": "14862.00000"}, "Common Stock Net": {"2020-01-31": "89.00000", "2019-01-31": "89.00000", "2018-01-31": "89.00000", "2017-01-31": "88.00000", "2016-01-31": "88.00000", "2015-01-31": "88.00000", "2014-01-31": "88.00000", "2013-01-31": "88.00000", "2012-01-31": "87.00000", "2011-01-31": "86.00000", "2010-01-31": "86.00000", "2009-01-31": "85.00000", "2008-01-31": "85.00000", "2007-01-31": "121.00000", "2006-01-31": "120.00000", "2005-01-31": "119.00000"}, "Retained Earnings (Accumulated Deficit)": {"2020-01-31": "51729.00000", "2019-01-31": "46423.00000", "2018-01-31": "39935.00000", "2017-01-31": "35519.00000", "2016-01-31": "30973.00000", "2015-01-31": "26995.00000", "2014-01-31": "23180.00000", "2013-01-31": "20038.00000", "2012-01-31": "17246.00000", "2011-01-31": "14995.00000", "2010-01-31": "13226.00000", "2009-01-31": "12093.00000", "2008-01-31": "11388.00000", "2007-01-31": "33052.00000", "2006-01-31": "28943.00000", "2005-01-31": "23962.00000"}, "Comprehensive Income": {"2020-01-31": "-739.00000", "2019-01-31": "-772.00000", "2018-01-31": "-566.00000", "2017-01-31": "-867.00000", "2016-01-31": "-898.00000", "2015-01-31": "-452.00000", "2014-01-31": "46.00000", "2013-01-31": "397.00000", "2012-01-31": "293.00000", "2011-01-31": "445.00000", "2010-01-31": "362.00000", "2009-01-31": "-77.00000", "2008-01-31": "755.00000", "2007-01-31": "310.00000", "2006-01-31": "409.00000", "2005-01-31": "227.00000"}, "Other Share Holders Equity": {"2020-01-31": "", "2019-01-31": "", "2018-01-31": "", "2017-01-31": "", "2016-01-31": "", "2015-01-31": "", "2014-01-31": "", "2013-01-31": "", "2012-01-31": "", "2011-01-31": "", "2010-01-31": "", "2009-01-31": "", "2008-01-31": "", "2007-01-31": "", "2006-01-31": "", "2005-01-31": ""}, "Share Holder Equity": {"2020-01-31": "-3116.00000", "2019-01-31": "-1878.00000", "2018-01-31": "1454.00000", "2017-01-31": "4333.00000", "2016-01-31": "6316.00000", "2015-01-31": "9322.00000", "2014-01-31": "12522.00000", "2013-01-31": "17777.00000", "2012-01-31": "17898.00000", "2011-01-31": "18889.00000", "2010-01-31": "19393.00000", "2009-01-31": "17777.00000", "2008-01-31": "17714.00000", "2007-01-31": "25030.00000", "2006-01-31": "26909.00000", "2005-01-31": "24158.00000"}, "Total Liabilities And Share Holders Equity": {"2020-01-31": "51236.00000", "2019-01-31": "44003.00000", "2018-01-31": "44529.00000", "2017-01-31": "42966.00000", "2016-01-31": "41973.00000", "2015-01-31": "39946.00000", "2014-01-31": "40518.00000", "2013-01-31": "41084.00000", "2012-01-31": "40518.00000", "2011-01-31": "40125.00000", "2010-01-31": "40877.00000", "2009-01-31": "41164.00000", "2008-01-31": "44324.00000", "2007-01-31": "52263.00000", "2006-01-31": "44405.00000", "2005-01-31": "39020.00000"}}, "balance sheet, quarterly": {"Cash On Hand": {"2020-10-31": "14652.00000", "2020-07-31": "14139.00000", "2020-04-30": "8696.00000", "2020-01-31": "2133.00000", "2019-10-31": "2193.00000", "2019-07-31": "2547.00000", "2019-04-30": "1882.00000", "2019-01-31": "1778.00000", "2018-10-31": "1764.00000", "2018-07-31": "3490.00000", "2018-04-30": "3599.00000", "2018-01-31": "3595.00000", "2017-10-31": "3549.00000", "2017-07-31": "4830.00000", "2017-04-30": "3565.00000", "2017-01-31": "2538.00000", "2016-10-31": "3589.00000", "2016-07-31": "4018.00000", "2016-04-30": "3257.00000", "2016-01-31": "2216.00000", "2015-10-31": "3040.00000", "2015-07-31": "4936.00000", "2015-04-30": "2827.00000", "2015-01-31": "1723.00000", "2014-10-31": "2181.00000", "2014-07-31": "4216.00000", "2014-04-30": "2511.00000", "2014-01-31": "1929.00000", "2013-10-31": "4853.00000", "2013-07-31": "3419.00000", "2013-04-30": "4337.00000", "2013-01-31": "2494.00000", "2012-10-31": "2554.00000", "2012-07-31": "2810.00000", "2012-04-30": "3191.00000", "2012-01-31": "1987.00000", "2011-10-31": "2234.00000", "2011-07-31": "2551.00000", "2011-04-30": "1806.00000", "2011-01-31": "545.00000", "2010-10-31": "1425.00000", "2010-07-31": "2395.00000", "2010-04-30": "2442.00000", "2010-01-31": "1421.00000", "2009-10-31": "2725.00000", "2009-07-31": "3113.00000", "2009-04-30": "2220.00000", "2009-01-31": "525.00000", "2008-10-31": "874.00000", "2008-07-31": "1062.00000", "2008-04-30": "779.00000", "2008-01-31": "457.00000", "2007-10-31": "550.00000", "2007-07-31": "3024.00000", "2007-04-30": "2081.00000", "2007-01-31": "614.00000", "2006-10-31": "617.00000", "2006-07-31": "659.00000", "2006-04-30": "2586.00000", "2006-01-31": "807.00000", "2005-10-31": "1378.00000", "2005-07-31": "2318.00000", "2005-04-30": "2992.00000", "2005-01-31": "2165.00000"}, "Receivables": {"2020-10-31": "2666.00000", "2020-07-31": "2562.00000", "2020-04-30": "2610.00000", "2020-01-31": "2106.00000", "2019-10-31": "2231.00000", "2019-07-31": "2274.00000", "2019-04-30": "2317.00000", "2019-01-31": "1936.00000", "2018-10-31": "2171.00000", "2018-07-31": "2164.00000", "2018-04-30": "2296.00000", "2018-01-31": "1952.00000", "2017-10-31": "2166.00000", "2017-07-31": "2187.00000", "2017-04-30": "2164.00000", "2017-01-31": "2029.00000", "2016-10-31": "1995.00000", "2016-07-31": "1995.00000", "2016-04-30": "1989.00000", "2016-01-31": "1890.00000", "2015-10-31": "1942.00000", "2015-07-31": "1696.00000", "2015-04-30": "1839.00000", "2015-01-31": "1484.00000", "2014-10-31": "1611.00000", "2014-07-31": "1637.00000", "2014-04-30": "1831.00000", "2014-01-31": "1398.00000", "2013-10-31": "1606.00000", "2013-07-31": "1542.00000", "2013-04-30": "1658.00000", "2013-01-31": "1395.00000", "2012-10-31": "1645.00000", "2012-07-31": "1505.00000", "2012-04-30": "1519.00000", "2012-01-31": "1245.00000", "2011-10-31": "1384.00000", "2011-07-31": "1332.00000", "2011-04-30": "1456.00000", "2011-01-31": "1085.00000", "2010-10-31": "1295.00000", "2010-07-31": "1218.00000", "2010-04-30": "1342.00000", "2010-01-31": "964.00000", "2009-10-31": "1188.00000", "2009-07-31": "1225.00000", "2009-04-30": "1283.00000", "2009-01-31": "972.00000", "2008-10-31": "1490.00000", "2008-07-31": "1506.00000", "2008-04-30": "1571.00000", "2008-01-31": "1259.00000", "2007-10-31": "1609.00000", "2007-07-31": "1554.00000", "2007-04-30": "3529.00000", "2007-01-31": "3223.00000", "2006-10-31": "3593.00000", "2006-07-31": "3566.00000", "2006-04-30": "3412.00000", "2006-01-31": "2396.00000", "2005-10-31": "2550.00000", "2005-07-31": "2182.00000", "2005-04-30": "1973.00000", "2005-01-31": "1499.00000"}, "Inventory": {"2020-10-31": "16155.00000", "2020-07-31": "13498.00000", "2020-04-30": "14989.00000", "2020-01-31": "14531.00000", "2019-10-31": "15711.00000", "2019-07-31": "14741.00000", "2019-04-30": "15495.00000", "2019-01-31": "13925.00000", "2018-10-31": "14754.00000", "2018-07-31": "14044.00000", "2018-04-30": "14432.00000", "2018-01-31": "12748.00000", "2017-10-31": "13419.00000", "2017-07-31": "12868.00000", "2017-04-30": "13609.00000", "2017-01-31": "12549.00000", "2016-10-31": "13241.00000", "2016-07-31": "12323.00000", "2016-04-30": "13219.00000", "2016-01-31": "11809.00000", "2015-10-31": "12495.00000", "2015-07-31": "11859.00000", "2015-04-30": "12306.00000", "2015-01-31": "11079.00000", "2014-10-31": "12008.00000", "2014-07-31": "11665.00000", "2014-04-30": "12343.00000", "2014-01-31": "11057.00000", "2013-10-31": "11348.00000", "2013-07-31": "11086.00000", "2013-04-30": "11825.00000", "2013-01-31": "10710.00000", "2012-10-31": "10960.00000", "2012-07-31": "10910.00000", "2012-04-30": "11582.00000", "2012-01-31": "10325.00000", "2011-10-31": "10717.00000", "2011-07-31": "10756.00000", "2011-04-30": "11694.00000", "2011-01-31": "10625.00000", "2010-10-31": "10993.00000", "2010-07-31": "10759.00000", "2010-04-30": "11479.00000", "2010-01-31": "10188.00000", "2009-10-31": "10817.00000", "2009-07-31": "10797.00000", "2009-04-30": "11428.00000", "2009-01-31": "10673.00000", "2008-10-31": "11869.00000", "2008-07-31": "11864.00000", "2008-04-30": "12637.00000", "2008-01-31": "11731.00000", "2007-10-31": "12588.00000", "2007-07-31": "12287.00000", "2007-04-30": "14413.00000", "2007-01-31": "12822.00000", "2006-10-31": "13707.00000", "2006-07-31": "13641.00000", "2006-04-30": "13401.00000", "2006-01-31": "11401.00000", "2005-10-31": "12039.00000", "2005-07-31": "11252.00000", "2005-04-30": "11305.00000", "2005-01-31": "10076.00000"}, "Pre-Paid Expenses": {"2020-10-31": "", "2020-07-31": "", "2020-04-30": "", "2020-01-31": "", "2019-10-31": "", "2019-07-31": "", "2019-04-30": "", "2019-01-31": "", "2018-10-31": "", "2018-07-31": "", "2018-04-30": "", "2018-01-31": "", "2017-10-31": "", "2017-07-31": "", "2017-04-30": "", "2017-01-31": "", "2016-10-31": "", "2016-07-31": "", "2016-04-30": "", "2016-01-31": "", "2015-10-31": "", "2015-07-31": "", "2015-04-30": "", "2015-01-31": "", "2014-10-31": "", "2014-07-31": "", "2014-04-30": "", "2014-01-31": "", "2013-10-31": "", "2013-07-31": "", "2013-04-30": "", "2013-01-31": "", "2012-10-31": "", "2012-07-31": "", "2012-04-30": "", "2012-01-31": "", "2011-10-31": "", "2011-07-31": "", "2011-04-30": "", "2011-01-31": "", "2010-10-31": "", "2010-07-31": "", "2010-04-30": "", "2010-01-31": "", "2009-10-31": "", "2009-07-31": "", "2009-04-30": "", "2009-01-31": "", "2008-10-31": "", "2008-07-31": "", "2008-04-30": "", "2008-01-31": "", "2007-10-31": "", "2007-07-31": "", "2007-04-30": "", "2007-01-31": "", "2006-10-31": "", "2006-07-31": "", "2006-04-30": "", "2006-01-31": "", "2005-10-31": "", "2005-07-31": "", "2005-04-30": "", "2005-01-31": ""}, "Other Current Assets": {"2020-10-31": "1032.00000", "2020-07-31": "1162.00000", "2020-04-30": "982.00000", "2020-01-31": "1040.00000", "2019-10-31": "1039.00000", "2019-07-31": "1137.00000", "2019-04-30": "859.00000", "2019-01-31": "890.00000", "2018-10-31": "1120.00000", "2018-07-31": "1104.00000", "2018-04-30": "887.00000", "2018-01-31": "638.00000", "2017-10-31": "548.00000", "2017-07-31": "626.00000", "2017-04-30": "558.00000", "2017-01-31": "608.00000", "2016-10-31": "523.00000", "2016-07-31": "605.00000", "2016-04-30": "545.00000", "2016-01-31": "569.00000", "2015-10-31": "1129.00000", "2015-07-31": "1040.00000", "2015-04-30": "1023.00000", "2015-01-31": "1016.00000", "2014-10-31": "949.00000", "2014-07-31": "973.00000", "2014-04-30": "830.00000", "2014-01-31": "895.00000", "2013-10-31": "791.00000", "2013-07-31": "848.00000", "2013-04-30": "800.00000", "2013-01-31": "773.00000", "2012-10-31": "796.00000", "2012-07-31": "1006.00000", "2012-04-30": "1060.00000", "2012-01-31": "963.00000", "2011-10-31": "1143.00000", "2011-07-31": "1218.00000", "2011-04-30": "1205.00000", "2011-01-31": "1224.00000", "2010-10-31": "1363.00000", "2010-07-31": "1385.00000", "2010-04-30": "1383.00000", "2010-01-31": "1327.00000", "2009-10-31": "1169.00000", "2009-07-31": "1428.00000", "2009-04-30": "1383.00000", "2009-01-31": "1192.00000", "2008-10-31": "1374.00000", "2008-07-31": "1402.00000", "2008-04-30": "1353.00000", "2008-01-31": "1227.00000", "2007-10-31": "1378.00000", "2007-07-31": "1226.00000", "2007-04-30": "1496.00000", "2007-01-31": "1341.00000", "2006-10-31": "923.00000", "2006-07-31": "944.00000", "2006-04-30": "880.00000", "2006-01-31": "665.00000", "2005-10-31": "509.00000", "2005-07-31": "652.00000", "2005-04-30": "569.00000", "2005-01-31": "533.00000"}, "Total Current Assets": {"2020-10-31": "34505.00000", "2020-07-31": "31361.00000", "2020-04-30": "27277.00000", "2020-01-31": "19810.00000", "2019-10-31": "21174.00000", "2019-07-31": "20699.00000", "2019-04-30": "20553.00000", "2019-01-31": "18529.00000", "2018-10-31": "19809.00000", "2018-07-31": "20802.00000", "2018-04-30": "21214.00000", "2018-01-31": "18933.00000", "2017-10-31": "19682.00000", "2017-07-31": "20511.00000", "2017-04-30": "19896.00000", "2017-01-31": "17724.00000", "2016-10-31": "19348.00000", "2016-07-31": "18941.00000", "2016-04-30": "19010.00000", "2016-01-31": "16484.00000", "2015-10-31": "18606.00000", "2015-07-31": "19531.00000", "2015-04-30": "17995.00000", "2015-01-31": "15302.00000", "2014-10-31": "16749.00000", "2014-07-31": "18491.00000", "2014-04-30": "17515.00000", "2014-01-31": "15279.00000", "2013-10-31": "18598.00000", "2013-07-31": "16895.00000", "2013-04-30": "18620.00000", "2013-01-31": "15372.00000", "2012-10-31": "15955.00000", "2012-07-31": "16231.00000", "2012-04-30": "17352.00000", "2012-01-31": "14520.00000", "2011-10-31": "15478.00000", "2011-07-31": "15857.00000", "2011-04-30": "16161.00000", "2011-01-31": "13479.00000", "2010-10-31": "15076.00000", "2010-07-31": "15757.00000", "2010-04-30": "16646.00000", "2010-01-31": "13900.00000", "2009-10-31": "15899.00000", "2009-07-31": "16563.00000", "2009-04-30": "16314.00000", "2009-01-31": "13362.00000", "2008-10-31": "15607.00000", "2008-07-31": "15834.00000", "2008-04-30": "16340.00000", "2008-01-31": "14674.00000", "2007-10-31": "16125.00000", "2007-07-31": "21872.00000", "2007-04-30": "21519.00000", "2007-01-31": "18000.00000", "2006-10-31": "18840.00000", "2006-07-31": "18810.00000", "2006-04-30": "20279.00000", "2006-01-31": "15269.00000", "2005-10-31": "16476.00000", "2005-07-31": "16404.00000", "2005-04-30": "16839.00000", "2005-01-31": "14273.00000"}, "Property, Plant, And Equipment": {"2020-10-31": "23848.00000", "2020-07-31": "23387.00000", "2020-04-30": "22697.00000", "2020-01-31": "22770.00000", "2019-10-31": "22472.00000", "2019-07-31": "22387.00000", "2019-04-30": "22270.00000", "2019-01-31": "22375.00000", "2018-10-31": "22054.00000", "2018-07-31": "21909.00000", "2018-04-30": "21928.00000", "2018-01-31": "22075.00000", "2017-10-31": "21960.00000", "2017-07-31": "22035.00000", "2017-04-30": "21789.00000", "2017-01-31": "21914.00000", "2016-10-31": "21840.00000", "2016-07-31": "21975.00000", "2016-04-30": "22243.00000", "2016-01-31": "22191.00000", "2015-10-31": "22194.00000", "2015-07-31": "22302.00000", "2015-04-30": "22562.00000", "2015-01-31": "22720.00000", "2014-10-31": "22940.00000", "2014-07-31": "23126.00000", "2014-04-30": "23238.00000", "2014-01-31": "23348.00000", "2013-10-31": "23557.00000", "2013-07-31": "23650.00000", "2013-04-30": "23906.00000", "2013-01-31": "24069.00000", "2012-10-31": "24124.00000", "2012-07-31": "24154.00000", "2012-04-30": "24371.00000", "2012-01-31": "24448.00000", "2011-10-31": "24532.00000", "2011-07-31": "24798.00000", "2011-04-30": "24993.00000", "2011-01-31": "25060.00000", "2010-10-31": "25050.00000", "2010-07-31": "25190.00000", "2010-04-30": "25404.00000", "2010-01-31": "25550.00000", "2009-10-31": "25581.00000", "2009-07-31": "25851.00000", "2009-04-30": "25894.00000", "2009-01-31": "26234.00000", "2008-10-31": "26782.00000", "2008-07-31": "27077.00000", "2008-04-30": "27113.00000", "2008-01-31": "27476.00000", "2007-10-31": "27245.00000", "2007-07-31": "26649.00000", "2007-04-30": "26889.00000", "2007-01-31": "26605.00000", "2006-10-31": "26193.00000", "2006-07-31": "25640.00000", "2006-04-30": "25295.00000", "2006-01-31": "24901.00000", "2005-10-31": "24274.00000", "2005-07-31": "23647.00000", "2005-04-30": "23031.00000", "2005-01-31": "22726.00000"}, "Long-Term Investments": {"2020-10-31": "", "2020-07-31": "", "2020-04-30": "", "2020-01-31": "", "2019-10-31": "", "2019-07-31": "", "2019-04-30": "", "2019-01-31": "", "2018-10-31": "", "2018-07-31": "", "2018-04-30": "", "2018-01-31": "", "2017-10-31": "", "2017-07-31": "", "2017-04-30": "", "2017-01-31": "", "2016-10-31": "", "2016-07-31": "", "2016-04-30": "", "2016-01-31": "", "2015-10-31": "", "2015-07-31": "", "2015-04-30": "", "2015-01-31": "", "2014-10-31": "", "2014-07-31": "", "2014-04-30": "", "2014-01-31": "", "2013-10-31": "", "2013-07-31": "", "2013-04-30": "", "2013-01-31": "", "2012-10-31": "", "2012-07-31": "", "2012-04-30": "", "2012-01-31": "", "2011-10-31": "", "2011-07-31": "", "2011-04-30": "", "2011-01-31": "", "2010-10-31": "", "2010-07-31": "", "2010-04-30": "", "2010-01-31": "", "2009-10-31": "", "2009-07-31": "", "2009-04-30": "", "2009-01-31": "", "2008-10-31": "", "2008-07-31": "", "2008-04-30": "", "2008-01-31": "", "2007-10-31": "", "2007-07-31": "", "2007-04-30": "", "2007-01-31": "", "2006-10-31": "", "2006-07-31": "", "2006-04-30": "", "2006-01-31": "", "2005-10-31": "", "2005-07-31": "", "2005-04-30": "", "2005-01-31": ""}, "Goodwill And Intangible Assets": {"2020-10-31": "2236.00000", "2020-07-31": "2233.00000", "2020-04-30": "2220.00000", "2020-01-31": "2254.00000", "2019-10-31": "2253.00000", "2019-07-31": "2254.00000", "2019-04-30": "2250.00000", "2019-01-31": "2252.00000", "2018-10-31": "2258.00000", "2018-07-31": "2251.00000", "2018-04-30": "2281.00000", "2018-01-31": "2275.00000", "2017-10-31": "2217.00000", "2017-07-31": "2235.00000", "2017-04-30": "2095.00000", "2017-01-31": "2093.00000", "2016-10-31": "2095.00000", "2016-07-31": "2106.00000", "2016-04-30": "2123.00000", "2016-01-31": "2102.00000", "2015-10-31": "2111.00000", "2015-07-31": "1340.00000", "2015-04-30": "1359.00000", "2015-01-31": "1353.00000", "2014-10-31": "1283.00000", "2014-07-31": "1295.00000", "2014-04-30": "1293.00000", "2014-01-31": "1289.00000", "2013-10-31": "1172.00000", "2013-07-31": "1170.00000", "2013-04-30": "1187.00000", "2013-01-31": "1170.00000", "2012-10-31": "1141.00000", "2012-07-31": "1157.00000", "2012-04-30": "1139.00000", "2012-01-31": "1120.00000", "2011-10-31": "1072.00000", "2011-07-31": "1177.00000", "2011-04-30": "1209.00000", "2011-01-31": "1187.00000", "2010-10-31": "1180.00000", "2010-07-31": "1187.00000", "2010-04-30": "1192.00000", "2010-01-31": "1171.00000", "2009-10-31": "1163.00000", "2009-07-31": "1168.00000", "2009-04-30": "1134.00000", "2009-01-31": "1134.00000", "2008-10-31": "1175.00000", "2008-07-31": "1218.00000", "2008-04-30": "1210.00000", "2008-01-31": "1209.00000", "2007-10-31": "1199.00000", "2007-07-31": "1189.00000", "2007-04-30": "6357.00000", "2007-01-31": "6314.00000", "2006-10-31": "6173.00000", "2006-07-31": "6013.00000", "2006-04-30": "5432.00000", "2006-01-31": "3286.00000", "2005-10-31": "3120.00000", "2005-07-31": "1994.00000", "2005-04-30": "1476.00000", "2005-01-31": "1394.00000"}, "Other Long-Term Assets": {"2020-10-31": "897.00000", "2020-07-31": "932.00000", "2020-04-30": "909.00000", "2020-01-31": "807.00000", "2019-10-31": "772.00000", "2019-07-31": "881.00000", "2019-04-30": "813.00000", "2019-01-31": "847.00000", "2018-10-31": "1079.00000", "2018-07-31": "1270.00000", "2018-04-30": "1227.00000", "2018-01-31": "1246.00000", "2017-10-31": "1164.00000", "2017-07-31": "1178.00000", "2017-04-30": "1164.00000", "2017-01-31": "1235.00000", "2016-10-31": "1219.00000", "2016-07-31": "1225.00000", "2016-04-30": "1200.00000", "2016-01-31": "1196.00000", "2015-10-31": "1241.00000", "2015-07-31": "625.00000", "2015-04-30": "594.00000", "2015-01-31": "571.00000", "2014-10-31": "540.00000", "2014-07-31": "567.00000", "2014-04-30": "583.00000", "2014-01-31": "602.00000", "2013-10-31": "487.00000", "2013-07-31": "477.00000", "2013-04-30": "482.00000", "2013-01-31": "473.00000", "2012-10-31": "441.00000", "2012-07-31": "441.00000", "2012-04-30": "438.00000", "2012-01-31": "295.00000", "2011-10-31": "417.00000", "2011-07-31": "445.00000", "2011-04-30": "434.00000", "2011-01-31": "260.00000", "2010-10-31": "435.00000", "2010-07-31": "401.00000", "2010-04-30": "377.00000", "2010-01-31": "223.00000", "2009-10-31": "374.00000", "2009-07-31": "382.00000", "2009-04-30": "390.00000", "2009-01-31": "398.00000", "2008-10-31": "561.00000", "2008-07-31": "650.00000", "2008-04-30": "607.00000", "2008-01-31": "623.00000", "2007-10-31": "597.00000", "2007-07-31": "282.00000", "2007-04-30": "981.00000", "2007-01-31": "1001.00000", "2006-10-31": "1078.00000", "2006-07-31": "962.00000", "2006-04-30": "1329.00000", "2006-01-31": "601.00000", "2005-10-31": "444.00000", "2005-07-31": "288.00000", "2005-04-30": "251.00000", "2005-01-31": "258.00000"}, "Total Long-Term Assets": {"2020-10-31": "32414.00000", "2020-07-31": "31988.00000", "2020-04-30": "31460.00000", "2020-01-31": "31426.00000", "2019-10-31": "31135.00000", "2019-07-31": "31311.00000", "2019-04-30": "30962.00000", "2019-01-31": "25474.00000", "2018-10-31": "25391.00000", "2018-07-31": "25430.00000", "2018-04-30": "25436.00000", "2018-01-31": "25596.00000", "2017-10-31": "25341.00000", "2017-07-31": "25448.00000", "2017-04-30": "25048.00000", "2017-01-31": "25242.00000", "2016-10-31": "25154.00000", "2016-07-31": "25306.00000", "2016-04-30": "25566.00000", "2016-01-31": "25489.00000", "2015-10-31": "25546.00000", "2015-07-31": "24267.00000", "2015-04-30": "24515.00000", "2015-01-31": "24644.00000", "2014-10-31": "24763.00000", "2014-07-31": "24988.00000", "2014-04-30": "25114.00000", "2014-01-31": "25239.00000", "2013-10-31": "25216.00000", "2013-07-31": "25297.00000", "2013-04-30": "25575.00000", "2013-01-31": "25712.00000", "2012-10-31": "25706.00000", "2012-07-31": "25752.00000", "2012-04-30": "25948.00000", "2012-01-31": "25998.00000", "2011-10-31": "26021.00000", "2011-07-31": "26420.00000", "2011-04-30": "26636.00000", "2011-01-31": "26646.00000", "2010-10-31": "26665.00000", "2010-07-31": "26778.00000", "2010-04-30": "26973.00000", "2010-01-31": "26977.00000", "2009-10-31": "27151.00000", "2009-07-31": "27435.00000", "2009-04-30": "27453.00000", "2009-01-31": "27802.00000", "2008-10-31": "28555.00000", "2008-07-31": "29265.00000", "2008-04-30": "29256.00000", "2008-01-31": "29650.00000", "2007-10-31": "29381.00000", "2007-07-31": "34992.00000", "2007-04-30": "34562.00000", "2007-01-31": "34263.00000", "2006-10-31": "33788.00000", "2006-07-31": "32959.00000", "2006-04-30": "32400.00000", "2006-01-31": "29136.00000", "2005-10-31": "28194.00000", "2005-07-31": "26285.00000", "2005-04-30": "25118.00000", "2005-01-31": "24747.00000"}, "Total Assets": {"2020-10-31": "66919.00000", "2020-07-31": "63349.00000", "2020-04-30": "58737.00000", "2020-01-31": "51236.00000", "2019-10-31": "52309.00000", "2019-07-31": "52010.00000", "2019-04-30": "51515.00000", "2019-01-31": "44003.00000", "2018-10-31": "45200.00000", "2018-07-31": "46232.00000", "2018-04-30": "46650.00000", "2018-01-31": "44529.00000", "2017-10-31": "45023.00000", "2017-07-31": "45959.00000", "2017-04-30": "44944.00000", "2017-01-31": "42966.00000", "2016-10-31": "44502.00000", "2016-07-31": "44247.00000", "2016-04-30": "44576.00000", "2016-01-31": "41973.00000", "2015-10-31": "44152.00000", "2015-07-31": "43798.00000", "2015-04-30": "42510.00000", "2015-01-31": "39946.00000", "2014-10-31": "41512.00000", "2014-07-31": "43479.00000", "2014-04-30": "42629.00000", "2014-01-31": "40518.00000", "2013-10-31": "43814.00000", "2013-07-31": "42192.00000", "2013-04-30": "44195.00000", "2013-01-31": "41084.00000", "2012-10-31": "41661.00000", "2012-07-31": "41983.00000", "2012-04-30": "43300.00000", "2012-01-31": "40518.00000", "2011-10-31": "41499.00000", "2011-07-31": "42277.00000", "2011-04-30": "42797.00000", "2011-01-31": "40125.00000", "2010-10-31": "41741.00000", "2010-07-31": "42535.00000", "2010-04-30": "43619.00000", "2010-01-31": "40877.00000", "2009-10-31": "43050.00000", "2009-07-31": "43998.00000", "2009-04-30": "43767.00000", "2009-01-31": "41164.00000", "2008-10-31": "44162.00000", "2008-07-31": "45099.00000", "2008-04-30": "45596.00000", "2008-01-31": "44324.00000", "2007-10-31": "45506.00000", "2007-07-31": "56864.00000", "2007-04-30": "56081.00000", "2007-01-31": "52263.00000", "2006-10-31": "52628.00000", "2006-07-31": "51769.00000", "2006-04-30": "52679.00000", "2006-01-31": "44405.00000", "2005-10-31": "44670.00000", "2005-07-31": "42689.00000", "2005-04-30": "41957.00000", "2005-01-31": "39020.00000"}, "Total Current Liabilities": {"2020-10-31": "25395.00000", "2020-07-31": "24199.00000", "2020-04-30": "23348.00000", "2020-01-31": "18375.00000", "2019-10-31": "19565.00000", "2019-07-31": "18798.00000", "2019-04-30": "19673.00000", "2019-01-31": "16716.00000", "2018-10-31": "18196.00000", "2018-07-31": "18426.00000", "2018-04-30": "18133.00000", "2018-01-31": "16194.00000", "2017-10-31": "16002.00000", "2017-07-31": "15823.00000", "2017-04-30": "16438.00000", "2017-01-31": "14133.00000", "2016-10-31": "14431.00000", "2016-07-31": "14525.00000", "2016-04-30": "15149.00000", "2016-01-31": "12524.00000", "2015-10-31": "15976.00000", "2015-07-31": "16399.00000", "2015-04-30": "17005.00000", "2015-01-31": "11269.00000", "2014-10-31": "12260.00000", "2014-07-31": "12839.00000", "2014-04-30": "13265.00000", "2014-01-31": "10749.00000", "2013-10-31": "12529.00000", "2013-07-31": "12995.00000", "2013-04-30": "14018.00000", "2013-01-31": "11462.00000", "2012-10-31": "10666.00000", "2012-07-31": "11234.00000", "2012-04-30": "12099.00000", "2012-01-31": "9376.00000", "2011-10-31": "10586.00000", "2011-07-31": "10947.00000", "2011-04-30": "11458.00000", "2011-01-31": "10122.00000", "2010-10-31": "11360.00000", "2010-07-31": "12739.00000", "2010-04-30": "13977.00000", "2010-01-31": "10363.00000", "2009-10-31": "12455.00000", "2009-07-31": "12563.00000", "2009-04-30": "13548.00000", "2009-01-31": "11153.00000", "2008-10-31": "12881.00000", "2008-07-31": "12637.00000", "2008-04-30": "14119.00000", "2008-01-31": "12706.00000", "2007-10-31": "14339.00000", "2007-07-31": "15187.00000", "2007-04-30": "15843.00000", "2007-01-31": "12931.00000", "2006-10-31": "16128.00000", "2006-07-31": "15886.00000", "2006-04-30": "16278.00000", "2006-01-31": "12706.00000", "2005-10-31": "14318.00000", "2005-07-31": "13300.00000", "2005-04-30": "13769.00000", "2005-01-31": "10455.00000"}, "Long Term Debt": {"2020-10-31": "32831.00000", "2020-07-31": "32370.00000", "2020-04-30": "31622.00000", "2020-01-31": "28670.00000", "2019-10-31": "26597.00000", "2019-07-31": "27064.00000", "2019-04-30": "26804.00000", "2019-01-31": "26807.00000", "2018-10-31": "23332.00000", "2018-07-31": "23295.00000", "2018-04-30": "24244.00000", "2018-01-31": "24267.00000", "2017-10-31": "24266.00000", "2017-07-31": "24422.00000", "2017-04-30": "22393.00000", "2017-01-31": "22349.00000", "2016-10-31": "22338.00000", "2016-07-31": "20900.00000", "2016-04-30": "20904.00000", "2016-01-31": "20789.00000", "2015-10-31": "17815.00000", "2015-07-31": "16318.00000", "2015-04-30": "13818.00000", "2015-01-31": "16869.00000", "2014-10-31": "16693.00000", "2014-07-31": "16702.00000", "2014-04-30": "14707.00000", "2014-01-31": "14691.00000", "2013-10-31": "14692.00000", "2013-07-31": "11450.00000", "2013-04-30": "11460.00000", "2013-01-31": "9475.00000", "2012-10-31": "10779.00000", "2012-07-31": "10771.00000", "2012-04-30": "10792.00000", "2012-01-31": "10758.00000", "2011-10-31": "10739.00000", "2011-07-31": "10731.00000", "2011-04-30": "10720.00000", "2011-01-31": "8707.00000", "2010-10-31": "8752.00000", "2010-07-31": "7727.00000", "2010-04-30": "7676.00000", "2010-01-31": "8662.00000", "2009-10-31": "8656.00000", "2009-07-31": "9661.00000", "2009-04-30": "9667.00000", "2009-01-31": "9667.00000", "2008-10-31": "10353.00000", "2008-07-31": "11366.00000", "2008-04-30": "11339.00000", "2008-01-31": "11383.00000", "2007-10-31": "11342.00000", "2007-07-31": "11628.00000", "2007-04-30": "11640.00000", "2007-01-31": "11643.00000", "2006-10-31": "6671.00000", "2006-07-31": "6660.00000", "2006-04-30": "6652.00000", "2006-01-31": "2672.00000", "2005-10-31": "2661.00000", "2005-07-31": "2168.00000", "2005-04-30": "2145.00000", "2005-01-31": "2148.00000"}, "Other Non-Current Liabilities": {"2020-10-31": "2278.00000", "2020-07-31": "2299.00000", "2020-04-30": "2182.00000", "2020-01-31": "2241.00000", "2019-10-31": "2116.00000", "2019-07-31": "2045.00000", "2019-04-30": "2036.00000", "2019-01-31": "1867.00000", "2018-10-31": "2352.00000", "2018-07-31": "2502.00000", "2018-04-30": "2586.00000", "2018-01-31": "2174.00000", "2017-10-31": "1968.00000", "2017-07-31": "1923.00000", "2017-04-30": "1916.00000", "2017-01-31": "1855.00000", "2016-10-31": "1856.00000", "2016-07-31": "1874.00000", "2016-04-30": "1885.00000", "2016-01-31": "1965.00000", "2015-10-31": "1949.00000", "2015-07-31": "1884.00000", "2015-04-30": "1883.00000", "2015-01-31": "1844.00000", "2014-10-31": "1937.00000", "2014-07-31": "1953.00000", "2014-04-30": "2013.00000", "2014-01-31": "2042.00000", "2013-10-31": "2019.00000", "2013-07-31": "1979.00000", "2013-04-30": "2054.00000", "2013-01-31": "2051.00000", "2012-10-31": "2107.00000", "2012-07-31": "2046.00000", "2012-04-30": "2112.00000", "2012-01-31": "2146.00000", "2011-10-31": "2205.00000", "2011-07-31": "2136.00000", "2011-04-30": "2184.00000", "2011-01-31": "2135.00000", "2010-10-31": "2330.00000", "2010-07-31": "2428.00000", "2010-04-30": "2356.00000", "2010-01-31": "2140.00000", "2009-10-31": "2226.00000", "2009-07-31": "2251.00000", "2009-04-30": "2242.00000", "2009-01-31": "2198.00000", "2008-10-31": "1978.00000", "2008-07-31": "1949.00000", "2008-04-30": "1972.00000", "2008-01-31": "1833.00000", "2007-10-31": "1725.00000", "2007-07-31": "1688.00000", "2007-04-30": "1765.00000", "2007-01-31": "1243.00000", "2006-10-31": "896.00000", "2006-07-31": "888.00000", "2006-04-30": "797.00000", "2006-01-31": "1172.00000", "2005-10-31": "819.00000", "2005-07-31": "781.00000", "2005-04-30": "826.00000", "2005-01-31": "871.00000"}, "Total Long Term Liabilities": {"2020-10-31": "39989.00000", "2020-07-31": "39564.00000", "2020-04-30": "38879.00000", "2020-01-31": "35977.00000", "2019-10-31": "33826.00000", "2019-07-31": "34372.00000", "2019-04-30": "33985.00000", "2019-01-31": "29165.00000", "2018-10-31": "25684.00000", "2018-07-31": "25797.00000", "2018-04-30": "26830.00000", "2018-01-31": "26881.00000", "2017-10-31": "26478.00000", "2017-07-31": "26582.00000", "2017-04-30": "24544.00000", "2017-01-31": "24500.00000", "2016-10-31": "24449.00000", "2016-07-31": "23065.00000", "2016-04-30": "23092.00000", "2016-01-31": "23133.00000", "2015-10-31": "20557.00000", "2015-07-31": "18762.00000", "2015-04-30": "16301.00000", "2015-01-31": "19355.00000", "2014-10-31": "19142.00000", "2014-07-31": "19183.00000", "2014-04-30": "17218.00000", "2014-01-31": "17247.00000", "2013-10-31": "17071.00000", "2013-07-31": "13719.00000", "2013-04-30": "13784.00000", "2013-01-31": "11845.00000", "2012-10-31": "13257.00000", "2012-07-31": "13115.00000", "2012-04-30": "13226.00000", "2012-01-31": "13244.00000", "2011-10-31": "13144.00000", "2011-07-31": "13097.00000", "2011-04-30": "13141.00000", "2011-01-31": "11114.00000", "2010-10-31": "11266.00000", "2010-07-31": "10351.00000", "2010-04-30": "10271.00000", "2010-01-31": "11121.00000", "2009-10-31": "11215.00000", "2009-07-31": "12266.00000", "2009-04-30": "12225.00000", "2009-01-31": "12234.00000", "2008-10-31": "12885.00000", "2008-07-31": "13813.00000", "2008-04-30": "13771.00000", "2008-01-31": "13904.00000", "2007-10-31": "13721.00000", "2007-07-31": "14502.00000", "2007-04-30": "14565.00000", "2007-01-31": "14302.00000", "2006-10-31": "8742.00000", "2006-07-31": "8658.00000", "2006-04-30": "8602.00000", "2006-01-31": "4790.00000", "2005-10-31": "4560.00000", "2005-07-31": "4250.00000", "2005-04-30": "4367.00000", "2005-01-31": "4407.00000"}, "Total Liabilities": {"2020-10-31": "65384.00000", "2020-07-31": "63763.00000", "2020-04-30": "62227.00000", "2020-01-31": "54352.00000", "2019-10-31": "53391.00000", "2019-07-31": "53170.00000", "2019-04-30": "53658.00000", "2019-01-31": "45881.00000", "2018-10-31": "43880.00000", "2018-07-31": "44223.00000", "2018-04-30": "44963.00000", "2018-01-31": "43075.00000", "2017-10-31": "42480.00000", "2017-07-31": "42405.00000", "2017-04-30": "40982.00000", "2017-01-31": "38633.00000", "2016-10-31": "38880.00000", "2016-07-31": "37590.00000", "2016-04-30": "38241.00000", "2016-01-31": "35657.00000", "2015-10-31": "36533.00000", "2015-07-31": "35161.00000", "2015-04-30": "33306.00000", "2015-01-31": "30624.00000", "2014-10-31": "31402.00000", "2014-07-31": "32022.00000", "2014-04-30": "30483.00000", "2014-01-31": "27996.00000", "2013-10-31": "29600.00000", "2013-07-31": "26714.00000", "2013-04-30": "27802.00000", "2013-01-31": "23307.00000", "2012-10-31": "23923.00000", "2012-07-31": "24349.00000", "2012-04-30": "25325.00000", "2012-01-31": "22620.00000", "2011-10-31": "23730.00000", "2011-07-31": "24044.00000", "2011-04-30": "24599.00000", "2011-01-31": "21236.00000", "2010-10-31": "22626.00000", "2010-07-31": "23090.00000", "2010-04-30": "24248.00000", "2010-01-31": "21484.00000", "2009-10-31": "23670.00000", "2009-07-31": "24829.00000", "2009-04-30": "25773.00000", "2009-01-31": "23387.00000", "2008-10-31": "25766.00000", "2008-07-31": "26450.00000", "2008-04-30": "27890.00000", "2008-01-31": "26610.00000", "2007-10-31": "28060.00000", "2007-07-31": "29689.00000", "2007-04-30": "30408.00000", "2007-01-31": "27233.00000", "2006-10-31": "24870.00000", "2006-07-31": "24544.00000", "2006-04-30": "24880.00000", "2006-01-31": "17496.00000", "2005-10-31": "18878.00000", "2005-07-31": "17550.00000", "2005-04-30": "18136.00000", "2005-01-31": "14862.00000"}, "Common Stock Net": {"2020-10-31": "89.00000", "2020-07-31": "89.00000", "2020-04-30": "89.00000", "2020-01-31": "89.00000", "2019-10-31": "89.00000", "2019-07-31": "89.00000", "2019-04-30": "89.00000", "2019-01-31": "89.00000", "2018-10-31": "89.00000", "2018-07-31": "89.00000", "2018-04-30": "89.00000", "2018-01-31": "89.00000", "2017-10-31": "89.00000", "2017-07-31": "89.00000", "2017-04-30": "89.00000", "2017-01-31": "88.00000", "2016-10-31": "88.00000", "2016-07-31": "88.00000", "2016-04-30": "88.00000", "2016-01-31": "88.00000", "2015-10-31": "88.00000", "2015-07-31": "88.00000", "2015-04-30": "88.00000", "2015-01-31": "88.00000", "2014-10-31": "88.00000", "2014-07-31": "88.00000", "2014-04-30": "88.00000", "2014-01-31": "88.00000", "2013-10-31": "88.00000", "2013-07-31": "88.00000", "2013-04-30": "88.00000", "2013-01-31": "88.00000", "2012-10-31": "88.00000", "2012-07-31": "87.00000", "2012-04-30": "87.00000", "2012-01-31": "87.00000", "2011-10-31": "86.00000", "2011-07-31": "86.00000", "2011-04-30": "86.00000", "2011-01-31": "86.00000", "2010-10-31": "86.00000", "2010-07-31": "86.00000", "2010-04-30": "86.00000", "2010-01-31": "86.00000", "2009-10-31": "86.00000", "2009-07-31": "86.00000", "2009-04-30": "86.00000", "2009-01-31": "85.00000", "2008-10-31": "85.00000", "2008-07-31": "85.00000", "2008-04-30": "85.00000", "2008-01-31": "85.00000", "2007-10-31": "121.00000", "2007-07-31": "122.00000", "2007-04-30": "121.00000", "2007-01-31": "121.00000", "2006-10-31": "121.00000", "2006-07-31": "121.00000", "2006-04-30": "121.00000", "2006-01-31": "120.00000", "2005-10-31": "120.00000", "2005-07-31": "120.00000", "2005-04-30": "119.00000", "2005-01-31": "119.00000"}, "Retained Earnings (Accumulated Deficit)": {"2020-10-31": "56892.00000", "2020-07-31": "55074.00000", "2020-04-30": "52354.00000", "2020-01-31": "51729.00000", "2019-10-31": "50729.00000", "2019-07-31": "49446.00000", "2019-04-30": "47459.00000", "2019-01-31": "46423.00000", "2018-10-31": "45235.00000", "2018-07-31": "43543.00000", "2018-04-30": "41221.00000", "2018-01-31": "39935.00000", "2017-10-31": "39193.00000", "2017-07-31": "38073.00000", "2017-04-30": "36461.00000", "2017-01-31": "35519.00000", "2016-10-31": "34612.00000", "2016-07-31": "33492.00000", "2016-04-30": "31907.00000", "2016-01-31": "30973.00000", "2015-10-31": "30246.00000", "2015-07-31": "29275.00000", "2015-04-30": "27805.00000", "2015-01-31": "26995.00000", "2014-10-31": "26234.00000", "2014-07-31": "25324.00000", "2014-04-30": "23913.00000", "2014-01-31": "23180.00000", "2013-10-31": "22711.00000", "2013-07-31": "21916.00000", "2013-04-30": "20687.00000", "2013-01-31": "20038.00000", "2012-10-31": "19448.00000", "2012-07-31": "18933.00000", "2012-04-30": "17837.00000", "2012-01-31": "17246.00000", "2011-10-31": "16917.00000", "2011-07-31": "16372.00000", "2011-04-30": "15404.00000", "2011-01-31": "14995.00000", "2010-10-31": "14793.00000", "2010-07-31": "14350.00000", "2010-04-30": "13552.00000", "2010-01-31": "13226.00000", "2009-10-31": "13265.00000", "2009-07-31": "12958.00000", "2009-04-30": "12226.00000", "2009-01-31": "12093.00000", "2008-10-31": "12518.00000", "2008-07-31": "12183.00000", "2008-04-30": "11365.00000", "2008-01-31": "11388.00000", "2007-10-31": "35335.00000", "2007-07-31": "34688.00000", "2007-04-30": "33544.00000", "2007-01-31": "33052.00000", "2006-10-31": "32843.00000", "2006-07-31": "31661.00000", "2006-04-30": "30109.00000", "2006-01-31": "28943.00000", "2005-10-31": "27870.00000", "2005-07-31": "26546.00000", "2005-04-30": "24992.00000", "2005-01-31": "23962.00000"}, "Comprehensive Income": {"2020-10-31": "-965.00000", "2020-07-31": "-1012.00000", "2020-04-30": "-1148.00000", "2020-01-31": "-739.00000", "2019-10-31": "-801.00000", "2019-07-31": "-776.00000", "2019-04-30": "-835.00000", "2019-01-31": "-772.00000", "2018-10-31": "-717.00000", "2018-07-31": "-774.00000", "2018-04-30": "-596.00000", "2018-01-31": "-566.00000", "2017-10-31": "-629.00000", "2017-07-31": "-482.00000", "2017-04-30": "-923.00000", "2017-01-31": "-867.00000", "2016-10-31": "-883.00000", "2016-07-31": "-778.00000", "2016-04-30": "-578.00000", "2016-01-31": "-898.00000", "2015-10-31": "-662.00000", "2015-07-31": "-582.00000", "2015-04-30": "-327.00000", "2015-01-31": "-452.00000", "2014-10-31": "-18.00000", "2014-07-31": "91.00000", "2014-04-30": "88.00000", "2014-01-31": "46.00000", "2013-10-31": "254.00000", "2013-07-31": "281.00000", "2013-04-30": "433.00000", "2013-01-31": "397.00000", "2012-10-31": "411.00000", "2012-07-31": "315.00000", "2012-04-30": "453.00000", "2012-01-31": "293.00000", "2011-10-31": "362.00000", "2011-07-31": "603.00000", "2011-04-30": "613.00000", "2011-01-31": "445.00000", "2010-10-31": "375.00000", "2010-07-31": "392.00000", "2010-04-30": "506.00000", "2010-01-31": "362.00000", "2009-10-31": "274.00000", "2009-07-31": "319.00000", "2009-04-30": "-38.00000", "2009-01-31": "-77.00000", "2008-10-31": "177.00000", "2008-07-31": "740.00000", "2008-04-30": "711.00000", "2008-01-31": "755.00000", "2007-10-31": "868.00000", "2007-07-31": "592.00000", "2007-04-30": "443.00000", "2007-01-31": "310.00000", "2006-10-31": "448.00000", "2006-07-31": "403.00000", "2006-04-30": "457.00000", "2006-01-31": "409.00000", "2005-10-31": "337.00000", "2005-07-31": "263.00000", "2005-04-30": "194.00000", "2005-01-31": "227.00000"}, "Other Share Holders Equity": {"2020-10-31": "", "2020-07-31": "", "2020-04-30": "", "2020-01-31": "", "2019-10-31": "", "2019-07-31": "", "2019-04-30": "", "2019-01-31": "", "2018-10-31": "", "2018-07-31": "", "2018-04-30": "", "2018-01-31": "", "2017-10-31": "", "2017-07-31": "", "2017-04-30": "", "2017-01-31": "", "2016-10-31": "", "2016-07-31": "", "2016-04-30": "", "2016-01-31": "", "2015-10-31": "", "2015-07-31": "", "2015-04-30": "", "2015-01-31": "", "2014-10-31": "", "2014-07-31": "", "2014-04-30": "", "2014-01-31": "", "2013-10-31": "", "2013-07-31": "", "2013-04-30": "", "2013-01-31": "", "2012-10-31": "", "2012-07-31": "", "2012-04-30": "", "2012-01-31": "", "2011-10-31": "", "2011-07-31": "", "2011-04-30": "", "2011-01-31": "", "2010-10-31": "", "2010-07-31": "", "2010-04-30": "", "2010-01-31": "", "2009-10-31": "", "2009-07-31": "", "2009-04-30": "", "2009-01-31": "", "2008-10-31": "", "2008-07-31": "", "2008-04-30": "", "2008-01-31": "", "2007-10-31": "", "2007-07-31": "", "2007-04-30": "", "2007-01-31": "", "2006-10-31": "", "2006-07-31": "", "2006-04-30": "", "2006-01-31": "", "2005-10-31": "", "2005-07-31": "", "2005-04-30": "", "2005-01-31": ""}, "Share Holder Equity": {"2020-10-31": "1535.00000", "2020-07-31": "-414.00000", "2020-04-30": "-3490.00000", "2020-01-31": "-3116.00000", "2019-10-31": "-1082.00000", "2019-07-31": "-1160.00000", "2019-04-30": "-2143.00000", "2019-01-31": "-1878.00000", "2018-10-31": "1320.00000", "2018-07-31": "2009.00000", "2018-04-30": "1687.00000", "2018-01-31": "1454.00000", "2017-10-31": "2543.00000", "2017-07-31": "3554.00000", "2017-04-30": "3962.00000", "2017-01-31": "4333.00000", "2016-10-31": "5622.00000", "2016-07-31": "6657.00000", "2016-04-30": "6335.00000", "2016-01-31": "6316.00000", "2015-10-31": "7619.00000", "2015-07-31": "8637.00000", "2015-04-30": "9204.00000", "2015-01-31": "9322.00000", "2014-10-31": "10110.00000", "2014-07-31": "11457.00000", "2014-04-30": "12146.00000", "2014-01-31": "12522.00000", "2013-10-31": "14214.00000", "2013-07-31": "15478.00000", "2013-04-30": "16393.00000", "2013-01-31": "17777.00000", "2012-10-31": "17738.00000", "2012-07-31": "17634.00000", "2012-04-30": "17975.00000", "2012-01-31": "17898.00000", "2011-10-31": "17769.00000", "2011-07-31": "18233.00000", "2011-04-30": "18198.00000", "2011-01-31": "18889.00000", "2010-10-31": "19115.00000", "2010-07-31": "19445.00000", "2010-04-30": "19371.00000", "2010-01-31": "19393.00000", "2009-10-31": "19380.00000", "2009-07-31": "19169.00000", "2009-04-30": "17994.00000", "2009-01-31": "17777.00000", "2008-10-31": "18396.00000", "2008-07-31": "18649.00000", "2008-04-30": "17706.00000", "2008-01-31": "17714.00000", "2007-10-31": "17446.00000", "2007-07-31": "27175.00000", "2007-04-30": "25673.00000", "2007-01-31": "25030.00000", "2006-10-31": "27758.00000", "2006-07-31": "27225.00000", "2006-04-30": "27799.00000", "2006-01-31": "26909.00000", "2005-10-31": "25792.00000", "2005-07-31": "25139.00000", "2005-04-30": "23821.00000", "2005-01-31": "24158.00000"}, "Total Liabilities And Share Holders Equity": {"2020-10-31": "66919.00000", "2020-07-31": "63349.00000", "2020-04-30": "58737.00000", "2020-01-31": "51236.00000", "2019-10-31": "52309.00000", "2019-07-31": "52010.00000", "2019-04-30": "51515.00000", "2019-01-31": "44003.00000", "2018-10-31": "45200.00000", "2018-07-31": "46232.00000", "2018-04-30": "46650.00000", "2018-01-31": "44529.00000", "2017-10-31": "45023.00000", "2017-07-31": "45959.00000", "2017-04-30": "44944.00000", "2017-01-31": "42966.00000", "2016-10-31": "44502.00000", "2016-07-31": "44247.00000", "2016-04-30": "44576.00000", "2016-01-31": "41973.00000", "2015-10-31": "44152.00000", "2015-07-31": "43798.00000", "2015-04-30": "42510.00000", "2015-01-31": "39946.00000", "2014-10-31": "41512.00000", "2014-07-31": "43479.00000", "2014-04-30": "42629.00000", "2014-01-31": "40518.00000", "2013-10-31": "43814.00000", "2013-07-31": "42192.00000", "2013-04-30": "44195.00000", "2013-01-31": "41084.00000", "2012-10-31": "41661.00000", "2012-07-31": "41983.00000", "2012-04-30": "43300.00000", "2012-01-31": "40518.00000", "2011-10-31": "41499.00000", "2011-07-31": "42277.00000", "2011-04-30": "42797.00000", "2011-01-31": "40125.00000", "2010-10-31": "41741.00000", "2010-07-31": "42535.00000", "2010-04-30": "43619.00000", "2010-01-31": "40877.00000", "2009-10-31": "43050.00000", "2009-07-31": "43998.00000", "2009-04-30": "43767.00000", "2009-01-31": "41164.00000", "2008-10-31": "44162.00000", "2008-07-31": "45099.00000", "2008-04-30": "45596.00000", "2008-01-31": "44324.00000", "2007-10-31": "45506.00000", "2007-07-31": "56864.00000", "2007-04-30": "56081.00000", "2007-01-31": "52263.00000", "2006-10-31": "52628.00000", "2006-07-31": "51769.00000", "2006-04-30": "52679.00000", "2006-01-31": "44405.00000", "2005-10-31": "44670.00000", "2005-07-31": "42689.00000", "2005-04-30": "41957.00000", "2005-01-31": "39020.00000"}}, "cash flow statement": {"Net Income/Loss": {"2020-01-31": "11242.00000", "2019-01-31": "11121.00000", "2018-01-31": "8630.00000", "2017-01-31": "7957.00000", "2016-01-31": "7009.00000", "2015-01-31": "6345.00000", "2014-01-31": "5385.00000", "2013-01-31": "4535.00000", "2012-01-31": "3883.00000", "2011-01-31": "3338.00000", "2010-01-31": "2661.00000", "2009-01-31": "2260.00000", "2008-01-31": "4395.00000", "2007-01-31": "5761.00000", "2006-01-31": "5838.00000", "2005-01-31": "5001.00000"}, "Total Depreciation And Amortization - Cash Flow": {"2020-01-31": "2296.00000", "2019-01-31": "2152.00000", "2018-01-31": "2062.00000", "2017-01-31": "1973.00000", "2016-01-31": "1863.00000", "2015-01-31": "1786.00000", "2014-01-31": "1757.00000", "2013-01-31": "1684.00000", "2012-01-31": "1682.00000", "2011-01-31": "1718.00000", "2010-01-31": "1806.00000", "2009-01-31": "1902.00000", "2008-01-31": "1906.00000", "2007-01-31": "1886.00000", "2006-01-31": "1579.00000", "2005-01-31": "1319.00000"}, "Other Non-Cash Items": {"2020-01-31": "453.00000", "2019-01-31": "555.00000", "2018-01-31": "365.00000", "2017-01-31": "150.00000", "2016-01-31": "115.00000", "2015-01-31": "61.00000", "2014-01-31": "197.00000", "2013-01-31": "422.00000", "2012-01-31": "385.00000", "2011-01-31": "318.00000", "2010-01-31": "137.00000", "2009-01-31": "637.00000", "2008-01-31": "-141.00000", "2007-01-31": "343.00000", "2006-01-31": "-434.00000", "2005-01-31": "444.00000"}, "Total Non-Cash Items": {"2020-01-31": "2749.00000", "2019-01-31": "2707.00000", "2018-01-31": "2427.00000", "2017-01-31": "2123.00000", "2016-01-31": "1978.00000", "2015-01-31": "1847.00000", "2014-01-31": "1954.00000", "2013-01-31": "2106.00000", "2012-01-31": "2067.00000", "2011-01-31": "2036.00000", "2010-01-31": "1943.00000", "2009-01-31": "2539.00000", "2008-01-31": "1765.00000", "2007-01-31": "2229.00000", "2006-01-31": "1145.00000", "2005-01-31": "1763.00000"}, "Change In Accounts Receivable": {"2020-01-31": "-170.00000", "2019-01-31": "33.00000", "2018-01-31": "139.00000", "2017-01-31": "-138.00000", "2016-01-31": "-181.00000", "2015-01-31": "-81.00000", "2014-01-31": "-15.00000", "2013-01-31": "-143.00000", "2012-01-31": "-170.00000", "2011-01-31": "-102.00000", "2010-01-31": "-23.00000", "2009-01-31": "121.00000", "2008-01-31": "116.00000", "2007-01-31": "96.00000", "2006-01-31": "-358.00000", "2005-01-31": "-266.00000"}, "Change In Inventories": {"2020-01-31": "-593.00000", "2019-01-31": "-1244.00000", "2018-01-31": "-84.00000", "2017-01-31": "-769.00000", "2016-01-31": "-546.00000", "2015-01-31": "-124.00000", "2014-01-31": "-455.00000", "2013-01-31": "-350.00000", "2012-01-31": "256.00000", "2011-01-31": "-355.00000", "2010-01-31": "625.00000", "2009-01-31": "743.00000", "2008-01-31": "-491.00000", "2007-01-31": "-563.00000", "2006-01-31": "-971.00000", "2005-01-31": "-849.00000"}, "Change In Accounts Payable": {"2020-01-31": "", "2019-01-31": "", "2018-01-31": "", "2017-01-31": "", "2016-01-31": "", "2015-01-31": "", "2014-01-31": "", "2013-01-31": "", "2012-01-31": "", "2011-01-31": "", "2010-01-31": "", "2009-01-31": "", "2008-01-31": "", "2007-01-31": "", "2006-01-31": "", "2005-01-31": ""}, "Change In Assets/Liabilities": {"2020-01-31": "199.00000", "2019-01-31": "-177.00000", "2018-01-31": "118.00000", "2017-01-31": "55.00000", "2016-01-31": "71.00000", "2015-01-31": "-157.00000", "2014-01-31": "35.00000", "2013-01-31": "42.00000", "2012-01-31": "179.00000", "2011-01-31": "-114.00000", "2010-01-31": "34.00000", "2009-01-31": "249.00000", "2008-01-31": "407.00000", "2007-01-31": "-221.00000", "2006-01-31": "643.00000", "2005-01-31": "336.00000"}, "Total Change In Assets/Liabilities": {"2020-01-31": "-452.00000", "2019-01-31": "-687.00000", "2018-01-31": "554.00000", "2017-01-31": "-297.00000", "2016-01-31": "386.00000", "2015-01-31": "50.00000", "2014-01-31": "289.00000", "2013-01-31": "334.00000", "2012-01-31": "701.00000", "2011-01-31": "-789.00000", "2010-01-31": "521.00000", "2009-01-31": "729.00000", "2008-01-31": "-433.00000", "2007-01-31": "-329.00000", "2006-01-31": "-363.00000", "2005-01-31": "-132.00000"}, "Cash Flow From Operating Activities": {"2020-01-31": "13723.00000", "2019-01-31": "13038.00000", "2018-01-31": "12031.00000", "2017-01-31": "9783.00000", "2016-01-31": "9373.00000", "2015-01-31": "8242.00000", "2014-01-31": "7628.00000", "2013-01-31": "6975.00000", "2012-01-31": "6651.00000", "2011-01-31": "4585.00000", "2010-01-31": "5125.00000", "2009-01-31": "5528.00000", "2008-01-31": "5727.00000", "2007-01-31": "7661.00000", "2006-01-31": "6620.00000", "2005-01-31": "6632.00000"}, "Net Change In Property, Plant, And Equipment": {"2020-01-31": "-2641.00000", "2019-01-31": "-2409.00000", "2018-01-31": "-1850.00000", "2017-01-31": "-1583.00000", "2016-01-31": "-1460.00000", "2015-01-31": "-1394.00000", "2014-01-31": "-1301.00000", "2013-01-31": "-1262.00000", "2012-01-31": "-1165.00000", "2011-01-31": "-1012.00000", "2010-01-31": "-788.00000", "2009-01-31": "-1700.00000", "2008-01-31": "-3240.00000", "2007-01-31": "-3404.00000", "2006-01-31": "-3717.00000", "2005-01-31": "-3852.00000"}, "Net Change In Intangible Assets": {"2020-01-31": "", "2019-01-31": "", "2018-01-31": "", "2017-01-31": "", "2016-01-31": "", "2015-01-31": "", "2014-01-31": "", "2013-01-31": "", "2012-01-31": "", "2011-01-31": "", "2010-01-31": "", "2009-01-31": "", "2008-01-31": "", "2007-01-31": "", "2006-01-31": "", "2005-01-31": ""}, "Net Acquisitions/Divestitures": {"2020-01-31": "", "2019-01-31": "-21.00000", "2018-01-31": "-374.00000", "2017-01-31": "", "2016-01-31": "-1522.00000", "2015-01-31": "-200.00000", "2014-01-31": "-206.00000", "2013-01-31": "-170.00000", "2012-01-31": "36.00000", "2011-01-31": "", "2010-01-31": "", "2009-01-31": "", "2008-01-31": "8324.00000", "2007-01-31": "-4268.00000", "2006-01-31": "-2546.00000", "2005-01-31": "-727.00000"}, "Net Change In Short-term Investments": {"2020-01-31": "", "2019-01-31": "", "2018-01-31": "", "2017-01-31": "", "2016-01-31": "", "2015-01-31": "", "2014-01-31": "", "2013-01-31": "", "2012-01-31": "", "2011-01-31": "", "2010-01-31": "", "2009-01-31": "", "2008-01-31": "", "2007-01-31": "", "2006-01-31": "", "2005-01-31": ""}, "Net Change In Long-Term Investments": {"2020-01-31": "", "2019-01-31": "", "2018-01-31": "", "2017-01-31": "", "2016-01-31": "", "2015-01-31": "323.00000", "2014-01-31": "", "2013-01-31": "", "2012-01-31": "", "2011-01-31": "", "2010-01-31": "33.00000", "2009-01-31": "-29.00000", "2008-01-31": "-326.00000", "2007-01-31": "25.00000", "2006-01-31": "1677.00000", "2005-01-31": "100.00000"}, "Net Change In Investments - Total": {"2020-01-31": "", "2019-01-31": "", "2018-01-31": "", "2017-01-31": "", "2016-01-31": "", "2015-01-31": "323.00000", "2014-01-31": "", "2013-01-31": "", "2012-01-31": "", "2011-01-31": "", "2010-01-31": "33.00000", "2009-01-31": "-29.00000", "2008-01-31": "-326.00000", "2007-01-31": "25.00000", "2006-01-31": "1677.00000", "2005-01-31": "100.00000"}, "Investing Activities - Other": {"2020-01-31": "-12.00000", "2019-01-31": "14.00000", "2018-01-31": "-4.00000", "2017-01-31": "", "2016-01-31": "", "2015-01-31": "", "2014-01-31": "", "2013-01-31": "", "2012-01-31": "", "2011-01-31": "", "2010-01-31": "", "2009-01-31": "", "2008-01-31": "", "2007-01-31": "", "2006-01-31": "", "2005-01-31": ""}, "Cash Flow From Investing Activities": {"2020-01-31": "-2653.00000", "2019-01-31": "-2416.00000", "2018-01-31": "-2228.00000", "2017-01-31": "-1583.00000", "2016-01-31": "-2982.00000", "2015-01-31": "-1271.00000", "2014-01-31": "-1507.00000", "2013-01-31": "-1432.00000", "2012-01-31": "-1129.00000", "2011-01-31": "-1012.00000", "2010-01-31": "-755.00000", "2009-01-31": "-1729.00000", "2008-01-31": "4758.00000", "2007-01-31": "-7647.00000", "2006-01-31": "-4586.00000", "2005-01-31": "-4479.00000"}, "Net Long-Term Debt": {"2020-01-31": "2350.00000", "2019-01-31": "2257.00000", "2018-01-31": "2448.00000", "2017-01-31": "1914.00000", "2016-01-31": "3952.00000", "2015-01-31": "1942.00000", "2014-01-31": "3933.00000", "2013-01-31": "-32.00000", "2012-01-31": "966.00000", "2011-01-31": "-31.00000", "2010-01-31": "-1774.00000", "2009-01-31": "-313.00000", "2008-01-31": "-20.00000", "2007-01-31": "8426.00000", "2006-01-31": "971.00000", "2005-01-31": "485.00000"}, "Net Current Debt": {"2020-01-31": "-365.00000", "2019-01-31": "-220.00000", "2018-01-31": "850.00000", "2017-01-31": "360.00000", "2016-01-31": "60.00000", "2015-01-31": "290.00000", "2014-01-31": "", "2013-01-31": "", "2012-01-31": "", "2011-01-31": "", "2010-01-31": "", "2009-01-31": "-1732.00000", "2008-01-31": "1734.00000", "2007-01-31": "-900.00000", "2006-01-31": "900.00000", "2005-01-31": ""}, "Debt Issuance/Retirement Net - Total": {"2020-01-31": "1985.00000", "2019-01-31": "2037.00000", "2018-01-31": "3298.00000", "2017-01-31": "2274.00000", "2016-01-31": "4012.00000", "2015-01-31": "2232.00000", "2014-01-31": "3933.00000", "2013-01-31": "-32.00000", "2012-01-31": "966.00000", "2011-01-31": "-31.00000", "2010-01-31": "-1774.00000", "2009-01-31": "-2045.00000", "2008-01-31": "1714.00000", "2007-01-31": "7526.00000", "2006-01-31": "1871.00000", "2005-01-31": "485.00000"}, "Net Common Equity Issued/Repurchased": {"2020-01-31": "-6685.00000", "2019-01-31": "-9727.00000", "2018-01-31": "-7745.00000", "2017-01-31": "-6662.00000", "2016-01-31": "-6772.00000", "2015-01-31": "-6748.00000", "2014-01-31": "-8305.00000", "2013-01-31": "-3200.00000", "2012-01-31": "-3164.00000", "2011-01-31": "-2504.00000", "2010-01-31": "-140.00000", "2009-01-31": "14.00000", "2008-01-31": "-10539.00000", "2007-01-31": "-6303.00000", "2006-01-31": "-2626.00000", "2005-01-31": "-2821.00000"}, "Net Total Equity Issued/Repurchased": {"2020-01-31": "-6685.00000", "2019-01-31": "-9727.00000", "2018-01-31": "-7745.00000", "2017-01-31": "-6662.00000", "2016-01-31": "-6772.00000", "2015-01-31": "-6748.00000", "2014-01-31": "-8305.00000", "2013-01-31": "-3200.00000", "2012-01-31": "-3164.00000", "2011-01-31": "-2504.00000", "2010-01-31": "-140.00000", "2009-01-31": "14.00000", "2008-01-31": "-10539.00000", "2007-01-31": "-6303.00000", "2006-01-31": "-2626.00000", "2005-01-31": "-2821.00000"}, "Total Common And Preferred Stock Dividends Paid": {"2020-01-31": "-5958.00000", "2019-01-31": "-4704.00000", "2018-01-31": "-4212.00000", "2017-01-31": "-3404.00000", "2016-01-31": "-3031.00000", "2015-01-31": "-2530.00000", "2014-01-31": "-2243.00000", "2013-01-31": "-1743.00000", "2012-01-31": "-1632.00000", "2011-01-31": "-1569.00000", "2010-01-31": "-1525.00000", "2009-01-31": "-1521.00000", "2008-01-31": "-1709.00000", "2007-01-31": "-1395.00000", "2006-01-31": "-857.00000", "2005-01-31": "-719.00000"}, "Financial Activities - Other": {"2020-01-31": "-176.00000", "2019-01-31": "-26.00000", "2018-01-31": "-211.00000", "2017-01-31": "-78.00000", "2016-01-31": "4.00000", "2015-01-31": "-25.00000", "2014-01-31": "-37.00000", "2013-01-31": "-59.00000", "2012-01-31": "-218.00000", "2011-01-31": "-347.00000", "2010-01-31": "-64.00000", "2009-01-31": "-128.00000", "2008-01-31": "-105.00000", "2007-01-31": "-31.00000", "2006-01-31": "-136.00000", "2005-01-31": "272.00000"}, "Cash Flow From Financial Activities": {"2020-01-31": "-10834.00000", "2019-01-31": "-12420.00000", "2018-01-31": "-8870.00000", "2017-01-31": "-7870.00000", "2016-01-31": "-5787.00000", "2015-01-31": "-7071.00000", "2014-01-31": "-6652.00000", "2013-01-31": "-5034.00000", "2012-01-31": "-4048.00000", "2011-01-31": "-4451.00000", "2010-01-31": "-3503.00000", "2009-01-31": "-3680.00000", "2008-01-31": "-10639.00000", "2007-01-31": "-203.00000", "2006-01-31": "-1748.00000", "2005-01-31": "-2783.00000"}, "Net Cash Flow": {"2020-01-31": "355.00000", "2019-01-31": "-1817.00000", "2018-01-31": "1057.00000", "2017-01-31": "322.00000", "2016-01-31": "493.00000", "2015-01-31": "-206.00000", "2014-01-31": "-565.00000", "2013-01-31": "507.00000", "2012-01-31": "1442.00000", "2011-01-31": "-876.00000", "2010-01-31": "902.00000", "2009-01-31": "74.00000", "2008-01-31": "-155.00000", "2007-01-31": "-193.00000", "2006-01-31": "287.00000", "2005-01-31": "-597.00000"}, "Stock-Based Compensation": {"2020-01-31": "251.00000", "2019-01-31": "282.00000", "2018-01-31": "273.00000", "2017-01-31": "267.00000", "2016-01-31": "244.00000", "2015-01-31": "225.00000", "2014-01-31": "228.00000", "2013-01-31": "218.00000", "2012-01-31": "215.00000", "2011-01-31": "214.00000", "2010-01-31": "201.00000", "2009-01-31": "176.00000", "2008-01-31": "207.00000", "2007-01-31": "297.00000", "2006-01-31": "175.00000", "2005-01-31": "125.00000"}, "Common Stock Dividends Paid": {"2020-01-31": "-5958.00000", "2019-01-31": "-4704.00000", "2018-01-31": "-4212.00000", "2017-01-31": "-3404.00000", "2016-01-31": "-3031.00000", "2015-01-31": "-2530.00000", "2014-01-31": "-2243.00000", "2013-01-31": "-1743.00000", "2012-01-31": "-1632.00000", "2011-01-31": "-1569.00000", "2010-01-31": "-1525.00000", "2009-01-31": "-1521.00000", "2008-01-31": "-1709.00000", "2007-01-31": "-1395.00000", "2006-01-31": "-857.00000", "2005-01-31": "-719.00000"}}, "cash flow statement, quarterly": {"Net Income/Loss": {"2020-10-31": 3432, "2020-07-31": 4332, "2020-04-30": "2245.00000", "2020-01-31": 2481, "2019-10-31": 2769, "2019-07-31": 3479, "2019-04-30": "2513.00000", "2019-01-31": 2344, "2018-10-31": 2867, "2018-07-31": 3506, "2018-04-30": "2404.00000", "2018-01-31": 1779, "2017-10-31": 2165, "2017-07-31": 2672, "2017-04-30": "2014.00000", "2017-01-31": 1744, "2016-10-31": 1969, "2016-07-31": 2441, "2016-04-30": "1803.00000", "2016-01-31": 1471, "2015-10-31": 1725, "2015-07-31": 2234, "2015-04-30": "1579.00000", "2015-01-31": 1379, "2014-10-31": 1537, "2014-07-31": 2050, "2014-04-30": "1379.00000", "2014-01-31": 1013, "2013-10-31": 1351, "2013-07-31": 1795, "2013-04-30": "1226.00000", "2013-01-31": 1021, "2012-10-31": 947, "2012-07-31": 1532, "2012-04-30": "1035.00000", "2012-01-31": 774, "2011-10-31": 934, "2011-07-31": 1363, "2011-04-30": "812.00000", "2011-01-31": 587, "2010-10-31": 834, "2010-07-31": 1192, "2010-04-30": "725.00000", "2010-01-31": 342, "2009-10-31": 689, "2009-07-31": 1116, "2009-04-30": "514.00000", "2009-01-31": -54, "2008-10-31": 756, "2008-07-31": 1202, "2008-04-30": "356.00000", "2008-01-31": 671, "2007-10-31": 1091, "2007-07-31": 1587, "2007-04-30": "1046.00000", "2007-01-31": 925, "2006-10-31": 1490, "2006-07-31": 1862, "2006-04-30": "1484.00000", "2006-01-31": 1285, "2005-10-31": 1538, "2005-07-31": 1768, "2005-04-30": "1247.00000", "2005-01-31": 5001}, "Total Depreciation And Amortization - Cash Flow": {"2020-10-31": 631, "2020-07-31": 615, "2020-04-30": "607.00000", "2020-01-31": 595, "2019-10-31": 594, "2019-07-31": 560, "2019-04-30": "547.00000", "2019-01-31": 549, "2018-10-31": 541, "2018-07-31": 530, "2018-04-30": "532.00000", "2018-01-31": 529, "2017-10-31": 518, "2017-07-31": 510, "2017-04-30": "505.00000", "2017-01-31": 499, "2016-10-31": 496, "2016-07-31": 492, "2016-04-30": "486.00000", "2016-01-31": 479, "2015-10-31": 469, "2015-07-31": 461, "2015-04-30": "454.00000", "2015-01-31": 441, "2014-10-31": 449, "2014-07-31": 449, "2014-04-30": "447.00000", "2014-01-31": 440, "2013-10-31": 440, "2013-07-31": 442, "2013-04-30": "435.00000", "2013-01-31": 427, "2012-10-31": 424, "2012-07-31": 423, "2012-04-30": "410.00000", "2012-01-31": 417, "2011-10-31": 416, "2011-07-31": 425, "2011-04-30": "424.00000", "2011-01-31": 426, "2010-10-31": 426, "2010-07-31": 428, "2010-04-30": "438.00000", "2010-01-31": 442, "2009-10-31": 453, "2009-07-31": 458, "2009-04-30": "453.00000", "2009-01-31": 470, "2008-10-31": 476, "2008-07-31": 482, "2008-04-30": "474.00000", "2008-01-31": 481, "2007-10-31": 462, "2007-07-31": 478, "2007-04-30": "485.00000", "2007-01-31": 462, "2006-10-31": 492, "2006-07-31": 482, "2006-04-30": "450.00000", "2006-01-31": 445, "2005-10-31": 405, "2005-07-31": 368, "2005-04-30": "361.00000", "2005-01-31": 1319}, "Other Non-Cash Items": {"2020-10-31": -20, "2020-07-31": 148, "2020-04-30": "20.00000", "2020-01-31": 149, "2019-10-31": 107, "2019-07-31": 106, "2019-04-30": "91.00000", "2019-01-31": 415, "2018-10-31": 116, "2018-07-31": -51, "2018-04-30": "75.00000", "2018-01-31": 227, "2017-10-31": 69, "2017-07-31": 53, "2017-04-30": "16.00000", "2017-01-31": 82, "2016-10-31": 21, "2016-07-31": 53, "2016-04-30": "-6.00000", "2016-01-31": 230, "2015-10-31": -12, "2015-07-31": -72, "2015-04-30": "-31.00000", "2015-01-31": 74, "2014-10-31": -74, "2014-07-31": -70, "2014-04-30": "131.00000", "2014-01-31": 57, "2013-10-31": 102, "2013-07-31": 62, "2013-04-30": "-24.00000", "2013-01-31": 104, "2012-10-31": 233, "2012-07-31": 42, "2012-04-30": "43.00000", "2012-01-31": 192, "2011-10-31": 81, "2011-07-31": 44, "2011-04-30": "68.00000", "2011-01-31": 231, "2010-10-31": 53, "2010-07-31": 33, "2010-04-30": "1.00000", "2010-01-31": 108, "2009-10-31": 29, "2009-07-31": 40, "2009-04-30": "-40.00000", "2009-01-31": 333, "2008-10-31": 178, "2008-07-31": -17, "2008-04-30": "143.00000", "2008-01-31": -24, "2007-10-31": -210, "2007-07-31": 97, "2007-04-30": "-4.00000", "2007-01-31": 155, "2006-10-31": 124, "2006-07-31": 114, "2006-04-30": "-50.00000", "2006-01-31": -373, "2005-10-31": -214, "2005-07-31": -59, "2005-04-30": "212.00000", "2005-01-31": 444}, "Total Non-Cash Items": {"2020-10-31": 611, "2020-07-31": 763, "2020-04-30": "627.00000", "2020-01-31": 744, "2019-10-31": 701, "2019-07-31": 666, "2019-04-30": "638.00000", "2019-01-31": 964, "2018-10-31": 657, "2018-07-31": 479, "2018-04-30": "607.00000", "2018-01-31": 756, "2017-10-31": 587, "2017-07-31": 563, "2017-04-30": "521.00000", "2017-01-31": 581, "2016-10-31": 517, "2016-07-31": 545, "2016-04-30": "480.00000", "2016-01-31": 709, "2015-10-31": 457, "2015-07-31": 389, "2015-04-30": "423.00000", "2015-01-31": 515, "2014-10-31": 375, "2014-07-31": 379, "2014-04-30": "578.00000", "2014-01-31": 497, "2013-10-31": 542, "2013-07-31": 504, "2013-04-30": "411.00000", "2013-01-31": 531, "2012-10-31": 657, "2012-07-31": 465, "2012-04-30": "453.00000", "2012-01-31": 609, "2011-10-31": 497, "2011-07-31": 469, "2011-04-30": "492.00000", "2011-01-31": 657, "2010-10-31": 479, "2010-07-31": 461, "2010-04-30": "439.00000", "2010-01-31": 550, "2009-10-31": 482, "2009-07-31": 498, "2009-04-30": "413.00000", "2009-01-31": 803, "2008-10-31": 654, "2008-07-31": 465, "2008-04-30": "617.00000", "2008-01-31": 457, "2007-10-31": 252, "2007-07-31": 575, "2007-04-30": "481.00000", "2007-01-31": 617, "2006-10-31": 616, "2006-07-31": 596, "2006-04-30": "400.00000", "2006-01-31": 72, "2005-10-31": 191, "2005-07-31": 309, "2005-04-30": "573.00000", "2005-01-31": 1763}, "Change In Accounts Receivable": {"2020-10-31": -103, "2020-07-31": 57, "2020-04-30": "-534.00000", "2020-01-31": 128, "2019-10-31": 40, "2019-07-31": 53, "2019-04-30": "-391.00000", "2019-01-31": 229, "2018-10-31": -4, "2018-07-31": 127, "2018-04-30": "-319.00000", "2018-01-31": 234, "2017-10-31": 1, "2017-07-31": 49, "2017-04-30": "-145.00000", "2017-01-31": -30, "2016-10-31": -17, "2016-07-31": -34, "2016-04-30": "-57.00000", "2016-01-31": 39, "2015-10-31": 12, "2015-07-31": 115, "2015-04-30": "-347.00000", "2015-01-31": 140, "2014-10-31": 18, "2014-07-31": 194, "2014-04-30": "-433.00000", "2014-01-31": 204, "2013-10-31": -66, "2013-07-31": 106, "2013-04-30": "-259.00000", "2013-01-31": 245, "2012-10-31": -133, "2012-07-31": -1, "2012-04-30": "-254.00000", "2012-01-31": 139, "2011-10-31": -71, "2011-07-31": 122, "2011-04-30": "-360.00000", "2011-01-31": 217, "2010-10-31": -73, "2010-07-31": 121, "2010-04-30": "-367.00000", "2010-01-31": 216, "2009-10-31": 29, "2009-07-31": 69, "2009-04-30": "-337.00000", "2009-01-31": 346, "2008-10-31": 33, "2008-07-31": 64, "2008-04-30": "-322.00000", "2008-01-31": 302, "2007-10-31": 70, "2007-07-31": 70, "2007-04-30": "-326.00000", "2007-01-31": 371, "2006-10-31": 45, "2006-07-31": -105, "2006-04-30": "-215.00000", "2006-01-31": 189, "2005-10-31": -33, "2005-07-31": -70, "2005-04-30": "-444.00000", "2005-01-31": -266}, "Change In Inventories": {"2020-10-31": -2638, "2020-07-31": 1553, "2020-04-30": "-633.00000", "2020-01-31": 1195, "2019-10-31": -978, "2019-07-31": 776, "2019-04-30": "-1586.00000", "2019-01-31": 797, "2018-10-31": -686, "2018-07-31": 332, "2018-04-30": "-1687.00000", "2018-01-31": 692, "2017-10-31": -588, "2017-07-31": 863, "2017-04-30": "-1051.00000", "2017-01-31": 684, "2016-10-31": -958, "2016-07-31": 824, "2016-04-30": "-1319.00000", "2016-01-31": 630, "2015-10-31": -348, "2015-07-31": 370, "2015-04-30": "-1198.00000", "2015-01-31": 851, "2014-10-31": -386, "2014-07-31": 683, "2014-04-30": "-1272.00000", "2014-01-31": 228, "2013-10-31": -264, "2013-07-31": 684, "2013-04-30": "-1103.00000", "2013-01-31": 246, "2012-10-31": -16, "2012-07-31": 624, "2012-04-30": "-1204.00000", "2012-01-31": 371, "2011-10-31": -50, "2011-07-31": 925, "2011-04-30": "-990.00000", "2011-01-31": 390, "2010-10-31": -219, "2010-07-31": 701, "2010-04-30": "-1227.00000", "2010-01-31": 653, "2009-10-31": -34, "2009-07-31": 740, "2009-04-30": "-734.00000", "2009-01-31": 1108, "2008-10-31": -222, "2008-07-31": 783, "2008-04-30": "-926.00000", "2008-01-31": 822, "2007-10-31": -205, "2007-07-31": 435, "2007-04-30": "-1543.00000", "2007-01-31": 878, "2006-10-31": 0, "2006-07-31": -203, "2006-04-30": "-1238.00000", "2006-01-31": 689, "2005-10-31": -620, "2005-07-31": 179, "2005-04-30": "-1219.00000", "2005-01-31": -849}, "Change In Accounts Payable": {"2020-10-31": 0, "2020-07-31": 0, "2020-04-30": "", "2020-01-31": 0, "2019-10-31": 0, "2019-07-31": 0, "2019-04-30": "", "2019-01-31": 0, "2018-10-31": 0, "2018-07-31": 0, "2018-04-30": "", "2018-01-31": 0, "2017-10-31": 0, "2017-07-31": 0, "2017-04-30": "", "2017-01-31": 0, "2016-10-31": 0, "2016-07-31": 0, "2016-04-30": "", "2016-01-31": 0, "2015-10-31": 0, "2015-07-31": 0, "2015-04-30": "", "2015-01-31": 0, "2014-10-31": 0, "2014-07-31": 0, "2014-04-30": "", "2014-01-31": 0, "2013-10-31": 0, "2013-07-31": 0, "2013-04-30": "", "2013-01-31": 0, "2012-10-31": 0, "2012-07-31": 0, "2012-04-30": "", "2012-01-31": 0, "2011-10-31": 0, "2011-07-31": 0, "2011-04-30": "", "2011-01-31": 0, "2010-10-31": 0, "2010-07-31": 0, "2010-04-30": "", "2010-01-31": 0, "2009-10-31": 0, "2009-07-31": 0, "2009-04-30": "", "2009-01-31": 0, "2008-10-31": 0, "2008-07-31": 0, "2008-04-30": "", "2008-01-31": 0, "2007-10-31": 0, "2007-07-31": 0, "2007-04-30": "", "2007-01-31": 0, "2006-10-31": 0, "2006-07-31": 0, "2006-04-30": "", "2006-01-31": 0, "2005-10-31": 0, "2005-07-31": 0, "2005-04-30": "", "2005-01-31": 0}, "Change In Assets/Liabilities": {"2020-10-31": 290, "2020-07-31": 138, "2020-04-30": "133.00000", "2020-01-31": 11, "2019-10-31": -20, "2019-07-31": -60, "2019-04-30": "268.00000", "2019-01-31": 147, "2018-10-31": -143, "2018-07-31": -78, "2018-04-30": "-103.00000", "2018-01-31": -262, "2017-10-31": 17, "2017-07-31": 77, "2017-04-30": "286.00000", "2017-01-31": -37, "2016-10-31": 60, "2016-07-31": -25, "2016-04-30": "57.00000", "2016-01-31": -7, "2015-10-31": 13, "2015-07-31": -50, "2015-04-30": "115.00000", "2015-01-31": -48, "2014-10-31": -24, "2014-07-31": -77, "2014-04-30": "-8.00000", "2014-01-31": 50, "2013-10-31": 49, "2013-07-31": -113, "2013-04-30": "49.00000", "2013-01-31": -85, "2012-10-31": 218, "2012-07-31": 8, "2012-04-30": "-99.00000", "2012-01-31": 152, "2011-10-31": 100, "2011-07-31": -63, "2011-04-30": "-10.00000", "2011-01-31": -124, "2010-10-31": 46, "2010-07-31": -85, "2010-04-30": "49.00000", "2010-01-31": -151, "2009-10-31": 224, "2009-07-31": -45, "2009-04-30": "6.00000", "2009-01-31": 315, "2008-10-31": -40, "2008-07-31": -160, "2008-04-30": "134.00000", "2008-01-31": 354, "2007-10-31": -139, "2007-07-31": 64, "2007-04-30": "128.00000", "2007-01-31": -309, "2006-10-31": -122, "2006-07-31": -20, "2006-04-30": "230.00000", "2006-01-31": 341, "2005-10-31": 187, "2005-07-31": -52, "2005-04-30": "167.00000", "2005-01-31": 336}, "Total Change In Assets/Liabilities": {"2020-10-31": -1486, "2020-07-31": 4000, "2020-04-30": "2834.00000", "2020-01-31": -415, "2019-10-31": -1205, "2019-07-31": -303, "2019-04-30": "1471.00000", "2019-01-31": -321, "2018-10-31": -1276, "2018-07-31": -60, "2018-04-30": "970.00000", "2018-01-31": -665, "2017-10-31": -873, "2017-07-31": 63, "2017-04-30": "2029.00000", "2017-01-31": -461, "2016-10-31": -1444, "2016-07-31": 255, "2016-04-30": "1353.00000", "2016-01-31": -173, "2015-10-31": -750, "2015-07-31": -93, "2015-04-30": "1402.00000", "2015-01-31": 101, "2014-10-31": -950, "2014-07-31": 288, "2014-04-30": "611.00000", "2014-01-31": 137, "2013-10-31": -630, "2013-07-31": -278, "2013-04-30": "1060.00000", "2013-01-31": 39, "2012-10-31": -481, "2012-07-31": -226, "2012-04-30": "1002.00000", "2012-01-31": -423, "2011-10-31": -227, "2011-07-31": 557, "2011-04-30": "794.00000", "2011-01-31": -645, "2010-10-31": -690, "2010-07-31": -329, "2010-04-30": "875.00000", "2010-01-31": -431, "2009-10-31": 165, "2009-07-31": -13, "2009-04-30": "800.00000", "2009-01-31": -15, "2008-10-31": -300, "2008-07-31": -84, "2008-04-30": "1128.00000", "2008-01-31": -563, "2007-10-31": -646, "2007-07-31": -21, "2007-04-30": "797.00000", "2007-01-31": -85, "2006-10-31": -1114, "2006-07-31": -802, "2006-04-30": "1672.00000", "2006-01-31": -870, "2005-10-31": -445, "2005-07-31": -584, "2005-04-30": "1536.00000", "2005-01-31": -132}, "Cash Flow From Operating Activities": {"2020-10-31": 2586, "2020-07-31": 9092, "2020-04-30": "5737.00000", "2020-01-31": 2930, "2019-10-31": 2250, "2019-07-31": 3830, "2019-04-30": "4713.00000", "2019-01-31": 3002, "2018-10-31": 2129, "2018-07-31": 3926, "2018-04-30": "3981.00000", "2018-01-31": 2290, "2017-10-31": 1879, "2017-07-31": 3298, "2017-04-30": "4564.00000", "2017-01-31": 1864, "2016-10-31": 1042, "2016-07-31": 3241, "2016-04-30": "3636.00000", "2016-01-31": 2007, "2015-10-31": 1432, "2015-07-31": 2530, "2015-04-30": "3404.00000", "2015-01-31": 1995, "2014-10-31": 962, "2014-07-31": 2717, "2014-04-30": "2568.00000", "2014-01-31": 1647, "2013-10-31": 1263, "2013-07-31": 2021, "2013-04-30": "2697.00000", "2013-01-31": 1591, "2012-10-31": 1123, "2012-07-31": 1771, "2012-04-30": "2490.00000", "2012-01-31": 960, "2011-10-31": 1204, "2011-07-31": 2389, "2011-04-30": "2098.00000", "2011-01-31": 599, "2010-10-31": 623, "2010-07-31": 1324, "2010-04-30": "2039.00000", "2010-01-31": 461, "2009-10-31": 1336, "2009-07-31": 1601, "2009-04-30": "1727.00000", "2009-01-31": 734, "2008-10-31": 1110, "2008-07-31": 1583, "2008-04-30": "2101.00000", "2008-01-31": 565, "2007-10-31": 697, "2007-07-31": 2141, "2007-04-30": "2324.00000", "2007-01-31": 1457, "2006-10-31": 992, "2006-07-31": 1656, "2006-04-30": "3556.00000", "2006-01-31": 487, "2005-10-31": 1284, "2005-07-31": 1493, "2005-04-30": "3356.00000", "2005-01-31": 6632}, "Net Change In Property, Plant, And Equipment": {"2020-10-31": -428, "2020-07-31": -442, "2020-04-30": "-578.00000", "2020-01-31": -771, "2019-10-31": -635, "2019-07-31": -560, "2019-04-30": "-675.00000", "2019-01-31": -719, "2018-10-31": -615, "2018-07-31": -527, "2018-04-30": "-548.00000", "2018-01-31": -534, "2017-10-31": -493, "2017-07-31": -378, "2017-04-30": "-445.00000", "2017-01-31": -468, "2016-10-31": -441, "2016-07-31": -353, "2016-04-30": "-321.00000", "2016-01-31": -401, "2015-10-31": -362, "2015-07-31": -380, "2015-04-30": "-317.00000", "2015-01-31": -415, "2014-10-31": -364, "2014-07-31": -335, "2014-04-30": "-280.00000", "2014-01-31": -371, "2013-10-31": -347, "2013-07-31": -320, "2013-04-30": "-263.00000", "2013-01-31": -396, "2012-10-31": -330, "2012-07-31": -315, "2012-04-30": "-221.00000", "2012-01-31": -381, "2011-10-31": -342, "2011-07-31": -258, "2011-04-30": "-184.00000", "2011-01-31": -388, "2010-10-31": -261, "2010-07-31": -223, "2010-04-30": "-140.00000", "2010-01-31": -381, "2009-10-31": -174, "2009-07-31": -131, "2009-04-30": "-102.00000", "2009-01-31": -417, "2008-10-31": -421, "2008-07-31": -423, "2008-04-30": "-439.00000", "2008-01-31": -852, "2007-10-31": -921, "2007-07-31": -822, "2007-04-30": "-645.00000", "2007-01-31": -983, "2006-10-31": -983, "2006-07-31": -780, "2006-04-30": "-658.00000", "2006-01-31": -989, "2005-10-31": -991, "2005-07-31": -953, "2005-04-30": "-784.00000", "2005-01-31": -3852}, "Net Change In Intangible Assets": {"2020-10-31": 0, "2020-07-31": 0, "2020-04-30": "", "2020-01-31": 0, "2019-10-31": 0, "2019-07-31": 0, "2019-04-30": "", "2019-01-31": 0, "2018-10-31": 0, "2018-07-31": 0, "2018-04-30": "", "2018-01-31": 0, "2017-10-31": 0, "2017-07-31": 0, "2017-04-30": "", "2017-01-31": 0, "2016-10-31": 0, "2016-07-31": 0, "2016-04-30": "", "2016-01-31": 0, "2015-10-31": 0, "2015-07-31": 0, "2015-04-30": "", "2015-01-31": 0, "2014-10-31": 0, "2014-07-31": 0, "2014-04-30": "", "2014-01-31": 0, "2013-10-31": 0, "2013-07-31": 0, "2013-04-30": "", "2013-01-31": 0, "2012-10-31": 0, "2012-07-31": 0, "2012-04-30": "", "2012-01-31": 0, "2011-10-31": 0, "2011-07-31": 0, "2011-04-30": "", "2011-01-31": 0, "2010-10-31": 0, "2010-07-31": 0, "2010-04-30": "", "2010-01-31": 0, "2009-10-31": 0, "2009-07-31": 0, "2009-04-30": "", "2009-01-31": 0, "2008-10-31": 0, "2008-07-31": 0, "2008-04-30": "", "2008-01-31": 0, "2007-10-31": 0, "2007-07-31": 0, "2007-04-30": "", "2007-01-31": 0, "2006-10-31": 0, "2006-07-31": 0, "2006-04-30": "", "2006-01-31": 0, "2005-10-31": 0, "2005-07-31": 0, "2005-04-30": "", "2005-01-31": 0}, "Net Acquisitions/Divestitures": {"2020-10-31": 0, "2020-07-31": 0, "2020-04-30": "", "2020-01-31": 0, "2019-10-31": 0, "2019-07-31": 0, "2019-04-30": "", "2019-01-31": -21, "2018-10-31": 0, "2018-07-31": 0, "2018-04-30": "", "2018-01-31": -114, "2017-10-31": 8, "2017-07-31": -268, "2017-04-30": "", "2017-01-31": 0, "2016-10-31": 0, "2016-07-31": 0, "2016-04-30": "", "2016-01-31": 140, "2015-10-31": -1806, "2015-07-31": 144, "2015-04-30": "", "2015-01-31": -200, "2014-10-31": -112, "2014-07-31": 112, "2014-04-30": "", "2014-01-31": -191, "2013-10-31": -2, "2013-07-31": 0, "2013-04-30": "-13.00000", "2013-01-31": -49, "2012-10-31": -76, "2012-07-31": -45, "2012-04-30": "", "2012-01-31": -65, "2011-10-31": 101, "2011-07-31": 0, "2011-04-30": "", "2011-01-31": 0, "2010-10-31": 0, "2010-07-31": 0, "2010-04-30": "", "2010-01-31": 0, "2009-10-31": 0, "2009-07-31": 0, "2009-04-30": "", "2009-01-31": 0, "2008-10-31": 0, "2008-07-31": 0, "2008-04-30": "", "2008-01-31": 0, "2007-10-31": 8354, "2007-07-31": 1, "2007-04-30": "-31.00000", "2007-01-31": -110, "2006-10-31": -347, "2006-07-31": -481, "2006-04-30": "-3330.00000", "2006-01-31": -295, "2005-10-31": -1405, "2005-07-31": -708, "2005-04-30": "-138.00000", "2005-01-31": -727}, "Net Change In Short-term Investments": {"2020-10-31": 0, "2020-07-31": 0, "2020-04-30": "", "2020-01-31": 0, "2019-10-31": 0, "2019-07-31": 0, "2019-04-30": "", "2019-01-31": 0, "2018-10-31": 0, "2018-07-31": 0, "2018-04-30": "", "2018-01-31": 0, "2017-10-31": 0, "2017-07-31": 0, "2017-04-30": "", "2017-01-31": 0, "2016-10-31": 0, "2016-07-31": 0, "2016-04-30": "", "2016-01-31": 0, "2015-10-31": 0, "2015-07-31": 0, "2015-04-30": "", "2015-01-31": 0, "2014-10-31": 0, "2014-07-31": 0, "2014-04-30": "", "2014-01-31": 0, "2013-10-31": 0, "2013-07-31": 0, "2013-04-30": "", "2013-01-31": 0, "2012-10-31": 0, "2012-07-31": 0, "2012-04-30": "", "2012-01-31": 0, "2011-10-31": 0, "2011-07-31": 0, "2011-04-30": "", "2011-01-31": 0, "2010-10-31": 0, "2010-07-31": 0, "2010-04-30": "", "2010-01-31": 0, "2009-10-31": 0, "2009-07-31": 0, "2009-04-30": "", "2009-01-31": 0, "2008-10-31": 0, "2008-07-31": 0, "2008-04-30": "", "2008-01-31": 0, "2007-10-31": 0, "2007-07-31": 0, "2007-04-30": "", "2007-01-31": 0, "2006-10-31": 0, "2006-07-31": 0, "2006-04-30": "", "2006-01-31": 0, "2005-10-31": 0, "2005-07-31": 0, "2005-04-30": "", "2005-01-31": 0}, "Net Change In Long-Term Investments": {"2020-10-31": 0, "2020-07-31": 0, "2020-04-30": "", "2020-01-31": 0, "2019-10-31": 0, "2019-07-31": 0, "2019-04-30": "", "2019-01-31": 0, "2018-10-31": 0, "2018-07-31": 0, "2018-04-30": "", "2018-01-31": 0, "2017-10-31": 0, "2017-07-31": 0, "2017-04-30": "", "2017-01-31": 0, "2016-10-31": 0, "2016-07-31": 0, "2016-04-30": "", "2016-01-31": -144, "2015-10-31": 144, "2015-07-31": 0, "2015-04-30": "", "2015-01-31": 111, "2014-10-31": 212, "2014-07-31": 0, "2014-04-30": "", "2014-01-31": 0, "2013-10-31": 0, "2013-07-31": 0, "2013-04-30": "", "2013-01-31": 0, "2012-10-31": 0, "2012-07-31": 0, "2012-04-30": "", "2012-01-31": 0, "2011-10-31": 0, "2011-07-31": 0, "2011-04-30": "", "2011-01-31": 0, "2010-10-31": 0, "2010-07-31": 0, "2010-04-30": "", "2010-01-31": 11, "2009-10-31": 3, "2009-07-31": 0, "2009-04-30": "19.00000", "2009-01-31": 52, "2008-10-31": -83, "2008-07-31": 1, "2008-04-30": "1.00000", "2008-01-31": -1, "2007-10-31": 1697, "2007-07-31": -893, "2007-04-30": "-1129.00000", "2007-01-31": 1, "2006-10-31": -1, "2006-07-31": 1307, "2006-04-30": "-1282.00000", "2006-01-31": 491, "2005-10-31": 1109, "2005-07-31": 727, "2005-04-30": "-650.00000", "2005-01-31": 100}, "Net Change In Investments - Total": {"2020-10-31": 0, "2020-07-31": 0, "2020-04-30": "", "2020-01-31": 0, "2019-10-31": 0, "2019-07-31": 0, "2019-04-30": "", "2019-01-31": 0, "2018-10-31": 0, "2018-07-31": 0, "2018-04-30": "", "2018-01-31": 0, "2017-10-31": 0, "2017-07-31": 0, "2017-04-30": "", "2017-01-31": 0, "2016-10-31": 0, "2016-07-31": 0, "2016-04-30": "", "2016-01-31": -144, "2015-10-31": 144, "2015-07-31": 0, "2015-04-30": "", "2015-01-31": 111, "2014-10-31": 212, "2014-07-31": 0, "2014-04-30": "", "2014-01-31": 0, "2013-10-31": 0, "2013-07-31": 0, "2013-04-30": "", "2013-01-31": 0, "2012-10-31": 0, "2012-07-31": 0, "2012-04-30": "", "2012-01-31": 0, "2011-10-31": 0, "2011-07-31": 0, "2011-04-30": "", "2011-01-31": 0, "2010-10-31": 0, "2010-07-31": 0, "2010-04-30": "", "2010-01-31": 11, "2009-10-31": 3, "2009-07-31": 0, "2009-04-30": "19.00000", "2009-01-31": 52, "2008-10-31": -83, "2008-07-31": 1, "2008-04-30": "1.00000", "2008-01-31": -1, "2007-10-31": 1697, "2007-07-31": -893, "2007-04-30": "-1129.00000", "2007-01-31": 1, "2006-10-31": -1, "2006-07-31": 1307, "2006-04-30": "-1282.00000", "2006-01-31": 491, "2005-10-31": 1109, "2005-07-31": 727, "2005-04-30": "-650.00000", "2005-01-31": 100}, "Investing Activities - Other": {"2020-10-31": -3, "2020-07-31": 0, "2020-04-30": "", "2020-01-31": -2, "2019-10-31": 4, "2019-07-31": -1, "2019-04-30": "-13.00000", "2019-01-31": 17, "2018-10-31": -3, "2018-07-31": 0, "2018-04-30": "", "2018-01-31": -4, "2017-10-31": 0, "2017-07-31": 0, "2017-04-30": "", "2017-01-31": 0, "2016-10-31": 0, "2016-07-31": 0, "2016-04-30": "", "2016-01-31": 0, "2015-10-31": 0, "2015-07-31": 0, "2015-04-30": "", "2015-01-31": 0, "2014-10-31": 0, "2014-07-31": 0, "2014-04-30": "", "2014-01-31": 0, "2013-10-31": 0, "2013-07-31": 0, "2013-04-30": "", "2013-01-31": 0, "2012-10-31": 0, "2012-07-31": 0, "2012-04-30": "", "2012-01-31": 0, "2011-10-31": 0, "2011-07-31": 0, "2011-04-30": "", "2011-01-31": 0, "2010-10-31": 0, "2010-07-31": 0, "2010-04-30": "", "2010-01-31": 0, "2009-10-31": 0, "2009-07-31": 0, "2009-04-30": "", "2009-01-31": 0, "2008-10-31": 0, "2008-07-31": 0, "2008-04-30": "", "2008-01-31": 0, "2007-10-31": 0, "2007-07-31": 0, "2007-04-30": "", "2007-01-31": 0, "2006-10-31": 0, "2006-07-31": 0, "2006-04-30": "", "2006-01-31": 0, "2005-10-31": 0, "2005-07-31": 0, "2005-04-30": "", "2005-01-31": 0}, "Cash Flow From Investing Activities": {"2020-10-31": -431, "2020-07-31": -442, "2020-04-30": "-578.00000", "2020-01-31": -773, "2019-10-31": -631, "2019-07-31": -561, "2019-04-30": "-688.00000", "2019-01-31": -723, "2018-10-31": -618, "2018-07-31": -527, "2018-04-30": "-548.00000", "2018-01-31": -652, "2017-10-31": -485, "2017-07-31": -646, "2017-04-30": "-445.00000", "2017-01-31": -468, "2016-10-31": -441, "2016-07-31": -353, "2016-04-30": "-321.00000", "2016-01-31": -405, "2015-10-31": -2024, "2015-07-31": -236, "2015-04-30": "-317.00000", "2015-01-31": -504, "2014-10-31": -264, "2014-07-31": -223, "2014-04-30": "-280.00000", "2014-01-31": -562, "2013-10-31": -349, "2013-07-31": -320, "2013-04-30": "-276.00000", "2013-01-31": -445, "2012-10-31": -406, "2012-07-31": -360, "2012-04-30": "-221.00000", "2012-01-31": -446, "2011-10-31": -241, "2011-07-31": -258, "2011-04-30": "-184.00000", "2011-01-31": -388, "2010-10-31": -261, "2010-07-31": -223, "2010-04-30": "-140.00000", "2010-01-31": -370, "2009-10-31": -171, "2009-07-31": -131, "2009-04-30": "-83.00000", "2009-01-31": -365, "2008-10-31": -504, "2008-07-31": -422, "2008-04-30": "-438.00000", "2008-01-31": -853, "2007-10-31": 9130, "2007-07-31": -1714, "2007-04-30": "-1805.00000", "2007-01-31": -1092, "2006-10-31": -1331, "2006-07-31": 46, "2006-04-30": "-5270.00000", "2006-01-31": -793, "2005-10-31": -1287, "2005-07-31": -934, "2005-04-30": "-1572.00000", "2005-01-31": -4479}, "Net Long-Term Debt": {"2020-10-31": -30, "2020-07-31": -1779, "2020-04-30": "4933.00000", "2020-01-31": 1992, "2019-10-31": -16, "2019-07-31": 389, "2019-04-30": "-15.00000", "2019-01-31": 3449, "2018-10-31": -1164, "2018-07-31": -18, "2018-04-30": "-10.00000", "2018-01-31": -9, "2017-10-31": 484, "2017-07-31": 1984, "2017-04-30": "-11.00000", "2017-01-31": -11, "2016-10-31": 1959, "2016-07-31": -11, "2016-04-30": "-23.00000", "2016-01-31": -10, "2015-10-31": 1489, "2015-07-31": 2483, "2015-04-30": "-10.00000", "2015-01-31": -9, "2014-10-31": -9, "2014-07-31": 1972, "2014-04-30": "-12.00000", "2014-01-31": -1264, "2013-10-31": 3220, "2013-07-31": -9, "2013-04-30": "1986.00000", "2013-01-31": -9, "2012-10-31": -7, "2012-07-31": -9, "2012-04-30": "-7.00000", "2012-01-31": -7, "2011-10-31": -7, "2011-07-31": -7, "2011-04-30": "987.00000", "2011-01-31": -6, "2010-10-31": -8, "2010-07-31": -12, "2010-04-30": "-5.00000", "2010-01-31": -759, "2009-10-31": -1004, "2009-07-31": -7, "2009-04-30": "-4.00000", "2009-01-31": -5, "2008-10-31": -295, "2008-07-31": -4, "2008-04-30": "-9.00000", "2008-01-31": -751, "2007-10-31": 741, "2007-07-31": -4, "2007-04-30": "-6.00000", "2007-01-31": 4948, "2006-10-31": -3, "2006-07-31": -1, "2006-04-30": "3482.00000", "2006-01-31": -3, "2005-10-31": 980, "2005-07-31": -3, "2005-04-30": "-3.00000", "2005-01-31": 485}, "Net Current Debt": {"2020-10-31": 0, "2020-07-31": 0, "2020-04-30": "-974.00000", "2020-01-31": 279, "2019-10-31": 695, "2019-07-31": -372, "2019-04-30": "-967.00000", "2019-01-31": -59, "2018-10-31": 1398, "2018-07-31": -350, "2018-04-30": "-1209.00000", "2018-01-31": 1435, "2017-10-31": 125, "2017-07-31": 0, "2017-04-30": "-710.00000", "2017-01-31": 710, "2016-10-31": 0, "2016-07-31": 0, "2016-04-30": "-350.00000", "2016-01-31": 350, "2015-10-31": 0, "2015-07-31": 0, "2015-04-30": "-290.00000", "2015-01-31": 290, "2014-10-31": 0, "2014-07-31": 0, "2014-04-30": "", "2014-01-31": 0, "2013-10-31": 0, "2013-07-31": 0, "2013-04-30": "", "2013-01-31": 0, "2012-10-31": 0, "2012-07-31": 0, "2012-04-30": "", "2012-01-31": 0, "2011-10-31": 0, "2011-07-31": 0, "2011-04-30": "", "2011-01-31": 0, "2010-10-31": 0, "2010-07-31": 0, "2010-04-30": "", "2010-01-31": 0, "2009-10-31": 0, "2009-07-31": 0, "2009-04-30": "", "2009-01-31": 8, "2008-10-31": 5, "2008-07-31": -496, "2008-04-30": "-1249.00000", "2008-01-31": 1734, "2007-10-31": 0, "2007-07-31": 0, "2007-04-30": "", "2007-01-31": -1469, "2006-10-31": 1369, "2006-07-31": 100, "2006-04-30": "-900.00000", "2006-01-31": 900, "2005-10-31": 0, "2005-07-31": 0, "2005-04-30": "", "2005-01-31": 0}, "Debt Issuance/Retirement Net - Total": {"2020-10-31": -30, "2020-07-31": -1779, "2020-04-30": "3959.00000", "2020-01-31": 2271, "2019-10-31": 679, "2019-07-31": 17, "2019-04-30": "-982.00000", "2019-01-31": 3390, "2018-10-31": 234, "2018-07-31": -368, "2018-04-30": "-1219.00000", "2018-01-31": 1426, "2017-10-31": 609, "2017-07-31": 1984, "2017-04-30": "-721.00000", "2017-01-31": 699, "2016-10-31": 1959, "2016-07-31": -11, "2016-04-30": "-373.00000", "2016-01-31": 340, "2015-10-31": 1489, "2015-07-31": 2483, "2015-04-30": "-300.00000", "2015-01-31": 281, "2014-10-31": -9, "2014-07-31": 1972, "2014-04-30": "-12.00000", "2014-01-31": -1264, "2013-10-31": 3220, "2013-07-31": -9, "2013-04-30": "1986.00000", "2013-01-31": -9, "2012-10-31": -7, "2012-07-31": -9, "2012-04-30": "-7.00000", "2012-01-31": -7, "2011-10-31": -7, "2011-07-31": -7, "2011-04-30": "987.00000", "2011-01-31": -6, "2010-10-31": -8, "2010-07-31": -12, "2010-04-30": "-5.00000", "2010-01-31": -759, "2009-10-31": -1004, "2009-07-31": -7, "2009-04-30": "-4.00000", "2009-01-31": 3, "2008-10-31": -290, "2008-07-31": -500, "2008-04-30": "-1258.00000", "2008-01-31": 983, "2007-10-31": 741, "2007-07-31": -4, "2007-04-30": "-6.00000", "2007-01-31": 3479, "2006-10-31": 1366, "2006-07-31": 99, "2006-04-30": "2582.00000", "2006-01-31": 897, "2005-10-31": 980, "2005-07-31": -3, "2005-04-30": "-3.00000", "2005-01-31": 485}, "Net Common Equity Issued/Repurchased": {"2020-10-31": 21, "2020-07-31": 146, "2020-04-30": "-773.00000", "2020-01-31": -2961, "2019-10-31": -1262, "2019-07-31": -1128, "2019-04-30": "-1334.00000", "2019-01-31": -4349, "2018-10-31": -2382, "2018-07-31": -1889, "2018-04-30": "-1107.00000", "2018-01-31": -1835, "2017-10-31": -2126, "2017-07-31": -2526, "2017-04-30": "-1258.00000", "2017-01-31": -2263, "2016-10-31": -2079, "2016-07-31": -1192, "2016-04-30": "-1128.00000", "2016-01-31": -1878, "2015-10-31": -1943, "2015-07-31": -1873, "2015-04-30": "-1078.00000", "2015-01-31": -1348, "2014-10-31": -2048, "2014-07-31": -2171, "2014-04-30": "-1181.00000", "2014-01-31": -2023, "2013-10-31": -2086, "2013-07-31": -2064, "2013-04-30": "-2132.00000", "2013-01-31": -567, "2012-10-31": -556, "2012-07-31": -1358, "2012-04-30": "-719.00000", "2012-01-31": -199, "2011-10-31": -797, "2011-07-31": -901, "2011-04-30": "-1267.00000", "2011-01-31": -586, "2010-10-31": -761, "2010-07-31": -660, "2010-04-30": "-497.00000", "2010-01-31": -79, "2009-10-31": -95, "2009-07-31": 32, "2009-04-30": "2.00000", "2009-01-31": 29, "2008-10-31": -66, "2008-07-31": 36, "2008-04-30": "15.00000", "2008-01-31": 53, "2007-10-31": -10699, "2007-07-31": 129, "2007-04-30": "-22.00000", "2007-01-31": -3014, "2006-10-31": -730, "2006-07-31": -2166, "2006-04-30": "-393.00000", "2006-01-31": -89, "2005-10-31": -772, "2005-07-31": -382, "2005-04-30": "-1383.00000", "2005-01-31": -2821}, "Net Total Equity Issued/Repurchased": {"2020-10-31": 21, "2020-07-31": 146, "2020-04-30": "-773.00000", "2020-01-31": -2961, "2019-10-31": -1262, "2019-07-31": -1128, "2019-04-30": "-1334.00000", "2019-01-31": -4349, "2018-10-31": -2382, "2018-07-31": -1889, "2018-04-30": "-1107.00000", "2018-01-31": -1835, "2017-10-31": -2126, "2017-07-31": -2526, "2017-04-30": "-1258.00000", "2017-01-31": -2263, "2016-10-31": -2079, "2016-07-31": -1192, "2016-04-30": "-1128.00000", "2016-01-31": -1878, "2015-10-31": -1943, "2015-07-31": -1873, "2015-04-30": "-1078.00000", "2015-01-31": -1348, "2014-10-31": -2048, "2014-07-31": -2171, "2014-04-30": "-1181.00000", "2014-01-31": -2023, "2013-10-31": -2086, "2013-07-31": -2064, "2013-04-30": "-2132.00000", "2013-01-31": -567, "2012-10-31": -556, "2012-07-31": -1358, "2012-04-30": "-719.00000", "2012-01-31": -199, "2011-10-31": -797, "2011-07-31": -901, "2011-04-30": "-1267.00000", "2011-01-31": -586, "2010-10-31": -761, "2010-07-31": -660, "2010-04-30": "-497.00000", "2010-01-31": -79, "2009-10-31": -95, "2009-07-31": 32, "2009-04-30": "2.00000", "2009-01-31": 29, "2008-10-31": -66, "2008-07-31": 36, "2008-04-30": "15.00000", "2008-01-31": 53, "2007-10-31": -10699, "2007-07-31": 129, "2007-04-30": "-22.00000", "2007-01-31": -3014, "2006-10-31": -730, "2006-07-31": -2166, "2006-04-30": "-393.00000", "2006-01-31": -89, "2005-10-31": -772, "2005-07-31": -382, "2005-04-30": "-1383.00000", "2005-01-31": -2821}, "Total Common And Preferred Stock Dividends Paid": {"2020-10-31": -1614, "2020-07-31": -1612, "2020-04-30": "-1611.00000", "2020-01-31": -1481, "2019-10-31": -1486, "2019-07-31": -1492, "2019-04-30": "-1499.00000", "2019-01-31": -1156, "2018-10-31": -1175, "2018-07-31": -1184, "2018-04-30": "-1189.00000", "2018-01-31": -1038, "2017-10-31": -1044, "2017-07-31": -1061, "2017-04-30": "-1069.00000", "2017-01-31": -837, "2016-10-31": -849, "2016-07-31": -856, "2016-04-30": "-862.00000", "2016-01-31": -744, "2015-10-31": -754, "2015-07-31": -764, "2015-04-30": "-769.00000", "2015-01-31": -618, "2014-10-31": -627, "2014-07-31": -639, "2014-04-30": "-646.00000", "2014-01-31": -544, "2013-10-31": -556, "2013-07-31": -566, "2013-04-30": "-577.00000", "2013-01-31": -431, "2012-10-31": -432, "2012-07-31": -436, "2012-04-30": "-444.00000", "2012-01-31": -445, "2011-10-31": -389, "2011-07-31": -395, "2011-04-30": "-403.00000", "2011-01-31": -385, "2010-10-31": -391, "2010-07-31": -394, "2010-04-30": "-399.00000", "2010-01-31": -381, "2009-10-31": -382, "2009-07-31": -381, "2009-04-30": "-381.00000", "2009-01-31": -380, "2008-10-31": -381, "2008-07-31": -381, "2008-04-30": "-379.00000", "2008-01-31": -379, "2007-10-31": -444, "2007-07-31": -443, "2007-04-30": "-443.00000", "2007-01-31": -459, "2006-10-31": -308, "2006-07-31": -310, "2006-04-30": "-318.00000", "2006-01-31": -212, "2005-10-31": -214, "2005-07-31": -214, "2005-04-30": "-217.00000", "2005-01-31": -719}, "Financial Activities - Other": {"2020-10-31": -5, "2020-07-31": -2, "2020-04-30": "-125.00000", "2020-01-31": -56, "2019-10-31": -4, "2019-07-31": -18, "2019-04-30": "-98.00000", "2019-01-31": -125, "2018-10-31": -43, "2018-07-31": 27, "2018-04-30": "115.00000", "2018-01-31": -170, "2017-10-31": -43, "2017-07-31": 35, "2017-04-30": "-33.00000", "2017-01-31": -45, "2016-10-31": -34, "2016-07-31": -24, "2016-04-30": "25.00000", "2016-01-31": -82, "2015-10-31": -75, "2015-07-31": 15, "2015-04-30": "146.00000", "2015-01-31": -175, "2014-10-31": -31, "2014-07-31": 48, "2014-04-30": "133.00000", "2014-01-31": -141, "2013-10-31": -50, "2013-07-31": 20, "2013-04-30": "134.00000", "2013-01-31": -192, "2012-10-31": 11, "2012-07-31": 35, "2012-04-30": "87.00000", "2012-01-31": -100, "2011-10-31": -64, "2011-07-31": -73, "2011-04-30": "19.00000", "2011-01-31": -108, "2010-10-31": -176, "2010-07-31": -71, "2010-04-30": "8.00000", "2010-01-31": -185, "2009-10-31": -89, "2009-07-31": -216, "2009-04-30": "426.00000", "2009-01-31": -337, "2008-10-31": -27, "2008-07-31": -31, "2008-04-30": "267.00000", "2008-01-31": -479, "2007-10-31": 139, "2007-07-31": -45, "2007-04-30": "280.00000", "2007-01-31": -361, "2006-10-31": -17, "2006-07-31": 57, "2006-04-30": "290.00000", "2006-01-31": -413, "2005-10-31": 180, "2005-07-31": 97, "2005-04-30": "", "2005-01-31": 272}, "Cash Flow From Financial Activities": {"2020-10-31": -1628, "2020-07-31": -3247, "2020-04-30": "1450.00000", "2020-01-31": -2227, "2019-10-31": -2073, "2019-07-31": -2621, "2019-04-30": "-3913.00000", "2019-01-31": -2240, "2018-10-31": -3366, "2018-07-31": -3414, "2018-04-30": "-3400.00000", "2018-01-31": -1617, "2017-10-31": -2604, "2017-07-31": -1568, "2017-04-30": "-3081.00000", "2017-01-31": -2446, "2016-10-31": -1003, "2016-07-31": -2083, "2016-04-30": "-2338.00000", "2016-01-31": -2364, "2015-10-31": -1283, "2015-07-31": -139, "2015-04-30": "-2001.00000", "2015-01-31": -1860, "2014-10-31": -2715, "2014-07-31": -790, "2014-04-30": "-1706.00000", "2014-01-31": -3972, "2013-10-31": 528, "2013-07-31": -2619, "2013-04-30": "-589.00000", "2013-01-31": -1199, "2012-10-31": -984, "2012-07-31": -1768, "2012-04-30": "-1083.00000", "2012-01-31": -751, "2011-10-31": -1257, "2011-07-31": -1376, "2011-04-30": "-664.00000", "2011-01-31": -1085, "2010-10-31": -1336, "2010-07-31": -1137, "2010-04-30": "-893.00000", "2010-01-31": -1404, "2009-10-31": -1570, "2009-07-31": -572, "2009-04-30": "43.00000", "2009-01-31": -685, "2008-10-31": -764, "2008-07-31": -876, "2008-04-30": "-1355.00000", "2008-01-31": 178, "2007-10-31": -10263, "2007-07-31": -363, "2007-04-30": "-191.00000", "2007-01-31": -355, "2006-10-31": 311, "2006-07-31": -2320, "2006-04-30": "2161.00000", "2006-01-31": 183, "2005-10-31": 174, "2005-07-31": -502, "2005-04-30": "-1603.00000", "2005-01-31": -2783}, "Net Cash Flow": {"2020-10-31": 513, "2020-07-31": 5443, "2020-04-30": "6563.00000", "2020-01-31": -60, "2019-10-31": -354, "2019-07-31": 665, "2019-04-30": "104.00000", "2019-01-31": 14, "2018-10-31": -1726, "2018-07-31": -109, "2018-04-30": "4.00000", "2018-01-31": 46, "2017-10-31": -1281, "2017-07-31": 1265, "2017-04-30": "1027.00000", "2017-01-31": -1051, "2016-10-31": -429, "2016-07-31": 761, "2016-04-30": "1041.00000", "2016-01-31": -824, "2015-10-31": -1896, "2015-07-31": 2109, "2015-04-30": "1104.00000", "2015-01-31": -458, "2014-10-31": -2035, "2014-07-31": 1705, "2014-04-30": "582.00000", "2014-01-31": -2924, "2013-10-31": 1434, "2013-07-31": -918, "2013-04-30": "1843.00000", "2013-01-31": -60, "2012-10-31": -256, "2012-07-31": -381, "2012-04-30": "1204.00000", "2012-01-31": -247, "2011-10-31": -317, "2011-07-31": 745, "2011-04-30": "1261.00000", "2011-01-31": -880, "2010-10-31": -970, "2010-07-31": -41, "2010-04-30": "1015.00000", "2010-01-31": -1298, "2009-10-31": -388, "2009-07-31": 893, "2009-04-30": "1695.00000", "2009-01-31": -345, "2008-10-31": -187, "2008-07-31": 284, "2008-04-30": "322.00000", "2008-01-31": -90, "2007-10-31": -466, "2007-07-31": 63, "2007-04-30": "338.00000", "2007-01-31": -3, "2006-10-31": -42, "2006-07-31": -619, "2006-04-30": "471.00000", "2006-01-31": -112, "2005-10-31": 169, "2005-07-31": 53, "2005-04-30": "177.00000", "2005-01-31": -597}, "Stock-Based Compensation": {"2020-10-31": 79, "2020-07-31": 67, "2020-04-30": "88.00000", "2020-01-31": 54, "2019-10-31": 58, "2019-07-31": 53, "2019-04-30": "86.00000", "2019-01-31": 78, "2018-10-31": 60, "2018-07-31": 60, "2018-04-30": "84.00000", "2018-01-31": 59, "2017-10-31": 66, "2017-07-31": 67, "2017-04-30": "81.00000", "2017-01-31": 68, "2016-10-31": 66, "2016-07-31": 61, "2016-04-30": "72.00000", "2016-01-31": 67, "2015-10-31": 55, "2015-07-31": 53, "2015-04-30": "69.00000", "2015-01-31": 51, "2014-10-31": 55, "2014-07-31": 52, "2014-04-30": "67.00000", "2014-01-31": 59, "2013-10-31": 53, "2013-07-31": 51, "2013-04-30": "65.00000", "2013-01-31": 60, "2012-10-31": 51, "2012-07-31": 49, "2012-04-30": "58.00000", "2012-01-31": 58, "2011-10-31": 49, "2011-07-31": 48, "2011-04-30": "60.00000", "2011-01-31": 53, "2010-10-31": 49, "2010-07-31": 48, "2010-04-30": "64.00000", "2010-01-31": 41, "2009-10-31": 51, "2009-07-31": 55, "2009-04-30": "54.00000", "2009-01-31": 21, "2008-10-31": 53, "2008-07-31": 50, "2008-04-30": "52.00000", "2008-01-31": 27, "2007-10-31": 69, "2007-07-31": 56, "2007-04-30": "55.00000", "2007-01-31": 93, "2006-10-31": 58, "2006-07-31": 69, "2006-04-30": "77.00000", "2006-01-31": 44, "2005-10-31": 50, "2005-07-31": 43, "2005-04-30": "38.00000", "2005-01-31": 125}, "Common Stock Dividends Paid": {"2020-10-31": -1614, "2020-07-31": -1612, "2020-04-30": "-1611.00000", "2020-01-31": -1481, "2019-10-31": -1486, "2019-07-31": -1492, "2019-04-30": "-1499.00000", "2019-01-31": -1156, "2018-10-31": -1175, "2018-07-31": -1184, "2018-04-30": "-1189.00000", "2018-01-31": -1038, "2017-10-31": -1044, "2017-07-31": -1061, "2017-04-30": "-1069.00000", "2017-01-31": -837, "2016-10-31": -849, "2016-07-31": -856, "2016-04-30": "-862.00000", "2016-01-31": -744, "2015-10-31": -754, "2015-07-31": -764, "2015-04-30": "-769.00000", "2015-01-31": -618, "2014-10-31": -627, "2014-07-31": -639, "2014-04-30": "-646.00000", "2014-01-31": -544, "2013-10-31": -556, "2013-07-31": -566, "2013-04-30": "-577.00000", "2013-01-31": -431, "2012-10-31": -432, "2012-07-31": -436, "2012-04-30": "-444.00000", "2012-01-31": -445, "2011-10-31": -389, "2011-07-31": -395, "2011-04-30": "-403.00000", "2011-01-31": -385, "2010-10-31": -391, "2010-07-31": -394, "2010-04-30": "-399.00000", "2010-01-31": -381, "2009-10-31": -382, "2009-07-31": -381, "2009-04-30": "-381.00000", "2009-01-31": -380, "2008-10-31": -381, "2008-07-31": -381, "2008-04-30": "-379.00000", "2008-01-31": -379, "2007-10-31": -444, "2007-07-31": -443, "2007-04-30": "-443.00000", "2007-01-31": -459, "2006-10-31": -308, "2006-07-31": -310, "2006-04-30": "-318.00000", "2006-01-31": -212, "2005-10-31": -214, "2005-07-31": -214, "2005-04-30": "-217.00000", "2005-01-31": -719}}, "financial ratios": {"Current Ratio": {"2020-01-31": "1.07810", "2019-01-31": "1.10850", "2018-01-31": "1.16910", "2017-01-31": "1.25410", "2016-01-31": "1.31620", "2015-01-31": "1.35790", "2014-01-31": "1.42140", "2013-01-31": "1.34110", "2012-01-31": "1.54860", "2011-01-31": "1.33170", "2010-01-31": "1.34130", "2009-01-31": "1.19810", "2008-01-31": "1.15490", "2007-01-31": "1.39200", "2006-01-31": "1.20170", "2005-01-31": "1.36520"}, "Long-term Debt / Capital": {"2020-01-31": "1.12190", "2019-01-31": "1.07530", "2018-01-31": "0.94350", "2017-01-31": "0.83760", "2016-01-31": "0.76700", "2015-01-31": "0.64410", "2014-01-31": "0.53990", "2013-01-31": "0.34770", "2012-01-31": "0.37540", "2011-01-31": "0.31550", "2010-01-31": "0.30880", "2009-01-31": "0.35220", "2008-01-31": "0.39120", "2007-01-31": "0.31750", "2006-01-31": "0.09030", "2005-01-31": "0.08170"}, "Debt/Equity Ratio": {"2020-01-31": "-10.10370", "2019-01-31": "-15.54950", "2018-01-31": "18.58870", "2017-01-31": "5.44680", "2016-01-31": "3.35910", "2015-01-31": "1.84480", "2014-01-31": "1.17590", "2013-01-31": "0.60730", "2012-01-31": "0.60270", "2011-01-31": "0.51610", "2010-01-31": "0.49930", "2009-01-31": "0.64320", "2008-01-31": "0.75820", "2007-01-31": "0.46590", "2006-01-31": "0.15180", "2005-01-31": "0.08940"}, "Gross Margin": {"2020-01-31": "34.08660", "2019-01-31": "34.34290", "2018-01-31": "34.04820", "2017-01-31": "34.15930", "2016-01-31": "34.19040", "2015-01-31": "34.13120", "2014-01-31": "34.15090", "2013-01-31": "34.56940", "2012-01-31": "34.46550", "2011-01-31": "34.27210", "2010-01-31": "33.86730", "2009-01-31": "33.65220", "2008-01-31": "33.61000", "2007-01-31": "33.59320", "2006-01-31": "33.67740", "2005-01-31": "33.42270"}, "Operating Margin": {"2020-01-31": "14.37330", "2019-01-31": "14.35270", "2018-01-31": "14.54950", "2017-01-31": "14.19420", "2016-01-31": "13.30110", "2015-01-31": "12.58660", "2014-01-31": "11.63020", "2013-01-31": "10.38870", "2012-01-31": "9.46230", "2011-01-31": "8.58710", "2010-01-31": "7.25790", "2009-01-31": "6.11460", "2008-01-31": "9.36280", "2007-01-31": "11.21970", "2006-01-31": "11.74650", "2005-01-31": "10.84360"}, "EBIT Margin": {"2020-01-31": "14.37330", "2019-01-31": "14.35270", "2018-01-31": "14.54950", "2017-01-31": "14.19420", "2016-01-31": "13.30110", "2015-01-31": "12.58660", "2014-01-31": "11.63020", "2013-01-31": "10.38870", "2012-01-31": "9.46230", "2011-01-31": "8.58710", "2010-01-31": "7.25790", "2009-01-31": "6.11460", "2008-01-31": "9.36280", "2007-01-31": "11.21970", "2006-01-31": "11.74650", "2005-01-31": "10.84360"}, "EBITDA Margin": {"2020-01-31": "16.45630", "2019-01-31": "16.34150", "2018-01-31": "16.59300", "2017-01-31": "16.27990", "2016-01-31": "15.40570", "2015-01-31": "14.73380", "2014-01-31": "13.85960", "2013-01-31": "12.64150", "2012-01-31": "11.85170", "2011-01-31": "11.11370", "2010-01-31": "9.98700", "2009-01-31": "8.78270", "2008-01-31": "11.82690", "2007-01-31": "13.60630", "2006-01-31": "13.79660", "2005-01-31": "12.64810"}, "Pre-Tax Profit Margin": {"2020-01-31": "13.35000", "2019-01-31": "13.45250", "2018-01-31": "13.57530", "2017-01-31": "13.20470", "2016-01-31": "12.45040", "2015-01-31": "11.99380", "2014-01-31": "10.74330", "2013-01-31": "9.65970", "2012-01-31": "8.61990", "2011-01-31": "7.75480", "2010-01-31": "6.01730", "2009-01-31": "5.03590", "2008-01-31": "8.55860", "2007-01-31": "10.75900", "2006-01-31": "11.64260", "2005-01-31": "10.82440"}, "Net Profit Margin": {"2020-01-31": "10.19910", "2019-01-31": "10.27790", "2018-01-31": "8.55270", "2017-01-31": "8.41170", "2016-01-31": "7.91810", "2015-01-31": "7.62840", "2014-01-31": "6.83270", "2013-01-31": "6.06660", "2012-01-31": "5.51600", "2011-01-31": "4.90900", "2010-01-31": "4.02110", "2009-01-31": "3.17020", "2008-01-31": "5.68200", "2007-01-31": "7.29040", "2006-01-31": "7.57990", "2005-01-31": "6.84190"}, "Asset Turnover": {"2020-01-31": "2.15130", "2019-01-31": "2.45900", "2018-01-31": "2.26600", "2017-01-31": "2.20160", "2016-01-31": "2.10900", "2015-01-31": "2.08220", "2014-01-31": "1.94510", "2013-01-31": "1.81950", "2012-01-31": "1.73740", "2011-01-31": "1.69460", "2010-01-31": "1.61890", "2009-01-31": "1.73180", "2008-01-31": "1.74510", "2007-01-31": "1.51200", "2006-01-31": "1.73450", "2005-01-31": "1.87320"}, "Inventory Turnover Ratio": {"2020-01-31": "4.99990", "2019-01-31": "5.10180", "2018-01-31": "5.22030", "2017-01-31": "4.96310", "2016-01-31": "4.93300", "2015-01-31": "4.94510", "2014-01-31": "4.69360", "2013-01-31": "4.56690", "2012-01-31": "4.46810", "2011-01-31": "4.20640", "2010-01-31": "4.29560", "2009-01-31": "4.43160", "2008-01-31": "4.37750", "2007-01-31": "4.09270", "2006-01-31": "4.48040", "2005-01-31": "4.82970"}, "Receiveable Turnover": {"2020-01-31": "52.33860", "2019-01-31": "55.89000", "2018-01-31": "51.69260", "2017-01-31": "46.62150", "2016-01-31": "46.83550", "2015-01-31": "56.04850", "2014-01-31": "56.37480", "2013-01-31": "53.58710", "2012-01-31": "56.54220", "2011-01-31": "62.67010", "2010-01-31": "68.64730", "2009-01-31": "73.34160", "2008-01-31": "61.43690", "2007-01-31": "24.51820", "2006-01-31": "32.14480", "2005-01-31": "48.76180"}, "Days Sales In Receivables": {"2020-01-31": "6.97380", "2019-01-31": "6.53070", "2018-01-31": "7.06100", "2017-01-31": "7.82900", "2016-01-31": "7.79320", "2015-01-31": "6.51220", "2014-01-31": "6.47450", "2013-01-31": "6.81130", "2012-01-31": "6.45540", "2011-01-31": "5.82420", "2010-01-31": "5.31700", "2009-01-31": "4.97670", "2008-01-31": "5.94110", "2007-01-31": "14.88690", "2006-01-31": "11.35490", "2005-01-31": "7.48540"}, "ROE - Return On Equity": {"2020-01-31": "-360.78310", "2019-01-31": "-592.17250", "2018-01-31": "593.53510", "2017-01-31": "183.63720", "2016-01-31": "110.97210", "2015-01-31": "68.06480", "2014-01-31": "43.00430", "2013-01-31": "25.51050", "2012-01-31": "21.69520", "2011-01-31": "17.67170", "2010-01-31": "13.51000", "2009-01-31": "13.00560", "2008-01-31": "23.76650", "2007-01-31": "21.03880", "2006-01-31": "20.96330", "2005-01-31": "20.70120"}, "Return On Tangible Equity": {"2020-01-31": "-209.34820", "2019-01-31": "-269.27360", "2018-01-31": "-1051.15700", "2017-01-31": "355.22320", "2016-01-31": "166.32650", "2015-01-31": "79.62100", "2014-01-31": "47.93910", "2013-01-31": "27.30780", "2012-01-31": "23.14340", "2011-01-31": "18.85660", "2010-01-31": "14.37820", "2009-01-31": "13.89170", "2008-01-31": "25.50740", "2007-01-31": "28.13640", "2006-01-31": "23.87930", "2005-01-31": "21.96890"}, "ROA - Return On Assets": {"2020-01-31": "21.94160", "2019-01-31": "25.27330", "2018-01-31": "19.38060", "2017-01-31": "18.51930", "2016-01-31": "16.69880", "2015-01-31": "15.88390", "2014-01-31": "13.29040", "2013-01-31": "11.03840", "2012-01-31": "9.58340", "2011-01-31": "8.31900", "2010-01-31": "6.40950", "2009-01-31": "5.61660", "2008-01-31": "9.49820", "2007-01-31": "10.07600", "2006-01-31": "12.70350", "2005-01-31": "12.81650"}, "ROI - Return On Investment": {"2020-01-31": "43.99310", "2019-01-31": "44.61070", "2018-01-31": "33.55240", "2017-01-31": "29.82160", "2016-01-31": "25.85870", "2015-01-31": "24.22590", "2014-01-31": "19.78830", "2013-01-31": "16.64100", "2012-01-31": "13.55040", "2011-01-31": "12.09600", "2010-01-31": "9.33880", "2009-01-31": "8.42440", "2008-01-31": "14.46890", "2007-01-31": "14.35930", "2006-01-31": "19.06970", "2005-01-31": "19.01090"}, "Book Value Per Share": {"2020-01-31": "-2.89320", "2019-01-31": "-1.69950", "2018-01-31": "1.25560", "2017-01-31": "3.60180", "2016-01-31": "5.04470", "2015-01-31": "7.13240", "2014-01-31": "9.07390", "2013-01-31": "11.97910", "2012-01-31": "11.64480", "2011-01-31": "11.63830", "2010-01-31": "11.42110", "2009-01-31": "10.48170", "2008-01-31": "10.48170", "2007-01-31": "12.70560", "2006-01-31": "12.66900", "2005-01-31": "11.05630"}, "Operating Cash Flow Per Share": {"2020-01-31": 1.1028, "2019-01-31": 1.2455, "2018-01-31": 2.2334, "2017-01-31": 0.6224, "2016-01-31": 1.1822, "2015-01-31": 0.8039, "2014-01-31": 0.7033, "2013-01-31": 0.3798, "2012-01-31": 1.4709, "2011-01-31": -0.2636, "2010-01-31": -0.2498, "2009-01-31": 0.1931, "2008-01-31": -0.6296, "2007-01-31": 0.6319, "2006-01-31": 0.0906, "2005-01-31": 2.9928}, "Free Cash Flow Per Share": {"2020-01-31": 0.8029, "2019-01-31": 0.7004, "2018-01-31": 1.9537, "2017-01-31": 0.4775, "2016-01-31": 1.0799, "2015-01-31": 0.6756, "2014-01-31": 0.6312, "2013-01-31": 0.2866, "2012-01-31": 1.3393, "2011-01-31": -0.4082, "2010-01-31": 0.2927, "2009-01-31": 0.9305, "2008-01-31": -0.7245, "2007-01-31": 0.7124, "2006-01-31": 0.0976, "2005-01-31": 1.2545}}, "financial ratios, quarterly": {"Current Ratio": {"2020-10-31": "1.35870", "2020-07-31": "1.29600", "2020-04-30": "1.16830", "2020-01-31": "1.07810", "2019-10-31": "1.08220", "2019-07-31": "1.10110", "2019-04-30": "1.04470", "2019-01-31": "1.10850", "2018-10-31": "1.08860", "2018-07-31": "1.12890", "2018-04-30": "1.16990", "2018-01-31": "1.16910", "2017-10-31": "1.23000", "2017-07-31": "1.29630", "2017-04-30": "1.21040", "2017-01-31": "1.25410", "2016-10-31": "1.34070", "2016-07-31": "1.30400", "2016-04-30": "1.25490", "2016-01-31": "1.31620", "2015-10-31": "1.16460", "2015-07-31": "1.19100", "2015-04-30": "1.05820", "2015-01-31": "1.35790", "2014-10-31": "1.36620", "2014-07-31": "1.44020", "2014-04-30": "1.32040", "2014-01-31": "1.42140", "2013-10-31": "1.48440", "2013-07-31": "1.30010", "2013-04-30": "1.32830", "2013-01-31": "1.34110", "2012-10-31": "1.49590", "2012-07-31": "1.44480", "2012-04-30": "1.43420", "2012-01-31": "1.54860", "2011-10-31": "1.46210", "2011-07-31": "1.44850", "2011-04-30": "1.41050", "2011-01-31": "1.33170", "2010-10-31": "1.32710", "2010-07-31": "1.23690", "2010-04-30": "1.19100", "2010-01-31": "1.34130", "2009-10-31": "1.27650", "2009-07-31": "1.31840", "2009-04-30": "1.20420", "2009-01-31": "1.19810", "2008-10-31": "1.21160", "2008-07-31": "1.25300", "2008-04-30": "1.15730", "2008-01-31": "1.15490", "2007-10-31": "1.12460", "2007-07-31": "1.44020", "2007-04-30": "1.35830", "2007-01-31": "1.39200", "2006-10-31": "1.16820", "2006-07-31": "1.18410", "2006-04-30": "1.24580", "2006-01-31": "1.20170", "2005-10-31": "1.15070", "2005-07-31": "1.23340", "2005-04-30": "1.22300", "2005-01-31": "1.36520"}, "Long-term Debt / Capital": {"2020-10-31": "0.95530", "2020-07-31": "1.01300", "2020-04-30": "1.12410", "2020-01-31": "1.12190", "2019-10-31": "1.04240", "2019-07-31": "1.04480", "2019-04-30": "1.08690", "2019-01-31": "1.07530", "2018-10-31": "0.94650", "2018-07-31": "0.92060", "2018-04-30": "0.93490", "2018-01-31": "0.94350", "2017-10-31": "0.90510", "2017-07-31": "0.87300", "2017-04-30": "0.84970", "2017-01-31": "0.83760", "2016-10-31": "0.79890", "2016-07-31": "0.75840", "2016-04-30": "0.76740", "2016-01-31": "0.76700", "2015-10-31": "0.70040", "2015-07-31": "0.65390", "2015-04-30": "0.60020", "2015-01-31": "0.64410", "2014-10-31": "0.62280", "2014-07-31": "0.59310", "2014-04-30": "0.54770", "2014-01-31": "0.53990", "2013-10-31": "0.50830", "2013-07-31": "0.42520", "2013-04-30": "0.41140", "2013-01-31": "0.34770", "2012-10-31": "0.37800", "2012-07-31": "0.37920", "2012-04-30": "0.37520", "2012-01-31": "0.37540", "2011-10-31": "0.37670", "2011-07-31": "0.37050", "2011-04-30": "0.37070", "2011-01-31": "0.31550", "2010-10-31": "0.31410", "2010-07-31": "0.28440", "2010-04-30": "0.28380", "2010-01-31": "0.30880", "2009-10-31": "0.30870", "2009-07-31": "0.33510", "2009-04-30": "0.34950", "2009-01-31": "0.35220", "2008-10-31": "0.36010", "2008-07-31": "0.37870", "2008-04-30": "0.39040", "2008-01-31": "0.39120", "2007-10-31": "0.39400", "2007-07-31": "0.29970", "2007-04-30": "0.31200", "2007-01-31": "0.31750", "2006-10-31": "0.19380", "2006-07-31": "0.19650", "2006-04-30": "0.19310", "2006-01-31": "0.09030", "2005-10-31": "0.09350", "2005-07-31": "0.07940", "2005-04-30": "0.08260", "2005-01-31": "0.08170"}, "Debt/Equity Ratio": {"2020-10-31": "23.01110", "2020-07-31": "-84.16910", "2020-04-30": "-10.26420", "2020-01-31": "-10.10370", "2019-10-31": "-26.90390", "2019-07-31": "-24.46470", "2019-04-30": "-13.18710", "2019-01-31": "-15.54950", "2018-10-31": "19.53330", "2018-07-31": "12.69190", "2018-04-30": "15.28930", "2018-01-31": "18.58870", "2017-10-31": "10.06250", "2017-07-31": "7.02500", "2017-04-30": "5.78920", "2017-01-31": "5.44680", "2016-10-31": "4.06990", "2016-07-31": "3.14600", "2016-04-30": "3.30670", "2016-01-31": "3.35910", "2015-10-31": "2.73820", "2015-07-31": "2.24330", "2015-04-30": "1.83310", "2015-01-31": "1.84480", "2014-10-31": "1.65450", "2014-07-31": "1.46080", "2014-04-30": "1.21370", "2014-01-31": "1.17590", "2013-10-31": "1.12630", "2013-07-31": "0.82430", "2013-04-30": "0.78030", "2013-01-31": "0.60730", "2012-10-31": "0.60960", "2012-07-31": "0.61270", "2012-04-30": "0.60220", "2012-01-31": "0.60270", "2011-10-31": "0.60680", "2011-07-31": "0.59100", "2011-04-30": "0.59140", "2011-01-31": "0.51610", "2010-10-31": "0.51140", "2010-07-31": "0.50140", "2010-04-30": "0.50060", "2010-01-31": "0.49930", "2009-10-31": "0.53790", "2009-07-31": "0.59630", "2009-04-30": "0.63550", "2009-01-31": "0.64320", "2008-10-31": "0.61800", "2008-07-31": "0.62560", "2008-04-30": "0.68530", "2008-01-31": "0.75820", "2007-10-31": "0.71010", "2007-07-31": "0.42840", "2007-04-30": "0.45410", "2007-01-31": "0.46590", "2006-10-31": "0.29390", "2006-07-31": "0.24890", "2006-04-30": "0.23980", "2006-01-31": "0.15180", "2005-10-31": "0.12310", "2005-07-31": "0.08680", "2005-04-30": "0.09060", "2005-01-31": "0.08940"}, "Gross Margin": {"2020-10-31": "34.16030", "2020-07-31": "34.00780", "2020-04-30": "34.05870", "2020-01-31": "33.88410", "2019-10-31": "34.48190", "2019-07-31": "33.82730", "2019-04-30": "34.17990", "2019-01-31": "34.07570", "2018-10-31": "34.79200", "2018-07-31": "34.02490", "2018-04-30": "34.54120", "2018-01-31": "33.88600", "2017-10-31": "34.55610", "2017-07-31": "33.65950", "2017-04-30": "34.13570", "2017-01-31": "34.01180", "2016-10-31": "34.73270", "2016-07-31": "33.72240", "2016-04-30": "34.22810", "2016-01-31": "34.10870", "2015-10-31": "34.67160", "2015-07-31": "33.69040", "2015-04-30": "34.36410", "2015-01-31": "34.34920", "2014-10-31": "34.32930", "2014-07-31": "33.62730", "2014-04-30": "34.32210", "2014-01-31": "32.30670", "2013-10-31": "34.91530", "2013-07-31": "34.28200", "2013-04-30": "34.92470", "2013-01-31": "34.88980", "2012-10-31": "34.56700", "2012-07-31": "34.15650", "2012-04-30": "34.72040", "2012-01-31": "34.95070", "2011-10-31": "34.40490", "2011-07-31": "33.98580", "2011-04-30": "34.64310", "2011-01-31": "34.66220", "2010-10-31": "34.25110", "2010-07-31": "33.91040", "2010-04-30": "34.35930", "2010-01-31": "34.40870", "2009-10-31": "33.98940", "2009-07-31": "33.49590", "2009-04-30": "33.69400", "2009-01-31": "33.95630", "2008-10-31": "33.70450", "2008-07-31": "33.17770", "2008-04-30": "33.90850", "2008-01-31": "34.28280", "2007-10-31": "33.43180", "2007-07-31": "33.09140", "2007-04-30": "33.77190", "2007-01-31": "34.31890", "2006-10-31": "33.61160", "2006-07-31": "33.00280", "2006-04-30": "33.67970", "2006-01-31": "34.74700", "2005-10-31": "33.56630", "2005-07-31": "33.21680", "2005-04-30": "33.49500", "2005-01-31": "34.19580"}, "Operating Margin": {"2020-10-31": "14.46800", "2020-07-31": "15.94360", "2020-04-30": "11.59240", "2020-01-31": "13.19910", "2019-10-31": "14.49880", "2019-07-31": "15.87600", "2019-04-30": "13.63480", "2019-01-31": "12.75150", "2018-10-31": "14.71370", "2018-07-31": "16.08840", "2018-04-30": "13.55270", "2018-01-31": "13.35260", "2017-10-31": "14.70470", "2017-07-31": "15.87800", "2017-04-30": "14.02020", "2017-01-31": "13.18050", "2016-10-31": "14.33880", "2016-07-31": "15.49940", "2016-04-30": "13.51810", "2016-01-31": "12.14970", "2015-10-31": "13.66240", "2015-07-31": "14.68850", "2015-04-30": "12.43120", "2015-01-31": "11.43410", "2014-10-31": "12.44400", "2014-07-31": "14.48070", "2014-04-30": "11.56600", "2014-01-31": "9.95140", "2013-10-31": "11.77710", "2013-07-31": "13.40020", "2013-04-30": "10.94960", "2013-01-31": "9.59110", "2012-10-31": "9.55870", "2012-07-31": "12.48910", "2012-04-30": "9.62490", "2012-01-31": "8.30520", "2011-10-31": "9.32130", "2011-07-31": "11.33850", "2011-04-30": "8.45270", "2011-01-31": "6.85570", "2010-10-31": "8.72390", "2010-07-31": "10.55640", "2010-04-30": "7.73880", "2010-01-31": "4.99000", "2009-10-31": "7.71960", "2009-07-31": "9.61150", "2009-04-30": "6.05870", "2009-01-31": "1.82100", "2008-10-31": "7.43930", "2008-07-31": "9.72840", "2008-04-30": "4.06540", "2008-01-31": "7.07290", "2007-10-31": "9.30330", "2007-07-31": "11.52630", "2007-04-30": "9.01590", "2007-01-31": "8.53080", "2006-10-31": "11.30900", "2006-07-31": "12.90280", "2006-04-30": "11.28560", "2006-01-31": "11.54900", "2005-10-31": "11.92150", "2005-07-31": "12.74600", "2005-04-30": "10.53600", "2005-01-31": "9.91550"}, "EBIT Margin": {"2020-10-31": "14.46800", "2020-07-31": "15.94360", "2020-04-30": "11.59240", "2020-01-31": "13.19910", "2019-10-31": "14.49880", "2019-07-31": "15.87600", "2019-04-30": "13.63480", "2019-01-31": "12.75150", "2018-10-31": "14.71370", "2018-07-31": "16.08840", "2018-04-30": "13.55270", "2018-01-31": "13.35260", "2017-10-31": "14.70470", "2017-07-31": "15.87800", "2017-04-30": "14.02020", "2017-01-31": "13.18050", "2016-10-31": "14.33880", "2016-07-31": "15.49940", "2016-04-30": "13.51810", "2016-01-31": "12.14970", "2015-10-31": "13.66240", "2015-07-31": "14.68850", "2015-04-30": "12.43120", "2015-01-31": "11.43410", "2014-10-31": "12.44400", "2014-07-31": "14.48070", "2014-04-30": "11.56600", "2014-01-31": "9.95140", "2013-10-31": "11.77710", "2013-07-31": "13.40020", "2013-04-30": "10.94960", "2013-01-31": "9.59110", "2012-10-31": "9.55870", "2012-07-31": "12.48910", "2012-04-30": "9.62490", "2012-01-31": "8.30520", "2011-10-31": "9.32130", "2011-07-31": "11.33850", "2011-04-30": "8.45270", "2011-01-31": "6.85570", "2010-10-31": "8.72390", "2010-07-31": "10.55640", "2010-04-30": "7.73880", "2010-01-31": "4.99000", "2009-10-31": "7.71960", "2009-07-31": "9.61150", "2009-04-30": "6.05870", "2009-01-31": "1.82100", "2008-10-31": "7.43930", "2008-07-31": "9.72840", "2008-04-30": "4.06540", "2008-01-31": "7.07290", "2007-10-31": "9.30330", "2007-07-31": "11.52630", "2007-04-30": "9.01590", "2007-01-31": "8.53080", "2006-10-31": "11.30900", "2006-07-31": "12.90280", "2006-04-30": "11.28560", "2006-01-31": "11.54900", "2005-10-31": "11.92150", "2005-07-31": "12.74600", "2005-04-30": "10.53600", "2005-01-31": "9.91550"}, "EBITDA Margin": {"2020-10-31": "", "2020-07-31": "", "2020-04-30": "", "2020-01-31": "", "2019-10-31": "", "2019-07-31": "", "2019-04-30": "", "2019-01-31": "", "2018-10-31": "", "2018-07-31": "", "2018-04-30": "", "2018-01-31": "", "2017-10-31": "", "2017-07-31": "", "2017-04-30": "", "2017-01-31": "", "2016-10-31": "", "2016-07-31": "", "2016-04-30": "", "2016-01-31": "", "2015-10-31": "", "2015-07-31": "", "2015-04-30": "", "2015-01-31": "", "2014-10-31": "", "2014-07-31": "", "2014-04-30": "", "2014-01-31": "", "2013-10-31": "", "2013-07-31": "", "2013-04-30": "", "2013-01-31": "", "2012-10-31": "", "2012-07-31": "", "2012-04-30": "", "2012-01-31": "", "2011-10-31": "", "2011-07-31": "", "2011-04-30": "", "2011-01-31": "", "2010-10-31": "", "2010-07-31": "", "2010-04-30": "", "2010-01-31": "", "2009-10-31": "", "2009-07-31": "", "2009-04-30": "", "2009-01-31": "", "2008-10-31": "", "2008-07-31": "", "2008-04-30": "", "2008-01-31": "", "2007-10-31": "", "2007-07-31": "", "2007-04-30": "", "2007-01-31": "", "2006-10-31": "", "2006-07-31": "", "2006-04-30": "", "2006-01-31": "", "2005-10-31": "", "2005-07-31": "", "2005-04-30": "", "2005-01-31": ""}, "Pre-Tax Profit Margin": {"2020-10-31": "13.48700", "2020-07-31": "15.05800", "2020-04-30": "10.50600", "2020-01-31": "12.06660", "2019-10-31": "13.47020", "2019-07-31": "14.95830", "2019-04-30": "12.60000", "2019-01-31": "11.75120", "2018-10-31": "13.86210", "2018-07-31": "15.28080", "2018-04-30": "12.59470", "2018-01-31": "12.32260", "2017-10-31": "13.71770", "2017-07-31": "14.99220", "2017-04-30": "13.01130", "2017-01-31": "12.12230", "2016-10-31": "13.31950", "2016-07-31": "14.63810", "2016-04-30": "12.47690", "2016-01-31": "11.02480", "2015-10-31": "12.56250", "2015-07-31": "14.35020", "2015-04-30": "11.50740", "2015-01-31": "10.92270", "2014-10-31": "11.89320", "2014-07-31": "13.67860", "2014-04-30": "11.10380", "2014-01-31": "8.94550", "2013-10-31": "10.81150", "2013-07-31": "12.63650", "2013-04-30": "10.10770", "2013-01-31": "8.71420", "2012-10-31": "8.73140", "2012-07-31": "11.75500", "2012-04-30": "9.15320", "2012-01-31": "7.36860", "2011-10-31": "8.40930", "2011-07-31": "10.61690", "2011-04-30": "7.62650", "2011-01-31": "6.28060", "2010-10-31": "7.86840", "2010-07-31": "9.79390", "2010-04-30": "6.61800", "2010-01-31": "2.78670", "2009-10-31": "6.71720", "2009-07-31": "8.76720", "2009-04-30": "4.97680", "2009-01-31": "-0.21220", "2008-10-31": "6.59020", "2008-07-31": "8.98050", "2008-04-30": "3.14960", "2008-01-31": "5.98560", "2007-10-31": "8.64410", "2007-07-31": "10.87270", "2007-04-30": "8.15310", "2007-01-31": "7.73450", "2006-10-31": "10.84080", "2006-07-31": "12.46900", "2006-04-30": "11.04330", "2006-01-31": "11.37560", "2005-10-31": "11.82030", "2005-07-31": "12.65640", "2005-04-30": "10.46750", "2005-01-31": "9.85010"}, "Net Profit Margin": {"2020-10-31": "10.23380", "2020-07-31": "11.38410", "2020-04-30": "7.94410", "2020-01-31": "9.62300", "2019-10-31": "10.17160", "2019-07-31": "11.28120", "2019-04-30": "9.52580", "2019-01-31": "8.84830", "2018-10-31": "10.90030", "2018-07-31": "11.50900", "2018-04-30": "9.63640", "2018-01-31": "7.44880", "2017-10-31": "8.65100", "2017-07-31": "9.50620", "2017-04-30": "8.43140", "2017-01-31": "7.85340", "2016-10-31": "8.50390", "2016-07-31": "9.22110", "2016-04-30": "7.92110", "2016-01-31": "7.01140", "2015-10-31": "7.90600", "2015-07-31": "8.99750", "2015-04-30": "7.55830", "2015-01-31": "7.19650", "2014-10-31": "7.49170", "2014-07-31": "8.60950", "2014-04-30": "7.00460", "2014-01-31": "5.72450", "2013-10-31": "6.93890", "2013-07-31": "7.97000", "2013-04-30": "6.41080", "2013-01-31": "5.59570", "2012-10-31": "5.22340", "2012-07-31": "7.44770", "2012-04-30": "5.81200", "2012-01-31": "4.83330", "2011-10-31": "5.39070", "2011-07-31": "6.73690", "2011-04-30": "4.82670", "2011-01-31": "3.88070", "2010-10-31": "5.02470", "2010-07-31": "6.14120", "2010-04-30": "4.29940", "2010-01-31": "2.34750", "2009-10-31": "4.21120", "2009-07-31": "5.85180", "2009-04-30": "3.17770", "2009-01-31": "-0.36970", "2008-10-31": "4.25100", "2008-07-31": "5.72650", "2008-04-30": "1.98800", "2008-01-31": "3.79980", "2007-10-31": "5.75390", "2007-07-31": "7.15380", "2007-04-30": "5.64030", "2007-01-31": "6.03750", "2006-10-31": "7.58350", "2006-07-31": "8.24190", "2006-04-30": "6.91490", "2006-01-31": "8.56840", "2005-10-31": "7.41420", "2005-07-31": "7.92650", "2005-04-30": "6.57250", "2005-01-31": "6.19200"}, "Asset Turnover": {"2020-10-31": "0.50110", "2020-07-31": "0.60070", "2020-04-30": "0.48110", "2020-01-31": "0.50320", "2019-10-31": "0.52040", "2019-07-31": "0.59290", "2019-04-30": "0.51210", "2019-01-31": "0.60200", "2018-10-31": "0.58190", "2018-07-31": "0.65890", "2018-04-30": "0.53480", "2018-01-31": "0.53630", "2017-10-31": "0.55580", "2017-07-31": "0.61160", "2017-04-30": "0.53150", "2017-01-31": "0.51690", "2016-10-31": "0.52030", "2016-07-31": "0.59830", "2016-04-30": "0.51060", "2016-01-31": "0.49980", "2015-10-31": "0.49420", "2015-07-31": "0.56690", "2015-04-30": "0.49140", "2015-01-31": "0.47970", "2014-10-31": "0.49420", "2014-07-31": "0.54760", "2014-04-30": "0.46180", "2014-01-31": "0.43670", "2013-10-31": "0.44440", "2013-07-31": "0.53380", "2013-04-30": "0.43270", "2013-01-31": "0.44410", "2012-10-31": "0.43520", "2012-07-31": "0.49000", "2012-04-30": "0.41130", "2012-01-31": "0.39520", "2011-10-31": "0.41750", "2011-07-31": "0.47860", "2011-04-30": "0.39310", "2011-01-31": "0.37700", "2010-10-31": "0.39760", "2010-07-31": "0.45630", "2010-04-30": "0.38660", "2010-01-31": "0.35640", "2009-10-31": "0.38000", "2009-07-31": "0.43350", "2009-04-30": "0.36960", "2009-01-31": "0.35480", "2008-10-31": "0.40270", "2008-07-31": "0.46540", "2008-04-30": "0.39270", "2008-01-31": "0.39840", "2007-10-31": "0.41670", "2007-07-31": "0.39010", "2007-04-30": "0.33070", "2007-01-31": "0.29320", "2006-10-31": "0.37330", "2006-07-31": "0.43640", "2006-04-30": "0.40740", "2006-01-31": "0.33770", "2005-10-31": "0.46440", "2005-07-31": "0.52250", "2005-04-30": "0.45220", "2005-01-31": "0.43090"}, "Inventory Turnover Ratio": {"2020-10-31": "1.36680", "2020-07-31": "1.86040", "2020-04-30": "1.24320", "2020-01-31": "1.17310", "2019-10-31": "1.13530", "2019-07-31": "1.38440", "2019-04-30": "1.12060", "2019-01-31": "1.25410", "2018-10-31": "1.16250", "2018-07-31": "1.43110", "2018-04-30": "1.13150", "2018-01-31": "1.23860", "2017-10-31": "1.22050", "2017-07-31": "1.44910", "2017-04-30": "1.15610", "2017-01-31": "1.16770", "2016-10-31": "1.14130", "2016-07-31": "1.42380", "2016-04-30": "1.13250", "2016-01-31": "1.17060", "2015-10-31": "1.14080", "2015-07-31": "1.38830", "2015-04-30": "1.11430", "2015-01-31": "1.13550", "2014-10-31": "1.12200", "2014-07-31": "1.35480", "2014-04-30": "1.04760", "2014-01-31": "1.08340", "2013-10-31": "1.11670", "2013-07-31": "1.33510", "2013-04-30": "1.05240", "2013-01-31": "1.10920", "2012-10-31": "1.08240", "2012-07-31": "1.24140", "2012-04-30": "1.00370", "2012-01-31": "1.00890", "2011-10-31": "1.06050", "2011-07-31": "1.24170", "2011-04-30": "0.94020", "2011-01-31": "0.93020", "2010-10-31": "0.99270", "2010-07-31": "1.19230", "2010-04-30": "0.96430", "2010-01-31": "0.93800", "2009-10-31": "0.99840", "2009-07-31": "1.17470", "2009-04-30": "0.93850", "2009-01-31": "0.90390", "2008-10-31": "0.99330", "2008-07-31": "1.18220", "2008-04-30": "0.93650", "2008-01-31": "0.98930", "2007-10-31": "1.00270", "2007-07-31": "1.20800", "2007-04-30": "0.85210", "2007-01-31": "0.78480", "2006-10-31": "0.95160", "2006-07-31": "1.10960", "2006-04-30": "1.06210", "2006-01-31": "0.85830", "2005-10-31": "1.14470", "2005-07-31": "1.32390", "2005-04-30": "1.11610", "2005-01-31": "1.09800"}, "Receiveable Turnover": {"2020-10-31": "12.57910", "2020-07-31": "14.85290", "2020-04-30": "10.82760", "2020-01-31": "12.24220", "2019-10-31": "12.20220", "2019-07-31": "13.56160", "2019-04-30": "11.38580", "2019-01-31": "13.68340", "2018-10-31": "12.11520", "2018-07-31": "14.07720", "2018-04-30": "10.86540", "2018-01-31": "12.23510", "2017-10-31": "11.55400", "2017-07-31": "12.85230", "2017-04-30": "11.03840", "2017-01-31": "10.94480", "2016-10-31": "11.60600", "2016-07-31": "13.26920", "2016-04-30": "11.44390", "2016-01-31": "11.10050", "2015-10-31": "11.23530", "2015-07-31": "14.63970", "2015-04-30": "11.36000", "2015-01-31": "12.91240", "2014-10-31": "12.73500", "2014-07-31": "14.54550", "2014-04-30": "10.75210", "2014-01-31": "12.65810", "2013-10-31": "12.12330", "2013-07-31": "14.60570", "2013-04-30": "11.53440", "2013-01-31": "13.07960", "2012-10-31": "11.02130", "2012-07-31": "13.66780", "2012-04-30": "11.72350", "2012-01-31": "12.86270", "2011-10-31": "12.51880", "2011-07-31": "15.18920", "2011-04-30": "11.55430", "2011-01-31": "13.94100", "2010-10-31": "12.81700", "2010-07-31": "15.93600", "2010-04-30": "12.56560", "2010-01-31": "15.11310", "2009-10-31": "13.77190", "2009-07-31": "15.56820", "2009-04-30": "12.60720", "2009-01-31": "15.02780", "2008-10-31": "11.93560", "2008-07-31": "13.93760", "2008-04-30": "11.39850", "2008-01-31": "14.02620", "2007-10-31": "11.78430", "2007-07-31": "14.27540", "2007-04-30": "5.25500", "2007-01-31": "4.75360", "2006-10-31": "5.46840", "2006-07-31": "6.33540", "2006-04-30": "6.28990", "2006-01-31": "6.25920", "2005-10-31": "8.13490", "2005-07-31": "10.22230", "2005-04-30": "9.61630", "2005-01-31": "11.21550"}, "Days Sales In Receivables": {"2020-10-31": "7.15470", "2020-07-31": "6.05940", "2020-04-30": "8.31210", "2020-01-31": "7.35160", "2019-10-31": "7.37570", "2019-07-31": "6.63640", "2019-04-30": "7.90460", "2019-01-31": "6.57730", "2018-10-31": "7.42870", "2018-07-31": "6.39330", "2018-04-30": "8.28320", "2018-01-31": "7.35590", "2017-10-31": "7.78950", "2017-07-31": "7.00260", "2017-04-30": "8.15340", "2017-01-31": "8.22310", "2016-10-31": "7.75460", "2016-07-31": "6.78260", "2016-04-30": "7.86440", "2016-01-31": "8.10770", "2015-10-31": "8.01040", "2015-07-31": "6.14770", "2015-04-30": "7.92260", "2015-01-31": "6.97000", "2014-10-31": "7.06720", "2014-07-31": "6.18750", "2014-04-30": "8.37050", "2014-01-31": "7.11010", "2013-10-31": "7.42370", "2013-07-31": "6.16200", "2013-04-30": "7.80280", "2013-01-31": "6.88100", "2012-10-31": "8.16600", "2012-07-31": "6.58480", "2012-04-30": "7.67690", "2012-01-31": "6.99700", "2011-10-31": "7.18920", "2011-07-31": "5.92530", "2011-04-30": "7.78930", "2011-01-31": "6.45580", "2010-10-31": "7.02190", "2010-07-31": "5.64760", "2010-04-30": "7.16240", "2010-01-31": "5.95510", "2009-10-31": "6.53510", "2009-07-31": "5.78100", "2009-04-30": "7.13880", "2009-01-31": "5.98890", "2008-10-31": "7.54050", "2008-07-31": "6.45740", "2008-04-30": "7.89580", "2008-01-31": "6.41660", "2007-10-31": "7.63730", "2007-07-31": "6.30450", "2007-04-30": "17.12650", "2007-01-31": "18.93280", "2006-10-31": "16.45820", "2006-07-31": "14.20590", "2006-04-30": "14.30880", "2006-01-31": "14.37890", "2005-10-31": "11.06340", "2005-07-31": "8.80430", "2005-04-30": "9.35910", "2005-01-31": "8.02460"}, "ROE - Return On Equity": {"2020-10-31": "223.58310", "2020-07-31": "-1046.37700", "2020-04-30": "-64.32670", "2020-01-31": "-79.62130", "2019-10-31": "-255.91500", "2019-07-31": "-299.91380", "2019-04-30": "-117.26550", "2019-01-31": "-124.81360", "2018-10-31": "217.19700", "2018-07-31": "174.51470", "2018-04-30": "142.50150", "2018-01-31": "122.35210", "2017-10-31": "85.13570", "2017-07-31": "75.18290", "2017-04-30": "50.83290", "2017-01-31": "40.24930", "2016-10-31": "35.02310", "2016-07-31": "36.66820", "2016-04-30": "28.46090", "2016-01-31": "23.29010", "2015-10-31": "22.64080", "2015-07-31": "25.86550", "2015-04-30": "17.15560", "2015-01-31": "14.79300", "2014-10-31": "15.20280", "2014-07-31": "17.89300", "2014-04-30": "11.35350", "2014-01-31": "8.08980", "2013-10-31": "9.50470", "2013-07-31": "11.59710", "2013-04-30": "7.47880", "2013-01-31": "5.74340", "2012-10-31": "5.33880", "2012-07-31": "8.68780", "2012-04-30": "5.75800", "2012-01-31": "4.32450", "2011-10-31": "5.25630", "2011-07-31": "7.47550", "2011-04-30": "4.46200", "2011-01-31": "3.10760", "2010-10-31": "4.36310", "2010-07-31": "6.13010", "2010-04-30": "3.74270", "2010-01-31": "1.55210", "2009-10-31": "3.55520", "2009-07-31": "5.82190", "2009-04-30": "2.85650", "2009-01-31": "-0.01130", "2008-10-31": "4.10960", "2008-07-31": "6.44540", "2008-04-30": "2.01060", "2008-01-31": "3.78800", "2007-10-31": "6.13890", "2007-07-31": "5.59710", "2007-04-30": "3.68870", "2007-01-31": "2.98840", "2006-10-31": "4.80220", "2006-07-31": "6.24790", "2006-04-30": "5.33830", "2006-01-31": "4.04330", "2005-10-31": "5.96310", "2005-07-31": "7.03290", "2005-04-30": "5.23490", "2005-01-31": "4.30910"}, "Return On Tangible Equity": {"2020-10-31": "-489.58630", "2020-07-31": "-163.65700", "2020-04-30": "-39.31700", "2020-01-31": "-46.20110", "2019-10-31": "-83.02850", "2019-07-31": "-101.90390", "2019-04-30": "-57.20470", "2019-01-31": "-56.75550", "2018-10-31": "-305.65030", "2018-07-31": "-1448.76000", "2018-04-30": "-404.71380", "2018-01-31": "-216.68700", "2017-10-31": "664.11040", "2017-07-31": "202.57770", "2017-04-30": "107.87360", "2017-01-31": "77.85710", "2016-10-31": "55.82650", "2016-07-31": "53.63660", "2016-04-30": "42.80630", "2016-01-31": "34.90750", "2015-10-31": "31.31810", "2015-07-31": "30.61530", "2015-04-30": "20.12750", "2015-01-31": "17.30460", "2014-10-31": "17.41250", "2014-07-31": "20.17320", "2014-04-30": "12.70620", "2014-01-31": "9.01810", "2013-10-31": "10.35880", "2013-07-31": "12.54540", "2013-04-30": "8.06260", "2013-01-31": "6.14800", "2012-10-31": "5.70590", "2012-07-31": "9.29780", "2012-04-30": "6.14750", "2012-01-31": "4.61320", "2011-10-31": "5.59380", "2011-07-31": "7.99130", "2011-04-30": "4.77960", "2011-01-31": "3.31600", "2010-10-31": "4.65010", "2010-07-31": "6.52860", "2010-04-30": "3.98810", "2010-01-31": "1.65180", "2009-10-31": "3.78220", "2009-07-31": "6.19970", "2009-04-30": "3.04860", "2009-01-31": "-0.01200", "2008-10-31": "4.39000", "2008-07-31": "6.89580", "2008-04-30": "2.15810", "2008-01-31": "4.06540", "2007-10-31": "6.59200", "2007-07-31": "5.85320", "2007-04-30": "4.90270", "2007-01-31": "3.99660", "2006-10-31": "6.17560", "2006-07-31": "8.01900", "2006-04-30": "6.63480", "2006-01-31": "4.60570", "2005-10-31": "6.78370", "2005-07-31": "7.63880", "2005-04-30": "5.58070", "2005-01-31": "4.57300"}, "ROA - Return On Assets": {"2020-10-31": "5.12860", "2020-07-31": "6.83830", "2020-04-30": "3.82210", "2020-01-31": "4.84230", "2019-10-31": "5.29350", "2019-07-31": "6.68910", "2019-04-30": "4.87820", "2019-01-31": "5.32690", "2018-10-31": "6.34290", "2018-07-31": "7.58350", "2018-04-30": "5.15330", "2018-01-31": "3.99510", "2017-10-31": "4.80870", "2017-07-31": "5.81390", "2017-04-30": "4.48110", "2017-01-31": "4.05900", "2016-10-31": "4.42450", "2016-07-31": "5.51680", "2016-04-30": "4.04480", "2016-01-31": "3.50460", "2015-10-31": "3.90700", "2015-07-31": "5.10070", "2015-04-30": "3.71440", "2015-01-31": "3.45220", "2014-10-31": "3.70250", "2014-07-31": "4.71490", "2014-04-30": "3.23490", "2014-01-31": "2.50010", "2013-10-31": "3.08350", "2013-07-31": "4.25440", "2013-04-30": "2.77410", "2013-01-31": "2.48520", "2012-10-31": "2.27310", "2012-07-31": "3.64910", "2012-04-30": "2.39030", "2012-01-31": "1.91030", "2011-10-31": "2.25070", "2011-07-31": "3.22400", "2011-04-30": "1.89730", "2011-01-31": "1.46290", "2010-10-31": "1.99800", "2010-07-31": "2.80240", "2010-04-30": "1.66210", "2010-01-31": "0.73640", "2009-10-31": "1.60050", "2009-07-31": "2.53650", "2009-04-30": "1.17440", "2009-01-31": "-0.00490", "2008-10-31": "1.71190", "2008-07-31": "2.66520", "2008-04-30": "0.78080", "2008-01-31": "1.51390", "2007-10-31": "2.35350", "2007-07-31": "2.67480", "2007-04-30": "1.68860", "2007-01-31": "1.43120", "2006-10-31": "2.53290", "2006-07-31": "3.28580", "2006-04-30": "2.81710", "2006-01-31": "2.45020", "2005-10-31": "3.44300", "2005-07-31": "4.14160", "2005-04-30": "2.97210", "2005-01-31": "2.66790"}, "ROI - Return On Investment": {"2020-10-31": "9.98660", "2020-07-31": "13.55610", "2020-04-30": "7.98020", "2020-01-31": "9.70890", "2019-10-31": "10.85240", "2019-07-31": "13.43040", "2019-04-30": "10.19020", "2019-01-31": "9.40270", "2018-10-31": "11.62990", "2018-07-31": "13.85550", "2018-04-30": "9.27080", "2018-01-31": "6.91650", "2017-10-31": "8.07560", "2017-07-31": "9.55100", "2017-04-30": "7.64180", "2017-01-31": "6.53620", "2016-10-31": "7.04220", "2016-07-31": "8.85800", "2016-04-30": "6.61920", "2016-01-31": "5.42700", "2015-10-31": "6.78230", "2015-07-31": "8.95210", "2015-04-30": "6.85870", "2015-01-31": "5.26520", "2014-10-31": "5.73440", "2014-07-31": "7.28010", "2014-04-30": "5.13540", "2014-01-31": "3.72250", "2013-10-31": "4.67380", "2013-07-31": "6.66590", "2013-04-30": "4.40170", "2013-01-31": "3.74650", "2012-10-31": "3.32080", "2012-07-31": "5.39340", "2012-04-30": "3.59790", "2012-01-31": "2.70100", "2011-10-31": "3.27630", "2011-07-31": "4.70580", "2011-04-30": "2.80790", "2011-01-31": "2.12710", "2010-10-31": "2.99280", "2010-07-31": "4.38690", "2010-04-30": "2.68050", "2010-01-31": "1.07290", "2009-10-31": "2.45760", "2009-07-31": "3.87100", "2009-04-30": "1.85820", "2009-01-31": "-0.00730", "2008-10-31": "2.62970", "2008-07-31": "4.00470", "2008-04-30": "1.22570", "2008-01-31": "2.30610", "2007-10-31": "3.72030", "2007-07-31": "3.91980", "2007-04-30": "2.53800", "2007-01-31": "2.03960", "2006-10-31": "3.87170", "2006-07-31": "5.01990", "2006-04-30": "4.30760", "2006-01-31": "3.67800", "2005-10-31": "5.40540", "2005-07-31": "6.47450", "2005-04-30": "4.80240", "2005-01-31": "3.95730"}, "Book Value Per Share": {"2020-10-31": "1.42660", "2020-07-31": "-0.38480", "2020-04-30": "-3.24350", "2020-01-31": "-2.89320", "2019-10-31": "-0.99270", "2019-07-31": "-1.05840", "2019-04-30": "-1.94640", "2019-01-31": "-1.69950", "2018-10-31": "1.16710", "2018-07-31": "1.75460", "2018-04-30": "1.46190", "2018-01-31": "1.25560", "2017-10-31": "2.17720", "2017-07-31": "3.00930", "2017-04-30": "3.30990", "2017-01-31": "3.60180", "2016-10-31": "4.60820", "2016-07-31": "5.38590", "2016-04-30": "5.08840", "2016-01-31": "5.04470", "2015-10-31": "6.00870", "2015-07-31": "6.72660", "2015-04-30": "7.08550", "2015-01-31": "7.13240", "2014-10-31": "7.67070", "2014-07-31": "8.51190", "2014-04-30": "8.87870", "2014-01-31": "9.07390", "2013-10-31": "10.09520", "2013-07-31": "10.78610", "2013-04-30": "11.22040", "2013-01-31": "11.97910", "2012-10-31": "11.85700", "2012-07-31": "11.70140", "2012-04-30": "11.74840", "2012-01-31": "11.64480", "2011-10-31": "11.53080", "2011-07-31": "11.62080", "2011-04-30": "11.38800", "2011-01-31": "11.63830", "2010-10-31": "11.64130", "2010-07-31": "11.67170", "2010-04-30": "11.48930", "2010-01-31": "11.42110", "2009-10-31": "11.39330", "2009-07-31": "11.24940", "2009-04-30": "10.56610", "2009-01-31": "10.48170", "2008-10-31": "10.85310", "2008-07-31": "10.97650", "2008-04-30": "10.42760", "2008-01-31": "10.48170", "2007-10-31": "10.33530", "2007-07-31": "13.73860", "2007-04-30": "13.01220", "2007-01-31": "12.70560", "2006-10-31": "13.58020", "2006-07-31": "13.17760", "2006-04-30": "13.10660", "2006-01-31": "12.66900", "2005-10-31": "12.14310", "2005-07-31": "11.73080", "2005-04-30": "11.07440", "2005-01-31": "11.05630"}, "Operating Cash Flow Per Share": {"2020-10-31": 2.3861, "2020-07-31": 8.442, "2020-04-30": "5.32680", "2020-01-31": 2.644, "2019-10-31": 2.0922, "2019-07-31": 3.5121, "2019-04-30": "4.26130", "2019-01-31": 2.611, "2018-10-31": 1.9142, "2018-07-31": 3.4438, "2018-04-30": "3.43780", "2018-01-31": 1.864, "2017-10-31": 1.685, "2017-07-31": 2.8216, "2017-04-30": "3.79070", "2017-01-31": 1.4844, "2016-10-31": 0.8975, "2016-07-31": 2.6418, "2016-04-30": "2.90420", "2016-01-31": 1.5237, "2015-10-31": 1.1782, "2015-07-31": 1.9952, "2015-04-30": "2.60840", "2015-01-31": 1.4404, "2014-10-31": 0.7768, "2014-07-31": 2.0398, "2014-04-30": "1.86630", "2014-01-31": 1.0985, "2013-10-31": 0.9513, "2013-07-31": 1.4448, "2013-04-30": "1.82480", "2013-01-31": 1.022, "2012-10-31": 0.776, "2012-07-31": 1.1917, "2012-04-30": "1.62640", "2012-01-31": 0.5599, "2011-10-31": 0.8311, "2011-07-31": 1.543, "2011-04-30": "1.30230", "2011-01-31": 0.3438, "2010-10-31": 0.3994, "2010-07-31": 0.8143, "2010-04-30": "1.20790", "2010-01-31": 0.2741, "2009-10-31": 0.7868, "2009-07-31": 0.9456, "2009-04-30": "1.02250", "2009-01-31": 0.4371, "2008-10-31": 0.6553, "2008-07-31": 0.938, "2008-04-30": "1.24840", "2008-01-31": 0.2416, "2007-10-31": 0.5765, "2007-07-31": 1.0873, "2007-04-30": "1.18030", "2007-01-31": 0.689, "2006-10-31": 0.5109, "2006-07-31": 0.8396, "2006-04-30": "1.67580", "2006-01-31": 0.2148, "2005-10-31": 0.6133, "2005-07-31": 0.7102, "2005-04-30": "1.54510", "2005-01-31": 2.9928}, "Free Cash Flow Per Share": {"2020-10-31": 1.99, "2020-07-31": 8.0315, "2020-04-30": "4.79020", "2020-01-31": 1.9458, "2019-10-31": 1.5066, "2019-07-31": 2.9987, "2019-04-30": "3.65100", "2019-01-31": 1.9846, "2018-10-31": 1.3686, "2018-07-31": 2.9814, "2018-04-30": "2.96460", "2018-01-31": 1.4225, "2017-10-31": 1.2562, "2017-07-31": 2.499, "2017-04-30": "3.42110", "2017-01-31": 1.1089, "2016-10-31": 0.5338, "2016-07-31": 2.3546, "2016-04-30": "2.64780", "2016-01-31": 1.217, "2015-10-31": 0.8878, "2015-07-31": 1.6973, "2015-04-30": "2.36550", "2015-01-31": 1.1387, "2014-10-31": 0.4974, "2014-07-31": 1.7888, "2014-04-30": "1.66280", "2014-01-31": 0.8475, "2013-10-31": 0.699, "2013-07-31": 1.2188, "2013-04-30": "1.64680", "2013-01-31": 0.7649, "2012-10-31": 0.5524, "2012-07-31": 0.9816, "2012-04-30": "1.48200", "2012-01-31": 0.3244, "2011-10-31": 0.6049, "2011-07-31": 1.3769, "2011-04-30": "1.18810", "2011-01-31": 0.1125, "2010-10-31": 0.2385, "2010-07-31": 0.679, "2010-04-30": "1.12500", "2010-01-31": 0.0487, "2009-10-31": 0.6842, "2009-07-31": 0.8682, "2009-04-30": "0.96210", "2009-01-31": 0.1893, "2008-10-31": 0.4064, "2008-07-31": 0.6873, "2008-04-30": "0.98750", "2008-01-31": -0.1884, "2007-10-31": 0.0058, "2007-07-31": 0.6699, "2007-04-30": "0.85270", "2007-01-31": 0.2191, "2006-10-31": 0.024, "2006-07-31": 0.4557, "2006-04-30": "1.36570", "2006-01-31": -0.2405, "2005-10-31": 0.1452, "2005-07-31": 0.2632, "2005-04-30": "1.18420", "2005-01-31": 1.2545}}, "revenue": {"Home Depot Annual Revenue (Millions of US $)": {"2020": "$110,225", "2019": "$108,203", "2018": "$100,904", "2017": "$94,595", "2016": "$88,519", "2015": "$83,176", "2014": "$78,812", "2013": "$74,754", "2012": "$70,395", "2011": "$67,997", "2010": "$66,176", "2009": "$71,288", "2008": "$77,349", "2007": "$79,022", "2006": "$77,019", "2005": "$73,094"}, "Home Depot Quarterly Revenue (Millions of US $)": {"2020-10-31": "$33,536", "2020-07-31": "$38,053", "2020-04-30": "$28,260", "2020-01-31": "$25,782", "2019-10-31": "$27,223", "2019-07-31": "$30,839", "2019-04-30": "$26,381", "2019-01-31": "$26,491", "2018-10-31": "$26,302", "2018-07-31": "$30,463", "2018-04-30": "$24,947", "2018-01-31": "$23,883", "2017-10-31": "$25,026", "2017-07-31": "$28,108", "2017-04-30": "$23,887", "2017-01-31": "$22,207", "2016-10-31": "$23,154", "2016-07-31": "$26,472", "2016-04-30": "$22,762", "2016-01-31": "$20,980", "2015-10-31": "$21,819", "2015-07-31": "$24,829", "2015-04-30": "$20,891", "2015-01-31": "$19,162", "2014-10-31": "$20,516", "2014-07-31": "$23,811", "2014-04-30": "$19,687", "2014-01-31": "$17,696", "2013-10-31": "$19,470", "2013-07-31": "$22,522", "2013-04-30": "$19,124", "2013-01-31": "$18,246", "2012-10-31": "$18,130", "2012-07-31": "$20,570", "2012-04-30": "$17,808", "2012-01-31": "$16,014", "2011-10-31": "$17,326", "2011-07-31": "$20,232", "2011-04-30": "$16,823", "2011-01-31": "$15,126", "2010-10-31": "$16,598", "2010-07-31": "$19,410", "2010-04-30": "$16,863", "2010-01-31": "$14,569", "2009-10-31": "$16,361", "2009-07-31": "$19,071", "2009-04-30": "$16,175", "2009-01-31": "$14,607", "2008-10-31": "$17,784", "2008-07-31": "$20,990", "2008-04-30": "$17,907", "2008-01-31": "$17,659", "2007-10-31": "$18,961", "2007-07-31": "$22,184", "2007-04-30": "$18,545", "2007-01-31": "$15,321", "2006-10-31": "$19,648", "2006-07-31": "$22,592", "2006-04-30": "$21,461", "2006-01-31": "$14,997", "2005-10-31": "$20,744", "2005-07-31": "$22,305", "2005-04-30": "$18,973", "2005-01-31": "$16,812"}}, "gross-profit": {"Home Depot Annual Gross Profit (Millions of US $)": {"2020": "$37,572", "2019": "$37,160", "2018": "$34,356", "2017": "$32,313", "2016": "$30,265", "2015": "$28,389", "2014": "$26,915", "2013": "$25,842", "2012": "$24,262", "2011": "$23,304", "2010": "$22,412", "2009": "$23,990", "2008": "$25,997", "2007": "$26,546", "2006": "$25,938", "2005": "$24,430"}, "Home Depot Quarterly Gross Profit (Millions of US $)": {"2020-10-31": "$11,456", "2020-07-31": "$12,941", "2020-04-30": "$9,625", "2020-01-31": "$8,736", "2019-10-31": "$9,387", "2019-07-31": "$10,432", "2019-04-30": "$9,017", "2019-01-31": "$9,027", "2018-10-31": "$9,151", "2018-07-31": "$10,365", "2018-04-30": "$8,617", "2018-01-31": "$8,093", "2017-10-31": "$8,648", "2017-07-31": "$9,461", "2017-04-30": "$8,154", "2017-01-31": "$7,553", "2016-10-31": "$8,042", "2016-07-31": "$8,927", "2016-04-30": "$7,791", "2016-01-31": "$7,156", "2015-10-31": "$7,565", "2015-07-31": "$8,365", "2015-04-30": "$7,179", "2015-01-31": "$6,582", "2014-10-31": "$7,043", "2014-07-31": "$8,007", "2014-04-30": "$6,757", "2014-01-31": "$5,717", "2013-10-31": "$6,798", "2013-07-31": "$7,721", "2013-04-30": "$6,679", "2013-01-31": "$6,366", "2012-10-31": "$6,267", "2012-07-31": "$7,026", "2012-04-30": "$6,183", "2012-01-31": "$5,597", "2011-10-31": "$5,961", "2011-07-31": "$6,876", "2011-04-30": "$5,828", "2011-01-31": "$5,243", "2010-10-31": "$5,685", "2010-07-31": "$6,582", "2010-04-30": "$5,794", "2010-01-31": "$5,013", "2009-10-31": "$5,561", "2009-07-31": "$6,388", "2009-04-30": "$5,450", "2009-01-31": "$4,960", "2008-10-31": "$5,994", "2008-07-31": "$6,964", "2008-04-30": "$6,072", "2008-01-31": "$6,054", "2007-10-31": "$6,339", "2007-07-31": "$7,341", "2007-04-30": "$6,263", "2007-01-31": "$5,258", "2006-10-31": "$6,604", "2006-07-31": "$7,456", "2006-04-30": "$7,228", "2006-01-31": "$5,211", "2005-10-31": "$6,963", "2005-07-31": "$7,409", "2005-04-30": "$6,355", "2005-01-31": "$5,749"}}, "operating-income": {"Home Depot Annual Operating Income (Millions of US $)": {"2020": "$15,843", "2019": "$15,530", "2018": "$14,681", "2017": "$13,427", "2016": "$11,774", "2015": "$10,469", "2014": "$9,166", "2013": "$7,766", "2012": "$6,661", "2011": "$5,839", "2010": "$4,803", "2009": "$4,359", "2008": "$7,242", "2007": "$8,866", "2006": "$9,047", "2005": "$7,926"}, "Home Depot Quarterly Operating Income (Millions of US $)": {"2020-10-31": "$4,852", "2020-07-31": "$6,067", "2020-04-30": "$3,276", "2020-01-31": "$3,403", "2019-10-31": "$3,947", "2019-07-31": "$4,896", "2019-04-30": "$3,597", "2019-01-31": "$3,378", "2018-10-31": "$3,870", "2018-07-31": "$4,901", "2018-04-30": "$3,381", "2018-01-31": "$3,189", "2017-10-31": "$3,680", "2017-07-31": "$4,463", "2017-04-30": "$3,349", "2017-01-31": "$2,927", "2016-10-31": "$3,320", "2016-07-31": "$4,103", "2016-04-30": "$3,077", "2016-01-31": "$2,549", "2015-10-31": "$2,981", "2015-07-31": "$3,647", "2015-04-30": "$2,597", "2015-01-31": "$2,191", "2014-10-31": "$2,553", "2014-07-31": "$3,448", "2014-04-30": "$2,277", "2014-01-31": "$1,761", "2013-10-31": "$2,293", "2013-07-31": "$3,018", "2013-04-30": "$2,094", "2013-01-31": "$1,750", "2012-10-31": "$1,733", "2012-07-31": "$2,569", "2012-04-30": "$1,714", "2012-01-31": "$1,330", "2011-10-31": "$1,615", "2011-07-31": "$2,294", "2011-04-30": "$1,422", "2011-01-31": "$1,037", "2010-10-31": "$1,448", "2010-07-31": "$2,049", "2010-04-30": "$1,305", "2010-01-31": "$727", "2009-10-31": "$1,263", "2009-07-31": "$1,833", "2009-04-30": "$980", "2009-01-31": "$266", "2008-10-31": "$1,323", "2008-07-31": "$2,042", "2008-04-30": "$728", "2008-01-31": "$1,249", "2007-10-31": "$1,764", "2007-07-31": "$2,557", "2007-04-30": "$1,672", "2007-01-31": "$1,307", "2006-10-31": "$2,222", "2006-07-31": "$2,915", "2006-04-30": "$2,422", "2006-01-31": "$1,732", "2005-10-31": "$2,473", "2005-07-31": "$2,843", "2005-04-30": "$1,999", "2005-01-31": "$1,667"}}, "ebitda": {"Home Depot Annual EBITDA (Millions of US $)": {"2020": "$18,139", "2019": "$17,682", "2018": "$16,743", "2017": "$15,400", "2016": "$13,637", "2015": "$12,255", "2014": "$10,923", "2013": "$9,450", "2012": "$8,343", "2011": "$7,557", "2010": "$6,609", "2009": "$6,261", "2008": "$9,148", "2007": "$10,752", "2006": "$10,626", "2005": "$9,245"}, "Home Depot Quarterly EBITDA (Millions of US $)": {"2020-10-31": "$5,483", "2020-07-31": "$6,682", "2020-04-30": "$3,883", "2020-01-31": "$3,998", "2019-10-31": "$4,541", "2019-07-31": "$5,456", "2019-04-30": "$4,144", "2019-01-31": "$3,927", "2018-10-31": "$4,411", "2018-07-31": "$5,431", "2018-04-30": "$3,913", "2018-01-31": "$3,718", "2017-10-31": "$4,198", "2017-07-31": "$4,973", "2017-04-30": "$3,854", "2017-01-31": "$3,426", "2016-10-31": "$3,816", "2016-07-31": "$4,595", "2016-04-30": "$3,563", "2016-01-31": "$3,028", "2015-10-31": "$3,450", "2015-07-31": "$4,108", "2015-04-30": "$3,051", "2015-01-31": "$2,632", "2014-10-31": "$3,002", "2014-07-31": "$3,897", "2014-04-30": "$2,724", "2014-01-31": "$2,201", "2013-10-31": "$2,733", "2013-07-31": "$3,460", "2013-04-30": "$2,529", "2013-01-31": "$2,177", "2012-10-31": "$2,157", "2012-07-31": "$2,992", "2012-04-30": "$2,124", "2012-01-31": "$1,747", "2011-10-31": "$2,031", "2011-07-31": "$2,719", "2011-04-30": "$1,846", "2011-01-31": "$1,463", "2010-10-31": "$1,874", "2010-07-31": "$2,477", "2010-04-30": "$1,743", "2010-01-31": "$1,169", "2009-10-31": "$1,716", "2009-07-31": "$2,291", "2009-04-30": "$1,433", "2009-01-31": "$736", "2008-10-31": "$1,799", "2008-07-31": "$2,524", "2008-04-30": "$1,202", "2008-01-31": "$1,730", "2007-10-31": "$2,226", "2007-07-31": "$3,035", "2007-04-30": "$2,157", "2007-01-31": "$1,769", "2006-10-31": "$2,714", "2006-07-31": "$3,397", "2006-04-30": "$2,872", "2006-01-31": "$2,177", "2005-10-31": "$2,878", "2005-07-31": "$3,211", "2005-04-30": "$2,360", "2005-01-31": "$2,015"}}, "net-income": {"Home Depot Annual Net Income (Millions of US $)": {"2020": "$11,242", "2019": "$11,121", "2018": "$8,630", "2017": "$7,957", "2016": "$7,009", "2015": "$6,345", "2014": "$5,385", "2013": "$4,535", "2012": "$3,883", "2011": "$3,338", "2010": "$2,661", "2009": "$2,260", "2008": "$4,395", "2007": "$5,761", "2006": "$5,838", "2005": "$5,001"}, "Home Depot Quarterly Net Income (Millions of US $)": {"2020-10-31": "$3,432", "2020-07-31": "$4,332", "2020-04-30": "$2,245", "2020-01-31": "$2,481", "2019-10-31": "$2,769", "2019-07-31": "$3,479", "2019-04-30": "$2,513", "2019-01-31": "$2,344", "2018-10-31": "$2,867", "2018-07-31": "$3,506", "2018-04-30": "$2,404", "2018-01-31": "$1,779", "2017-10-31": "$2,165", "2017-07-31": "$2,672", "2017-04-30": "$2,014", "2017-01-31": "$1,744", "2016-10-31": "$1,969", "2016-07-31": "$2,441", "2016-04-30": "$1,803", "2016-01-31": "$1,471", "2015-10-31": "$1,725", "2015-07-31": "$2,234", "2015-04-30": "$1,579", "2015-01-31": "$1,379", "2014-10-31": "$1,537", "2014-07-31": "$2,050", "2014-04-30": "$1,379", "2014-01-31": "$1,013", "2013-10-31": "$1,351", "2013-07-31": "$1,795", "2013-04-30": "$1,226", "2013-01-31": "$1,021", "2012-10-31": "$947", "2012-07-31": "$1,532", "2012-04-30": "$1,035", "2012-01-31": "$774", "2011-10-31": "$934", "2011-07-31": "$1,363", "2011-04-30": "$812", "2011-01-31": "$587", "2010-10-31": "$834", "2010-07-31": "$1,192", "2010-04-30": "$725", "2010-01-31": "$342", "2009-10-31": "$689", "2009-07-31": "$1,116", "2009-04-30": "$514", "2009-01-31": "$-54", "2008-10-31": "$756", "2008-07-31": "$1,202", "2008-04-30": "$356", "2008-01-31": "$671", "2007-10-31": "$1,091", "2007-07-31": "$1,587", "2007-04-30": "$1,046", "2007-01-31": "$925", "2006-10-31": "$1,490", "2006-07-31": "$1,862", "2006-04-30": "$1,484", "2006-01-31": "$1,285", "2005-10-31": "$1,538", "2005-07-31": "$1,768", "2005-04-30": "$1,247", "2005-01-31": "$1,041"}}, "eps-earnings-per-share-diluted": {"Home Depot Annual EPS": {"2020": "$10.25", "2019": "$9.73", "2018": "$7.29", "2017": "$6.45", "2016": "$5.46", "2015": "$4.71", "2014": "$3.76", "2013": "$3.00", "2012": "$2.47", "2011": "$2.01", "2010": "$1.57", "2009": "$1.34", "2008": "$2.37", "2007": "$2.79", "2006": "$2.72", "2005": "$2.26"}, "Home Depot Quarterly EPS": {"2020-10-31": "$3.18", "2020-07-31": "$4.02", "2020-04-30": "$2.08", "2020-01-31": "$2.28", "2019-10-31": "$2.53", "2019-07-31": "$3.17", "2019-04-30": "$2.27", "2019-01-31": "$2.09", "2018-10-31": "$2.51", "2018-07-31": "$3.05", "2018-04-30": "$2.08", "2018-01-31": "$1.53", "2017-10-31": "$1.84", "2017-07-31": "$2.25", "2017-04-30": "$1.67", "2017-01-31": "$1.44", "2016-10-31": "$1.60", "2016-07-31": "$1.97", "2016-04-30": "$1.44", "2016-01-31": "$1.17", "2015-10-31": "$1.35", "2015-07-31": "$1.73", "2015-04-30": "$1.21", "2015-01-31": "$1.04", "2014-10-31": "$1.15", "2014-07-31": "$1.52", "2014-04-30": "$1.00", "2014-01-31": "$0.74", "2013-10-31": "$0.95", "2013-07-31": "$1.24", "2013-04-30": "$0.83", "2013-01-31": "$0.68", "2012-10-31": "$0.63", "2012-07-31": "$1.01", "2012-04-30": "$0.68", "2012-01-31": "$0.51", "2011-10-31": "$0.60", "2011-07-31": "$0.86", "2011-04-30": "$0.50", "2011-01-31": "$0.35", "2010-10-31": "$0.51", "2010-07-31": "$0.72", "2010-04-30": "$0.43", "2010-01-31": "$0.20", "2009-10-31": "$0.41", "2009-07-31": "$0.66", "2009-04-30": "$0.30", "2009-01-31": "$-0.03", "2008-10-31": "$0.45", "2008-07-31": "$0.71", "2008-04-30": "$0.21", "2008-01-31": "$0.43", "2007-10-31": "$0.60", "2007-07-31": "$0.81", "2007-04-30": "$0.53", "2007-01-31": "$0.46", "2006-10-31": "$0.73", "2006-07-31": "$0.90", "2006-04-30": "$0.70", "2006-01-31": "$0.61", "2005-10-31": "$0.72", "2005-07-31": "$0.82", "2005-04-30": "$0.57", "2005-01-31": "$0.47"}}, "shares-outstanding": {"Home Depot Annual Shares Outstanding (Millions of Shares)": {"2020": "1,097", "2019": "1,143", "2018": "1,184", "2017": "1,234", "2016": "1,283", "2015": "1,346", "2014": "1,434", "2013": "1,511", "2012": "1,570", "2011": "1,658", "2010": "1,692", "2009": "1,686", "2008": "1,856", "2007": "2,062", "2006": "2,147", "2005": "2,216"}, "Home Depot Quarterly Shares Outstanding (Millions of Shares)": {"2020-10-31": "1,078", "2020-07-31": "1,077", "2020-04-30": "1,077", "2020-01-31": "1,097", "2019-10-31": "1,094", "2019-07-31": "1,099", "2019-04-30": "1,106", "2019-01-31": "1,143", "2018-10-31": "1,141", "2018-07-31": "1,149", "2018-04-30": "1,158", "2018-01-31": "1,184", "2017-10-31": "1,174", "2017-07-31": "1,189", "2017-04-30": "1,204", "2017-01-31": "1,234", "2016-10-31": "1,229", "2016-07-31": "1,240", "2016-04-30": "1,252", "2016-01-31": "1,283", "2015-10-31": "1,274", "2015-07-31": "1,289", "2015-04-30": "1,305", "2015-01-31": "1,346", "2014-10-31": "1,334", "2014-07-31": "1,353", "2014-04-30": "1,376", "2014-01-31": "1,434", "2013-10-31": "1,417", "2013-07-31": "1,443", "2013-04-30": "1,478", "2013-01-31": "1,511", "2012-10-31": "1,498", "2012-07-31": "1,512", "2012-04-30": "1,531", "2012-01-31": "1,570", "2011-10-31": "1,548", "2011-07-31": "1,577", "2011-04-30": "1,611", "2011-01-31": "1,658", "2010-10-31": "1,646", "2010-07-31": "1,663", "2010-04-30": "1,688", "2010-01-31": "1,692", "2009-10-31": "1,693", "2009-07-31": "1,691", "2009-04-30": "1,689", "2009-01-31": "1,686", "2008-10-31": "1,687", "2008-07-31": "1,685", "2008-04-30": "1,683", "2008-01-31": "1,856", "2007-10-31": "1,815", "2007-07-31": "1,969", "2007-04-30": "1,969", "2007-01-31": "2,062", "2006-10-31": "2,050", "2006-07-31": "2,072", "2006-04-30": "2,122", "2006-01-31": "2,147", "2005-10-31": "2,138", "2005-07-31": "2,150", "2005-04-30": "2,172", "2005-01-31": "2,216"}}, "total-assets": {"Home Depot Annual Total Assets (Millions of US $)": {"2020": "$51,236", "2019": "$44,003", "2018": "$44,529", "2017": "$42,966", "2016": "$41,973", "2015": "$39,946", "2014": "$40,518", "2013": "$41,084", "2012": "$40,518", "2011": "$40,125", "2010": "$40,877", "2009": "$41,164", "2008": "$44,324", "2007": "$52,263", "2006": "$44,405", "2005": "$39,020"}, "Home Depot Quarterly Total Assets (Millions of US $)": {"2020-10-31": "$66,919", "2020-07-31": "$63,349", "2020-04-30": "$58,737", "2020-01-31": "$51,236", "2019-10-31": "$52,309", "2019-07-31": "$52,010", "2019-04-30": "$51,515", "2019-01-31": "$44,003", "2018-10-31": "$45,200", "2018-07-31": "$46,232", "2018-04-30": "$46,650", "2018-01-31": "$44,529", "2017-10-31": "$45,023", "2017-07-31": "$45,959", "2017-04-30": "$44,944", "2017-01-31": "$42,966", "2016-10-31": "$44,502", "2016-07-31": "$44,247", "2016-04-30": "$44,576", "2016-01-31": "$41,973", "2015-10-31": "$44,152", "2015-07-31": "$43,798", "2015-04-30": "$42,510", "2015-01-31": "$39,946", "2014-10-31": "$41,512", "2014-07-31": "$43,479", "2014-04-30": "$42,629", "2014-01-31": "$40,518", "2013-10-31": "$43,814", "2013-07-31": "$42,192", "2013-04-30": "$44,195", "2013-01-31": "$41,084", "2012-10-31": "$41,661", "2012-07-31": "$41,983", "2012-04-30": "$43,300", "2012-01-31": "$40,518", "2011-10-31": "$41,499", "2011-07-31": "$42,277", "2011-04-30": "$42,797", "2011-01-31": "$40,125", "2010-10-31": "$41,741", "2010-07-31": "$42,535", "2010-04-30": "$43,619", "2010-01-31": "$40,877", "2009-10-31": "$43,050", "2009-07-31": "$43,998", "2009-04-30": "$43,767", "2009-01-31": "$41,164", "2008-10-31": "$44,162", "2008-07-31": "$45,099", "2008-04-30": "$45,596", "2008-01-31": "$44,324", "2007-10-31": "$45,506", "2007-07-31": "$56,864", "2007-04-30": "$56,081", "2007-01-31": "$52,263", "2006-10-31": "$52,628", "2006-07-31": "$51,769", "2006-04-30": "$52,679", "2006-01-31": "$44,405", "2005-10-31": "$44,670", "2005-07-31": "$42,689", "2005-04-30": "$41,957", "2005-01-31": "$39,020"}}, "cash-on-hand": {"Home Depot Annual Cash on Hand (Millions of US $)": {"2020": "$2,133", "2019": "$1,778", "2018": "$3,595", "2017": "$2,538", "2016": "$2,216", "2015": "$1,723", "2014": "$1,929", "2013": "$2,494", "2012": "$1,987", "2011": "$545", "2010": "$1,421", "2009": "$525", "2008": "$457", "2007": "$614", "2006": "$807", "2005": "$2,165"}, "Home Depot Quarterly Cash on Hand (Millions of US $)": {"2020-10-31": "$14,652", "2020-07-31": "$14,139", "2020-04-30": "$8,696", "2020-01-31": "$2,133", "2019-10-31": "$2,193", "2019-07-31": "$2,547", "2019-04-30": "$1,882", "2019-01-31": "$1,778", "2018-10-31": "$1,764", "2018-07-31": "$3,490", "2018-04-30": "$3,599", "2018-01-31": "$3,595", "2017-10-31": "$3,549", "2017-07-31": "$4,830", "2017-04-30": "$3,565", "2017-01-31": "$2,538", "2016-10-31": "$3,589", "2016-07-31": "$4,018", "2016-04-30": "$3,257", "2016-01-31": "$2,216", "2015-10-31": "$3,040", "2015-07-31": "$4,936", "2015-04-30": "$2,827", "2015-01-31": "$1,723", "2014-10-31": "$2,181", "2014-07-31": "$4,216", "2014-04-30": "$2,511", "2014-01-31": "$1,929", "2013-10-31": "$4,853", "2013-07-31": "$3,419", "2013-04-30": "$4,337", "2013-01-31": "$2,494", "2012-10-31": "$2,554", "2012-07-31": "$2,810", "2012-04-30": "$3,191", "2012-01-31": "$1,987", "2011-10-31": "$2,234", "2011-07-31": "$2,551", "2011-04-30": "$1,806", "2011-01-31": "$545", "2010-10-31": "$1,425", "2010-07-31": "$2,395", "2010-04-30": "$2,442", "2010-01-31": "$1,421", "2009-10-31": "$2,725", "2009-07-31": "$3,113", "2009-04-30": "$2,220", "2009-01-31": "$525", "2008-10-31": "$874", "2008-07-31": "$1,062", "2008-04-30": "$779", "2008-01-31": "$457", "2007-10-31": "$550", "2007-07-31": "$3,024", "2007-04-30": "$2,081", "2007-01-31": "$614", "2006-10-31": "$617", "2006-07-31": "$659", "2006-04-30": "$2,586", "2006-01-31": "$807", "2005-10-31": "$1,378", "2005-07-31": "$2,318", "2005-04-30": "$2,992", "2005-01-31": "$2,165"}}, "long-term-debt": {"Home Depot Annual Long Term Debt (Millions of US $)": {"2020": "$28,670", "2019": "$26,807", "2018": "$24,267", "2017": "$22,349", "2016": "$20,789", "2015": "$16,869", "2014": "$14,691", "2013": "$9,475", "2012": "$10,758", "2011": "$8,707", "2010": "$8,662", "2009": "$9,667", "2008": "$11,383", "2007": "$11,643", "2006": "$2,672", "2005": "$2,148"}, "Home Depot Quarterly Long Term Debt (Millions of US $)": {"2020-10-31": "$32,831", "2020-07-31": "$32,370", "2020-04-30": "$31,622", "2020-01-31": "$28,670", "2019-10-31": "$26,597", "2019-07-31": "$27,064", "2019-04-30": "$26,804", "2019-01-31": "$26,807", "2018-10-31": "$23,332", "2018-07-31": "$23,295", "2018-04-30": "$24,244", "2018-01-31": "$24,267", "2017-10-31": "$24,266", "2017-07-31": "$24,422", "2017-04-30": "$22,393", "2017-01-31": "$22,349", "2016-10-31": "$22,338", "2016-07-31": "$20,900", "2016-04-30": "$20,904", "2016-01-31": "$20,789", "2015-10-31": "$17,815", "2015-07-31": "$16,318", "2015-04-30": "$13,818", "2015-01-31": "$16,869", "2014-10-31": "$16,693", "2014-07-31": "$16,702", "2014-04-30": "$14,707", "2014-01-31": "$14,691", "2013-10-31": "$14,692", "2013-07-31": "$11,450", "2013-04-30": "$11,460", "2013-01-31": "$9,475", "2012-10-31": "$10,779", "2012-07-31": "$10,771", "2012-04-30": "$10,792", "2012-01-31": "$10,758", "2011-10-31": "$10,739", "2011-07-31": "$10,731", "2011-04-30": "$10,720", "2011-01-31": "$8,707", "2010-10-31": "$8,752", "2010-07-31": "$7,727", "2010-04-30": "$7,676", "2010-01-31": "$8,662", "2009-10-31": "$8,656", "2009-07-31": "$9,661", "2009-04-30": "$9,667", "2009-01-31": "$9,667", "2008-10-31": "$10,353", "2008-07-31": "$11,366", "2008-04-30": "$11,339", "2008-01-31": "$11,383", "2007-10-31": "$11,342", "2007-07-31": "$11,628", "2007-04-30": "$11,640", "2007-01-31": "$11,643", "2006-10-31": "$6,671", "2006-07-31": "$6,660", "2006-04-30": "$6,652", "2006-01-31": "$2,672", "2005-10-31": "$2,661", "2005-07-31": "$2,168", "2005-04-30": "$2,145", "2005-01-31": "$2,148"}}, "total-liabilities": {"Home Depot Annual Total Liabilities (Millions of US $)": {"2020": "$54,352", "2019": "$45,881", "2018": "$43,075", "2017": "$38,633", "2016": "$35,657", "2015": "$30,624", "2014": "$27,996", "2013": "$23,307", "2012": "$22,620", "2011": "$21,236", "2010": "$21,484", "2009": "$23,387", "2008": "$26,610", "2007": "$27,233", "2006": "$17,496", "2005": "$14,862"}, "Home Depot Quarterly Total Liabilities (Millions of US $)": {"2020-10-31": "$65,384", "2020-07-31": "$63,763", "2020-04-30": "$62,227", "2020-01-31": "$54,352", "2019-10-31": "$53,391", "2019-07-31": "$53,170", "2019-04-30": "$53,658", "2019-01-31": "$45,881", "2018-10-31": "$43,880", "2018-07-31": "$44,223", "2018-04-30": "$44,963", "2018-01-31": "$43,075", "2017-10-31": "$42,480", "2017-07-31": "$42,405", "2017-04-30": "$40,982", "2017-01-31": "$38,633", "2016-10-31": "$38,880", "2016-07-31": "$37,590", "2016-04-30": "$38,241", "2016-01-31": "$35,657", "2015-10-31": "$36,533", "2015-07-31": "$35,161", "2015-04-30": "$33,306", "2015-01-31": "$30,624", "2014-10-31": "$31,402", "2014-07-31": "$32,022", "2014-04-30": "$30,483", "2014-01-31": "$27,996", "2013-10-31": "$29,600", "2013-07-31": "$26,714", "2013-04-30": "$27,802", "2013-01-31": "$23,307", "2012-10-31": "$23,923", "2012-07-31": "$24,349", "2012-04-30": "$25,325", "2012-01-31": "$22,620", "2011-10-31": "$23,730", "2011-07-31": "$24,044", "2011-04-30": "$24,599", "2011-01-31": "$21,236", "2010-10-31": "$22,626", "2010-07-31": "$23,090", "2010-04-30": "$24,248", "2010-01-31": "$21,484", "2009-10-31": "$23,670", "2009-07-31": "$24,829", "2009-04-30": "$25,773", "2009-01-31": "$23,387", "2008-10-31": "$25,766", "2008-07-31": "$26,450", "2008-04-30": "$27,890", "2008-01-31": "$26,610", "2007-10-31": "$28,060", "2007-07-31": "$29,689", "2007-04-30": "$30,408", "2007-01-31": "$27,233", "2006-10-31": "$24,870", "2006-07-31": "$24,544", "2006-04-30": "$24,880", "2006-01-31": "$17,496", "2005-10-31": "$18,878", "2005-07-31": "$17,550", "2005-04-30": "$18,136", "2005-01-31": "$14,862"}}, "total-share-holder-equity": {"Home Depot Annual Share Holder Equity (Millions of US $)": {"2020": "$-3,116", "2019": "$-1,878", "2018": "$1,454", "2017": "$4,333", "2016": "$6,316", "2015": "$9,322", "2014": "$12,522", "2013": "$17,777", "2012": "$17,898", "2011": "$18,889", "2010": "$19,393", "2009": "$17,777", "2008": "$17,714", "2007": "$25,030", "2006": "$26,909", "2005": "$24,158"}, "Home Depot Quarterly Share Holder Equity (Millions of US $)": {"2020-10-31": "$1,535", "2020-07-31": "$-414", "2020-04-30": "$-3,490", "2020-01-31": "$-3,116", "2019-10-31": "$-1,082", "2019-07-31": "$-1,160", "2019-04-30": "$-2,143", "2019-01-31": "$-1,878", "2018-10-31": "$1,320", "2018-07-31": "$2,009", "2018-04-30": "$1,687", "2018-01-31": "$1,454", "2017-10-31": "$2,543", "2017-07-31": "$3,554", "2017-04-30": "$3,962", "2017-01-31": "$4,333", "2016-10-31": "$5,622", "2016-07-31": "$6,657", "2016-04-30": "$6,335", "2016-01-31": "$6,316", "2015-10-31": "$7,619", "2015-07-31": "$8,637", "2015-04-30": "$9,204", "2015-01-31": "$9,322", "2014-10-31": "$10,110", "2014-07-31": "$11,457", "2014-04-30": "$12,146", "2014-01-31": "$12,522", "2013-10-31": "$14,214", "2013-07-31": "$15,478", "2013-04-30": "$16,393", "2013-01-31": "$17,777", "2012-10-31": "$17,738", "2012-07-31": "$17,634", "2012-04-30": "$17,975", "2012-01-31": "$17,898", "2011-10-31": "$17,769", "2011-07-31": "$18,233", "2011-04-30": "$18,198", "2011-01-31": "$18,889", "2010-10-31": "$19,115", "2010-07-31": "$19,445", "2010-04-30": "$19,371", "2010-01-31": "$19,393", "2009-10-31": "$19,380", "2009-07-31": "$19,169", "2009-04-30": "$17,994", "2009-01-31": "$17,777", "2008-10-31": "$18,396", "2008-07-31": "$18,649", "2008-04-30": "$17,706", "2008-01-31": "$17,714", "2007-10-31": "$17,446", "2007-07-31": "$27,175", "2007-04-30": "$25,673", "2007-01-31": "$25,030", "2006-10-31": "$27,758", "2006-07-31": "$27,225", "2006-04-30": "$27,799", "2006-01-31": "$26,909", "2005-10-31": "$25,792", "2005-07-31": "$25,139", "2005-04-30": "$23,821", "2005-01-31": "$24,158"}}, "profit-margins": {"current": "9.94%"}, "gross margin": {"2020-10-31": "34.03%", "2020-07-31": "34.10%", "2020-04-30": "34.06%", "2020-01-31": "34.09%", "2019-10-31": "34.13%", "2019-07-31": "34.20%", "2019-04-30": "34.26%", "2019-01-31": "34.34%", "2018-10-31": "34.31%", "2018-07-31": "34.24%", "2018-04-30": "34.15%", "2018-01-31": "34.05%", "2017-10-31": "34.08%", "2017-07-31": "34.11%", "2017-04-30": "34.14%", "2017-01-31": "34.16%", "2016-10-31": "34.18%", "2016-07-31": "34.16%", "2016-04-30": "34.16%", "2016-01-31": "34.19%", "2015-10-31": "34.25%", "2015-07-31": "34.16%", "2015-04-30": "34.14%", "2015-01-31": "34.13%", "2014-10-31": "33.68%", "2014-07-31": "33.82%", "2014-04-30": "34.01%", "2014-01-31": "34.15%", "2013-10-31": "34.73%", "2013-07-31": "34.65%", "2013-04-30": "34.62%", "2013-01-31": "34.57%", "2012-10-31": "34.57%", "2012-07-31": "34.53%", "2012-04-30": "34.49%", "2012-01-31": "34.47%", "2011-10-31": "34.40%", "2011-07-31": "34.36%", "2011-04-30": "34.34%", "2011-01-31": "34.27%", "2010-10-31": "34.21%", "2010-07-31": "34.15%", "2010-04-30": "34.03%", "2010-01-31": "33.87%", "2009-10-31": "33.77%", "2009-07-31": "33.70%", "2009-04-30": "33.60%", "2009-01-31": "33.65%", "2008-10-31": "33.74%", "2008-07-31": "33.67%", "2008-04-30": "33.64%", "2008-01-31": "33.61%", "2007-10-31": "33.60%", "2007-07-31": "33.64%", "2007-04-30": "33.61%", "2007-01-31": "33.59%", "2006-10-31": "33.67%", "2006-07-31": "33.66%", "2006-04-30": "33.72%", "2006-01-31": "33.68%", "2005-10-31": "33.58%"}, "operating margin": {"2020-10-31": "14.01%", "2020-07-31": "13.99%", "2020-04-30": "13.85%", "2020-01-31": "14.37%", "2019-10-31": "14.26%", "2019-07-31": "14.31%", "2019-04-30": "14.36%", "2019-01-31": "14.35%", "2018-10-31": "14.53%", "2018-07-31": "14.52%", "2018-04-30": "14.43%", "2018-01-31": "14.55%", "2017-10-31": "14.53%", "2017-07-31": "14.44%", "2017-04-30": "14.31%", "2017-01-31": "14.19%", "2016-10-31": "13.98%", "2016-07-31": "13.81%", "2016-04-30": "13.56%", "2016-01-31": "13.30%", "2015-10-31": "13.17%", "2015-07-31": "12.87%", "2015-04-30": "12.79%", "2015-01-31": "12.59%", "2014-10-31": "12.29%", "2014-07-31": "12.12%", "2014-04-30": "11.78%", "2014-01-31": "11.63%", "2013-10-31": "11.54%", "2013-07-31": "11.02%", "2013-04-30": "10.71%", "2013-01-31": "10.39%", "2012-10-31": "10.13%", "2012-07-31": "10.08%", "2012-04-30": "9.74%", "2012-01-31": "9.46%", "2011-10-31": "9.16%", "2011-07-31": "9.02%", "2011-04-30": "8.76%", "2011-01-31": "8.59%", "2010-10-31": "8.20%", "2010-07-31": "7.95%", "2010-04-30": "7.67%", "2010-01-31": "7.26%", "2009-10-31": "6.56%", "2009-07-31": "6.51%", "2009-04-30": "6.63%", "2009-01-31": "6.11%", "2008-10-31": "7.19%", "2008-07-31": "7.66%", "2008-04-30": "8.21%", "2008-01-31": "9.36%", "2007-10-31": "9.73%", "2007-07-31": "10.25%", "2007-04-30": "10.66%", "2007-01-31": "11.22%", "2006-10-31": "11.81%", "2006-07-31": "11.96%", "2006-04-30": "11.91%", "2006-01-31": "11.75%", "2005-10-31": "11.39%"}, "ebitda margin": {"2020-10-31": "15.96%", "2020-07-31": "16.01%", "2020-04-30": "15.95%", "2020-01-31": "16.46%", "2019-10-31": "16.29%", "2019-07-31": "16.31%", "2019-04-30": "16.34%", "2019-01-31": "16.34%", "2018-10-31": "16.55%", "2018-07-31": "16.55%", "2018-04-30": "16.48%", "2018-01-31": "16.59%", "2017-10-31": "16.58%", "2017-07-31": "16.51%", "2017-04-30": "16.39%", "2017-01-31": "16.28%", "2016-10-31": "16.07%", "2016-07-31": "15.90%", "2016-04-30": "15.65%", "2016-01-31": "15.41%", "2015-10-31": "15.27%", "2015-07-31": "14.98%", "2015-04-30": "14.91%", "2015-01-31": "14.73%", "2014-10-31": "14.47%", "2014-07-31": "14.32%", "2014-04-30": "14.01%", "2014-01-31": "13.86%", "2013-10-31": "13.73%", "2013-07-31": "13.23%", "2013-04-30": "12.96%", "2013-01-31": "12.64%", "2012-10-31": "12.44%", "2012-07-31": "12.40%", "2012-04-30": "12.08%", "2012-01-31": "11.85%", "2011-10-31": "11.59%", "2011-07-31": "11.49%", "2011-04-30": "11.27%", "2011-01-31": "11.11%", "2010-10-31": "10.77%", "2010-07-31": "10.57%", "2010-04-30": "10.35%", "2010-01-31": "9.99%", "2009-10-31": "9.33%", "2009-07-31": "9.25%", "2009-04-30": "9.33%", "2009-01-31": "8.78%", "2008-10-31": "9.76%", "2008-07-31": "10.17%", "2008-04-30": "10.68%", "2008-01-31": "11.83%", "2007-10-31": "12.25%", "2007-07-31": "12.78%", "2007-04-30": "13.19%", "2007-01-31": "13.61%", "2006-10-31": "14.18%", "2006-07-31": "14.19%", "2006-04-30": "14.01%", "2006-01-31": "13.80%", "2005-10-31": "13.27%"}, "pre tax profit margin": {"2020-10-31": "13.00%", "2020-07-31": "12.97%", "2020-04-30": "12.81%", "2020-01-31": "13.35%", "2019-10-31": "13.27%", "2019-07-31": "13.36%", "2019-04-30": "13.44%", "2019-01-31": "13.45%", "2018-10-31": "13.62%", "2018-07-31": "13.59%", "2018-04-30": "13.47%", "2018-01-31": "13.58%", "2017-10-31": "13.55%", "2017-07-31": "13.45%", "2017-04-30": "13.33%", "2017-01-31": "13.20%", "2016-10-31": "12.97%", "2016-07-31": "12.79%", "2016-04-30": "12.68%", "2016-01-31": "12.45%", "2015-10-31": "12.46%", "2015-07-31": "12.30%", "2015-04-30": "12.08%", "2015-01-31": "11.99%", "2014-10-31": "11.58%", "2014-07-31": "11.32%", "2014-04-30": "10.99%", "2014-01-31": "10.74%", "2013-10-31": "10.68%", "2013-07-31": "10.19%", "2013-04-30": "9.89%", "2013-01-31": "9.66%", "2012-10-31": "9.39%", "2012-07-31": "9.32%", "2012-04-30": "8.99%", "2012-01-31": "8.62%", "2011-10-31": "8.40%", "2011-07-31": "8.27%", "2011-04-30": "8.01%", "2011-01-31": "7.75%", "2010-10-31": "7.01%", "2010-07-31": "6.73%", "2010-04-30": "6.42%", "2010-01-31": "6.02%", "2009-10-31": "5.35%", "2009-07-31": "5.35%", "2009-04-30": "5.51%", "2009-01-31": "5.04%", "2008-10-31": "6.29%", "2008-07-31": "6.81%", "2008-04-30": "7.39%", "2008-01-31": "8.56%", "2007-10-31": "9.00%", "2007-07-31": "9.56%", "2007-04-30": "10.04%", "2007-01-31": "10.76%", "2006-10-31": "11.47%", "2006-07-31": "11.71%", "2006-04-30": "11.76%", "2006-01-31": "11.64%", "2005-10-31": "11.31%"}, "net profit margin": {"2020-10-31": "9.94%", "2020-07-31": "9.91%", "2020-04-30": "9.79%", "2020-01-31": "10.20%", "2019-10-31": "10.01%", "2019-07-31": "10.18%", "2019-04-30": "10.24%", "2019-01-31": "10.28%", "2018-10-31": "10.00%", "2018-07-31": "9.45%", "2018-04-30": "8.85%", "2018-01-31": "8.55%", "2017-10-31": "8.66%", "2017-07-31": "8.63%", "2017-04-30": "8.53%", "2017-01-31": "8.41%", "2016-10-31": "8.23%", "2016-07-31": "8.08%", "2016-04-30": "8.00%", "2016-01-31": "7.92%", "2015-10-31": "7.98%", "2015-07-31": "7.88%", "2015-04-30": "7.76%", "2015-01-31": "7.63%", "2014-10-31": "7.32%", "2014-07-31": "7.18%", "2014-04-30": "6.98%", "2014-01-31": "6.83%", "2013-10-31": "6.80%", "2013-07-31": "6.39%", "2013-04-30": "6.21%", "2013-01-31": "6.07%", "2012-10-31": "5.91%", "2012-07-31": "5.96%", "2012-04-30": "5.75%", "2012-01-31": "5.52%", "2011-10-31": "5.32%", "2011-07-31": "5.23%", "2011-04-30": "5.04%", "2011-01-31": "4.91%", "2010-10-31": "4.59%", "2010-07-31": "4.39%", "2010-04-30": "4.30%", "2010-01-31": "4.02%", "2009-10-31": "3.42%", "2009-07-31": "3.45%", "2009-04-30": "3.48%", "2009-01-31": "3.17%", "2008-10-31": "4.02%", "2008-07-31": "4.40%", "2008-04-30": "4.83%", "2008-01-31": "5.68%", "2007-10-31": "6.20%", "2007-07-31": "6.67%", "2007-04-30": "6.99%", "2007-01-31": "7.29%", "2006-10-31": "7.78%", "2006-07-31": "7.73%", "2006-04-30": "7.64%", "2006-01-31": "7.58%", "2005-10-31": "7.10%"}, "pe ratio": {"current": "23.94", "2021-02-11": "23.97", "2020-10-31": "22.94", "2020-07-31": "24.07", "2020-04-30": "21.49", "2020-01-31": "21.73", "2019-10-31": "22.63", "2019-07-31": "20.53", "2019-04-30": "19.67", "2019-01-31": "17.93", "2018-10-31": "18.15", "2018-07-31": "21.88", "2018-04-30": "22.48", "2018-01-31": "25.66", "2017-10-31": "21.31", "2017-07-31": "19.77", "2017-04-30": "21.37", "2017-01-31": "19.39", "2016-10-31": "17.85", "2016-07-31": "20.97", "2016-04-30": "21.06", "2016-01-31": "20.50", "2015-10-31": "20.52", "2015-07-31": "20.07", "2015-04-30": "19.03", "2015-01-31": "19.30", "2014-10-31": "19.24", "2014-07-31": "16.63", "2014-04-30": "17.42", "2014-01-31": "17.50", "2013-10-31": "17.89", "2013-07-31": "19.76", "2013-04-30": "19.58", "2013-01-31": "18.65", "2012-10-31": "18.12", "2012-07-31": "15.49", "2012-04-30": "16.15", "2012-01-31": "14.77", "2011-10-31": "12.53", "2011-07-31": "12.63", "2011-04-30": "14.23", "2011-01-31": "14.47", "2010-10-31": "13.11", "2010-07-31": "12.67", "2010-04-30": "16.10", "2010-01-31": "13.76", "2009-10-31": "14.32", "2009-07-31": "14.26", "2009-04-30": "13.83", "2009-01-31": "11.94", "2008-10-31": "9.80", "2008-07-31": "9.06", "2008-04-30": "10.32", "2008-01-31": "9.39", "2007-10-31": "9.34", "2007-07-31": "10.39", "2007-04-30": "10.16", "2007-01-31": "10.21", "2006-10-31": "8.85"}, "price sales": {"2021-02-11": "2.38", "2020-10-31": "2.28", "2020-07-31": "2.39", "2020-04-30": "2.11", "2020-01-31": "2.22", "2019-10-31": "2.28", "2019-07-31": "2.10", "2019-04-30": "2.02", "2019-01-31": "1.85", "2018-10-31": "1.82", "2018-07-31": "2.07", "2018-04-30": "1.99", "2018-01-31": "2.20", "2017-10-31": "1.85", "2017-07-31": "1.71", "2017-04-30": "1.83", "2017-01-31": "1.64", "2016-10-31": "1.48", "2016-07-31": "1.70", "2016-04-30": "1.69", "2016-01-31": "1.63", "2015-10-31": "1.64", "2015-07-31": "1.59", "2015-04-30": "1.48", "2015-01-31": "1.48", "2014-10-31": "1.42", "2014-07-31": "1.20", "2014-04-30": "1.22", "2014-01-31": "1.20", "2013-10-31": "1.22", "2013-07-31": "1.27", "2013-04-30": "1.22", "2013-01-31": "1.13", "2012-10-31": "1.07", "2012-07-31": "0.93", "2012-04-30": "0.93", "2012-01-31": "0.81", "2011-10-31": "0.67", "2011-07-31": "0.66", "2011-04-30": "0.72", "2011-01-31": "0.72", "2010-10-31": "0.60", "2010-07-31": "0.56", "2010-04-30": "0.69", "2010-01-31": "0.55", "2009-10-31": "0.49", "2009-07-31": "0.49", "2009-04-30": "0.48", "2009-01-31": "0.38", "2008-10-31": "0.40", "2008-07-31": "0.40", "2008-04-30": "0.50", "2008-01-31": "0.54", "2007-10-31": "0.58", "2007-07-31": "0.70", "2007-04-30": "0.71", "2007-01-31": "0.75", "2006-10-31": "0.69"}, "price book": {"current": "194.12", "2021-02-11": "194.21", "2020-10-31": "185.93", "2020-07-31": "-682.58", "2020-04-30": "-66.65", "2020-01-31": "-76.99", "2019-10-31": "-229.31", "2019-07-31": "-194.74", "2019-04-30": "-100.25", "2019-01-31": "-102.68", "2018-10-31": "142.46", "2018-07-31": "105.87", "2018-04-30": "118.24", "2018-01-31": "148.80", "2017-10-31": "70.46", "2017-07-31": "45.73", "2017-04-30": "43.13", "2017-01-31": "34.72", "2016-10-31": "23.94", "2016-07-31": "23.09", "2016-04-30": "23.55", "2016-01-31": "22.19", "2015-10-31": "18.24", "2015-07-31": "15.34", "2015-04-30": "13.24", "2015-01-31": "12.77", "2014-10-31": "11.04", "2014-07-31": "8.20", "2014-04-30": "7.69", "2014-01-31": "7.23", "2013-10-31": "6.56", "2013-07-31": "6.19", "2013-04-30": "5.50", "2013-01-31": "4.67", "2012-10-31": "4.31", "2012-07-31": "3.69", "2012-04-30": "3.63", "2012-01-31": "3.12", "2011-10-31": "2.52", "2011-07-31": "2.42", "2011-04-30": "2.61", "2011-01-31": "2.51", "2010-10-31": "2.09", "2010-07-31": "1.91", "2010-04-30": "2.38", "2010-01-31": "1.89", "2009-10-31": "1.68", "2009-07-31": "1.75", "2009-04-30": "1.87", "2009-01-31": "1.53", "2008-10-31": "1.60", "2008-07-31": "1.58", "2008-04-30": "2.00", "2008-01-31": "2.10", "2007-10-31": "2.17", "2007-07-31": "1.91", "2007-04-30": "2.05", "2007-01-31": "2.24", "2006-10-31": "1.91", "2006-07-31": "1.82", "2006-04-30": "2.10", "2006-01-31": "2.20"}, "price fcf": {"2021-02-11": "", "2020-10-31": "$16.76", "2020-07-31": "$16.27", "2020-04-30": "$11.24", "2020-01-31": "$10.10", "2019-10-31": "$10.14", "2019-07-31": "$10.00", "2019-04-30": "$9.99", "2019-01-31": "$9.30", "2018-10-31": "$8.74", "2018-07-31": "$8.62", "2018-04-30": "$8.14", "2018-01-31": "$8.60", "2017-10-31": "$8.29", "2017-07-31": "$7.56", "2017-04-30": "$7.42", "2017-01-31": "$6.65", "2016-10-31": "$6.75", "2016-07-31": "$7.11", "2016-04-30": "$6.45", "2016-01-31": "$6.17", "2015-10-31": "$6.09", "2015-07-31": "$5.70", "2015-04-30": "$5.79", "2015-01-31": "$5.09", "2014-10-31": "$4.80", "2014-07-31": "$5.00", "2014-04-30": "$4.43", "2014-01-31": "$4.41", "2013-10-31": "$4.33", "2013-07-31": "$4.18", "2013-04-30": "$3.95", "2013-01-31": "$3.78", "2012-10-31": "$3.34", "2012-07-31": "$3.39", "2012-04-30": "$3.79", "2012-01-31": "$3.49", "2011-10-31": "$3.28", "2011-07-31": "$2.92", "2011-04-30": "$2.22", "2011-01-31": "$2.16", "2010-10-31": "$2.09", "2010-07-31": "$2.54", "2010-04-30": "$2.73", "2010-01-31": "$2.56", "2009-10-31": "$2.70", "2009-07-31": "$2.43", "2009-04-30": "$2.25", "2009-01-31": "$2.27", "2008-10-31": "$1.89", "2008-07-31": "$1.49", "2008-04-30": "$1.47", "2008-01-31": "$1.34", "2007-10-31": "$1.75", "2007-07-31": "$1.77", "2007-04-30": "$1.55", "2007-01-31": "$2.06", "2006-10-31": "$3.20"}, "net worth": {"value": "$297.97B"}, "current ratio": {"current": "1.36", "2020-10-31": "1.36", "2020-07-31": "1.30", "2020-04-30": "1.17", "2020-01-31": "1.08", "2019-10-31": "1.08", "2019-07-31": "1.10", "2019-04-30": "1.05", "2019-01-31": "1.11", "2018-10-31": "1.09", "2018-07-31": "1.13", "2018-04-30": "1.17", "2018-01-31": "1.17", "2017-10-31": "1.23", "2017-07-31": "1.30", "2017-04-30": "1.21", "2017-01-31": "1.25", "2016-10-31": "1.34", "2016-07-31": "1.30", "2016-04-30": "1.26", "2016-01-31": "1.32", "2015-10-31": "1.17", "2015-07-31": "1.19", "2015-04-30": "1.06", "2015-01-31": "1.36", "2014-10-31": "1.37", "2014-07-31": "1.44", "2014-04-30": "1.32", "2014-01-31": "1.42", "2013-10-31": "1.48", "2013-07-31": "1.30", "2013-04-30": "1.33", "2013-01-31": "1.34", "2012-10-31": "1.50", "2012-07-31": "1.45", "2012-04-30": "1.43", "2012-01-31": "1.55", "2011-10-31": "1.46", "2011-07-31": "1.45", "2011-04-30": "1.41", "2011-01-31": "1.33", "2010-10-31": "1.33", "2010-07-31": "1.24", "2010-04-30": "1.19", "2010-01-31": "1.34", "2009-10-31": "1.28", "2009-07-31": "1.32", "2009-04-30": "1.20", "2009-01-31": "1.20", "2008-10-31": "1.21", "2008-07-31": "1.25", "2008-04-30": "1.16", "2008-01-31": "1.16", "2007-10-31": "1.13", "2007-07-31": "1.44", "2007-04-30": "1.36", "2007-01-31": "1.39", "2006-10-31": "1.17", "2006-07-31": "1.18", "2006-04-30": "1.25", "2006-01-31": "1.20", "2005-10-31": "1.15", "2005-07-31": "1.23", "2005-04-30": "1.22", "2005-01-31": "1.37"}, "quick ratio": {"2020-10-31": "0.72", "2020-07-31": "0.74", "2020-04-30": "0.53", "2020-01-31": "0.29", "2019-10-31": "0.28", "2019-07-31": "0.32", "2019-04-30": "0.26", "2019-01-31": "0.28", "2018-10-31": "0.28", "2018-07-31": "0.37", "2018-04-30": "0.37", "2018-01-31": "0.38", "2017-10-31": "0.39", "2017-07-31": "0.48", "2017-04-30": "0.38", "2017-01-31": "0.37", "2016-10-31": "0.42", "2016-07-31": "0.46", "2016-04-30": "0.38", "2016-01-31": "0.37", "2015-10-31": "0.38", "2015-07-31": "0.47", "2015-04-30": "0.34", "2015-01-31": "0.38", "2014-10-31": "0.39", "2014-07-31": "0.53", "2014-04-30": "0.39", "2014-01-31": "0.39", "2013-10-31": "0.58", "2013-07-31": "0.45", "2013-04-30": "0.49", "2013-01-31": "0.41", "2012-10-31": "0.47", "2012-07-31": "0.47", "2012-04-30": "0.48", "2012-01-31": "0.45", "2011-10-31": "0.45", "2011-07-31": "0.47", "2011-04-30": "0.39", "2011-01-31": "0.28", "2010-10-31": "0.36", "2010-07-31": "0.39", "2010-04-30": "0.37", "2010-01-31": "0.36", "2009-10-31": "0.41", "2009-07-31": "0.46", "2009-04-30": "0.36", "2009-01-31": "0.24", "2008-10-31": "0.29", "2008-07-31": "0.31", "2008-04-30": "0.26", "2008-01-31": "0.23", "2007-10-31": "0.25", "2007-07-31": "0.63", "2007-04-30": "0.45", "2007-01-31": "0.40", "2006-10-31": "0.32", "2006-07-31": "0.33", "2006-04-30": "0.42", "2006-01-31": "0.30", "2005-10-31": "0.31", "2005-07-31": "0.39", "2005-04-30": "0.40", "2005-01-31": "0.40"}, "debt equity ratio": {"current": "21.39", "2020-10-31": "42.60", "2020-07-31": "-154.02", "2020-04-30": "-17.83", "2020-01-31": "-17.44", "2019-10-31": "-49.35", "2019-07-31": "-45.84", "2019-04-30": "-25.04", "2019-01-31": "-24.43", "2018-10-31": "33.24", "2018-07-31": "22.01", "2018-04-30": "26.65", "2018-01-31": "29.63", "2017-10-31": "16.71", "2017-07-31": "11.93", "2017-04-30": "10.34", "2017-01-31": "8.92", "2016-10-31": "6.92", "2016-07-31": "5.65", "2016-04-30": "6.04", "2016-01-31": "5.65", "2015-10-31": "4.80", "2015-07-31": "4.07", "2015-04-30": "3.62", "2015-01-31": "3.29", "2014-10-31": "3.11", "2014-07-31": "2.80", "2014-04-30": "2.51", "2014-01-31": "2.24", "2013-10-31": "2.08", "2013-07-31": "1.73", "2013-04-30": "1.70", "2013-01-31": "1.31", "2012-10-31": "1.35", "2012-07-31": "1.38", "2012-04-30": "1.41", "2012-01-31": "1.26", "2011-10-31": "1.34", "2011-07-31": "1.32", "2011-04-30": "1.35", "2011-01-31": "1.12", "2010-10-31": "1.18", "2010-07-31": "1.19", "2010-04-30": "1.25", "2010-01-31": "1.11", "2009-10-31": "1.22", "2009-07-31": "1.30", "2009-04-30": "1.43", "2009-01-31": "1.32", "2008-10-31": "1.40", "2008-07-31": "1.42", "2008-04-30": "1.58", "2008-01-31": "1.50", "2007-10-31": "1.61", "2007-07-31": "1.09", "2007-04-30": "1.18", "2007-01-31": "1.09", "2006-10-31": "0.90", "2006-07-31": "0.90", "2006-04-30": "0.90", "2006-01-31": "0.65", "2005-10-31": "0.73", "2005-07-31": "0.70", "2005-04-30": "0.76", "2005-01-31": "0.62"}, "return on equity": {"2020-10-31": "-910.85%", "2020-07-31": "-583.91%", "2020-04-30": "-496.11%", "2020-01-31": "-599.49%", "2019-10-31": "-709.24%", "2019-07-31": "-1160.63%", "2019-04-30": "-6491.33%", "2019-01-31": "1417.59%", "2018-10-31": "652.61%", "2018-07-31": "512.36%", "2018-04-30": "390.56%", "2018-01-31": "299.83%", "2017-10-31": "238.88%", "2017-07-31": "192.30%", "2017-04-30": "158.80%", "2017-01-31": "138.70%", "2016-10-31": "123.29%", "2016-07-31": "110.52%", "2016-04-30": "100.09%", "2016-01-31": "88.23%", "2015-10-31": "79.55%", "2015-07-31": "72.21%", "2015-04-30": "65.30%", "2015-01-31": "58.98%", "2014-10-31": "51.73%", "2014-07-31": "46.03%", "2014-04-30": "40.75%", "2014-01-31": "36.75%", "2013-10-31": "33.78%", "2013-07-31": "29.61%", "2013-04-30": "27.18%", "2013-01-31": "25.50%", "2012-10-31": "24.07%", "2012-07-31": "23.99%", "2012-04-30": "22.85%", "2012-01-31": "21.54%", "2011-10-31": "20.23%", "2011-07-31": "19.32%", "2011-04-30": "18.11%", "2011-01-31": "17.38%", "2010-10-31": "16.00%", "2010-07-31": "15.20%", "2010-04-30": "14.86%", "2010-01-31": "14.02%", "2009-10-31": "12.19%", "2009-07-31": "12.72%", "2009-04-30": "13.28%", "2009-01-31": "12.46%", "2008-10-31": "16.48%", "2008-07-31": "18.57%", "2008-04-30": "18.52%", "2008-01-31": "19.98%", "2007-10-31": "19.51%", "2007-07-31": "19.11%", "2007-04-30": "20.15%", "2007-01-31": "21.37%", "2006-10-31": "22.32%", "2006-07-31": "22.91%", "2006-04-30": "23.00%", "2006-01-31": "22.97%", "2005-10-31": "22.62%"}, "return on assets": {"2020-10-31": "20.80%", "2020-07-31": "20.97%", "2020-04-30": "20.48%", "2020-01-31": "21.72%", "2019-10-31": "22.23%", "2019-07-31": "23.25%", "2019-04-30": "24.03%", "2019-01-31": "24.43%", "2018-10-31": "23.12%", "2018-07-31": "21.61%", "2018-04-30": "19.81%", "2018-01-31": "19.13%", "2017-10-31": "19.22%", "2017-07-31": "18.83%", "2017-04-30": "18.49%", "2017-01-31": "18.05%", "2016-10-31": "17.53%", "2016-07-31": "17.01%", "2016-04-30": "16.58%", "2016-01-31": "16.26%", "2015-10-31": "16.24%", "2015-07-31": "16.04%", "2015-04-30": "15.63%", "2015-01-31": "15.15%", "2014-10-31": "14.22%", "2014-07-31": "13.60%", "2014-04-30": "13.10%", "2014-01-31": "12.62%", "2013-10-31": "12.59%", "2013-07-31": "11.80%", "2013-04-30": "11.19%", "2013-01-31": "10.80%", "2012-10-31": "10.24%", "2012-07-31": "10.22%", "2012-04-30": "9.80%", "2012-01-31": "9.30%", "2011-10-31": "8.87%", "2011-07-31": "8.62%", "2011-04-30": "8.19%", "2011-01-31": "7.95%", "2010-10-31": "7.33%", "2010-07-31": "6.93%", "2010-04-30": "6.70%", "2010-01-31": "6.20%", "2009-10-31": "5.27%", "2009-07-31": "5.39%", "2009-04-30": "5.55%", "2009-01-31": "5.14%", "2008-10-31": "6.66%", "2008-07-31": "7.36%", "2008-04-30": "7.71%", "2008-01-31": "8.67%", "2007-10-31": "8.83%", "2007-07-31": "9.27%", "2007-04-30": "10.01%", "2007-01-31": "11.01%", "2006-10-31": "12.15%", "2006-07-31": "12.75%", "2006-04-30": "13.17%", "2006-01-31": "13.44%", "2005-10-31": "13.29%"}, "return on investments": {"2020-10-31": "58.66%", "2020-07-31": "60.07%", "2020-04-30": "59.07%", "2020-01-31": "62.35%", "2019-10-31": "62.64%", "2019-07-31": "62.87%", "2019-04-30": "63.27%", "2019-01-31": "61.62%", "2018-10-31": "60.39%", "2018-07-31": "58.41%", "2018-04-30": "55.29%", "2018-01-31": "54.95%", "2017-10-31": "53.49%", "2017-07-31": "51.61%", "2017-04-30": "50.48%", "2017-01-31": "49.08%", "2016-10-31": "47.51%", "2016-07-31": "47.37%", "2016-04-30": "46.80%", "2016-01-31": "46.85%", "2015-10-31": "45.85%", "2015-07-31": "43.53%", "2015-04-30": "41.43%", "2015-01-31": "38.77%", "2014-10-31": "36.83%", "2014-07-31": "35.20%", "2014-04-30": "34.03%", "2014-01-31": "33.06%", "2013-10-31": "33.01%", "2013-07-31": "31.10%", "2013-04-30": "29.09%", "2013-01-31": "27.50%", "2012-10-31": "25.70%", "2012-07-31": "25.29%", "2012-04-30": "24.21%", "2012-01-31": "23.16%", "2011-10-31": "22.35%", "2011-07-31": "21.88%", "2011-04-30": "21.36%", "2011-01-31": "21.29%", "2010-10-31": "20.08%", "2010-07-31": "19.38%", "2010-04-30": "18.32%", "2010-01-31": "17.06%", "2009-10-31": "15.51%", "2009-07-31": "15.63%", "2009-04-30": "16.20%", "2009-01-31": "15.13%", "2008-10-31": "18.28%", "2008-07-31": "19.78%", "2008-04-30": "20.04%", "2008-01-31": "21.62%", "2007-10-31": "20.62%", "2007-07-31": "21.08%", "2007-04-30": "22.81%", "2007-01-31": "25.43%", "2006-10-31": "28.08%", "2006-07-31": "30.20%", "2006-04-30": "31.62%", "2006-01-31": "32.51%", "2005-10-31": "33.26%"}, "return on tangible equity": {"2020-10-31": "-346.27%", "2020-07-31": "-277.27%", "2020-04-30": "-246.21%", "2020-01-31": "-272.34%", "2019-10-31": "-290.86%", "2019-07-31": "-348.05%", "2019-04-30": "-462.95%", "2019-01-31": "-753.46%", "2018-10-31": "-1627.13%", "2018-07-31": "-2961.38%", "2018-04-30": "15686.96%", "2018-01-31": "1282.79%", "2017-10-31": "597.71%", "2017-07-31": "375.25%", "2017-04-30": "268.13%", "2017-01-31": "219.05%", "2016-10-31": "186.23%", "2016-07-31": "161.00%", "2016-04-30": "136.27%", "2016-01-31": "112.76%", "2015-10-31": "96.68%", "2015-07-31": "84.28%", "2015-04-30": "75.22%", "2015-01-31": "67.12%", "2014-10-31": "58.23%", "2014-07-31": "51.16%", "2014-04-30": "44.81%", "2014-01-31": "40.05%", "2013-10-31": "36.46%", "2013-07-31": "31.82%", "2013-04-30": "29.13%", "2013-01-31": "27.27%", "2012-10-31": "25.72%", "2012-07-31": "25.60%", "2012-04-30": "24.38%", "2012-01-31": "23.00%", "2011-10-31": "21.60%", "2011-07-31": "20.64%", "2011-04-30": "19.33%", "2011-01-31": "18.53%", "2010-10-31": "17.04%", "2010-07-31": "16.18%", "2010-04-30": "15.82%", "2010-01-31": "14.93%", "2009-10-31": "12.99%", "2009-07-31": "13.57%", "2009-04-30": "14.19%", "2009-01-31": "13.34%", "2008-10-31": "17.65%", "2008-07-31": "19.92%", "2008-04-30": "19.70%", "2008-01-31": "22.52%", "2007-10-31": "23.17%", "2007-07-31": "23.59%", "2007-04-30": "26.34%", "2007-01-31": "27.47%", "2006-10-31": "27.58%", "2006-07-31": "27.46%", "2006-04-30": "26.47%", "2006-01-31": "25.44%", "2005-10-31": "24.61%"}, "dividend yield history": {"last payout": "$6.00", "last yield": "2.17%"}}