{"ticker": "PEAK", "price": {"title": "Healthpeak Properties Historical Annual Stock Price Data", "value": 30.5, "historical": {"2021": {"Average Stock Price": "29.6563", "Year Open": "28.8900", "Year High": "30.6900", "Year Low": "28.4200", "Year Close": "30.5000", "Annual % Change": "0.89%"}, "2020": {"Average Stock Price": "28.6340", "Year Open": "33.6800", "Year High": "37.3300", "Year Low": "19.9500", "Year Close": "30.2300", "Annual % Change": "-12.30%"}, "2019": {"Average Stock Price": "32.6045", "Year Open": "26.9800", "Year High": "37.9300", "Year Low": "26.9800", "Year Close": "34.4700", "Annual % Change": "23.42%"}, "2018": {"Average Stock Price": "25.2032", "Year Open": "25.9100", "Year High": "30.2300", "Year Low": "21.6400", "Year Close": "27.9300", "Annual % Change": "7.09%"}, "2017": {"Average Stock Price": "29.7443", "Year Open": "29.7800", "Year High": "33.3900", "Year Low": "25.2100", "Year Close": "26.0800", "Annual % Change": "-12.25%"}, "2016": {"Average Stock Price": "34.2774", "Year Open": "38.2300", "Year High": "40.3300", "Year Low": "26.1300", "Year Close": "29.7200", "Annual % Change": "-22.28%"}, "2015": {"Average Stock Price": "39.6337", "Year Open": "44.8500", "Year High": "48.2100", "Year Low": "32.7500", "Year Close": "38.2400", "Annual % Change": "-13.15%"}, "2014": {"Average Stock Price": "41.1510", "Year Open": "36.2100", "Year High": "45.5800", "Year Low": "36.1800", "Year Close": "44.0300", "Annual % Change": "21.23%"}, "2013": {"Average Stock Price": "44.8544", "Year Open": "45.5400", "Year High": "55.2800", "Year Low": "35.6600", "Year Close": "36.3200", "Annual % Change": "-19.57%"}, "2012": {"Average Stock Price": "42.9464", "Year Open": "41.8800", "Year High": "47.2100", "Year Low": "37.8700", "Year Close": "45.1600", "Annual % Change": "9.00%"}, "2011": {"Average Stock Price": "37.0067", "Year Open": "37.3900", "Year High": "41.7600", "Year Low": "28.7700", "Year Close": "41.4300", "Annual % Change": "12.61%"}, "2010": {"Average Stock Price": "33.2402", "Year Open": "30.0700", "Year High": "37.9700", "Year Low": "27.0600", "Year Close": "36.7900", "Annual % Change": "20.46%"}, "2009": {"Average Stock Price": "24.7285", "Year Open": "26.2600", "Year High": "32.8400", "Year Low": "16.0800", "Year Close": "30.5400", "Annual % Change": "9.97%"}, "2008": {"Average Stock Price": "31.6051", "Year Open": "34.4000", "Year High": "41.2500", "Year Low": "15.8000", "Year Close": "27.7700", "Annual % Change": "-20.16%"}, "2007": {"Average Stock Price": "33.4219", "Year Open": "36.9000", "Year High": "41.8800", "Year Low": "25.7600", "Year Close": "34.7800", "Annual % Change": "-5.54%"}, "2006": {"Average Stock Price": "29.0594", "Year Open": "25.8900", "Year High": "36.8800", "Year Low": "25.3700", "Year Close": "36.8200", "Annual % Change": "44.05%"}, "2005": {"Average Stock Price": "26.1049", "Year Open": "27.4500", "Year High": "28.6800", "Year Low": "23.4500", "Year Close": "25.5600", "Annual % Change": "-7.69%"}, "2004": {"Average Stock Price": "25.9848", "Year Open": "25.3000", "Year High": "29.0900", "Year Low": "21.6800", "Year Close": "27.6900", "Annual % Change": "9.02%"}, "2003": {"Average Stock Price": "20.7267", "Year Open": "19.0400", "Year High": "25.6300", "Year Low": "16.6750", "Year Close": "25.4000", "Annual % Change": "32.64%"}, "2002": {"Average Stock Price": "20.3784", "Year Open": "18.2550", "Year High": "22.4250", "Year Low": "18.2550", "Year Close": "19.1500", "Annual % Change": "5.77%"}, "2001": {"Average Stock Price": "17.4757", "Year Open": "14.7800", "Year High": "19.5100", "Year Low": "14.7800", "Year Close": "18.1050", "Annual % Change": "21.18%"}, "2000": {"Average Stock Price": "13.6582", "Year Open": "11.9700", "Year High": "15.2500", "Year Low": "11.8450", "Year Close": "14.9400", "Annual % Change": "25.13%"}, "1999": {"Average Stock Price": "13.7722", "Year Open": "15.6900", "Year High": "16.4700", "Year Low": "10.9700", "Year Close": "11.9400", "Annual % Change": "-22.34%"}, "1998": {"Average Stock Price": "17.2958", "Year Open": "19.1250", "Year High": "19.6250", "Year Low": "14.4400", "Year Close": "15.3750", "Annual % Change": "-18.67%"}, "1997": {"Average Stock Price": "18.0224", "Year Open": "17.4400", "Year High": "20.1900", "Year Low": "16.0000", "Year Close": "18.9050", "Annual % Change": "8.03%"}, "1996": {"Average Stock Price": "16.8884", "Year Open": "17.5000", "Year High": "18.6900", "Year Low": "15.5000", "Year Close": "17.5000", "Annual % Change": "-0.37%"}, "1995": {"Average Stock Price": "15.8489", "Year Open": "15.0650", "Year High": "17.5650", "Year Low": "14.0650", "Year Close": "17.5650", "Annual % Change": "16.59%"}, "1994": {"Average Stock Price": "14.8908", "Year Open": "13.7500", "Year High": "16.2500", "Year Low": "13.2500", "Year Close": "15.0650", "Annual % Change": "11.06%"}, "1993": {"Average Stock Price": "14.6098", "Year Open": "12.8750", "Year High": "16.7500", "Year Low": "12.0000", "Year Close": "13.5650", "Annual % Change": "7.45%"}, "1992": {"Average Stock Price": "11.8877", "Year Open": "11.9050", "Year High": "13.4400", "Year Low": "9.8125", "Year Close": "12.6250", "Annual % Change": "3.59%"}, "1991": {"Average Stock Price": "9.7560", "Year Open": "8.4375", "Year High": "12.1875", "Year Low": "8.3750", "Year Close": "12.1875", "Annual % Change": "47.19%"}, "1990": {"Average Stock Price": "7.7318", "Year Open": "7.9700", "Year High": "8.5625", "Year Low": "7.0000", "Year Close": "8.2800", "Annual % Change": "4.74%"}, "1989": {"Average Stock Price": "7.0952", "Year Open": "6.4050", "Year High": "8.0000", "Year Low": "6.2200", "Year Close": "7.9050", "Annual % Change": "22.18%"}, "1988": {"Average Stock Price": "6.6259", "Year Open": "6.8750", "Year High": "7.0300", "Year Low": "5.9375", "Year Close": "6.4700", "Annual % Change": "-5.89%"}}}, "market cap": {"value": "$16.42B"}, "income statement": {"Revenue": {"2019-12-31": "1997.38300", "2018-12-31": "1846.68900", "2017-12-31": "1848.37800", "2016-12-31": "2129.29400", "2015-12-31": "1940.48900", "2014-12-31": "1636.83300", "2013-12-31": "2099.87800", "2012-12-31": "1879.97000", "2011-12-31": "1694.41800", "2010-12-31": "1240.20600", "2009-12-31": "1146.74900", "2008-12-31": "1144.99600", "2007-12-31": "953.74300", "2006-12-31": "464.24700", "2005-12-31": "364.73500"}, "Cost Of Goods Sold": {"2019-12-31": "879.37000", "2018-12-31": "705.03800", "2017-12-31": "666.25100", "2016-12-31": "738.39900", "2015-12-31": "610.67900", "2014-12-31": "381.29400", "2013-12-31": "298.28200", "2012-12-31": "280.71600", "2011-12-31": "218.70100", "2010-12-31": "210.15800", "2009-12-31": "183.29600", "2008-12-31": "192.94500", "2007-12-31": "175.70400", "2006-12-31": "79.25300", "2005-12-31": "58.71000"}, "Gross Profit": {"2019-12-31": "1118.01300", "2018-12-31": "1141.65100", "2017-12-31": "1182.12700", "2016-12-31": "1390.89500", "2015-12-31": "1329.81000", "2014-12-31": "1255.53900", "2013-12-31": "1801.59600", "2012-12-31": "1599.25400", "2011-12-31": "1475.71700", "2010-12-31": "1030.04800", "2009-12-31": "963.45300", "2008-12-31": "952.05100", "2007-12-31": "778.03900", "2006-12-31": "384.99400", "2005-12-31": "306.02500"}, "Research And Development Expenses": {"2019-12-31": "", "2018-12-31": "", "2017-12-31": "", "2016-12-31": "", "2015-12-31": "", "2014-12-31": "", "2013-12-31": "", "2012-12-31": "", "2011-12-31": "", "2010-12-31": "", "2009-12-31": "", "2008-12-31": "", "2007-12-31": "", "2006-12-31": "", "2005-12-31": ""}, "SG&A Expenses": {"2019-12-31": "92.96600", "2018-12-31": "96.70200", "2017-12-31": "88.77200", "2016-12-31": "103.61100", "2015-12-31": "95.96500", "2014-12-31": "81.76500", "2013-12-31": "103.04200", "2012-12-31": "68.41400", "2011-12-31": "96.05900", "2010-12-31": "83.01900", "2009-12-31": "77.99900", "2008-12-31": "73.69100", "2007-12-31": "67.52200", "2006-12-31": "46.88200", "2005-12-31": "31.83400"}, "Other Operating Income Or Expenses": {"2019-12-31": "-225.93700", "2018-12-31": "-55.26000", "2017-12-31": "-166.38400", "2016-12-31": "0.00000", "2015-12-31": "-108.34900", "2014-12-31": "0.00000", "2013-12-31": "0.00000", "2012-12-31": "-7.87800", "2011-12-31": "-140.40000", "2010-12-31": "11.90000", "2009-12-31": "-177.36200", "2008-12-31": "-18.27600", "2007-12-31": "", "2006-12-31": "-3.57700", "2005-12-31": ""}, "Operating Expenses": {"2019-12-31": "1867.00500", "2018-12-31": "1417.27100", "2017-12-31": "1464.09600", "2016-12-31": "1419.93900", "2015-12-31": "1347.20700", "2014-12-31": "935.21700", "2013-12-31": "830.82700", "2012-12-31": "721.69310", "2011-12-31": "801.21500", "2010-12-31": "588.21090", "2009-12-31": "754.60400", "2008-12-31": "596.92100", "2007-12-31": "501.49000", "2006-12-31": "248.10500", "2005-12-31": "176.32500"}, "Operating Income": {"2019-12-31": "130.37810", "2018-12-31": "429.41780", "2017-12-31": "384.28200", "2016-12-31": "709.35500", "2015-12-31": "593.28210", "2014-12-31": "701.61600", "2013-12-31": "1269.05100", "2012-12-31": "1158.27700", "2011-12-31": "893.20300", "2010-12-31": "651.99510", "2009-12-31": "392.14500", "2008-12-31": "548.07500", "2007-12-31": "452.25300", "2006-12-31": "216.14200", "2005-12-31": "188.41000"}, "Total Non-Operating Income/Expense": {"2019-12-31": "-78.95400", "2018-12-31": "628.79600", "2017-12-31": "26.11800", "2016-12-31": "-342.07100", "2015-12-31": "-457.01100", "2014-12-31": "-427.20200", "2013-12-31": "-417.03600", "2012-12-31": "-413.19600", "2011-12-31": "-402.52200", "2010-12-31": "-269.31400", "2009-12-31": "-291.10100", "2008-12-31": "-322.67100", "2007-12-31": "-320.66100", "2006-12-31": "-176.77000", "2005-12-31": "-84.44200"}, "Pre-Tax Income": {"2019-12-31": "51.42400", "2018-12-31": "1058.21400", "2017-12-31": "410.40000", "2016-12-31": "367.28400", "2015-12-31": "136.27100", "2014-12-31": "274.41400", "2013-12-31": "852.01500", "2012-12-31": "745.08100", "2011-12-31": "490.68100", "2010-12-31": "382.68100", "2009-12-31": "101.04400", "2008-12-31": "225.40400", "2007-12-31": "131.59200", "2006-12-31": "39.37200", "2005-12-31": "103.96800"}, "Income Taxes": {"2019-12-31": "-17.26200", "2018-12-31": "-17.85400", "2017-12-31": "-1.33300", "2016-12-31": "4.47300", "2015-12-31": "-9.80700", "2014-12-31": "-0.50600", "2013-12-31": "5.81500", "2012-12-31": "-1.65400", "2011-12-31": "1.30100", "2010-12-31": "0.41200", "2009-12-31": "1.91000", "2008-12-31": "4.22400", "2007-12-31": "1.44400", "2006-12-31": "0.24500", "2005-12-31": ""}, "Income After Taxes": {"2019-12-31": "68.68600", "2018-12-31": "1076.06800", "2017-12-31": "411.73300", "2016-12-31": "362.81100", "2015-12-31": "146.07800", "2014-12-31": "274.92000", "2013-12-31": "846.20000", "2012-12-31": "746.73500", "2011-12-31": "489.38000", "2010-12-31": "382.26900", "2009-12-31": "99.13400", "2008-12-31": "221.18000", "2007-12-31": "130.14800", "2006-12-31": "39.12700", "2005-12-31": "103.96800"}, "Other Income": {"2019-12-31": "", "2018-12-31": "", "2017-12-31": "", "2016-12-31": "", "2015-12-31": "", "2014-12-31": "", "2013-12-31": "0.00000", "2012-12-31": "0.00000", "2011-12-31": "", "2010-12-31": "-71.69300", "2009-12-31": "0.00000", "2008-12-31": "", "2007-12-31": "", "2006-12-31": "", "2005-12-31": ""}, "Income From Continuous Operations": {"2019-12-31": "60.06100", "2018-12-31": "1073.47400", "2017-12-31": "422.63400", "2016-12-31": "374.17100", "2015-12-31": "152.66800", "2014-12-31": "271.31500", "2013-12-31": "910.63300", "2012-12-31": "801.19000", "2011-12-31": "536.13000", "2010-12-31": "315.34600", "2009-12-31": "102.64500", "2008-12-31": "224.50600", "2007-12-31": "135.79300", "2006-12-31": "33.44300", "2005-12-31": "91.01800"}, "Income From Discontinued Operations": {"2019-12-31": "", "2018-12-31": "", "2017-12-31": "", "2016-12-31": "265.75500", "2015-12-31": "-699.08610", "2014-12-31": "665.27600", "2013-12-31": "74.37300", "2012-12-31": "45.65200", "2011-12-31": "18.36400", "2010-12-31": "29.04900", "2009-12-31": "43.50600", "2008-12-31": "246.47700", "2007-12-31": "478.32200", "2006-12-31": "384.10400", "2005-12-31": "82.03900"}, "Net Income": {"2019-12-31": "43.98700", "2018-12-31": "1058.42400", "2017-12-31": "413.01300", "2016-12-31": "626.54900", "2015-12-31": "-560.55200", "2014-12-31": "919.79600", "2013-12-31": "969.10300", "2012-12-31": "812.28900", "2011-12-31": "515.30200", "2010-12-31": "307.49800", "2009-12-31": "109.06900", "2008-12-31": "425.36800", "2007-12-31": "565.08000", "2006-12-31": "396.41700", "2005-12-31": "151.92700"}, "EBITDA": {"2019-12-31": "819.39210", "2018-12-31": "1008.09200", "2017-12-31": "947.83500", "2016-12-31": "1325.25100", "2015-12-31": "1150.41600", "2014-12-31": "1201.80700", "2013-12-31": "1750.10000", "2012-12-31": "1562.33500", "2011-12-31": "1291.89100", "2010-12-31": "983.84410", "2009-12-31": "720.20610", "2008-12-31": "870.73990", "2007-12-31": "745.15700", "2006-12-31": "383.94700", "2005-12-31": "297.64500"}, "EBIT": {"2019-12-31": "130.37810", "2018-12-31": "429.41780", "2017-12-31": "384.28200", "2016-12-31": "709.35500", "2015-12-31": "593.28210", "2014-12-31": "701.61600", "2013-12-31": "1269.05100", "2012-12-31": "1158.27700", "2011-12-31": "893.20300", "2010-12-31": "651.99510", "2009-12-31": "392.14500", "2008-12-31": "548.07500", "2007-12-31": "452.25300", "2006-12-31": "216.14200", "2005-12-31": "188.41000"}, "Basic Shares Outstanding": {"2019-12-31": "486.25500", "2018-12-31": "470.55100", "2017-12-31": "468.75900", "2016-12-31": "467.19500", "2015-12-31": "462.79500", "2014-12-31": "458.42500", "2013-12-31": "455.00200", "2012-12-31": "427.04700", "2011-12-31": "398.44600", "2010-12-31": "305.57400", "2009-12-31": "274.21600", "2008-12-31": "237.30100", "2007-12-31": "207.92400", "2006-12-31": "148.23600", "2005-12-31": "134.67300"}, "Shares Outstanding": {"2019-12-31": "489.33500", "2018-12-31": "475.38700", "2017-12-31": "468.93500", "2016-12-31": "467.40300", "2015-12-31": "462.79500", "2014-12-31": "458.79600", "2013-12-31": "455.70200", "2012-12-31": "428.31600", "2011-12-31": "400.21800", "2010-12-31": "306.90000", "2009-12-31": "274.63100", "2008-12-31": "237.97200", "2007-12-31": "208.92000", "2006-12-31": "148.84100", "2005-12-31": "135.56000"}, "Basic EPS": {"2019-12-31": "0.09000", "2018-12-31": "2.25000", "2017-12-31": "0.88000", "2016-12-31": "1.34000", "2015-12-31": "-1.21000", "2014-12-31": "2.01000", "2013-12-31": "2.13000", "2012-12-31": "1.90000", "2011-12-31": "1.29000", "2010-12-31": "1.01000", "2009-12-31": "0.40000", "2008-12-31": "1.79000", "2007-12-31": "2.72000", "2006-12-31": "2.67000", "2005-12-31": "1.13000"}, "EPS - Earnings Per Share": {"2019-12-31": "0.09000", "2018-12-31": "2.24000", "2017-12-31": "0.88000", "2016-12-31": "1.34000", "2015-12-31": "-1.21000", "2014-12-31": "2.00000", "2013-12-31": "2.13000", "2012-12-31": "1.90000", "2011-12-31": "1.29000", "2010-12-31": "1.00000", "2009-12-31": "0.40000", "2008-12-31": "1.79000", "2007-12-31": "2.70000", "2006-12-31": "2.66000", "2005-12-31": "1.12000"}}, "income statement, quarterly": {"Revenue": {"2020-09-30": "597.73900", "2020-06-30": "588.44000", "2020-03-31": "585.15000", "2019-12-31": "531.69110", "2019-09-30": "537.97100", "2019-06-30": "491.56700", "2019-03-31": "436.15400", "2018-12-31": "441.91900", "2018-09-30": "456.02200", "2018-06-30": "469.55100", "2018-03-31": "479.19700", "2017-12-31": "443.25900", "2017-09-30": "454.02300", "2017-06-30": "458.92800", "2017-03-31": "492.16800", "2016-12-31": "539.94490", "2016-09-30": "530.55700", "2016-06-30": "538.33500", "2016-03-31": "520.45700", "2015-12-31": "64.66700", "2015-09-30": "657.49900", "2015-06-30": "607.53200", "2015-03-31": "610.79100", "2014-12-31": "-25.91790", "2014-09-30": "596.63800", "2014-06-30": "536.12100", "2014-03-31": "529.99200", "2013-12-31": "530.29590", "2013-09-30": "546.15700", "2013-06-30": "512.23900", "2013-03-31": "511.18600", "2012-12-31": "495.66190", "2012-09-30": "468.06600", "2012-06-30": "460.41500", "2012-03-31": "455.82700", "2011-12-31": "433.93600", "2011-09-30": "441.22900", "2011-06-30": "488.12500", "2011-03-31": "331.12800", "2010-12-31": "326.46000", "2010-09-30": "317.04900", "2010-06-30": "301.87700", "2010-03-31": "294.82000", "2009-12-31": "290.18200", "2009-09-30": "287.06800", "2009-06-30": "292.48900", "2009-03-31": "277.01000", "2008-12-31": "383.57600", "2008-09-30": "267.85200", "2008-06-30": "248.77500", "2008-03-31": "244.79300", "2007-12-31": "289.67400", "2007-09-30": "243.57900", "2007-06-30": "206.84600", "2007-03-31": "213.64400", "2006-12-31": "107.31600", "2006-09-30": "119.81500", "2006-06-30": "116.23200", "2006-03-31": "120.88400", "2005-12-31": "22.02700", "2005-09-30": "119.22400", "2005-06-30": "116.23700", "2005-03-31": "107.24700"}, "Cost Of Goods Sold": {"2020-09-30": "314.29200", "2020-06-30": "315.84100", "2020-03-31": "376.01300", "2019-12-31": "248.38100", "2019-09-30": "248.06900", "2019-06-30": "213.99300", "2019-03-31": "168.92700", "2018-12-31": "177.41310", "2018-09-30": "181.20700", "2018-06-30": "173.86600", "2018-03-31": "172.55200", "2017-12-31": "198.66900", "2017-09-30": "155.33800", "2017-06-30": "153.16300", "2017-03-31": "159.08100", "2016-12-31": "195.64800", "2016-09-30": "187.71400", "2016-06-30": "179.08000", "2016-03-31": "175.95700", "2015-12-31": "168.79100", "2015-09-30": "173.51500", "2015-06-30": "136.34200", "2015-03-31": "132.03100", "2014-12-31": "127.12100", "2014-09-30": "99.59900", "2014-06-30": "78.86700", "2014-03-31": "75.70700", "2013-12-31": "76.29200", "2013-09-30": "75.41700", "2013-06-30": "73.88700", "2013-03-31": "72.68600", "2012-12-31": "70.65400", "2012-09-30": "72.65300", "2012-06-30": "70.07600", "2012-03-31": "67.33300", "2011-12-31": "67.57900", "2011-09-30": "57.66200", "2011-06-30": "46.61500", "2011-03-31": "46.84500", "2010-12-31": "58.22900", "2010-09-30": "60.42600", "2010-06-30": "45.41600", "2010-03-31": "46.08700", "2009-12-31": "43.49900", "2009-09-30": "46.15900", "2009-06-30": "45.68500", "2009-03-31": "47.95300", "2008-12-31": "49.16800", "2008-09-30": "49.10400", "2008-06-30": "46.45200", "2008-03-31": "48.22100", "2007-12-31": "46.36000", "2007-09-30": "49.91400", "2007-06-30": "37.21200", "2007-03-31": "42.21800", "2006-12-31": "22.76300", "2006-09-30": "19.90200", "2006-06-30": "19.14300", "2006-03-31": "17.44500", "2005-12-31": "16.64800", "2005-09-30": "13.37300", "2005-06-30": "15.38800", "2005-03-31": "13.30100"}, "Gross Profit": {"2020-09-30": "283.44700", "2020-06-30": "272.59900", "2020-03-31": "209.13700", "2019-12-31": "283.31010", "2019-09-30": "289.90200", "2019-06-30": "277.57400", "2019-03-31": "267.22700", "2018-12-31": "264.50590", "2018-09-30": "274.81500", "2018-06-30": "295.68500", "2018-03-31": "306.64500", "2017-12-31": "244.59000", "2017-09-30": "298.68500", "2017-06-30": "305.76500", "2017-03-31": "333.08700", "2016-12-31": "344.29690", "2016-09-30": "342.84300", "2016-06-30": "359.25500", "2016-03-31": "344.50000", "2015-12-31": "-104.12400", "2015-09-30": "483.98400", "2015-06-30": "471.19000", "2015-03-31": "478.76000", "2014-12-31": "-153.03890", "2014-09-30": "497.03900", "2014-06-30": "457.25400", "2014-03-31": "454.28500", "2013-12-31": "454.00390", "2013-09-30": "470.74000", "2013-06-30": "438.35200", "2013-03-31": "438.50000", "2012-12-31": "425.00790", "2012-09-30": "395.41300", "2012-06-30": "390.33900", "2012-03-31": "388.49400", "2011-12-31": "366.35700", "2011-09-30": "383.56700", "2011-06-30": "441.51000", "2011-03-31": "284.28300", "2010-12-31": "268.23100", "2010-09-30": "256.62300", "2010-06-30": "256.46100", "2010-03-31": "248.73300", "2009-12-31": "246.68300", "2009-09-30": "240.90900", "2009-06-30": "246.80400", "2009-03-31": "229.05700", "2008-12-31": "334.40800", "2008-09-30": "218.74800", "2008-06-30": "202.32300", "2008-03-31": "196.57200", "2007-12-31": "243.31400", "2007-09-30": "193.66500", "2007-06-30": "169.63400", "2007-03-31": "171.42600", "2006-12-31": "84.55300", "2006-09-30": "99.91300", "2006-06-30": "97.08900", "2006-03-31": "103.43900", "2005-12-31": "5.37900", "2005-09-30": "105.85100", "2005-06-30": "100.84900", "2005-03-31": "93.94600"}, "Research And Development Expenses": {"2020-09-30": "", "2020-06-30": "", "2020-03-31": "", "2019-12-31": "", "2019-09-30": "", "2019-06-30": "", "2019-03-31": "", "2018-12-31": "", "2018-09-30": "", "2018-06-30": "", "2018-03-31": "", "2017-12-31": "", "2017-09-30": "", "2017-06-30": "", "2017-03-31": "", "2016-12-31": "", "2016-09-30": "", "2016-06-30": "", "2016-03-31": "", "2015-12-31": "", "2015-09-30": "", "2015-06-30": "", "2015-03-31": "", "2014-12-31": "", "2014-09-30": "", "2014-06-30": "", "2014-03-31": "", "2013-12-31": "", "2013-09-30": "", "2013-06-30": "", "2013-03-31": "", "2012-12-31": "", "2012-09-30": "", "2012-06-30": "", "2012-03-31": "", "2011-12-31": "", "2011-09-30": "", "2011-06-30": "", "2011-03-31": "", "2010-12-31": "", "2010-09-30": "", "2010-06-30": "", "2010-03-31": "", "2009-12-31": "", "2009-09-30": "", "2009-06-30": "", "2009-03-31": "", "2008-12-31": "", "2008-09-30": "", "2008-06-30": "", "2008-03-31": "", "2007-12-31": "", "2007-09-30": "", "2007-06-30": "", "2007-03-31": "", "2006-12-31": "", "2006-09-30": "", "2006-06-30": "", "2006-03-31": "", "2005-12-31": "", "2005-09-30": "", "2005-06-30": "", "2005-03-31": ""}, "SG&A Expenses": {"2020-09-30": "21.66100", "2020-06-30": "23.72000", "2020-03-31": "22.34900", "2019-12-31": "21.52100", "2019-09-30": "22.97000", "2019-06-30": "27.12000", "2019-03-31": "21.35500", "2018-12-31": "21.51000", "2018-09-30": "23.50300", "2018-06-30": "22.51400", "2018-03-31": "29.17500", "2017-12-31": "21.48500", "2017-09-30": "23.52300", "2017-06-30": "21.28600", "2017-03-31": "22.47800", "2016-12-31": "20.60000", "2016-09-30": "34.78100", "2016-06-30": "22.77900", "2016-03-31": "25.45100", "2015-12-31": "21.81300", "2015-09-30": "20.53400", "2015-06-30": "28.84500", "2015-03-31": "24.77300", "2014-12-31": "19.73100", "2014-09-30": "19.47900", "2014-06-30": "21.65600", "2014-03-31": "20.89900", "2013-12-31": "12.99800", "2013-09-30": "45.32600", "2013-06-30": "24.06200", "2013-03-31": "20.65600", "2012-12-31": "14.10900", "2012-09-30": "19.41500", "2012-06-30": "14.80100", "2012-03-31": "20.08900", "2011-12-31": "19.58800", "2011-09-30": "19.64700", "2011-06-30": "34.87200", "2011-03-31": "21.95200", "2010-12-31": "17.98000", "2010-09-30": "19.59000", "2010-06-30": "20.52500", "2010-03-31": "24.92400", "2009-12-31": "16.38000", "2009-09-30": "22.85600", "2009-06-30": "20.23200", "2009-03-31": "18.53100", "2008-12-31": "17.43700", "2008-09-30": "17.07700", "2008-06-30": "18.73200", "2008-03-31": "20.44500", "2007-12-31": "13.62600", "2007-09-30": "16.49900", "2007-06-30": "17.29000", "2007-03-31": "20.10700", "2006-12-31": "21.73500", "2006-09-30": "8.26100", "2006-06-30": "8.39600", "2006-03-31": "8.49000", "2005-12-31": "8.38700", "2005-09-30": "7.30100", "2005-06-30": "8.82700", "2005-03-31": "7.31900"}, "Other Operating Income Or Expenses": {"2020-09-30": "-34.55000", "2020-06-30": "-24.05000", "2020-03-31": "-39.12300", "2019-12-31": "-110.28400", "2019-09-30": "-38.25700", "2019-06-30": "-68.53800", "2019-03-31": "-8.85800", "2018-12-31": "-36.08000", "2018-09-30": "-5.26800", "2018-06-30": "-13.91200", "2018-03-31": "0.00000", "2017-12-31": "-84.37400", "2017-09-30": "-25.32800", "2017-06-30": "-56.68200", "2017-03-31": "", "2016-12-31": "", "2016-09-30": "0.00000", "2016-06-30": "", "2016-03-31": "", "2015-12-31": "484.57200", "2015-09-30": "-69.62200", "2015-06-30": "-44.83500", "2015-03-31": "-478.46400", "2014-12-31": "", "2014-09-30": "0.00000", "2014-06-30": "0.00000", "2014-03-31": "0.00000", "2013-12-31": "", "2013-09-30": "", "2013-06-30": "", "2013-03-31": "", "2012-12-31": "", "2012-09-30": "-7.87800", "2012-06-30": "", "2012-03-31": "", "2011-12-31": "-125.00000", "2011-09-30": "-15.40000", "2011-06-30": "", "2011-03-31": "", "2010-12-31": "", "2010-09-30": "0.00000", "2010-06-30": "", "2010-03-31": "11.90000", "2009-12-31": "-54.48500", "2009-09-30": "-117.09600", "2009-06-30": "-5.78100", "2009-03-31": "", "2008-12-31": "-12.99200", "2008-09-30": "-3.71000", "2008-06-30": "-1.57400", "2008-03-31": "", "2007-12-31": "", "2007-09-30": "", "2007-06-30": "", "2007-03-31": "", "2006-12-31": "", "2006-09-30": "", "2006-06-30": "", "2006-03-31": "", "2005-12-31": "", "2005-09-30": "", "2005-06-30": "", "2005-03-31": ""}, "Operating Expenses": {"2020-09-30": "546.71900", "2020-06-30": "542.72600", "2020-03-31": "641.60900", "2019-12-31": "572.55300", "2019-09-30": "482.55900", "2019-06-30": "476.28400", "2019-03-31": "335.60900", "2018-12-31": "367.44600", "2018-09-30": "346.66500", "2018-06-30": "355.98800", "2018-03-31": "347.17200", "2017-12-31": "446.82000", "2017-09-30": "335.35700", "2017-06-30": "362.74900", "2017-03-31": "319.17000", "2016-12-31": "366.93490", "2016-09-30": "366.66500", "2016-06-30": "342.60100", "2016-03-31": "343.73800", "2015-12-31": "-154.73320", "2015-09-30": "399.92800", "2015-06-30": "348.83200", "2015-03-31": "753.18010", "2014-12-31": "262.13800", "2014-09-30": "247.52800", "2014-06-30": "221.06200", "2014-03-31": "204.48900", "2013-12-31": "201.62100", "2013-09-30": "225.52600", "2013-06-30": "207.15900", "2013-03-31": "196.52100", "2012-12-31": "192.12500", "2012-09-30": "187.11600", "2012-06-30": "169.75000", "2012-03-31": "172.70200", "2011-12-31": "290.55400", "2011-09-30": "179.38100", "2011-06-30": "171.30100", "2011-03-31": "159.97900", "2010-12-31": "149.19600", "2010-09-30": "158.32900", "2010-06-30": "143.64100", "2010-03-31": "137.04500", "2009-12-31": "189.61800", "2009-09-30": "267.28800", "2009-06-30": "150.99100", "2009-03-31": "146.70700", "2008-12-31": "158.82100", "2008-09-30": "147.18300", "2008-06-30": "144.61900", "2008-03-31": "146.29800", "2007-12-31": "132.84300", "2007-09-30": "136.83100", "2007-06-30": "111.16800", "2007-03-31": "120.64800", "2006-12-31": "84.32200", "2006-09-30": "55.94200", "2006-06-30": "54.51400", "2006-03-31": "53.32700", "2005-12-31": "33.99100", "2005-09-30": "47.36400", "2005-06-30": "50.88600", "2005-03-31": "44.08400"}, "Operating Income": {"2020-09-30": "51.02000", "2020-06-30": "45.71400", "2020-03-31": "-56.45900", "2019-12-31": "-40.86190", "2019-09-30": "55.41200", "2019-06-30": "15.28300", "2019-03-31": "100.54500", "2018-12-31": "74.47290", "2018-09-30": "109.35700", "2018-06-30": "113.56300", "2018-03-31": "132.02500", "2017-12-31": "-3.56100", "2017-09-30": "118.66600", "2017-06-30": "96.17900", "2017-03-31": "172.99800", "2016-12-31": "173.01000", "2016-09-30": "163.89200", "2016-06-30": "195.73400", "2016-03-31": "176.71900", "2015-12-31": "219.40010", "2015-09-30": "257.57100", "2015-06-30": "258.70000", "2015-03-31": "-142.38900", "2014-12-31": "-288.05590", "2014-09-30": "349.11000", "2014-06-30": "315.05900", "2014-03-31": "325.50300", "2013-12-31": "328.67490", "2013-09-30": "320.63100", "2013-06-30": "305.08000", "2013-03-31": "314.66500", "2012-12-31": "303.53690", "2012-09-30": "280.95000", "2012-06-30": "290.66500", "2012-03-31": "283.12500", "2011-12-31": "143.38200", "2011-09-30": "261.84800", "2011-06-30": "316.82400", "2011-03-31": "171.14900", "2010-12-31": "177.26410", "2010-09-30": "158.72000", "2010-06-30": "158.23600", "2010-03-31": "157.77500", "2009-12-31": "100.56400", "2009-09-30": "19.78000", "2009-06-30": "141.49800", "2009-03-31": "130.30300", "2008-12-31": "224.75500", "2008-09-30": "120.66900", "2008-06-30": "104.15600", "2008-03-31": "98.49500", "2007-12-31": "156.83100", "2007-09-30": "106.74800", "2007-06-30": "95.67800", "2007-03-31": "92.99600", "2006-12-31": "22.99400", "2006-09-30": "63.87300", "2006-06-30": "61.71800", "2006-03-31": "67.55700", "2005-12-31": "-11.96400", "2005-09-30": "71.86000", "2005-06-30": "65.35100", "2005-03-31": "63.16300"}, "Total Non-Operating Income/Expense": {"2020-09-30": "-66.94700", "2020-06-30": "19.07500", "2020-03-31": "317.93400", "2019-12-31": "81.15500", "2019-09-30": "-96.33800", "2019-06-30": "-25.62100", "2019-03-31": "-38.15000", "2018-12-31": "759.12700", "2018-09-30": "-10.44900", "2018-06-30": "-25.18800", "2018-03-31": "-94.69400", "2017-12-31": "-47.39600", "2017-09-30": "-130.92900", "2017-06-30": "-77.30500", "2017-03-31": "281.74800", "2016-12-31": "-105.48500", "2016-09-30": "-116.43700", "2016-06-30": "0.62100", "2016-03-31": "-120.77000", "2015-12-31": "-118.02600", "2015-09-30": "-122.67700", "2015-06-30": "-107.51600", "2015-03-31": "-108.79200", "2014-12-31": "-108.19700", "2014-09-30": "-108.16400", "2014-06-30": "-106.13300", "2014-03-31": "-104.70800", "2013-12-31": "-108.41800", "2013-09-30": "-106.45600", "2013-06-30": "-105.16400", "2013-03-31": "-96.99800", "2012-12-31": "-105.96900", "2012-09-30": "-102.58500", "2012-06-30": "-101.32600", "2012-03-31": "-103.31600", "2011-12-31": "-102.41300", "2011-09-30": "-104.23100", "2011-06-30": "-97.61100", "2011-03-31": "-98.26700", "2010-12-31": "-56.17000", "2010-09-30": "-64.94100", "2010-06-30": "-72.56400", "2010-03-31": "-75.63900", "2009-12-31": "-69.77900", "2009-09-30": "-68.05600", "2009-06-30": "-73.69200", "2009-03-31": "-79.57400", "2008-12-31": "-190.22900", "2008-09-30": "-19.30300", "2008-06-30": "-53.48600", "2008-03-31": "-59.65300", "2007-12-31": "-123.72100", "2007-09-30": "-80.92700", "2007-06-30": "-52.94900", "2007-03-31": "-63.06400", "2006-12-31": "-82.08400", "2006-09-30": "-35.68300", "2006-06-30": "-30.77100", "2006-03-31": "-28.23200", "2005-12-31": "-7.57000", "2005-09-30": "-28.26200", "2005-06-30": "-25.37200", "2005-03-31": "-23.23800"}, "Pre-Tax Income": {"2020-09-30": "-15.92700", "2020-06-30": "64.78900", "2020-03-31": "261.47500", "2019-12-31": "40.29300", "2019-09-30": "-40.92600", "2019-06-30": "-10.33800", "2019-03-31": "62.39500", "2018-12-31": "833.60000", "2018-09-30": "98.90800", "2018-06-30": "88.37500", "2018-03-31": "37.33100", "2017-12-31": "-50.95700", "2017-09-30": "-12.26300", "2017-06-30": "18.87400", "2017-03-31": "454.74600", "2016-12-31": "67.52500", "2016-09-30": "47.45500", "2016-06-30": "196.35500", "2016-03-31": "55.94900", "2015-12-31": "101.37400", "2015-09-30": "134.89400", "2015-06-30": "151.18400", "2015-03-31": "-251.18100", "2014-12-31": "-396.25300", "2014-09-30": "240.94600", "2014-06-30": "208.92600", "2014-03-31": "220.79500", "2013-12-31": "220.25700", "2013-09-30": "214.17500", "2013-06-30": "199.91600", "2013-03-31": "217.66700", "2012-12-31": "197.56800", "2012-09-30": "178.36500", "2012-06-30": "189.33900", "2012-03-31": "179.80900", "2011-12-31": "40.96900", "2011-09-30": "157.61700", "2011-06-30": "219.21300", "2011-03-31": "72.88200", "2010-12-31": "121.09400", "2010-09-30": "93.77900", "2010-06-30": "85.67200", "2010-03-31": "82.13600", "2009-12-31": "30.78500", "2009-09-30": "-48.27600", "2009-06-30": "67.80600", "2009-03-31": "50.72900", "2008-12-31": "34.52600", "2008-09-30": "101.36600", "2008-06-30": "50.67000", "2008-03-31": "38.84200", "2007-12-31": "33.11000", "2007-09-30": "25.82100", "2007-06-30": "42.72900", "2007-03-31": "29.93200", "2006-12-31": "-59.09000", "2006-09-30": "28.19000", "2006-06-30": "30.94700", "2006-03-31": "39.32500", "2005-12-31": "-19.53400", "2005-09-30": "43.59800", "2005-06-30": "39.97900", "2005-03-31": "39.92500"}, "Income Taxes": {"2020-09-30": "24.17400", "2020-06-30": "-7.34600", "2020-03-31": "-33.04400", "2019-12-31": "-5.67900", "2019-09-30": "-6.26100", "2019-06-30": "-1.86400", "2019-03-31": "-3.45800", "2018-12-31": "-2.93500", "2018-09-30": "-4.92900", "2018-06-30": "-4.65400", "2018-03-31": "-5.33600", "2017-12-31": "13.29700", "2017-09-30": "-5.48100", "2017-06-30": "-2.98700", "2017-03-31": "-6.16200", "2016-12-31": "3.37200", "2016-09-30": "-0.42400", "2016-06-30": "-2.17900", "2016-03-31": "3.70400", "2015-12-31": "-3.18700", "2015-09-30": "-1.98000", "2015-06-30": "-4.56300", "2015-03-31": "-0.07700", "2014-12-31": "-3.34600", "2014-09-30": "0.05500", "2014-06-30": "1.33900", "2014-03-31": "1.44600", "2013-12-31": "2.26100", "2013-09-30": "1.03400", "2013-06-30": "1.60400", "2013-03-31": "0.91600", "2012-12-31": "-0.51400", "2012-09-30": "-0.60200", "2012-06-30": "0.17100", "2012-03-31": "-0.70900", "2011-12-31": "1.01100", "2011-09-30": "0.00500", "2011-06-30": "0.24800", "2011-03-31": "0.03700", "2010-12-31": "-1.39800", "2010-09-30": "0.86700", "2010-06-30": "0.57100", "2010-03-31": "0.37200", "2009-12-31": "0.50700", "2009-09-30": "-0.32500", "2009-06-30": "0.84000", "2009-03-31": "0.88800", "2008-12-31": "-0.14400", "2008-09-30": "0.85300", "2008-06-30": "1.27400", "2008-03-31": "2.24100", "2007-12-31": "1.69000", "2007-09-30": "-0.31800", "2007-06-30": "-0.39500", "2007-03-31": "0.46700", "2006-12-31": "", "2006-09-30": "", "2006-06-30": "", "2006-03-31": "", "2005-12-31": "", "2005-09-30": "", "2005-06-30": "", "2005-03-31": ""}, "Income After Taxes": {"2020-09-30": "-40.10100", "2020-06-30": "72.13500", "2020-03-31": "294.51900", "2019-12-31": "45.97200", "2019-09-30": "-34.66500", "2019-06-30": "-8.47400", "2019-03-31": "65.85300", "2018-12-31": "836.53500", "2018-09-30": "103.83700", "2018-06-30": "93.02900", "2018-03-31": "42.66700", "2017-12-31": "-64.25400", "2017-09-30": "-6.78200", "2017-06-30": "21.86100", "2017-03-31": "460.90800", "2016-12-31": "64.15300", "2016-09-30": "47.87900", "2016-06-30": "198.53400", "2016-03-31": "52.24500", "2015-12-31": "104.56100", "2015-09-30": "136.87400", "2015-06-30": "155.74700", "2015-03-31": "-251.10400", "2014-12-31": "-392.90700", "2014-09-30": "240.89100", "2014-06-30": "207.58700", "2014-03-31": "219.34900", "2013-12-31": "217.99600", "2013-09-30": "213.14100", "2013-06-30": "198.31200", "2013-03-31": "216.75100", "2012-12-31": "198.08190", "2012-09-30": "178.96700", "2012-06-30": "189.16800", "2012-03-31": "180.51800", "2011-12-31": "39.95800", "2011-09-30": "157.61200", "2011-06-30": "218.96500", "2011-03-31": "72.84500", "2010-12-31": "122.49200", "2010-09-30": "92.91200", "2010-06-30": "85.10100", "2010-03-31": "81.76400", "2009-12-31": "30.27800", "2009-09-30": "-47.95100", "2009-06-30": "66.96600", "2009-03-31": "49.84100", "2008-12-31": "34.67000", "2008-09-30": "100.51300", "2008-06-30": "49.39600", "2008-03-31": "36.60100", "2007-12-31": "31.42000", "2007-09-30": "26.13900", "2007-06-30": "43.12400", "2007-03-31": "29.46500", "2006-12-31": "-59.33500", "2006-09-30": "28.19000", "2006-06-30": "30.94700", "2006-03-31": "39.32500", "2005-12-31": "-19.53400", "2005-09-30": "43.59800", "2005-06-30": "39.97900", "2005-03-31": "39.92500"}, "Other Income": {"2020-09-30": "", "2020-06-30": "", "2020-03-31": "", "2019-12-31": "", "2019-09-30": "", "2019-06-30": "", "2019-03-31": "", "2018-12-31": "", "2018-09-30": "", "2018-06-30": "", "2018-03-31": "", "2017-12-31": "", "2017-09-30": "", "2017-06-30": "", "2017-03-31": "", "2016-12-31": "", "2016-09-30": "", "2016-06-30": "", "2016-03-31": "", "2015-12-31": "", "2015-09-30": "-27.23400", "2015-06-30": "", "2015-03-31": "", "2014-12-31": "", "2014-09-30": "0.00000", "2014-06-30": "", "2014-03-31": "", "2013-12-31": "", "2013-09-30": "", "2013-06-30": "", "2013-03-31": "", "2012-12-31": "", "2012-09-30": "", "2012-06-30": "", "2012-03-31": "", "2011-12-31": "", "2011-09-30": "", "2011-06-30": "", "2011-03-31": "", "2010-12-31": "", "2010-09-30": "-71.69300", "2010-06-30": "", "2010-03-31": "", "2009-12-31": "", "2009-09-30": "", "2009-06-30": "", "2009-03-31": "", "2008-12-31": "", "2008-09-30": "", "2008-06-30": "", "2008-03-31": "", "2007-12-31": "", "2007-09-30": "", "2007-06-30": "", "2007-03-31": "", "2006-12-31": "", "2006-09-30": "", "2006-06-30": "", "2006-03-31": "", "2005-12-31": "", "2005-09-30": "", "2005-06-30": "", "2005-03-31": ""}, "Income From Continuous Operations": {"2020-09-30": "-59.58100", "2020-06-30": "55.04900", "2020-03-31": "282.54000", "2019-12-31": "47.35900", "2019-09-30": "-42.30800", "2019-06-30": "-9.98000", "2019-03-31": "64.99000", "2018-12-31": "834.38300", "2018-09-30": "102.92600", "2018-06-30": "92.92800", "2018-03-31": "43.23700", "2017-12-31": "-57.92400", "2017-09-30": "-5.72000", "2017-06-30": "22.10100", "2017-03-31": "464.17700", "2016-12-31": "79.54100", "2016-09-30": "45.82600", "2016-06-30": "197.46700", "2016-03-31": "51.33700", "2015-12-31": "104.46900", "2015-09-30": "117.95400", "2015-06-30": "167.74800", "2015-03-31": "-237.50300", "2014-12-31": "-435.90000", "2014-09-30": "251.05900", "2014-06-30": "222.27900", "2014-03-31": "233.87700", "2013-12-31": "238.15100", "2013-09-30": "227.03300", "2013-06-30": "213.89700", "2013-03-31": "231.55200", "2012-12-31": "209.73400", "2012-09-30": "192.36300", "2012-06-30": "204.90000", "2012-03-31": "194.19300", "2011-12-31": "53.91000", "2011-09-30": "174.66200", "2011-06-30": "233.91500", "2011-03-31": "73.64300", "2010-12-31": "123.18400", "2010-09-30": "21.42800", "2010-06-30": "87.58700", "2010-03-31": "83.14700", "2009-12-31": "31.33400", "2009-09-30": "-46.62300", "2009-06-30": "68.09300", "2009-03-31": "49.84100", "2008-12-31": "37.99600", "2008-09-30": "100.51300", "2008-06-30": "49.39600", "2008-03-31": "36.60100", "2007-12-31": "44.91600", "2007-09-30": "20.12100", "2007-06-30": "46.52600", "2007-03-31": "24.23000", "2006-12-31": "-53.56100", "2006-09-30": "24.67900", "2006-06-30": "26.77700", "2006-03-31": "35.54800", "2005-12-31": "-22.89100", "2005-09-30": "40.18300", "2005-06-30": "36.94800", "2005-03-31": "36.77800"}, "Income From Discontinued Operations": {"2020-09-30": "", "2020-06-30": "", "2020-03-31": "", "2019-12-31": "", "2019-09-30": "", "2019-06-30": "", "2019-03-31": "", "2018-12-31": "", "2018-09-30": "", "2018-06-30": "", "2018-03-31": "", "2017-12-31": "", "2017-09-30": "", "2017-06-30": "", "2017-03-31": "", "2016-12-31": "-18.24100", "2016-09-30": "108.21300", "2016-06-30": "107.37500", "2016-03-31": "68.40800", "2015-12-31": "", "2015-09-30": "", "2015-06-30": "", "2015-03-31": "", "2014-12-31": "635.53000", "2014-09-30": "0.00000", "2014-06-30": "", "2014-03-31": "29.74600", "2013-12-31": "59.48800", "2013-09-30": "9.82500", "2013-06-30": "2.82800", "2013-03-31": "2.23200", "2012-12-31": "36.52600", "2012-09-30": "6.68000", "2012-06-30": "0.07500", "2012-03-31": "2.37100", "2011-12-31": "16.87700", "2011-09-30": "0.80900", "2011-06-30": "0.33700", "2011-03-31": "0.34100", "2010-12-31": "22.34200", "2010-09-30": "4.74500", "2010-06-30": "1.00800", "2010-03-31": "0.95400", "2009-12-31": "4.15000", "2009-09-30": "3.40300", "2009-06-30": "33.08500", "2009-03-31": "2.86800", "2008-12-31": "7.22300", "2008-09-30": "31.04300", "2008-06-30": "188.68400", "2008-03-31": "19.52700", "2007-12-31": "30.47900", "2007-09-30": "302.02700", "2007-06-30": "24.75800", "2007-03-31": "121.05800", "2006-12-31": "294.83500", "2006-09-30": "52.13900", "2006-06-30": "14.79000", "2006-03-31": "22.34000", "2005-12-31": "64.40200", "2005-09-30": "4.85800", "2005-06-30": "6.09900", "2005-03-31": "6.68000"}, "Net Income": {"2020-09-30": "-63.76800", "2020-06-30": "51.13100", "2020-03-31": "277.46400", "2019-12-31": "43.19800", "2019-09-30": "-46.24900", "2019-06-30": "-13.99100", "2019-03-31": "61.02900", "2018-12-31": "830.15590", "2018-09-30": "98.94600", "2018-06-30": "89.48100", "2018-03-31": "39.84100", "2017-12-31": "-58.85700", "2017-09-30": "-7.78800", "2017-06-30": "19.28300", "2017-03-31": "460.37500", "2016-12-31": "58.48800", "2016-09-30": "150.92400", "2016-06-30": "301.37500", "2016-03-31": "115.76200", "2015-12-31": "-599.16410", "2015-09-30": "115.04600", "2015-06-30": "164.51500", "2015-03-31": "-240.94900", "2014-12-31": "196.14500", "2014-09-30": "247.20800", "2014-06-30": "218.39600", "2014-03-31": "258.04700", "2013-12-31": "292.69100", "2013-09-30": "233.28200", "2013-06-30": "213.02300", "2013-03-31": "230.10700", "2012-12-31": "239.93610", "2012-09-30": "195.62900", "2012-06-30": "201.46700", "2012-03-31": "175.25700", "2011-12-31": "62.06700", "2011-09-30": "166.36700", "2011-06-30": "222.99300", "2011-03-31": "63.87500", "2010-12-31": "136.20200", "2010-09-30": "16.99500", "2010-06-30": "79.46500", "2010-03-31": "74.83600", "2009-12-31": "26.39700", "2009-09-30": "-52.39700", "2009-06-30": "91.78400", "2009-03-31": "43.28500", "2008-12-31": "35.28400", "2008-09-30": "119.61500", "2008-06-30": "225.89000", "2008-03-31": "44.57900", "2007-12-31": "42.20800", "2007-09-30": "316.86600", "2007-06-30": "66.00100", "2007-03-31": "140.00500", "2006-12-31": "235.99200", "2006-09-30": "71.53600", "2006-06-30": "36.28400", "2006-03-31": "52.60500", "2005-12-31": "36.22900", "2005-09-30": "39.75900", "2005-06-30": "37.76400", "2005-03-31": "38.17500"}, "EBITDA": {"2020-09-30": "209.81800", "2020-06-30": "209.77600", "2020-03-31": "124.28800", "2019-12-31": "156.25810", "2019-09-30": "234.26100", "2019-06-30": "189.56700", "2019-03-31": "239.30600", "2018-12-31": "211.54900", "2018-09-30": "247.50500", "2018-06-30": "264.50800", "2018-03-31": "284.53000", "2017-12-31": "140.09300", "2017-09-30": "256.46600", "2017-06-30": "234.10100", "2017-03-31": "317.17500", "2016-12-31": "328.41900", "2016-09-30": "321.60500", "2016-06-30": "346.56100", "2016-03-31": "328.66600", "2015-12-31": "371.86720", "2015-09-30": "402.49900", "2015-06-30": "393.37800", "2015-03-31": "-17.32800", "2014-12-31": "-161.33090", "2014-09-30": "481.91800", "2014-06-30": "438.64200", "2014-03-31": "442.57800", "2013-12-31": "446.60690", "2013-09-30": "453.25400", "2013-06-30": "420.86100", "2013-03-31": "429.37800", "2012-12-31": "413.74890", "2012-09-30": "380.05200", "2012-06-30": "387.92800", "2012-03-31": "380.60600", "2011-12-31": "237.90900", "2011-09-30": "358.02300", "2011-06-30": "414.24600", "2011-03-31": "281.71300", "2010-12-31": "271.82210", "2010-09-30": "237.53200", "2010-06-30": "236.18000", "2010-03-31": "238.31000", "2009-12-31": "192.51100", "2009-09-30": "102.33400", "2009-06-30": "214.91900", "2009-03-31": "210.44200", "2008-12-31": "306.27900", "2008-09-30": "197.63100", "2008-06-30": "185.09000", "2008-03-31": "181.74000", "2007-12-31": "235.76600", "2007-09-30": "189.07000", "2007-06-30": "159.57200", "2007-03-31": "160.74900", "2006-12-31": "93.61100", "2006-09-30": "97.14100", "2006-06-30": "94.24500", "2006-03-31": "98.95000", "2005-12-31": "17.52800", "2005-09-30": "100.07900", "2005-06-30": "92.06000", "2005-03-31": "87.97800"}, "EBIT": {"2020-09-30": "51.02000", "2020-06-30": "45.71400", "2020-03-31": "-56.45900", "2019-12-31": "-40.86190", "2019-09-30": "55.41200", "2019-06-30": "15.28300", "2019-03-31": "100.54500", "2018-12-31": "74.47290", "2018-09-30": "109.35700", "2018-06-30": "113.56300", "2018-03-31": "132.02500", "2017-12-31": "-3.56100", "2017-09-30": "118.66600", "2017-06-30": "96.17900", "2017-03-31": "172.99800", "2016-12-31": "173.01000", "2016-09-30": "163.89200", "2016-06-30": "195.73400", "2016-03-31": "176.71900", "2015-12-31": "219.40010", "2015-09-30": "257.57100", "2015-06-30": "258.70000", "2015-03-31": "-142.38900", "2014-12-31": "-288.05600", "2014-09-30": "349.11000", "2014-06-30": "315.05900", "2014-03-31": "325.50300", "2013-12-31": "328.67500", "2013-09-30": "320.63100", "2013-06-30": "305.08000", "2013-03-31": "314.66500", "2012-12-31": "303.53690", "2012-09-30": "280.95000", "2012-06-30": "290.66500", "2012-03-31": "283.12500", "2011-12-31": "143.38200", "2011-09-30": "261.84800", "2011-06-30": "316.82400", "2011-03-31": "171.14900", "2010-12-31": "177.26410", "2010-09-30": "158.72000", "2010-06-30": "158.23600", "2010-03-31": "157.77500", "2009-12-31": "100.56400", "2009-09-30": "19.78000", "2009-06-30": "141.49800", "2009-03-31": "130.30300", "2008-12-31": "224.75490", "2008-09-30": "120.66900", "2008-06-30": "104.15600", "2008-03-31": "98.49500", "2007-12-31": "156.83100", "2007-09-30": "106.74800", "2007-06-30": "95.67800", "2007-03-31": "92.99600", "2006-12-31": "22.99400", "2006-09-30": "63.87300", "2006-06-30": "61.71800", "2006-03-31": "67.55700", "2005-12-31": "-11.96400", "2005-09-30": "71.86000", "2005-06-30": "65.35100", "2005-03-31": "63.16300"}, "Basic Shares Outstanding": {"2020-09-30": "538.33300", "2020-06-30": "538.26200", "2020-03-31": "506.47600", "2019-12-31": "486.25500", "2019-09-30": "491.20300", "2019-06-30": "478.73900", "2019-03-31": "477.76600", "2018-12-31": "470.55100", "2018-09-30": "469.86700", "2018-06-30": "469.76900", "2018-03-31": "469.55700", "2017-12-31": "468.75900", "2017-09-30": "468.97500", "2017-06-30": "468.64600", "2017-03-31": "468.29900", "2016-12-31": "467.19500", "2016-09-30": "467.62800", "2016-06-30": "467.08400", "2016-03-31": "466.07400", "2015-12-31": "462.79500", "2015-09-30": "463.33700", "2015-06-30": "461.87400", "2015-03-31": "460.88000", "2014-12-31": "458.42500", "2014-09-30": "458.79900", "2014-06-30": "458.24700", "2014-03-31": "457.29400", "2013-12-31": "455.00200", "2013-09-30": "455.34500", "2013-06-30": "454.61800", "2013-03-31": "453.65100", "2012-12-31": "427.04700", "2012-09-30": "429.55700", "2012-06-30": "420.46800", "2012-03-31": "410.01800", "2011-12-31": "398.44600", "2011-09-30": "407.08100", "2011-06-30": "406.19300", "2011-03-31": "372.11600", "2010-12-31": "305.57400", "2010-09-30": "309.44800", "2010-06-30": "294.88000", "2010-03-31": "293.22300", "2009-12-31": "274.21600", "2009-09-30": "284.81200", "2009-06-30": "265.42200", "2009-03-31": "253.33500", "2008-12-31": "237.30100", "2008-09-30": "244.57200", "2008-06-30": "235.11700", "2008-03-31": "216.77300", "2007-12-31": "207.92400", "2007-09-30": "206.18600", "2007-06-30": "205.75500", "2007-03-31": "204.00000", "2006-12-31": "148.23600", "2006-09-30": "136.68200", "2006-06-30": "136.48400", "2006-03-31": "136.04000", "2005-12-31": "134.67300", "2005-09-30": "135.22500", "2005-06-30": "134.44500", "2005-03-31": "133.49200"}, "Shares Outstanding": {"2020-09-30": "538.33300", "2020-06-30": "538.51700", "2020-03-31": "515.04500", "2019-12-31": "489.33500", "2019-09-30": "491.20300", "2019-06-30": "478.73900", "2019-03-31": "479.13100", "2018-12-31": "475.38700", "2018-09-30": "470.11800", "2018-06-30": "469.94100", "2018-03-31": "469.69500", "2017-12-31": "468.93500", "2017-09-30": "468.97500", "2017-06-30": "468.83900", "2017-03-31": "475.17300", "2016-12-31": "467.40300", "2016-09-30": "467.83500", "2016-06-30": "471.42500", "2016-03-31": "466.26200", "2015-12-31": "462.79500", "2015-09-30": "463.58600", "2015-06-30": "462.10600", "2015-03-31": "460.88000", "2014-12-31": "458.79600", "2014-09-30": "459.14100", "2014-06-30": "458.58800", "2014-03-31": "457.67400", "2013-12-31": "455.70200", "2013-09-30": "456.07800", "2013-06-30": "455.43100", "2013-03-31": "454.61300", "2012-12-31": "428.31600", "2012-09-30": "430.77800", "2012-06-30": "421.67100", "2012-03-31": "411.66100", "2011-12-31": "400.21800", "2011-09-30": "408.64600", "2011-06-30": "411.71000", "2011-03-31": "373.96000", "2010-12-31": "306.90000", "2010-09-30": "311.09200", "2010-06-30": "296.03700", "2010-03-31": "294.08700", "2009-12-31": "274.63100", "2009-09-30": "284.81200", "2009-06-30": "265.54200", "2009-03-31": "253.42300", "2008-12-31": "237.97200", "2008-09-30": "245.48200", "2008-06-30": "236.09900", "2008-03-31": "217.39100", "2007-12-31": "208.92000", "2007-09-30": "207.07000", "2007-06-30": "207.02400", "2007-03-31": "205.90900", "2006-12-31": "148.84100", "2006-09-30": "137.57800", "2006-06-30": "137.19200", "2006-03-31": "136.85600", "2005-12-31": "135.56000", "2005-09-30": "136.13500", "2005-06-30": "135.21400", "2005-03-31": "134.52900"}, "Basic EPS": {"2020-09-30": "-0.12000", "2020-06-30": "0.09000", "2020-03-31": "0.55000", "2019-12-31": "0.08000", "2019-09-30": "-0.09000", "2019-06-30": "-0.03000", "2019-03-31": "0.13000", "2018-12-31": "1.77000", "2018-09-30": "0.21000", "2018-06-30": "0.19000", "2018-03-31": "0.08000", "2017-12-31": "-0.12000", "2017-09-30": "-0.02000", "2017-06-30": "0.04000", "2017-03-31": "0.98000", "2016-12-31": "0.12000", "2016-09-30": "0.32000", "2016-06-30": "0.65000", "2016-03-31": "0.25000", "2015-12-31": "-1.30000", "2015-09-30": "0.25000", "2015-06-30": "0.36000", "2015-03-31": "-0.52000", "2014-12-31": "0.43000", "2014-09-30": "0.54000", "2014-06-30": "0.48000", "2014-03-31": "0.56000", "2013-12-31": "0.64000", "2013-09-30": "0.51000", "2013-06-30": "0.47000", "2013-03-31": "0.51000", "2012-12-31": "0.53000", "2012-09-30": "0.46000", "2012-06-30": "0.48000", "2012-03-31": "0.43000", "2011-12-31": "0.16000", "2011-09-30": "0.41000", "2011-06-30": "0.55000", "2011-03-31": "0.17000", "2010-12-31": "0.43000", "2010-09-30": "0.05000", "2010-06-30": "0.27000", "2010-03-31": "0.26000", "2009-12-31": "0.06000", "2009-09-30": "-0.18000", "2009-06-30": "0.35000", "2009-03-31": "0.17000", "2008-12-31": "0.13000", "2008-09-30": "0.49000", "2008-06-30": "0.96000", "2008-03-31": "0.21000", "2007-12-31": "0.17000", "2007-09-30": "1.54000", "2007-06-30": "0.32000", "2007-03-31": "0.69000", "2006-12-31": "1.49000", "2006-09-30": "0.52000", "2006-06-30": "0.27000", "2006-03-31": "0.39000", "2005-12-31": "0.27000", "2005-09-30": "0.29000", "2005-06-30": "0.28000", "2005-03-31": "0.29000"}, "EPS - Earnings Per Share": {"2020-09-30": "-0.12000", "2020-06-30": "0.09000", "2020-03-31": "0.54000", "2019-12-31": "0.08000", "2019-09-30": "-0.09000", "2019-06-30": "-0.03000", "2019-03-31": "0.13000", "2018-12-31": "1.76000", "2018-09-30": "0.21000", "2018-06-30": "0.19000", "2018-03-31": "0.08000", "2017-12-31": "-0.11000", "2017-09-30": "-0.02000", "2017-06-30": "0.04000", "2017-03-31": "0.97000", "2016-12-31": "0.13000", "2016-09-30": "0.32000", "2016-06-30": "0.64000", "2016-03-31": "0.25000", "2015-12-31": "-1.30000", "2015-09-30": "0.25000", "2015-06-30": "0.36000", "2015-03-31": "-0.52000", "2014-12-31": "0.42000", "2014-09-30": "0.54000", "2014-06-30": "0.48000", "2014-03-31": "0.56000", "2013-12-31": "0.64000", "2013-09-30": "0.51000", "2013-06-30": "0.47000", "2013-03-31": "0.51000", "2012-12-31": "0.54000", "2012-09-30": "0.45000", "2012-06-30": "0.48000", "2012-03-31": "0.43000", "2011-12-31": "0.16000", "2011-09-30": "0.41000", "2011-06-30": "0.55000", "2011-03-31": "0.17000", "2010-12-31": "0.43000", "2010-09-30": "0.05000", "2010-06-30": "0.27000", "2010-03-31": "0.25000", "2009-12-31": "0.06000", "2009-09-30": "-0.18000", "2009-06-30": "0.35000", "2009-03-31": "0.17000", "2008-12-31": "0.13000", "2008-09-30": "0.49000", "2008-06-30": "0.96000", "2008-03-31": "0.21000", "2007-12-31": "0.17000", "2007-09-30": "1.53000", "2007-06-30": "0.32000", "2007-03-31": "0.68000", "2006-12-31": "1.50000", "2006-09-30": "0.52000", "2006-06-30": "0.26000", "2006-03-31": "0.38000", "2005-12-31": "0.27000", "2005-09-30": "0.29000", "2005-06-30": "0.28000", "2005-03-31": "0.28000"}}, "balance sheet": {"Cash On Hand": {"2019-12-31": "184.65700", "2018-12-31": "139.84600", "2017-12-31": "82.20300", "2016-12-31": "136.99000", "2015-12-31": "386.53200", "2014-12-31": "232.78600", "2013-12-31": "337.78500", "2012-12-31": "285.52100", "2011-12-31": "75.05900", "2010-12-31": "1073.02000", "2009-12-31": "145.25900", "2008-12-31": "92.64000", "2007-12-31": "132.69600", "2006-12-31": "99.19100", "2005-12-31": "21.34200"}, "Receivables": {"2019-12-31": "59.41700", "2018-12-31": "48.17100", "2017-12-31": "40.73300", "2016-12-31": "45.11600", "2015-12-31": "48.92900", "2014-12-31": "36.33900", "2013-12-31": "27.49400", "2012-12-31": "34.15000", "2011-12-31": "26.68100", "2010-12-31": "34.50400", "2009-12-31": "43.72600", "2008-12-31": "33.83400", "2007-12-31": "44.89200", "2006-12-31": "31.02600", "2005-12-31": "13.31300"}, "Inventory": {"2019-12-31": "", "2018-12-31": "", "2017-12-31": "", "2016-12-31": "", "2015-12-31": "", "2014-12-31": "", "2013-12-31": "", "2012-12-31": "", "2011-12-31": "", "2010-12-31": "", "2009-12-31": "", "2008-12-31": "", "2007-12-31": "", "2006-12-31": "", "2005-12-31": ""}, "Pre-Paid Expenses": {"2019-12-31": "", "2018-12-31": "", "2017-12-31": "", "2016-12-31": "", "2015-12-31": "", "2014-12-31": "", "2013-12-31": "", "2012-12-31": "", "2011-12-31": "", "2010-12-31": "", "2009-12-31": "", "2008-12-31": "", "2007-12-31": "", "2006-12-31": "", "2005-12-31": ""}, "Other Current Assets": {"2019-12-31": "", "2018-12-31": "", "2017-12-31": "", "2016-12-31": "", "2015-12-31": "", "2014-12-31": "", "2013-12-31": "", "2012-12-31": "", "2011-12-31": "", "2010-12-31": "", "2009-12-31": "", "2008-12-31": "", "2007-12-31": "", "2006-12-31": "", "2005-12-31": ""}, "Total Current Assets": {"2019-12-31": "434.65300", "2018-12-31": "251.01500", "2017-12-31": "436.26200", "2016-12-31": "990.06000", "2015-12-31": "1204.20400", "2014-12-31": "1176.08600", "2013-12-31": "731.28000", "2012-12-31": "595.70100", "2011-12-31": "211.99300", "2010-12-31": "3110.39000", "2009-12-31": "1861.92300", "2008-12-31": "1194.92800", "2007-12-31": "1243.07300", "2006-12-31": "326.69700", "2005-12-31": "221.48600"}, "Property, Plant, And Equipment": {"2019-12-31": "11033.05000", "2018-12-31": "10209.45000", "2017-12-31": "10731.88000", "2016-12-31": "11325.83000", "2015-12-31": "11854.24000", "2014-12-31": "10886.89000", "2013-12-31": "10627.25000", "2012-12-31": "10829.33000", "2011-12-31": "9280.51000", "2010-12-31": "8660.17300", "2009-12-31": "8550.68600", "2008-12-31": "8691.37000", "2007-12-31": "8825.41000", "2006-12-31": "5929.21900", "2005-12-31": "2936.03600"}, "Long-Term Investments": {"2019-12-31": "", "2018-12-31": "", "2017-12-31": "", "2016-12-31": "", "2015-12-31": "", "2014-12-31": "", "2013-12-31": "", "2012-12-31": "", "2011-12-31": "", "2010-12-31": "", "2009-12-31": "", "2008-12-31": "", "2007-12-31": "", "2006-12-31": "", "2005-12-31": ""}, "Goodwill And Intangible Assets": {"2019-12-31": "331.69300", "2018-12-31": "305.07900", "2017-12-31": "410.08200", "2016-12-31": "479.80500", "2015-12-31": "586.65700", "2014-12-31": "481.01300", "2013-12-31": "489.84200", "2012-12-31": "551.73700", "2011-12-31": "372.39000", "2010-12-31": "316.37500", "2009-12-31": "389.69800", "2008-12-31": "505.50700", "2007-12-31": "623.07300", "2006-12-31": "380.56800", "2005-12-31": "36.26400"}, "Other Long-Term Assets": {"2019-12-31": "2061.00400", "2018-12-31": "1953.00900", "2017-12-31": "2510.23900", "2016-12-31": "2963.57000", "2015-12-31": "7804.74600", "2014-12-31": "8787.45000", "2013-12-31": "8227.49900", "2012-12-31": "7938.78500", "2011-12-31": "7543.58200", "2010-12-31": "1244.98500", "2009-12-31": "1407.42800", "2008-12-31": "1458.02100", "2007-12-31": "1830.21600", "2006-12-31": "3376.26500", "2005-12-31": "403.47900"}, "Total Long-Term Assets": {"2019-12-31": "13425.75000", "2018-12-31": "12467.54000", "2017-12-31": "13652.20000", "2016-12-31": "14769.21000", "2015-12-31": "20245.64000", "2014-12-31": "20155.35000", "2013-12-31": "19344.59000", "2012-12-31": "19319.86000", "2011-12-31": "17196.48000", "2010-12-31": "10221.53000", "2009-12-31": "10347.81000", "2008-12-31": "10654.90000", "2007-12-31": "11278.70000", "2006-12-31": "9686.05300", "2005-12-31": "3375.77900"}, "Total Assets": {"2019-12-31": "14032.89000", "2018-12-31": "12718.55000", "2017-12-31": "14088.46000", "2016-12-31": "15759.26000", "2015-12-31": "21449.85000", "2014-12-31": "21331.44000", "2013-12-31": "20075.87000", "2012-12-31": "19915.55000", "2011-12-31": "17408.47000", "2010-12-31": "13331.92000", "2009-12-31": "12209.74000", "2008-12-31": "11849.83000", "2007-12-31": "12521.77000", "2006-12-31": "10012.75000", "2005-12-31": "3597.26500"}, "Total Current Liabilities": {"2019-12-31": "456.15300", "2018-12-31": "391.58300", "2017-12-31": "401.73800", "2016-12-31": "417.36000", "2015-12-31": "430.78600", "2014-12-31": "432.93400", "2013-12-31": "318.42700", "2012-12-31": "293.99400", "2011-12-31": "275.47800", "2010-12-31": "313.80600", "2009-12-31": "309.59600", "2008-12-31": "211.71500", "2007-12-31": "238.09300", "2006-12-31": "200.08800", "2005-12-31": "68.71800"}, "Long Term Debt": {"2019-12-31": "6351.61300", "2018-12-31": "5567.90800", "2017-12-31": "7880.46600", "2016-12-31": "9189.49400", "2015-12-31": "11069.00000", "2014-12-31": "9721.27000", "2013-12-31": "8661.62800", "2012-12-31": "8695.55000", "2011-12-31": "7728.98400", "2010-12-31": "4646.34500", "2009-12-31": "5656.14300", "2008-12-31": "5937.45600", "2007-12-31": "7510.90700", "2006-12-31": "6202.01500", "2005-12-31": "1956.94600"}, "Other Non-Current Liabilities": {"2019-12-31": "401.04000", "2018-12-31": "246.47100", "2017-12-31": "211.31900", "2016-12-31": "211.10200", "2015-12-31": "203.74300", "2014-12-31": "180.13400", "2013-12-31": "164.68200", "2012-12-31": "172.23500", "2011-12-31": "183.39100", "2010-12-31": "225.72500", "2009-12-31": "285.38700", "2008-12-31": "292.81500", "2007-12-31": "329.79200", "2006-12-31": "154.84500", "2005-12-31": "22.55100"}, "Total Long Term Liabilities": {"2019-12-31": "6752.65300", "2018-12-31": "5814.37900", "2017-12-31": "8091.78500", "2016-12-31": "9400.59600", "2015-12-31": "11272.75000", "2014-12-31": "9901.40300", "2013-12-31": "8826.31000", "2012-12-31": "8867.78500", "2011-12-31": "7912.37500", "2010-12-31": "4872.07000", "2009-12-31": "5941.53000", "2008-12-31": "6230.27100", "2007-12-31": "8179.97000", "2006-12-31": "6518.62500", "2005-12-31": "2128.78100"}, "Total Liabilities": {"2019-12-31": "7365.41700", "2018-12-31": "6205.96200", "2017-12-31": "8493.52300", "2016-12-31": "9817.95700", "2015-12-31": "11703.53000", "2014-12-31": "10334.34000", "2013-12-31": "9144.73600", "2012-12-31": "9161.77800", "2011-12-31": "8187.85300", "2010-12-31": "5185.87600", "2009-12-31": "6251.13100", "2008-12-31": "6441.98600", "2007-12-31": "8418.06300", "2006-12-31": "6718.71300", "2005-12-31": "2197.49900"}, "Common Stock Net": {"2019-12-31": "505.22200", "2018-12-31": "477.49600", "2017-12-31": "469.43600", "2016-12-31": "468.08100", "2015-12-31": "465.48800", "2014-12-31": "459.74600", "2013-12-31": "456.96100", "2012-12-31": "453.19100", "2011-12-31": "408.62900", "2010-12-31": "370.92500", "2009-12-31": "293.54800", "2008-12-31": "253.60100", "2007-12-31": "216.81900", "2006-12-31": "198.59900", "2005-12-31": "136.19400"}, "Retained Earnings (Accumulated Deficit)": {"2019-12-31": "-3601.19900", "2018-12-31": "-2927.19600", "2017-12-31": "-3370.52000", "2016-12-31": "-3089.73400", "2015-12-31": "-2738.41400", "2014-12-31": "-1132.54100", "2013-12-31": "-1053.21500", "2012-12-31": "-1067.36700", "2011-12-31": "-1024.27400", "2010-12-31": "-775.47600", "2009-12-31": "-515.45000", "2008-12-31": "-130.06800", "2007-12-31": "-120.92000", "2006-12-31": "-316.36900", "2005-12-31": "-467.10210"}, "Comprehensive Income": {"2019-12-31": "-2.85700", "2018-12-31": "-4.70800", "2017-12-31": "-24.02400", "2016-12-31": "-29.64200", "2015-12-31": "-30.47000", "2014-12-31": "-23.89500", "2013-12-31": "-14.48700", "2012-12-31": "-14.65300", "2011-12-31": "-19.58200", "2010-12-31": "-13.23700", "2009-12-31": "-2.13400", "2008-12-31": "-81.16200", "2007-12-31": "-2.10200", "2006-12-31": "17.72500", "2005-12-31": "-0.84800"}, "Other Share Holders Equity": {"2019-12-31": "", "2018-12-31": "", "2017-12-31": "", "2016-12-31": "", "2015-12-31": "", "2014-12-31": "", "2013-12-31": "", "2012-12-31": "", "2011-12-31": "", "2010-12-31": "", "2009-12-31": "", "2008-12-31": "", "2007-12-31": "", "2006-12-31": "", "2005-12-31": ""}, "Share Holder Equity": {"2019-12-31": "6667.47400", "2018-12-31": "6512.59100", "2017-12-31": "5594.93800", "2016-12-31": "5941.30800", "2015-12-31": "9746.31700", "2014-12-31": "10997.10000", "2013-12-31": "10931.13000", "2012-12-31": "10753.78000", "2011-12-31": "9220.62200", "2010-12-31": "8146.04700", "2009-12-31": "5958.60900", "2008-12-31": "5407.84000", "2007-12-31": "4103.70900", "2006-12-31": "3294.03600", "2005-12-31": "1399.76600"}, "Total Liabilities And Share Holders Equity": {"2019-12-31": "14032.89000", "2018-12-31": "12718.55000", "2017-12-31": "14088.46000", "2016-12-31": "15759.26000", "2015-12-31": "21449.85000", "2014-12-31": "21331.44000", "2013-12-31": "20075.87000", "2012-12-31": "19915.55000", "2011-12-31": "17408.47000", "2010-12-31": "13331.92000", "2009-12-31": "12209.74000", "2008-12-31": "11849.83000", "2007-12-31": "12521.77000", "2006-12-31": "10012.75000", "2005-12-31": "3597.26500"}}, "balance sheet, quarterly": {"Cash On Hand": {"2020-09-30": "299.53800", "2020-06-30": "836.64100", "2020-03-31": "890.09900", "2019-12-31": "184.65700", "2019-09-30": "155.10400", "2019-06-30": "156.05200", "2019-03-31": "146.65200", "2018-12-31": "139.84600", "2018-09-30": "108.74100", "2018-06-30": "121.92900", "2018-03-31": "117.96800", "2017-12-31": "82.20300", "2017-09-30": "161.02200", "2017-06-30": "453.44600", "2017-03-31": "824.92000", "2016-12-31": "136.99000", "2016-09-30": "204.61800", "2016-06-30": "296.85400", "2016-03-31": "140.94500", "2015-12-31": "386.53200", "2015-09-30": "186.20700", "2015-06-30": "170.13900", "2015-03-31": "184.44900", "2014-12-31": "232.78600", "2014-09-30": "137.97900", "2014-06-30": "88.39900", "2014-03-31": "80.03400", "2013-12-31": "337.78500", "2013-09-30": "97.63800", "2013-06-30": "98.06700", "2013-03-31": "85.22200", "2012-12-31": "285.52100", "2012-09-30": "139.90400", "2012-06-30": "212.41800", "2012-03-31": "392.88300", "2011-12-31": "75.05900", "2011-09-30": "92.71100", "2011-06-30": "320.37500", "2011-03-31": "4030.67900", "2010-12-31": "1073.02000", "2010-09-30": "86.85800", "2010-06-30": "136.07700", "2010-03-31": "82.55700", "2009-12-31": "145.25900", "2009-09-30": "176.35400", "2009-06-30": "81.83500", "2009-03-31": "99.34900", "2008-12-31": "92.64000", "2008-09-30": "154.36200", "2008-06-30": "249.17600", "2008-03-31": "183.66400", "2007-12-31": "132.69600", "2007-09-30": "633.93300", "2007-06-30": "351.21700", "2007-03-31": "102.92300", "2006-12-31": "99.19100", "2006-09-30": "770.52800", "2006-06-30": "23.85100", "2006-03-31": "58.65100", "2005-12-31": "21.34200", "2005-09-30": "40.56400", "2005-06-30": "35.79400", "2005-03-31": "17.80700"}, "Receivables": {"2020-09-30": "63.21600", "2020-06-30": "73.43200", "2020-03-31": "85.03700", "2019-12-31": "59.41700", "2019-09-30": "56.99100", "2019-06-30": "53.84000", "2019-03-31": "48.55500", "2018-12-31": "48.17100", "2018-09-30": "48.70100", "2018-06-30": "43.96500", "2018-03-31": "51.46800", "2017-12-31": "40.73300", "2017-09-30": "34.57100", "2017-06-30": "36.96900", "2017-03-31": "31.50000", "2016-12-31": "45.11600", "2016-09-30": "41.37100", "2016-06-30": "51.80000", "2016-03-31": "45.22400", "2015-12-31": "48.92900", "2015-09-30": "49.99400", "2015-06-30": "45.82400", "2015-03-31": "40.15300", "2014-12-31": "36.33900", "2014-09-30": "34.68700", "2014-06-30": "32.71900", "2014-03-31": "28.53900", "2013-12-31": "27.49400", "2013-09-30": "27.34300", "2013-06-30": "33.27000", "2013-03-31": "32.18300", "2012-12-31": "34.15000", "2012-09-30": "31.76300", "2012-06-30": "25.97400", "2012-03-31": "24.38100", "2011-12-31": "26.68100", "2011-09-30": "24.78600", "2011-06-30": "24.27300", "2011-03-31": "30.27200", "2010-12-31": "34.50400", "2010-09-30": "38.41400", "2010-06-30": "37.05000", "2010-03-31": "39.46100", "2009-12-31": "43.72600", "2009-09-30": "36.82400", "2009-06-30": "29.53500", "2009-03-31": "29.04600", "2008-12-31": "33.83400", "2008-09-30": "30.01100", "2008-06-30": "31.92000", "2008-03-31": "32.84900", "2007-12-31": "44.89200", "2007-09-30": "34.40300", "2007-06-30": "33.65200", "2007-03-31": "33.96000", "2006-12-31": "31.02600", "2006-09-30": "12.67600", "2006-06-30": "12.42200", "2006-03-31": "13.69600", "2005-12-31": "13.31300", "2005-09-30": "13.50700", "2005-06-30": "13.62900", "2005-03-31": "14.22500"}, "Inventory": {"2020-09-30": "", "2020-06-30": "", "2020-03-31": "", "2019-12-31": "", "2019-09-30": "", "2019-06-30": "", "2019-03-31": "", "2018-12-31": "", "2018-09-30": "", "2018-06-30": "", "2018-03-31": "", "2017-12-31": "", "2017-09-30": "", "2017-06-30": "", "2017-03-31": "", "2016-12-31": "", "2016-09-30": "", "2016-06-30": "", "2016-03-31": "", "2015-12-31": "", "2015-09-30": "", "2015-06-30": "", "2015-03-31": "", "2014-12-31": "", "2014-09-30": "", "2014-06-30": "", "2014-03-31": "", "2013-12-31": "", "2013-09-30": "", "2013-06-30": "", "2013-03-31": "", "2012-12-31": "", "2012-09-30": "", "2012-06-30": "", "2012-03-31": "", "2011-12-31": "", "2011-09-30": "", "2011-06-30": "", "2011-03-31": "", "2010-12-31": "", "2010-09-30": "", "2010-06-30": "", "2010-03-31": "", "2009-12-31": "", "2009-09-30": "", "2009-06-30": "", "2009-03-31": "", "2008-12-31": "", "2008-09-30": "", "2008-06-30": "", "2008-03-31": "", "2007-12-31": "", "2007-09-30": "", "2007-06-30": "", "2007-03-31": "", "2006-12-31": "", "2006-09-30": "", "2006-06-30": "", "2006-03-31": "", "2005-12-31": "", "2005-09-30": "", "2005-06-30": "", "2005-03-31": ""}, "Pre-Paid Expenses": {"2020-09-30": "", "2020-06-30": "", "2020-03-31": "", "2019-12-31": "", "2019-09-30": "", "2019-06-30": "", "2019-03-31": "", "2018-12-31": "", "2018-09-30": "", "2018-06-30": "", "2018-03-31": "", "2017-12-31": "", "2017-09-30": "", "2017-06-30": "", "2017-03-31": "", "2016-12-31": "", "2016-09-30": "", "2016-06-30": "", "2016-03-31": "", "2015-12-31": "", "2015-09-30": "", "2015-06-30": "", "2015-03-31": "", "2014-12-31": "", "2014-09-30": "", "2014-06-30": "", "2014-03-31": "", "2013-12-31": "", "2013-09-30": "", "2013-06-30": "", "2013-03-31": "", "2012-12-31": "", "2012-09-30": "", "2012-06-30": "", "2012-03-31": "", "2011-12-31": "", "2011-09-30": "", "2011-06-30": "", "2011-03-31": "", "2010-12-31": "", "2010-09-30": "", "2010-06-30": "", "2010-03-31": "", "2009-12-31": "", "2009-09-30": "", "2009-06-30": "", "2009-03-31": "", "2008-12-31": "", "2008-09-30": "", "2008-06-30": "", "2008-03-31": "", "2007-12-31": "", "2007-09-30": "", "2007-06-30": "", "2007-03-31": "", "2006-12-31": "", "2006-09-30": "", "2006-06-30": "", "2006-03-31": "", "2005-12-31": "", "2005-09-30": "", "2005-06-30": "", "2005-03-31": ""}, "Other Current Assets": {"2020-09-30": "", "2020-06-30": "", "2020-03-31": "", "2019-12-31": "", "2019-09-30": "", "2019-06-30": "", "2019-03-31": "", "2018-12-31": "", "2018-09-30": "", "2018-06-30": "", "2018-03-31": "", "2017-12-31": "", "2017-09-30": "", "2017-06-30": "", "2017-03-31": "", "2016-12-31": "", "2016-09-30": "", "2016-06-30": "", "2016-03-31": "", "2015-12-31": "", "2015-09-30": "", "2015-06-30": "", "2015-03-31": "", "2014-12-31": "", "2014-09-30": "", "2014-06-30": "", "2014-03-31": "", "2013-12-31": "", "2013-09-30": "", "2013-06-30": "", "2013-03-31": "", "2012-12-31": "", "2012-09-30": "", "2012-06-30": "", "2012-03-31": "", "2011-12-31": "", "2011-09-30": "", "2011-06-30": "", "2011-03-31": "", "2010-12-31": "", "2010-09-30": "", "2010-06-30": "", "2010-03-31": "", "2009-12-31": "", "2009-09-30": "", "2009-06-30": "", "2009-03-31": "", "2008-12-31": "", "2008-09-30": "", "2008-06-30": "", "2008-03-31": "", "2007-12-31": "", "2007-09-30": "", "2007-06-30": "", "2007-03-31": "", "2006-12-31": "", "2006-09-30": "", "2006-06-30": "", "2006-03-31": "", "2005-12-31": "", "2005-09-30": "", "2005-06-30": "", "2005-03-31": ""}, "Total Current Assets": {"2020-09-30": "593.91600", "2020-06-30": "1163.84700", "2020-03-31": "1195.78800", "2019-12-31": "434.65300", "2019-09-30": "349.71400", "2019-06-30": "334.45100", "2019-03-31": "281.34600", "2018-12-31": "251.01500", "2018-09-30": "198.74400", "2018-06-30": "204.58500", "2018-03-31": "216.44800", "2017-12-31": "436.26200", "2017-09-30": "597.74500", "2017-06-30": "883.99000", "2017-03-31": "1644.90600", "2016-12-31": "990.06000", "2016-09-30": "928.98300", "2016-06-30": "1056.75000", "2016-03-31": "955.06500", "2015-12-31": "1204.20400", "2015-09-30": "1001.79400", "2015-06-30": "1078.58400", "2015-03-31": "1249.88000", "2014-12-31": "1176.08600", "2014-09-30": "591.46700", "2014-06-30": "496.83500", "2014-03-31": "479.74500", "2013-12-31": "731.28000", "2013-09-30": "515.78400", "2013-06-30": "687.12810", "2013-03-31": "409.27500", "2012-12-31": "595.70100", "2012-09-30": "412.59600", "2012-06-30": "363.91300", "2012-03-31": "531.21000", "2011-12-31": "211.99300", "2011-09-30": "220.97000", "2011-06-30": "455.62800", "2011-03-31": "6440.50700", "2010-12-31": "3110.39000", "2010-09-30": "1977.79300", "2010-06-30": "1880.73600", "2010-03-31": "1809.43300", "2009-12-31": "1861.92300", "2009-09-30": "1887.50700", "2009-06-30": "1189.78800", "2009-03-31": "1203.26900", "2008-12-31": "1194.92800", "2008-09-30": "1252.61300", "2008-06-30": "1353.90700", "2008-03-31": "1284.60600", "2007-12-31": "1243.07300", "2007-09-30": "828.21500", "2007-06-30": "588.01600", "2007-03-31": "336.18600", "2006-12-31": "326.69700", "2006-09-30": "928.51500", "2006-06-30": "181.96000", "2006-03-31": "224.99100", "2005-12-31": "221.48600", "2005-09-30": "203.94500", "2005-06-30": "197.07200", "2005-03-31": "175.85500"}, "Property, Plant, And Equipment": {"2020-09-30": "11034.19000", "2020-06-30": "12787.00000", "2020-03-31": "12581.85000", "2019-12-31": "11033.05000", "2019-09-30": "11535.11000", "2019-06-30": "11233.90000", "2019-03-31": "10627.18000", "2018-12-31": "10209.45000", "2018-09-30": "10235.70000", "2018-06-30": "9962.02000", "2018-03-31": "10859.17000", "2017-12-31": "10731.88000", "2017-09-30": "10535.75000", "2017-06-30": "10651.48000", "2017-03-31": "10633.70000", "2016-12-31": "11325.83000", "2016-09-30": "12101.45000", "2016-06-30": "11925.77000", "2016-03-31": "12065.13000", "2015-12-31": "11854.24000", "2015-09-30": "12249.35000", "2015-06-30": "12227.28000", "2015-03-31": "10837.03000", "2014-12-31": "10886.89000", "2014-09-30": "10840.02000", "2014-06-30": "10814.88000", "2014-03-31": "10593.36000", "2013-12-31": "10627.25000", "2013-09-30": "10699.85000", "2013-06-30": "10861.42000", "2013-03-31": "10877.68000", "2012-12-31": "10829.33000", "2012-09-30": "9361.41000", "2012-06-30": "9318.38700", "2012-03-31": "9335.35700", "2011-12-31": "9280.51000", "2011-09-30": "9446.91000", "2011-06-30": "9482.66500", "2011-03-31": "9473.32700", "2010-12-31": "8660.17300", "2010-09-30": "8629.16900", "2010-06-30": "8622.41300", "2010-03-31": "8542.56200", "2009-12-31": "8550.68600", "2009-09-30": "8623.35300", "2009-06-30": "8662.38400", "2009-03-31": "8668.52700", "2008-12-31": "8691.37000", "2008-09-30": "8764.79100", "2008-06-30": "8769.38300", "2008-03-31": "8940.63200", "2007-12-31": "8825.41000", "2007-09-30": "9213.05000", "2007-06-30": "6386.44300", "2007-03-31": "7263.16600", "2006-12-31": "5929.21900", "2006-09-30": "3477.83400", "2006-06-30": "3451.13300", "2006-03-31": "3403.67700", "2005-12-31": "2936.03600", "2005-09-30": "3189.01600", "2005-06-30": "2896.03200", "2005-03-31": "2772.14400"}, "Long-Term Investments": {"2020-09-30": "", "2020-06-30": "", "2020-03-31": "", "2019-12-31": "", "2019-09-30": "", "2019-06-30": "", "2019-03-31": "", "2018-12-31": "", "2018-09-30": "", "2018-06-30": "", "2018-03-31": "", "2017-12-31": "", "2017-09-30": "", "2017-06-30": "", "2017-03-31": "", "2016-12-31": "", "2016-09-30": "", "2016-06-30": "", "2016-03-31": "", "2015-12-31": "", "2015-09-30": "", "2015-06-30": "", "2015-03-31": "", "2014-12-31": "", "2014-09-30": "", "2014-06-30": "", "2014-03-31": "", "2013-12-31": "", "2013-09-30": "", "2013-06-30": "", "2013-03-31": "", "2012-12-31": "", "2012-09-30": "", "2012-06-30": "", "2012-03-31": "", "2011-12-31": "", "2011-09-30": "", "2011-06-30": "", "2011-03-31": "", "2010-12-31": "", "2010-09-30": "", "2010-06-30": "", "2010-03-31": "", "2009-12-31": "", "2009-09-30": "", "2009-06-30": "", "2009-03-31": "", "2008-12-31": "", "2008-09-30": "", "2008-06-30": "", "2008-03-31": "", "2007-12-31": "", "2007-09-30": "", "2007-06-30": "", "2007-03-31": "", "2006-12-31": "", "2006-09-30": "", "2006-06-30": "", "2006-03-31": "", "2005-12-31": "", "2005-09-30": "", "2005-06-30": "", "2005-03-31": ""}, "Goodwill And Intangible Assets": {"2020-09-30": "501.58300", "2020-06-30": "537.55500", "2020-03-31": "550.34800", "2019-12-31": "331.69300", "2019-09-30": "303.72200", "2019-06-30": "317.96000", "2019-03-31": "275.56500", "2018-12-31": "305.07900", "2018-09-30": "305.80500", "2018-06-30": "294.05600", "2018-03-31": "395.29800", "2017-12-31": "410.08200", "2017-09-30": "400.86700", "2017-06-30": "414.40400", "2017-03-31": "432.10900", "2016-12-31": "479.80500", "2016-09-30": "538.63100", "2016-06-30": "550.56900", "2016-03-31": "585.33000", "2015-12-31": "586.65700", "2015-09-30": "559.67700", "2015-06-30": "577.23800", "2015-03-31": "458.24900", "2014-12-31": "481.01300", "2014-09-30": "479.22600", "2014-06-30": "477.83700", "2014-03-31": "472.05800", "2013-12-31": "489.84200", "2013-09-30": "507.75400", "2013-06-30": "518.98200", "2013-03-31": "537.69200", "2012-12-31": "551.73700", "2012-09-30": "382.32100", "2012-06-30": "347.67000", "2012-03-31": "360.14000", "2011-12-31": "372.39000", "2011-09-30": "389.51800", "2011-06-30": "400.43800", "2011-03-31": "389.71600", "2010-12-31": "316.37500", "2010-09-30": "325.85900", "2010-06-30": "356.38700", "2010-03-31": "373.00100", "2009-12-31": "389.69800", "2009-09-30": "410.36600", "2009-06-30": "433.87400", "2009-03-31": "482.32900", "2008-12-31": "505.50700", "2008-09-30": "552.90600", "2008-06-30": "582.08800", "2008-03-31": "598.16700", "2007-12-31": "623.07300", "2007-09-30": "648.91500", "2007-06-30": "328.75300", "2007-03-31": "430.01100", "2006-12-31": "380.56800", "2006-09-30": "58.50100", "2006-06-30": "60.84900", "2006-03-31": "51.55600", "2005-12-31": "36.26400", "2005-09-30": "23.23600", "2005-06-30": "19.72500", "2005-03-31": "18.51700"}, "Other Long-Term Assets": {"2020-09-30": "3431.26000", "2020-06-30": "1634.31000", "2020-03-31": "1572.85400", "2019-12-31": "2061.00400", "2019-09-30": "1648.70500", "2019-06-30": "1654.35400", "2019-03-31": "1549.65900", "2018-12-31": "1953.00900", "2018-09-30": "2343.70900", "2018-06-30": "2990.72600", "2018-03-31": "2596.65400", "2017-12-31": "2510.23900", "2017-09-30": "2369.71600", "2017-06-30": "2152.69800", "2017-03-31": "2145.14900", "2016-12-31": "2963.57000", "2016-09-30": "7619.47900", "2016-06-30": "7583.36900", "2016-03-31": "7594.39700", "2015-12-31": "7804.74600", "2015-09-30": "8382.15200", "2015-06-30": "8465.02100", "2015-03-31": "8479.28800", "2014-12-31": "8787.45000", "2014-09-30": "8834.17300", "2014-06-30": "8354.61600", "2014-03-31": "8313.52100", "2013-12-31": "8227.49900", "2013-09-30": "8166.11800", "2013-06-30": "7984.25900", "2013-03-31": "7908.08400", "2012-12-31": "7938.78500", "2012-09-30": "7923.00900", "2012-06-30": "7759.79800", "2012-03-31": "7498.61200", "2011-12-31": "7543.58200", "2011-09-30": "7381.97900", "2011-06-30": "7354.32700", "2011-03-31": "1196.10200", "2010-12-31": "1244.98500", "2010-09-30": "1312.47800", "2010-06-30": "1385.10700", "2010-03-31": "1414.57400", "2009-12-31": "1407.42800", "2009-09-30": "1416.98400", "2009-06-30": "1499.80400", "2009-03-31": "1447.16400", "2008-12-31": "1458.02100", "2008-09-30": "1461.09400", "2008-06-30": "1518.35200", "2008-03-31": "1676.65900", "2007-12-31": "1830.21600", "2007-09-30": "1405.95300", "2007-06-30": "1576.11400", "2007-03-31": "1361.72300", "2006-12-31": "3376.26500", "2006-09-30": "146.65100", "2006-06-30": "164.66300", "2006-03-31": "108.59200", "2005-12-31": "403.47900", "2005-09-30": "78.74700", "2005-06-30": "74.93100", "2005-03-31": "81.61700"}, "Total Long-Term Assets": {"2020-09-30": "14967.03000", "2020-06-30": "14958.86000", "2020-03-31": "14705.05000", "2019-12-31": "13425.75000", "2019-09-30": "13487.54000", "2019-06-30": "13206.22000", "2019-03-31": "12452.41000", "2018-12-31": "12467.54000", "2018-09-30": "12885.21000", "2018-06-30": "13246.80000", "2018-03-31": "13851.12000", "2017-12-31": "13652.20000", "2017-09-30": "13306.34000", "2017-06-30": "13218.59000", "2017-03-31": "13210.96000", "2016-12-31": "14769.21000", "2016-09-30": "20259.56000", "2016-06-30": "20059.71000", "2016-03-31": "20244.86000", "2015-12-31": "20245.64000", "2015-09-30": "21191.18000", "2015-06-30": "21269.54000", "2015-03-31": "19774.56000", "2014-12-31": "20155.35000", "2014-09-30": "20153.42000", "2014-06-30": "19647.33000", "2014-03-31": "19378.93000", "2013-12-31": "19344.59000", "2013-09-30": "19373.72000", "2013-06-30": "19364.66000", "2013-03-31": "19323.46000", "2012-12-31": "19319.86000", "2012-09-30": "17666.74000", "2012-06-30": "17425.86000", "2012-03-31": "17194.11000", "2011-12-31": "17196.48000", "2011-09-30": "17218.41000", "2011-06-30": "17237.43000", "2011-03-31": "11059.14000", "2010-12-31": "10221.53000", "2010-09-30": "10267.51000", "2010-06-30": "10363.91000", "2010-03-31": "10330.14000", "2009-12-31": "10347.81000", "2009-09-30": "10450.70000", "2009-06-30": "10596.06000", "2009-03-31": "10598.02000", "2008-12-31": "10654.90000", "2008-09-30": "10778.79000", "2008-06-30": "10869.82000", "2008-03-31": "11215.46000", "2007-12-31": "11278.70000", "2007-09-30": "11267.92000", "2007-06-30": "8291.31000", "2007-03-31": "9054.89900", "2006-12-31": "9686.05300", "2006-09-30": "3682.98600", "2006-06-30": "3676.64500", "2006-03-31": "3563.82500", "2005-12-31": "3375.77900", "2005-09-30": "3290.99900", "2005-06-30": "2990.68800", "2005-03-31": "2872.27800"}, "Total Assets": {"2020-09-30": "15751.82000", "2020-06-30": "16316.44000", "2020-03-31": "16072.68000", "2019-12-31": "14032.89000", "2019-09-30": "14010.21000", "2019-06-30": "13713.09000", "2019-03-31": "12899.50000", "2018-12-31": "12718.55000", "2018-09-30": "13083.96000", "2018-06-30": "13451.39000", "2018-03-31": "14067.57000", "2017-12-31": "14088.46000", "2017-09-30": "13904.08000", "2017-06-30": "14102.58000", "2017-03-31": "14855.87000", "2016-12-31": "15759.26000", "2016-09-30": "21188.54000", "2016-06-30": "21116.46000", "2016-03-31": "21199.93000", "2015-12-31": "21449.85000", "2015-09-30": "22192.97000", "2015-06-30": "22348.13000", "2015-03-31": "21024.44000", "2014-12-31": "21331.44000", "2014-09-30": "20744.89000", "2014-06-30": "20144.17000", "2014-03-31": "19858.68000", "2013-12-31": "20075.87000", "2013-09-30": "19889.51000", "2013-06-30": "20051.79000", "2013-03-31": "19732.73000", "2012-12-31": "19915.55000", "2012-09-30": "18079.34000", "2012-06-30": "17789.77000", "2012-03-31": "17725.32000", "2011-12-31": "17408.47000", "2011-09-30": "17439.38000", "2011-06-30": "17693.06000", "2011-03-31": "17499.65000", "2010-12-31": "13331.92000", "2010-09-30": "12245.30000", "2010-06-30": "12244.64000", "2010-03-31": "12139.57000", "2009-12-31": "12209.74000", "2009-09-30": "12338.21000", "2009-06-30": "11785.85000", "2009-03-31": "11801.29000", "2008-12-31": "11849.83000", "2008-09-30": "12031.40000", "2008-06-30": "12223.73000", "2008-03-31": "12500.06000", "2007-12-31": "12521.77000", "2007-09-30": "12096.13000", "2007-06-30": "8879.32600", "2007-03-31": "9391.08600", "2006-12-31": "10012.75000", "2006-09-30": "4611.50100", "2006-06-30": "3858.60500", "2006-03-31": "3788.81600", "2005-12-31": "3597.26500", "2005-09-30": "3494.94400", "2005-06-30": "3187.76000", "2005-03-31": "3048.13300"}, "Total Current Liabilities": {"2020-09-30": "834.51800", "2020-06-30": "847.08000", "2020-03-31": "856.03100", "2019-12-31": "540.92400", "2019-09-30": "431.49300", "2019-06-30": "371.23500", "2019-03-31": "352.64200", "2018-12-31": "391.58300", "2018-09-30": "410.80400", "2018-06-30": "398.92000", "2018-03-31": "391.94200", "2017-12-31": "401.73800", "2017-09-30": "381.18900", "2017-06-30": "389.69000", "2017-03-31": "344.90800", "2016-12-31": "417.36000", "2016-09-30": "487.03300", "2016-06-30": "482.13300", "2016-03-31": "433.14400", "2015-12-31": "430.78600", "2015-09-30": "401.83800", "2015-06-30": "433.63600", "2015-03-31": "314.22600", "2014-12-31": "432.93400", "2014-09-30": "329.20900", "2014-06-30": "339.36400", "2014-03-31": "276.34200", "2013-12-31": "318.42700", "2013-09-30": "303.96600", "2013-06-30": "313.62700", "2013-03-31": "238.58300", "2012-12-31": "293.99400", "2012-09-30": "270.84300", "2012-06-30": "273.34400", "2012-03-31": "519.49200", "2011-12-31": "275.47800", "2011-09-30": "260.34600", "2011-06-30": "589.81800", "2011-03-31": "321.55800", "2010-12-31": "313.80600", "2010-09-30": "338.80600", "2010-06-30": "312.77500", "2010-03-31": "293.93200", "2009-12-31": "309.59600", "2009-09-30": "310.49300", "2009-06-30": "197.29500", "2009-03-31": "190.10000", "2008-12-31": "211.71500", "2008-09-30": "224.68000", "2008-06-30": "223.38900", "2008-03-31": "249.71400", "2007-12-31": "238.09300", "2007-09-30": "214.80900", "2007-06-30": "166.64800", "2007-03-31": "166.66100", "2006-12-31": "200.08800", "2006-09-30": "89.37100", "2006-06-30": "76.78200", "2006-03-31": "72.86700", "2005-12-31": "68.71800", "2005-09-30": "70.52700", "2005-06-30": "62.76400", "2005-03-31": "62.39900"}, "Long Term Debt": {"2020-09-30": "6379.89500", "2020-06-30": "6728.78700", "2020-03-31": "6389.10400", "2019-12-31": "6266.84200", "2019-09-30": "6600.43200", "2019-06-30": "6290.55900", "2019-03-31": "5763.87000", "2018-12-31": "5567.90800", "2018-09-30": "6798.25300", "2018-06-30": "7403.04200", "2018-03-31": "7965.59100", "2017-12-31": "7880.46600", "2017-09-30": "7466.20300", "2017-06-30": "7485.32600", "2017-03-31": "8141.45200", "2016-12-31": "9189.49400", "2016-09-30": "10920.54000", "2016-06-30": "10755.45000", "2016-03-31": "10935.94000", "2015-12-31": "11069.00000", "2015-09-30": "11144.88000", "2015-06-30": "11213.36000", "2015-03-31": "9986.76300", "2014-12-31": "9721.27000", "2014-09-30": "9214.63700", "2014-06-30": "8674.02800", "2014-03-31": "8450.34700", "2013-12-31": "8661.62800", "2013-09-30": "8560.59200", "2013-06-30": "8766.90000", "2013-03-31": "8545.59000", "2012-12-31": "8695.55000", "2012-09-30": "7909.64700", "2012-06-30": "7641.99800", "2012-03-31": "7707.92600", "2011-12-31": "7728.98400", "2011-09-30": "7659.46200", "2011-06-30": "7577.12900", "2011-03-31": "7697.30200", "2010-12-31": "4646.34500", "2010-09-30": "5419.70600", "2010-06-30": "5370.49800", "2010-03-31": "5658.99900", "2009-12-31": "5656.14300", "2009-09-30": "5683.46800", "2009-06-30": "5509.84300", "2009-03-31": "5984.22300", "2008-12-31": "5937.45600", "2008-09-30": "5950.33800", "2008-06-30": "6593.43000", "2008-03-31": "7570.94000", "2007-12-31": "7510.90700", "2007-09-30": "7367.71700", "2007-06-30": "4592.80400", "2007-03-31": "5072.81400", "2006-12-31": "6202.01500", "2006-09-30": "2923.42800", "2006-06-30": "2196.48900", "2006-03-31": "2119.86900", "2005-12-31": "1956.94600", "2005-09-30": "1854.11200", "2005-06-30": "1565.70900", "2005-03-31": "1432.75100"}, "Other Non-Current Liabilities": {"2020-09-30": "956.09800", "2020-06-30": "894.82310", "2020-03-31": "857.29300", "2019-12-31": "401.04000", "2019-09-30": "298.62900", "2019-06-30": "277.15000", "2019-03-31": "231.08700", "2018-12-31": "246.47100", "2018-09-30": "234.52600", "2018-06-30": "232.70200", "2018-03-31": "229.11500", "2017-12-31": "211.31900", "2017-09-30": "202.45800", "2017-06-30": "198.61800", "2017-03-31": "196.03300", "2016-12-31": "211.10200", "2016-09-30": "205.54300", "2016-06-30": "202.48700", "2016-03-31": "200.51400", "2015-12-31": "203.74300", "2015-09-30": "185.79800", "2015-06-30": "174.13600", "2015-03-31": "167.80700", "2014-12-31": "180.13400", "2014-09-30": "164.87000", "2014-06-30": "158.18200", "2014-03-31": "162.41600", "2013-12-31": "164.68200", "2013-09-30": "174.71400", "2013-06-30": "173.00600", "2013-03-31": "166.49900", "2012-12-31": "172.23500", "2012-09-30": "170.99300", "2012-06-30": "183.48700", "2012-03-31": "187.93900", "2011-12-31": "183.39100", "2011-09-30": "202.51700", "2011-06-30": "204.84300", "2011-03-31": "213.34400", "2010-12-31": "225.72500", "2010-09-30": "233.00400", "2010-06-30": "268.05000", "2010-03-31": "278.46800", "2009-12-31": "285.38700", "2009-09-30": "294.77200", "2009-06-30": "287.28700", "2009-03-31": "296.05400", "2008-12-31": "292.81500", "2008-09-30": "314.80600", "2008-06-30": "326.22100", "2008-03-31": "338.02500", "2007-12-31": "329.79200", "2007-09-30": "330.72400", "2007-06-30": "174.68500", "2007-03-31": "189.49200", "2006-12-31": "154.84500", "2006-09-30": "31.37200", "2006-06-30": "35.97300", "2006-03-31": "31.78100", "2005-12-31": "22.55100", "2005-09-30": "19.01800", "2005-06-30": "18.43000", "2005-03-31": "17.31900"}, "Total Long Term Liabilities": {"2020-09-30": "7335.99300", "2020-06-30": "7623.61000", "2020-03-31": "7246.39700", "2019-12-31": "6667.88200", "2019-09-30": "6899.06100", "2019-06-30": "6567.70800", "2019-03-31": "5994.95700", "2018-12-31": "5814.37900", "2018-09-30": "7032.77900", "2018-06-30": "7635.74400", "2018-03-31": "8194.70600", "2017-12-31": "8091.78500", "2017-09-30": "7668.66100", "2017-06-30": "7683.94400", "2017-03-31": "8337.48500", "2016-12-31": "9400.59600", "2016-09-30": "11126.08000", "2016-06-30": "10957.94000", "2016-03-31": "11136.46000", "2015-12-31": "11272.75000", "2015-09-30": "11330.68000", "2015-06-30": "11387.49000", "2015-03-31": "10154.57000", "2014-12-31": "9901.40300", "2014-09-30": "9379.50700", "2014-06-30": "8832.21000", "2014-03-31": "8612.76300", "2013-12-31": "8826.31000", "2013-09-30": "8735.30600", "2013-06-30": "8939.90600", "2013-03-31": "8712.08900", "2012-12-31": "8867.78500", "2012-09-30": "8080.64000", "2012-06-30": "7825.48500", "2012-03-31": "7895.86500", "2011-12-31": "7912.37500", "2011-09-30": "7861.97900", "2011-06-30": "7781.97200", "2011-03-31": "7910.64600", "2010-12-31": "4872.07000", "2010-09-30": "5652.70900", "2010-06-30": "5638.54800", "2010-03-31": "5937.46700", "2009-12-31": "5941.53000", "2009-09-30": "5978.24000", "2009-06-30": "5797.13000", "2009-03-31": "6280.27700", "2008-12-31": "6230.27100", "2008-09-30": "6513.38500", "2008-06-30": "7192.68800", "2008-03-31": "8222.70300", "2007-12-31": "8179.97000", "2007-09-30": "8037.46800", "2007-06-30": "5108.29200", "2007-03-31": "5604.03700", "2006-12-31": "6518.62500", "2006-09-30": "3107.41100", "2006-06-30": "2390.17600", "2006-03-31": "2308.44400", "2005-12-31": "2128.78100", "2005-09-30": "2014.03300", "2005-06-30": "1704.57500", "2005-03-31": "1571.91300"}, "Total Liabilities": {"2020-09-30": "8345.51300", "2020-06-30": "8647.71900", "2020-03-31": "8259.23600", "2019-12-31": "7365.41700", "2019-09-30": "7486.85100", "2019-06-30": "7093.82100", "2019-03-31": "6500.43600", "2018-12-31": "6205.96200", "2018-09-30": "7443.58300", "2018-06-30": "8034.66400", "2018-03-31": "8586.64800", "2017-12-31": "8493.52300", "2017-09-30": "8049.85000", "2017-06-30": "8073.63400", "2017-03-31": "8682.39300", "2016-12-31": "9817.95700", "2016-09-30": "11613.11000", "2016-06-30": "11440.07000", "2016-03-31": "11569.60000", "2015-12-31": "11703.53000", "2015-09-30": "11732.52000", "2015-06-30": "11821.13000", "2015-03-31": "10468.80000", "2014-12-31": "10334.34000", "2014-09-30": "9708.71600", "2014-06-30": "9171.57500", "2014-03-31": "8889.10500", "2013-12-31": "9144.73600", "2013-09-30": "9039.27200", "2013-06-30": "9253.53400", "2013-03-31": "8950.67200", "2012-12-31": "9161.77800", "2012-09-30": "8351.48300", "2012-06-30": "8098.82900", "2012-03-31": "8415.35700", "2011-12-31": "8187.85300", "2011-09-30": "8122.32500", "2011-06-30": "8371.79000", "2011-03-31": "8232.20400", "2010-12-31": "5185.87600", "2010-09-30": "5991.51500", "2010-06-30": "5951.32300", "2010-03-31": "6231.39900", "2009-12-31": "6251.13100", "2009-09-30": "6288.73300", "2009-06-30": "5994.42500", "2009-03-31": "6470.37700", "2008-12-31": "6441.98600", "2008-09-30": "6738.06500", "2008-06-30": "7416.07600", "2008-03-31": "8472.41700", "2007-12-31": "8418.06300", "2007-09-30": "8252.27700", "2007-06-30": "5274.93900", "2007-03-31": "5770.69800", "2006-12-31": "6718.71300", "2006-09-30": "3196.78200", "2006-06-30": "2466.95800", "2006-03-31": "2381.31100", "2005-12-31": "2197.49900", "2005-09-30": "2084.56000", "2005-06-30": "1767.33900", "2005-03-31": "1634.31200"}, "Common Stock Net": {"2020-09-30": "538.35500", "2020-06-30": "538.31800", "2020-03-31": "538.13500", "2019-12-31": "505.22200", "2019-09-30": "494.84800", "2019-06-30": "491.10900", "2019-03-31": "477.92900", "2018-12-31": "477.49600", "2018-09-30": "469.91600", "2018-06-30": "469.83000", "2018-03-31": "469.72500", "2017-12-31": "469.43600", "2017-09-30": "469.03500", "2017-06-30": "468.87900", "2017-03-31": "468.44600", "2016-12-31": "468.08100", "2016-09-30": "467.82000", "2016-06-30": "467.32500", "2016-03-31": "466.92500", "2015-12-31": "465.48800", "2015-09-30": "464.44200", "2015-06-30": "462.48600", "2015-03-31": "461.58400", "2014-12-31": "459.74600", "2014-09-30": "459.14600", "2014-06-30": "458.74200", "2014-03-31": "458.04400", "2013-12-31": "456.96100", "2013-09-30": "455.87400", "2013-06-30": "455.09400", "2013-03-31": "454.41700", "2012-12-31": "453.19100", "2012-09-30": "429.98000", "2012-06-30": "429.40200", "2012-03-31": "419.43300", "2011-12-31": "408.62900", "2011-09-30": "407.77900", "2011-06-30": "407.12000", "2011-03-31": "406.00900", "2010-12-31": "370.92500", "2010-09-30": "310.50700", "2010-06-30": "308.03900", "2010-03-31": "293.96600", "2009-12-31": "293.54800", "2009-09-30": "293.14500", "2009-06-30": "275.25300", "2009-03-31": "253.97500", "2008-12-31": "253.60100", "2008-09-30": "251.92600", "2008-06-30": "236.51200", "2008-03-31": "217.81600", "2007-12-31": "216.81900", "2007-09-30": "207.27700", "2007-06-30": "206.37900", "2007-03-31": "205.98700", "2006-12-31": "198.59900", "2006-09-30": "137.56000", "2006-06-30": "137.04900", "2006-03-31": "136.84200", "2005-12-31": "136.19400", "2005-09-30": "135.85800", "2005-06-30": "135.63000", "2005-03-31": "134.31800"}, "Retained Earnings (Accumulated Deficit)": {"2020-09-30": "-3923.15000", "2020-06-30": "-3660.18700", "2020-03-31": "-3512.14300", "2019-12-31": "-3601.19900", "2019-09-30": "-3461.25600", "2019-06-30": "-3233.28300", "2019-03-31": "-3042.42200", "2018-12-31": "-2927.19600", "2018-09-30": "-3584.39700", "2018-06-30": "-3509.64100", "2018-03-31": "-3425.29300", "2017-12-31": "-3370.52000", "2017-09-30": "-3137.64200", "2017-06-30": "-2956.32400", "2017-03-31": "-2802.21800", "2016-12-31": "-3089.73400", "2016-09-30": "-2975.09600", "2016-06-30": "-2857.16400", "2016-03-31": "-2890.04600", "2015-12-31": "-2738.41400", "2015-09-30": "-1876.48600", "2015-06-30": "-1730.16800", "2015-03-31": "-1633.84100", "2014-12-31": "-1132.54100", "2014-09-30": "-1078.40000", "2014-06-30": "-1075.58300", "2014-03-31": "-1044.30200", "2013-12-31": "-1053.21500", "2013-09-30": "-1106.49400", "2013-06-30": "-1100.83400", "2013-03-31": "-1075.24900", "2012-12-31": "-1067.36700", "2012-09-30": "-1081.31700", "2012-06-30": "-1062.04900", "2012-03-31": "-1053.68400", "2011-12-31": "-1024.27400", "2011-09-30": "-890.47700", "2011-06-30": "-861.53900", "2011-03-31": "-889.59200", "2010-12-31": "-775.47600", "2010-09-30": "-761.03600", "2010-06-30": "-634.06600", "2010-03-31": "-577.00600", "2009-12-31": "-515.45000", "2009-09-30": "-407.21000", "2009-06-30": "-228.42400", "2009-03-31": "-203.35900", "2008-12-31": "-130.06800", "2008-09-30": "-49.89300", "2008-06-30": "-55.23200", "2008-03-31": "-174.87800", "2007-12-31": "-120.92000", "2007-09-30": "-69.43600", "2007-06-30": "-294.09520", "2007-03-31": "-268.14210", "2006-12-31": "-316.36900", "2006-09-30": "-482.11600", "2006-06-30": "-495.06990", "2006-03-31": "-472.97500", "2005-12-31": "-467.10210", "2005-09-30": "-446.09000", "2005-06-30": "-428.71900", "2005-03-31": "-409.91890"}, "Comprehensive Income": {"2020-09-30": "-3.23600", "2020-06-30": "-2.18600", "2020-03-31": "-2.49500", "2019-12-31": "-2.85700", "2019-09-30": "-5.22300", "2019-06-30": "-4.45900", "2019-03-31": "-3.88300", "2018-12-31": "-4.70800", "2018-09-30": "-4.29700", "2018-06-30": "-4.08000", "2018-03-31": "-21.30700", "2017-12-31": "-24.02400", "2017-09-30": "-24.49100", "2017-06-30": "-27.28900", "2017-03-31": "-28.65800", "2016-12-31": "-29.64200", "2016-09-30": "-30.16400", "2016-06-30": "-30.73800", "2016-03-31": "-31.67300", "2015-12-31": "-30.47000", "2015-09-30": "-32.45000", "2015-06-30": "-32.11500", "2015-03-31": "-28.46100", "2014-12-31": "-23.89500", "2014-09-30": "-17.46400", "2014-06-30": "-11.66900", "2014-03-31": "-14.57000", "2013-12-31": "-14.48700", "2013-09-30": "-15.87900", "2013-06-30": "-12.36000", "2013-03-31": "-16.60400", "2012-12-31": "-14.65300", "2012-09-30": "-16.64600", "2012-06-30": "-19.70300", "2012-03-31": "-17.66600", "2011-12-31": "-19.58200", "2011-09-30": "-28.48300", "2011-06-30": "-13.83300", "2011-03-31": "-14.00800", "2010-12-31": "-13.23700", "2010-09-30": "-7.42600", "2010-06-30": "-4.55200", "2010-03-31": "-0.40600", "2009-12-31": "-2.13400", "2009-09-30": "-9.83800", "2009-06-30": "-18.81900", "2009-03-31": "-77.46900", "2008-12-31": "-81.16200", "2008-09-30": "-28.88100", "2008-06-30": "-8.19800", "2008-03-31": "-55.89700", "2007-12-31": "-2.10200", "2007-09-30": "7.71800", "2007-06-30": "14.31800", "2007-03-31": "18.51200", "2006-12-31": "17.72500", "2006-09-30": "-4.88800", "2006-06-30": "0.31400", "2006-03-31": "1.35700", "2005-12-31": "-0.84800", "2005-09-30": "", "2005-06-30": "", "2005-03-31": ""}, "Other Share Holders Equity": {"2020-09-30": "", "2020-06-30": "", "2020-03-31": "", "2019-12-31": "", "2019-09-30": "", "2019-06-30": "", "2019-03-31": "", "2018-12-31": "", "2018-09-30": "", "2018-06-30": "", "2018-03-31": "", "2017-12-31": "", "2017-09-30": "", "2017-06-30": "", "2017-03-31": "", "2016-12-31": "", "2016-09-30": "", "2016-06-30": "", "2016-03-31": "", "2015-12-31": "", "2015-09-30": "", "2015-06-30": "", "2015-03-31": "", "2014-12-31": "", "2014-09-30": "", "2014-06-30": "", "2014-03-31": "", "2013-12-31": "", "2013-09-30": "", "2013-06-30": "", "2013-03-31": "", "2012-12-31": "", "2012-09-30": "", "2012-06-30": "", "2012-03-31": "", "2011-12-31": "", "2011-09-30": "", "2011-06-30": "", "2011-03-31": "", "2010-12-31": "", "2010-09-30": "", "2010-06-30": "", "2010-03-31": "", "2009-12-31": "", "2009-09-30": "", "2009-06-30": "", "2009-03-31": "", "2008-12-31": "", "2008-09-30": "", "2008-06-30": "", "2008-03-31": "", "2007-12-31": "", "2007-09-30": "", "2007-06-30": "", "2007-03-31": "", "2006-12-31": "", "2006-09-30": "", "2006-06-30": "", "2006-03-31": "", "2005-12-31": "", "2005-09-30": "-11.05300", "2005-06-30": "-12.04300", "2005-03-31": "-11.79600"}, "Share Holder Equity": {"2020-09-30": "7406.30800", "2020-06-30": "7668.72100", "2020-03-31": "7813.44300", "2019-12-31": "6667.47400", "2019-09-30": "6523.35900", "2019-06-30": "6619.27200", "2019-03-31": "6399.06500", "2018-12-31": "6512.59100", "2018-09-30": "5640.37500", "2018-06-30": "5416.72300", "2018-03-31": "5480.92300", "2017-12-31": "5594.93800", "2017-09-30": "5854.23100", "2017-06-30": "6028.94100", "2017-03-31": "6173.47500", "2016-12-31": "5941.30800", "2016-09-30": "9575.43400", "2016-06-30": "9676.38800", "2016-03-31": "9630.32500", "2015-12-31": "9746.31700", "2015-09-30": "10460.46000", "2015-06-30": "10527.00000", "2015-03-31": "10555.65000", "2014-12-31": "10997.10000", "2014-09-30": "11036.17000", "2014-06-30": "10972.59000", "2014-03-31": "10969.57000", "2013-12-31": "10931.13000", "2013-09-30": "10850.24000", "2013-06-30": "10798.26000", "2013-03-31": "10782.06000", "2012-12-31": "10753.78000", "2012-09-30": "9727.85300", "2012-06-30": "9690.93900", "2012-03-31": "9309.96200", "2011-12-31": "9220.62200", "2011-09-30": "9317.05200", "2011-06-30": "9321.26800", "2011-03-31": "9267.44800", "2010-12-31": "8146.04700", "2010-09-30": "6253.78400", "2010-06-30": "6293.32000", "2010-03-31": "5908.17100", "2009-12-31": "5958.60900", "2009-09-30": "6049.47700", "2009-06-30": "5791.42500", "2009-03-31": "5330.91200", "2008-12-31": "5407.84000", "2008-09-30": "5293.33900", "2008-06-30": "4807.65400", "2008-03-31": "4027.64700", "2007-12-31": "4103.70900", "2007-09-30": "3843.85600", "2007-06-30": "3604.38700", "2007-03-31": "3620.38800", "2006-12-31": "3294.03600", "2006-09-30": "1414.71900", "2006-06-30": "1391.64700", "2006-03-31": "1407.50500", "2005-12-31": "1399.76600", "2005-09-30": "1410.38400", "2005-06-30": "1420.42100", "2005-03-31": "1413.82100"}, "Total Liabilities And Share Holders Equity": {"2020-09-30": "15751.82000", "2020-06-30": "16316.44000", "2020-03-31": "16072.68000", "2019-12-31": "14032.89000", "2019-09-30": "14010.21000", "2019-06-30": "13713.09000", "2019-03-31": "12899.50000", "2018-12-31": "12718.55000", "2018-09-30": "13083.96000", "2018-06-30": "13451.39000", "2018-03-31": "14067.57000", "2017-12-31": "14088.46000", "2017-09-30": "13904.08000", "2017-06-30": "14102.58000", "2017-03-31": "14855.87000", "2016-12-31": "15759.26000", "2016-09-30": "21188.54000", "2016-06-30": "21116.46000", "2016-03-31": "21199.93000", "2015-12-31": "21449.85000", "2015-09-30": "22192.97000", "2015-06-30": "22348.13000", "2015-03-31": "21024.44000", "2014-12-31": "21331.44000", "2014-09-30": "20744.89000", "2014-06-30": "20144.17000", "2014-03-31": "19858.68000", "2013-12-31": "20075.87000", "2013-09-30": "19889.51000", "2013-06-30": "20051.79000", "2013-03-31": "19732.73000", "2012-12-31": "19915.55000", "2012-09-30": "18079.34000", "2012-06-30": "17789.77000", "2012-03-31": "17725.32000", "2011-12-31": "17408.47000", "2011-09-30": "17439.38000", "2011-06-30": "17693.06000", "2011-03-31": "17499.65000", "2010-12-31": "13331.92000", "2010-09-30": "12245.30000", "2010-06-30": "12244.64000", "2010-03-31": "12139.57000", "2009-12-31": "12209.74000", "2009-09-30": "12338.21000", "2009-06-30": "11785.85000", "2009-03-31": "11801.29000", "2008-12-31": "11849.83000", "2008-09-30": "12031.40000", "2008-06-30": "12223.73000", "2008-03-31": "12500.06000", "2007-12-31": "12521.77000", "2007-09-30": "12096.13000", "2007-06-30": "8879.32600", "2007-03-31": "9391.08600", "2006-12-31": "10012.75000", "2006-09-30": "4611.50100", "2006-06-30": "3858.60500", "2006-03-31": "3788.81600", "2005-12-31": "3597.26500", "2005-09-30": "3494.94400", "2005-06-30": "3187.76000", "2005-03-31": "3048.13300"}}, "cash flow statement": {"Net Income/Loss": {"2019-12-31": "60.06100", "2018-12-31": "1073.47400", "2017-12-31": "422.63400", "2016-12-31": "639.92600", "2015-12-31": "-546.41800", "2014-12-31": "936.59100", "2013-12-31": "985.00600", "2012-12-31": "846.84200", "2011-12-31": "554.49400", "2010-12-31": "344.39500", "2009-12-31": "146.15100", "2008-12-31": "470.98300", "2007-12-31": "614.11500", "2006-12-31": "417.54700", "2005-12-31": "173.05700"}, "Total Depreciation And Amortization - Cash Flow": {"2019-12-31": "689.01400", "2018-12-31": "578.67400", "2017-12-31": "563.55300", "2016-12-31": "615.89600", "2015-12-31": "557.13400", "2014-12-31": "500.19100", "2013-12-31": "481.04900", "2012-12-31": "404.05800", "2011-12-31": "398.68800", "2010-12-31": "331.84900", "2009-12-31": "328.06100", "2008-12-31": "322.66500", "2007-12-31": "292.90400", "2006-12-31": "167.80500", "2005-12-31": "109.23500"}, "Other Non-Cash Items": {"2019-12-31": "75.11000", "2018-12-31": "-849.75000", "2017-12-31": "-119.18100", "2016-12-31": "-76.72300", "2015-12-31": "1264.20800", "2014-12-31": "-201.38300", "2013-12-31": "-268.49900", "2012-12-31": "-219.01400", "2011-12-31": "-212.09000", "2010-12-31": "-93.69600", "2009-12-31": "-0.73600", "2008-12-31": "-200.27500", "2007-12-31": "-446.75900", "2006-12-31": "-263.25400", "2005-12-31": "-0.87300"}, "Total Non-Cash Items": {"2019-12-31": "764.12400", "2018-12-31": "-271.07600", "2017-12-31": "444.37210", "2016-12-31": "539.17300", "2015-12-31": "1821.34200", "2014-12-31": "298.80800", "2013-12-31": "212.55000", "2012-12-31": "185.04400", "2011-12-31": "186.59800", "2010-12-31": "238.15300", "2009-12-31": "327.32500", "2008-12-31": "122.39000", "2007-12-31": "-153.85500", "2006-12-31": "-95.44900", "2005-12-31": "108.36200"}, "Change In Accounts Receivable": {"2019-12-31": "-49.77100", "2018-12-31": "5.68600", "2017-12-31": "-24.78200", "2016-12-31": "-6.99200", "2015-12-31": "-29.02200", "2014-12-31": "-8.84500", "2013-12-31": "6.65600", "2012-12-31": "-7.46900", "2011-12-31": "2.59000", "2010-12-31": "9.22200", "2009-12-31": "4.40800", "2008-12-31": "10.68100", "2007-12-31": "-13.11500", "2006-12-31": "1.29500", "2005-12-31": "1.52100"}, "Change In Inventories": {"2019-12-31": "", "2018-12-31": "", "2017-12-31": "", "2016-12-31": "", "2015-12-31": "", "2014-12-31": "", "2013-12-31": "", "2012-12-31": "", "2011-12-31": "", "2010-12-31": "", "2009-12-31": "", "2008-12-31": "", "2007-12-31": "", "2006-12-31": "", "2005-12-31": ""}, "Change In Accounts Payable": {"2019-12-31": "", "2018-12-31": "", "2017-12-31": "", "2016-12-31": "", "2015-12-31": "", "2014-12-31": "", "2013-12-31": "", "2012-12-31": "", "2011-12-31": "", "2010-12-31": "", "2009-12-31": "", "2008-12-31": "", "2007-12-31": "", "2006-12-31": "", "2005-12-31": ""}, "Change In Assets/Liabilities": {"2019-12-31": "", "2018-12-31": "", "2017-12-31": "", "2016-12-31": "", "2015-12-31": "", "2014-12-31": "-6.28700", "2013-12-31": "-58.29000", "2012-12-31": "-3.81400", "2011-12-31": "27.58200", "2010-12-31": "-6.34100", "2009-12-31": "-6.88100", "2008-12-31": "-1.31500", "2007-12-31": "-11.98900", "2006-12-31": "-8.26300", "2005-12-31": "-8.38500"}, "Total Change In Assets/Liabilities": {"2019-12-31": "21.88800", "2018-12-31": "46.31100", "2017-12-31": "-19.96500", "2016-12-31": "35.03200", "2015-12-31": "-52.77900", "2014-12-31": "13.22200", "2013-12-31": "-48.56900", "2012-12-31": "2.98400", "2011-12-31": "-16.93100", "2010-12-31": "-2.05000", "2009-12-31": "81.33000", "2008-12-31": "2.34300", "2007-12-31": "1.53000", "2006-12-31": "21.61100", "2005-12-31": "0.81000"}, "Cash Flow From Operating Activities": {"2019-12-31": "846.07300", "2018-12-31": "848.70900", "2017-12-31": "847.04100", "2016-12-31": "1214.13100", "2015-12-31": "1222.14500", "2014-12-31": "1248.62100", "2013-12-31": "1148.98700", "2012-12-31": "1034.87000", "2011-12-31": "724.16100", "2010-12-31": "580.49800", "2009-12-31": "515.63400", "2008-12-31": "568.69700", "2007-12-31": "453.05100", "2006-12-31": "341.19600", "2005-12-31": "282.22900"}, "Net Change In Property, Plant, And Equipment": {"2019-12-31": "-2000.73400", "2018-12-31": "1114.75400", "2017-12-31": "380.09300", "2016-12-31": "-240.73000", "2015-12-31": "-821.12010", "2014-12-31": "-577.42600", "2013-12-31": "-99.17900", "2012-12-31": "17.34700", "2011-12-31": "-65.87800", "2010-12-31": "-272.56300", "2009-12-31": "-96.52800", "2008-12-31": "-155.53100", "2007-12-31": "-425.46400", "2006-12-31": "-480.14000", "2005-12-31": "-447.15200"}, "Net Change In Intangible Assets": {"2019-12-31": "", "2018-12-31": "", "2017-12-31": "", "2016-12-31": "", "2015-12-31": "", "2014-12-31": "", "2013-12-31": "", "2012-12-31": "", "2011-12-31": "", "2010-12-31": "", "2009-12-31": "", "2008-12-31": "", "2007-12-31": "", "2006-12-31": "", "2005-12-31": ""}, "Net Acquisitions/Divestitures": {"2019-12-31": "", "2018-12-31": "", "2017-12-31": "", "2016-12-31": "", "2015-12-31": "-768.41300", "2014-12-31": "-370.18600", "2013-12-31": "", "2012-12-31": "-1701.41000", "2011-12-31": "-4162.10600", "2010-12-31": "", "2009-12-31": "", "2008-12-31": "", "2007-12-31": "-2982.68900", "2006-12-31": "-3463.20900", "2005-12-31": ""}, "Net Change In Short-term Investments": {"2019-12-31": "", "2018-12-31": "", "2017-12-31": "", "2016-12-31": "", "2015-12-31": "", "2014-12-31": "0.00000", "2013-12-31": "11.69700", "2012-12-31": "-214.85900", "2011-12-31": "-22.44900", "2010-12-31": "179.21500", "2009-12-31": "157.12200", "2008-12-31": "-19.38900", "2007-12-31": "27.17000", "2006-12-31": "-6.12000", "2005-12-31": "-0.28600"}, "Net Change In Long-Term Investments": {"2019-12-31": "347.91400", "2018-12-31": "637.78200", "2017-12-31": "337.67100", "2016-12-31": "-73.26200", "2015-12-31": "-123.22900", "2014-12-31": "-72.01200", "2013-12-31": "-50.45500", "2012-12-31": "-58.52500", "2011-12-31": "-145.49500", "2010-12-31": "-100.13000", "2009-12-31": "30.46400", "2008-12-31": "587.27000", "2007-12-31": "1312.20100", "2006-12-31": "525.50000", "2005-12-31": "64.39900"}, "Net Change In Investments - Total": {"2019-12-31": "347.91400", "2018-12-31": "637.78200", "2017-12-31": "337.67100", "2016-12-31": "-73.26200", "2015-12-31": "-123.22900", "2014-12-31": "-72.01200", "2013-12-31": "-38.75800", "2012-12-31": "-273.38400", "2011-12-31": "-167.94400", "2010-12-31": "79.08500", "2009-12-31": "187.58600", "2008-12-31": "567.88100", "2007-12-31": "1339.37100", "2006-12-31": "519.38000", "2005-12-31": "64.11300"}, "Investing Activities - Other": {"2019-12-31": "204.04200", "2018-12-31": "76.74300", "2017-12-31": "528.49300", "2016-12-31": "-114.98100", "2015-12-31": "52.39700", "2014-12-31": "-492.25500", "2013-12-31": "-58.71100", "2012-12-31": "-356.70500", "2011-12-31": "-184.55600", "2010-12-31": "-237.45100", "2009-12-31": "-152.46400", "2008-12-31": "14.97700", "2007-12-31": "-819.33300", "2006-12-31": "-268.08300", "2005-12-31": "-31.74700"}, "Cash Flow From Investing Activities": {"2019-12-31": "-1448.77800", "2018-12-31": "1829.27900", "2017-12-31": "1246.25700", "2016-12-31": "-428.97300", "2015-12-31": "-1660.36500", "2014-12-31": "-1511.87900", "2013-12-31": "-196.64800", "2012-12-31": "-2314.15200", "2011-12-31": "-4580.48400", "2010-12-31": "-430.92900", "2009-12-31": "-61.40600", "2008-12-31": "427.32700", "2007-12-31": "-2888.11500", "2006-12-31": "-3692.05200", "2005-12-31": "-414.78600"}, "Net Long-Term Debt": {"2019-12-31": "642.92710", "2018-12-31": "-1380.43900", "2017-12-31": "-1463.05100", "2016-12-31": "-2316.77400", "2015-12-31": "1811.18600", "2014-12-31": "250.66090", "2013-12-31": "-45.32100", "2012-12-31": "1359.22400", "2011-12-31": "1937.95200", "2010-12-31": "-1042.51800", "2009-12-31": "-559.87300", "2008-12-31": "-775.75900", "2007-12-31": "1970.94600", "2006-12-31": "2352.81500", "2005-12-31": "401.11100"}, "Net Current Debt": {"2019-12-31": "10.74120", "2018-12-31": "-932.66800", "2017-12-31": "93.59300", "2016-12-31": "568.41700", "2015-12-31": "-412.77800", "2014-12-31": "845.19000", "2013-12-31": "", "2012-12-31": "-454.00000", "2011-12-31": "454.00000", "2010-12-31": "", "2009-12-31": "-150.00000", "2008-12-31": "-801.70000", "2007-12-31": "327.20000", "2006-12-31": "365.90000", "2005-12-31": "-41.50000"}, "Debt Issuance/Retirement Net - Total": {"2019-12-31": "653.66830", "2018-12-31": "-2313.10700", "2017-12-31": "-1369.45800", "2016-12-31": "-1748.35700", "2015-12-31": "1398.40800", "2014-12-31": "1095.85100", "2013-12-31": "-45.32100", "2012-12-31": "905.22410", "2011-12-31": "2391.95200", "2010-12-31": "-1042.51800", "2009-12-31": "-709.87300", "2008-12-31": "-1577.45900", "2007-12-31": "2298.14600", "2006-12-31": "2718.71500", "2005-12-31": "359.61100"}, "Net Common Equity Issued/Repurchased": {"2019-12-31": "790.54300", "2018-12-31": "214.22400", "2017-12-31": "23.33600", "2016-12-31": "58.96500", "2015-12-31": "197.73300", "2014-12-31": "83.88900", "2013-12-31": "114.08200", "2012-12-31": "1792.78600", "2011-12-31": "1327.81300", "2010-12-31": "2426.90000", "2009-12-31": "852.91200", "2008-12-31": "1060.53800", "2007-12-31": "", "2006-12-31": "989.03900", "2005-12-31": "45.23800"}, "Net Total Equity Issued/Repurchased": {"2019-12-31": "790.54300", "2018-12-31": "214.22400", "2017-12-31": "23.33600", "2016-12-31": "58.96500", "2015-12-31": "197.73300", "2014-12-31": "83.88900", "2013-12-31": "114.08200", "2012-12-31": "1497.28600", "2011-12-31": "1327.81300", "2010-12-31": "2426.90000", "2009-12-31": "852.91200", "2008-12-31": "1060.53800", "2007-12-31": "618.85400", "2006-12-31": "989.03900", "2005-12-31": "45.23800"}, "Total Common And Preferred Stock Dividends Paid": {"2019-12-31": "-720.12300", "2018-12-31": "-696.91300", "2017-12-31": "-694.95500", "2016-12-31": "-979.54200", "2015-12-31": "-1046.63800", "2014-12-31": "-1001.55900", "2013-12-31": "-956.68500", "2012-12-31": "-865.30600", "2011-12-31": "-787.68900", "2010-12-31": "-590.73500", "2009-12-31": "-517.07200", "2008-12-31": "-457.64300", "2007-12-31": "-393.56600", "2006-12-31": "-266.81400", "2005-12-31": "-248.38900"}, "Financial Activities - Other": {"2019-12-31": "-76.81700", "2018-12-31": "175.26000", "2017-12-31": "-107.38400", "2016-12-31": "1614.66900", "2015-12-31": "64.58400", "2014-12-31": "-33.38400", "2013-12-31": "-12.49200", "2012-12-31": "-43.75500", "2011-12-31": "-78.94800", "2010-12-31": "-18.77400", "2009-12-31": "-25.49800", "2008-12-31": "-60.16700", "2007-12-31": "-50.50600", "2006-12-31": "-53.02100", "2005-12-31": "-19.52300"}, "Cash Flow From Financial Activities": {"2019-12-31": "647.27100", "2018-12-31": "-2620.53600", "2017-12-31": "-2148.46100", "2016-12-31": "-1054.26500", "2015-12-31": "614.08700", "2014-12-31": "144.79700", "2013-12-31": "-900.41600", "2012-12-31": "1493.44900", "2011-12-31": "2853.12800", "2010-12-31": "774.87300", "2009-12-31": "-399.53100", "2008-12-31": "-1034.73100", "2007-12-31": "2472.92800", "2006-12-31": "3387.91900", "2005-12-31": "136.93700"}, "Net Cash Flow": {"2019-12-31": "44.81100", "2018-12-31": "57.64300", "2017-12-31": "-54.78700", "2016-12-31": "-270.12600", "2015-12-31": "168.27200", "2014-12-31": "-118.64000", "2013-12-31": "52.88300", "2012-12-31": "214.16700", "2011-12-31": "-1003.19500", "2010-12-31": "924.44200", "2009-12-31": "54.69700", "2008-12-31": "-38.70700", "2007-12-31": "37.86400", "2006-12-31": "37.06300", "2005-12-31": "4.38000"}, "Stock-Based Compensation": {"2019-12-31": "", "2018-12-31": "", "2017-12-31": "", "2016-12-31": "", "2015-12-31": "", "2014-12-31": "", "2013-12-31": "", "2012-12-31": "", "2011-12-31": "", "2010-12-31": "", "2009-12-31": "", "2008-12-31": "13.76500", "2007-12-31": "11.40800", "2006-12-31": "8.23200", "2005-12-31": "6.49500"}, "Common Stock Dividends Paid": {"2019-12-31": "-720.12300", "2018-12-31": "-696.91300", "2017-12-31": "-694.95500", "2016-12-31": "-979.54200", "2015-12-31": "-1046.63800", "2014-12-31": "-1001.55900", "2013-12-31": "-956.68500", "2012-12-31": "-865.30600", "2011-12-31": "-787.68900", "2010-12-31": "-590.73500", "2009-12-31": "-517.07200", "2008-12-31": "-457.64300", "2007-12-31": "-393.56600", "2006-12-31": "-266.81400", "2005-12-31": "-248.38900"}}, "cash flow statement, quarterly": {"Net Income/Loss": {"2020-09-30": -59.581, "2020-06-30": 55.049, "2020-03-31": "282.54000", "2019-12-31": 47.359, "2019-09-30": -42.308, "2019-06-30": -9.98, "2019-03-31": "64.99000", "2018-12-31": 834.383, "2018-09-30": 102.926, "2018-06-30": 92.928, "2018-03-31": "43.23700", "2017-12-31": -57.924, "2017-09-30": -5.72, "2017-06-30": 22.101, "2017-03-31": "464.17700", "2016-12-31": 61.3, "2016-09-30": 154.039, "2016-06-30": 304.842, "2016-03-31": "119.74500", "2015-12-31": -594.617, "2015-09-30": 117.954, "2015-06-30": 167.748, "2015-03-31": "-237.50300", "2014-12-31": 199.63, "2014-09-30": 251.059, "2014-06-30": 222.279, "2014-03-31": "263.62300", "2013-12-31": 297.639, "2013-09-30": 236.858, "2013-06-30": 216.725, "2013-03-31": "233.78400", "2012-12-31": 246.26, "2012-09-30": 199.043, "2012-06-30": 204.975, "2012-03-31": "196.56400", "2011-12-31": 70.787, "2011-09-30": 175.471, "2011-06-30": 234.252, "2011-03-31": "73.98400", "2010-12-31": 145.526, "2010-09-30": 26.173, "2010-06-30": 88.595, "2010-03-31": "84.10100", "2009-12-31": 35.484, "2009-09-30": -43.22, "2009-06-30": 101.178, "2009-03-31": "52.70900", "2008-12-31": 45.219, "2008-09-30": 131.556, "2008-06-30": 238.08, "2008-03-31": "56.12800", "2007-12-31": 75.395, "2007-09-30": 322.148, "2007-06-30": 71.284, "2007-03-31": "145.28800", "2006-12-31": 241.274, "2006-09-30": 76.818, "2006-06-30": 41.567, "2006-03-31": "57.88800", "2005-12-31": 41.511, "2005-09-30": 45.041, "2005-06-30": 43.047, "2005-03-31": "43.45800"}, "Total Depreciation And Amortization - Cash Flow": {"2020-09-30": 158.798, "2020-06-30": 164.062, "2020-03-31": "180.74700", "2019-12-31": 197.12, "2019-09-30": 178.849, "2019-06-30": 174.284, "2019-03-31": "138.76100", "2018-12-31": 137.076, "2018-09-30": 138.148, "2018-06-30": 150.945, "2018-03-31": "152.50500", "2017-12-31": 143.654, "2017-09-30": 137.8, "2017-06-30": 137.922, "2017-03-31": "144.17700", "2016-12-31": 155.409, "2016-09-30": 157.713, "2016-06-30": 150.827, "2016-03-31": "151.94700", "2015-12-31": 152.467, "2015-09-30": 144.928, "2015-06-30": 134.678, "2015-03-31": "125.06100", "2014-12-31": 126.725, "2014-09-30": 132.808, "2014-06-30": 123.583, "2014-03-31": "117.07500", "2013-12-31": 117.932, "2013-09-30": 132.623, "2013-06-30": 115.781, "2013-03-31": "114.71300", "2012-12-31": 110.212, "2012-09-30": 99.102, "2012-06-30": 97.263, "2012-03-31": "97.48100", "2011-12-31": 94.527, "2011-09-30": 96.175, "2011-06-30": 97.422, "2011-03-31": "110.56400", "2010-12-31": 94.558, "2010-09-30": 78.812, "2010-06-30": 77.944, "2010-03-31": "80.53500", "2009-12-31": 91.947, "2009-09-30": 82.554, "2009-06-30": 73.421, "2009-03-31": "80.13900", "2008-12-31": 81.524, "2008-09-30": 76.962, "2008-06-30": 80.934, "2008-03-31": "83.24500", "2007-12-31": 78.935, "2007-09-30": 82.322, "2007-06-30": 63.894, "2007-03-31": "67.75300", "2006-12-31": 70.617, "2006-09-30": 33.268, "2006-06-30": 32.527, "2006-03-31": "31.39300", "2005-12-31": 29.492, "2005-09-30": 28.219, "2005-06-30": 26.709, "2005-03-31": "24.81500"}, "Other Non-Cash Items": {"2020-09-30": 84.031, "2020-06-30": -32.039, "2020-03-31": "-344.86600", "2019-12-31": -32.268, "2019-09-30": 68.615, "2019-06-30": 40.185, "2019-03-31": "-1.42200", "2018-12-31": -774.844, "2018-09-30": -49.164, "2018-06-30": -31.931, "2018-03-31": "6.18900", "2017-12-31": 116.847, "2017-09-30": 83.807, "2017-06-30": 57.542, "2017-03-31": "-377.37700", "2016-12-31": 2.314, "2016-09-30": -1.046, "2016-06-30": -121.057, "2016-03-31": "43.06600", "2015-12-31": 785.521, "2015-09-30": 61.54, "2015-06-30": -10.162, "2015-03-31": "427.30900", "2014-12-31": -3.963, "2014-09-30": -76.532, "2014-06-30": -45.227, "2014-03-31": "-75.66100", "2013-12-31": -178.31, "2013-09-30": -33.423, "2013-06-30": 10.116, "2013-03-31": "-66.88200", "2012-12-31": -79.621, "2012-09-30": -40.179, "2012-06-30": -75.711, "2012-03-31": "-23.50300", "2011-12-31": -117.127, "2011-09-30": -12.906, "2011-06-30": -35.276, "2011-03-31": "-46.78100", "2010-12-31": -121.82, "2010-09-30": 55.651, "2010-06-30": -6.966, "2010-03-31": "-20.56100", "2009-12-31": 31.815, "2009-09-30": 1.987, "2009-06-30": -34.897, "2009-03-31": "0.35900", "2008-12-31": 11.927, "2008-09-30": -27.211, "2008-06-30": -177.218, "2008-03-31": "-7.77300", "2007-12-31": -34.457, "2007-09-30": -291.62, "2007-06-30": -18.799, "2007-03-31": "-101.88300", "2006-12-31": -230.254, "2006-09-30": -33.399, "2006-06-30": 5.768, "2006-03-31": "-5.36900", "2005-12-31": 1.165, "2005-09-30": 0.288, "2005-06-30": -0.378, "2005-03-31": "-1.94800"}, "Total Non-Cash Items": {"2020-09-30": 242.829, "2020-06-30": 132.023, "2020-03-31": "-164.11900", "2019-12-31": 164.852, "2019-09-30": 247.464, "2019-06-30": 214.469, "2019-03-31": "137.33900", "2018-12-31": -637.768, "2018-09-30": 88.984, "2018-06-30": 119.014, "2018-03-31": "158.69400", "2017-12-31": 260.5011, "2017-09-30": 221.607, "2017-06-30": 195.464, "2017-03-31": "-233.20000", "2016-12-31": 157.723, "2016-09-30": 156.667, "2016-06-30": 29.77, "2016-03-31": "195.01300", "2015-12-31": 937.988, "2015-09-30": 206.468, "2015-06-30": 124.516, "2015-03-31": "552.37000", "2014-12-31": 122.762, "2014-09-30": 56.276, "2014-06-30": 78.356, "2014-03-31": "41.41400", "2013-12-31": -60.378, "2013-09-30": 99.2, "2013-06-30": 125.897, "2013-03-31": "47.83100", "2012-12-31": 30.591, "2012-09-30": 58.923, "2012-06-30": 21.552, "2012-03-31": "73.97800", "2011-12-31": -22.6, "2011-09-30": 83.269, "2011-06-30": 62.146, "2011-03-31": "63.78300", "2010-12-31": -27.262, "2010-09-30": 134.463, "2010-06-30": 70.978, "2010-03-31": "59.97400", "2009-12-31": 123.762, "2009-09-30": 84.541, "2009-06-30": 38.524, "2009-03-31": "80.49800", "2008-12-31": 93.451, "2008-09-30": 49.751, "2008-06-30": -96.284, "2008-03-31": "75.47200", "2007-12-31": 44.478, "2007-09-30": -209.298, "2007-06-30": 45.095, "2007-03-31": "-34.13000", "2006-12-31": -159.637, "2006-09-30": -0.131, "2006-06-30": 38.295, "2006-03-31": "26.02400", "2005-12-31": 30.657, "2005-09-30": 28.507, "2005-06-30": 26.331, "2005-03-31": "22.86700"}, "Change In Accounts Receivable": {"2020-09-30": 9.386, "2020-06-30": 18.153, "2020-03-31": "-5.03600", "2019-12-31": -18.326, "2019-09-30": -15.972, "2019-06-30": -4.359, "2019-03-31": "-11.11400", "2018-12-31": 10.351, "2018-09-30": 3.779, "2018-06-30": 9.638, "2018-03-31": "-18.08200", "2017-12-31": -22.561, "2017-09-30": 6.556, "2017-06-30": -9.913, "2017-03-31": "1.13600", "2016-12-31": -14.55, "2016-09-30": 10.429, "2016-06-30": -6.576, "2016-03-31": "3.70500", "2015-12-31": -18.388, "2015-09-30": -4.17, "2015-06-30": -2.65, "2015-03-31": "-3.81400", "2014-12-31": -1.652, "2014-09-30": -1.968, "2014-06-30": -4.18, "2014-03-31": "-1.04500", "2013-12-31": 0.267, "2013-09-30": 5.927, "2013-06-30": -1.505, "2013-03-31": "1.96700", "2012-12-31": -2.387, "2012-09-30": -5.79, "2012-06-30": -1.592, "2012-03-31": "2.30000", "2011-12-31": -0.616, "2011-09-30": -5.616, "2011-06-30": 4.406, "2011-03-31": "4.41600", "2010-12-31": 7.235, "2010-09-30": -2.469, "2010-06-30": 0.191, "2010-03-31": "4.26500", "2009-12-31": -6.902, "2009-09-30": 6.634, "2009-06-30": -0.489, "2009-03-31": "5.16500", "2008-12-31": -4.2, "2008-09-30": 1.909, "2008-06-30": 0.929, "2008-03-31": "12.04300", "2007-12-31": -10.489, "2007-09-30": 1.286, "2007-06-30": -0.978, "2007-03-31": "-2.93400", "2006-12-31": 0.658, "2006-09-30": -0.254, "2006-06-30": 1.274, "2006-03-31": "-0.38300", "2005-12-31": 0.194, "2005-09-30": 0.122, "2005-06-30": 0.596, "2005-03-31": "0.60900"}, "Change In Inventories": {"2020-09-30": 0, "2020-06-30": 0, "2020-03-31": "", "2019-12-31": 0, "2019-09-30": 0, "2019-06-30": 0, "2019-03-31": "", "2018-12-31": 0, "2018-09-30": 0, "2018-06-30": 0, "2018-03-31": "", "2017-12-31": 0, "2017-09-30": 0, "2017-06-30": 0, "2017-03-31": "", "2016-12-31": 0, "2016-09-30": 0, "2016-06-30": 0, "2016-03-31": "", "2015-12-31": 0, "2015-09-30": 0, "2015-06-30": 0, "2015-03-31": "", "2014-12-31": 0, "2014-09-30": 0, "2014-06-30": 0, "2014-03-31": "", "2013-12-31": 0, "2013-09-30": 0, "2013-06-30": 0, "2013-03-31": "", "2012-12-31": 0, "2012-09-30": 0, "2012-06-30": 0, "2012-03-31": "", "2011-12-31": 0, "2011-09-30": 0, "2011-06-30": 0, "2011-03-31": "", "2010-12-31": 0, "2010-09-30": 0, "2010-06-30": 0, "2010-03-31": "", "2009-12-31": 0, "2009-09-30": 0, "2009-06-30": 0, "2009-03-31": "", "2008-12-31": 0, "2008-09-30": 0, "2008-06-30": 0, "2008-03-31": "", "2007-12-31": 0, "2007-09-30": 0, "2007-06-30": 0, "2007-03-31": "", "2006-12-31": 0, "2006-09-30": 0, "2006-06-30": 0, "2006-03-31": "", "2005-12-31": 0, "2005-09-30": 0, "2005-06-30": 0, "2005-03-31": ""}, "Change In Accounts Payable": {"2020-09-30": 0, "2020-06-30": 0, "2020-03-31": "", "2019-12-31": 0, "2019-09-30": 0, "2019-06-30": 0, "2019-03-31": "", "2018-12-31": 0, "2018-09-30": 0, "2018-06-30": 0, "2018-03-31": "", "2017-12-31": 0, "2017-09-30": 0, "2017-06-30": 0, "2017-03-31": "", "2016-12-31": 0, "2016-09-30": 0, "2016-06-30": 0, "2016-03-31": "", "2015-12-31": 0, "2015-09-30": 0, "2015-06-30": 0, "2015-03-31": "", "2014-12-31": 0, "2014-09-30": 0, "2014-06-30": 0, "2014-03-31": "", "2013-12-31": 0, "2013-09-30": 0, "2013-06-30": 0, "2013-03-31": "", "2012-12-31": 0, "2012-09-30": 0, "2012-06-30": 0, "2012-03-31": "", "2011-12-31": 0, "2011-09-30": 0, "2011-06-30": 0, "2011-03-31": "", "2010-12-31": 0, "2010-09-30": 0, "2010-06-30": 0, "2010-03-31": "", "2009-12-31": 0, "2009-09-30": 0, "2009-06-30": 0, "2009-03-31": "", "2008-12-31": 0, "2008-09-30": 0, "2008-06-30": 0, "2008-03-31": "", "2007-12-31": 0, "2007-09-30": 0, "2007-06-30": 0, "2007-03-31": "", "2006-12-31": 0, "2006-09-30": 0, "2006-06-30": 0, "2006-03-31": "", "2005-12-31": 0, "2005-09-30": 0, "2005-06-30": 0, "2005-03-31": ""}, "Change In Assets/Liabilities": {"2020-09-30": 0, "2020-06-30": 0, "2020-03-31": "", "2019-12-31": 0, "2019-09-30": 0, "2019-06-30": 0, "2019-03-31": "", "2018-12-31": 0, "2018-09-30": 0, "2018-06-30": 0, "2018-03-31": "", "2017-12-31": 0, "2017-09-30": 0, "2017-06-30": 0, "2017-03-31": "", "2016-12-31": 9.674, "2016-09-30": -6.782, "2016-06-30": 3.955, "2016-03-31": "-6.84700", "2015-12-31": 1.186, "2015-09-30": 7.287, "2015-06-30": -2.634, "2015-03-31": "-5.83900", "2014-12-31": 8.058, "2014-09-30": -8.209, "2014-06-30": 2.806, "2014-03-31": "-8.94200", "2013-12-31": -14.351, "2013-09-30": -31.087, "2013-06-30": -4.153, "2013-03-31": "-8.69900", "2012-12-31": 3.489, "2012-09-30": 0.885, "2012-06-30": -0.311, "2012-03-31": "-7.87700", "2011-12-31": -1.049, "2011-09-30": 32.641, "2011-06-30": -12.083, "2011-03-31": "8.07300", "2010-12-31": -7.522, "2010-09-30": -0.194, "2010-06-30": 8.838, "2010-03-31": "-7.46300", "2009-12-31": -3.89, "2009-09-30": 3.461, "2009-06-30": -5.969, "2009-03-31": "-0.48300", "2008-12-31": 3.528, "2008-09-30": -10.242, "2008-06-30": -5.081, "2008-03-31": "10.48000", "2007-12-31": 6.395, "2007-09-30": -15.053, "2007-06-30": 3.977, "2007-03-31": "-7.30800", "2006-12-31": -1.365, "2006-09-30": -6.616, "2006-06-30": -1.939, "2006-03-31": "1.65700", "2005-12-31": -6.98, "2005-09-30": -1.081, "2005-06-30": -1.363, "2005-03-31": "1.03900"}, "Total Change In Assets/Liabilities": {"2020-09-30": 36.653, "2020-06-30": 37.709, "2020-03-31": "-23.37900", "2019-12-31": 5.261, "2019-09-30": 42.885, "2019-06-30": 17.489, "2019-03-31": "-43.74700", "2018-12-31": 19.176, "2018-09-30": 1.334, "2018-06-30": 31.568, "2018-03-31": "-5.76700", "2017-12-31": 6.568, "2017-09-30": -9.58, "2017-06-30": 20.895, "2017-03-31": "-37.84800", "2016-12-31": -3.524, "2016-09-30": 21.014, "2016-06-30": 63.683, "2016-03-31": "-46.14100", "2015-12-31": 11.114, "2015-09-30": -50.748, "2015-06-30": 71.654, "2015-03-31": "-84.79900", "2014-12-31": 43.207, "2014-09-30": -32.018, "2014-06-30": 59.889, "2014-03-31": "-57.85600", "2013-12-31": 2.75, "2013-09-30": -44.223, "2013-06-30": 60.169, "2013-03-31": "-67.26500", "2012-12-31": 37.066, "2012-09-30": -20.564, "2012-06-30": 44.678, "2012-03-31": "-58.19600", "2011-12-31": 23.08, "2011-09-30": -80.519, "2011-06-30": 28.448, "2011-03-31": "12.06000", "2010-12-31": -15.491, "2010-09-30": 10.25, "2010-06-30": 22.73, "2010-03-31": "-19.53900", "2009-12-31": -17.973, "2009-09-30": 110.548, "2009-06-30": -1.171, "2009-03-31": "-10.07400", "2008-12-31": -18.471, "2008-09-30": 8.49, "2008-06-30": 5.957, "2008-03-31": "6.36700", "2007-12-31": 25.668, "2007-09-30": -17.359, "2007-06-30": 15.437, "2007-03-31": "-22.21600", "2006-12-31": 7.579, "2006-09-30": 3.939, "2006-06-30": 1.794, "2006-03-31": "8.29900", "2005-12-31": -10.98, "2005-09-30": 7.336, "2005-06-30": -1.707, "2005-03-31": "6.16100"}, "Cash Flow From Operating Activities": {"2020-09-30": 219.901, "2020-06-30": 224.781, "2020-03-31": "95.04200", "2019-12-31": 217.472, "2019-09-30": 248.041, "2019-06-30": 221.978, "2019-03-31": "158.58200", "2018-12-31": 215.791, "2018-09-30": 193.244, "2018-06-30": 243.51, "2018-03-31": "196.16400", "2017-12-31": 209.145, "2017-09-30": 206.307, "2017-06-30": 238.46, "2017-03-31": "193.12900", "2016-12-31": 215.499, "2016-09-30": 331.72, "2016-06-30": 398.295, "2016-03-31": "268.61700", "2015-12-31": 354.485, "2015-09-30": 273.674, "2015-06-30": 363.918, "2015-03-31": "230.06800", "2014-12-31": 365.599, "2014-09-30": 275.317, "2014-06-30": 360.524, "2014-03-31": "247.18100", "2013-12-31": 305.307, "2013-09-30": 272.078, "2013-06-30": 357.252, "2013-03-31": "214.35000", "2012-12-31": 313.917, "2012-09-30": 237.402, "2012-06-30": 297.083, "2012-03-31": "186.46800", "2011-12-31": 137.24, "2011-09-30": 154.106, "2011-06-30": 282.988, "2011-03-31": "149.82700", "2010-12-31": 149.77, "2010-09-30": 154.631, "2010-06-30": 166.638, "2010-03-31": "109.45900", "2009-12-31": 125.914, "2009-09-30": 139.623, "2009-06-30": 133.085, "2009-03-31": "117.01200", "2008-12-31": 113.314, "2008-09-30": 182.689, "2008-06-30": 141.019, "2008-03-31": "131.67500", "2007-12-31": 143.23, "2007-09-30": 93.226, "2007-06-30": 129.596, "2007-03-31": "86.99900", "2006-12-31": 86.703, "2006-09-30": 80.626, "2006-06-30": 81.656, "2006-03-31": "92.21100", "2005-12-31": 61.188, "2005-09-30": 80.884, "2005-06-30": 67.671, "2005-03-31": "72.48600"}, "Net Change In Property, Plant, And Equipment": {"2020-09-30": -205.775, "2020-06-30": -333.271, "2020-03-31": "189.94500", "2019-12-31": -409.833, "2019-09-30": -588.066, "2019-06-30": -882.561, "2019-03-31": "-120.27400", "2018-12-31": 1085.83, "2018-09-30": -37.382, "2018-06-30": 171.683, "2018-03-31": "-105.37700", "2017-12-31": -472.574, "2017-09-30": -198.84, "2017-06-30": -79.583, "2017-03-31": "1131.09000", "2016-12-31": 109.52, "2016-09-30": -148.007, "2016-06-30": -8.876, "2016-03-31": "-193.36700", "2015-12-31": 550.0679, "2015-09-30": -10.378, "2015-06-30": -1227.632, "2015-03-31": "-133.17800", "2014-12-31": -28.485, "2014-09-30": -228.075, "2014-06-30": -318.163, "2014-03-31": "-2.70300", "2013-12-31": 57.836, "2013-09-30": -32.456, "2013-06-30": -60.156, "2013-03-31": "-64.40300", "2012-12-31": 269.608, "2012-09-30": -196.639, "2012-06-30": -40.52, "2012-03-31": "-15.10200", "2011-12-31": 104.751, "2011-09-30": -22.597, "2011-06-30": -82.579, "2011-03-31": "-65.45300", "2010-12-31": -44.266, "2010-09-30": -71.121, "2010-06-30": -126.135, "2010-03-31": "-31.04100", "2009-12-31": -25.519, "2009-09-30": -31.69, "2009-06-30": -19.05, "2009-03-31": "-20.26900", "2008-12-31": -23.095, "2008-09-30": -59.552, "2008-06-30": -29.922, "2008-03-31": "-42.96200", "2007-12-31": -85.772, "2007-09-30": -339.692, "2007-06-30": 222.006, "2007-03-31": "-222.00600", "2006-12-31": -143.431, "2006-09-30": -72.576, "2006-06-30": -74.007, "2006-03-31": "-190.12600", "2005-12-31": -70.439, "2005-09-30": -246.093, "2005-06-30": -123.756, "2005-03-31": "-6.86400"}, "Net Change In Intangible Assets": {"2020-09-30": 0, "2020-06-30": 0, "2020-03-31": "", "2019-12-31": 0, "2019-09-30": 0, "2019-06-30": 0, "2019-03-31": "", "2018-12-31": 0, "2018-09-30": 0, "2018-06-30": 0, "2018-03-31": "", "2017-12-31": 0, "2017-09-30": 0, "2017-06-30": 0, "2017-03-31": "", "2016-12-31": 0, "2016-09-30": 0, "2016-06-30": 0, "2016-03-31": "", "2015-12-31": 0, "2015-09-30": 0, "2015-06-30": 0, "2015-03-31": "", "2014-12-31": 0, "2014-09-30": 0, "2014-06-30": 0, "2014-03-31": "", "2013-12-31": 0, "2013-09-30": 0, "2013-06-30": 0, "2013-03-31": "", "2012-12-31": 0, "2012-09-30": 0, "2012-06-30": 0, "2012-03-31": "", "2011-12-31": 0, "2011-09-30": 0, "2011-06-30": 0, "2011-03-31": "", "2010-12-31": 0, "2010-09-30": 0, "2010-06-30": 0, "2010-03-31": "", "2009-12-31": 0, "2009-09-30": 0, "2009-06-30": 0, "2009-03-31": "", "2008-12-31": 0, "2008-09-30": 0, "2008-06-30": 0, "2008-03-31": "", "2007-12-31": 0, "2007-09-30": 0, "2007-06-30": 0, "2007-03-31": "", "2006-12-31": 0, "2006-09-30": 0, "2006-06-30": 0, "2006-03-31": "", "2005-12-31": 0, "2005-09-30": 0, "2005-06-30": 0, "2005-03-31": ""}, "Net Acquisitions/Divestitures": {"2020-09-30": -3.578, "2020-06-30": 5.753, "2020-03-31": "-396.35200", "2019-12-31": 0, "2019-09-30": 0, "2019-06-30": 0, "2019-03-31": "", "2018-12-31": 0, "2018-09-30": 0, "2018-06-30": 0, "2018-03-31": "", "2017-12-31": 0, "2017-09-30": 0, "2017-06-30": 0, "2017-03-31": "", "2016-12-31": 0, "2016-09-30": 0, "2016-06-30": 0, "2016-03-31": "", "2015-12-31": -768.413, "2015-09-30": 0, "2015-06-30": 0, "2015-03-31": "", "2014-12-31": 0, "2014-09-30": -370.186, "2014-06-30": 0, "2014-03-31": "", "2013-12-31": 0, "2013-09-30": 0, "2013-06-30": 0, "2013-03-31": "", "2012-12-31": -1701.41, "2012-09-30": 0, "2012-06-30": 0, "2012-03-31": "", "2011-12-31": 0, "2011-09-30": -224.932, "2011-06-30": -3801.114, "2011-03-31": "-136.06000", "2010-12-31": 0, "2010-09-30": 0, "2010-06-30": 0, "2010-03-31": "", "2009-12-31": 0, "2009-09-30": 0, "2009-06-30": 0, "2009-03-31": "", "2008-12-31": 0, "2008-09-30": 0, "2008-06-30": 0, "2008-03-31": "", "2007-12-31": -5.125, "2007-09-30": -2703.106, "2007-06-30": -274.458, "2007-03-31": "", "2006-12-31": -3463.209, "2006-09-30": 0, "2006-06-30": 0, "2006-03-31": "", "2005-12-31": 0, "2005-09-30": 0, "2005-06-30": 0, "2005-03-31": ""}, "Net Change In Short-term Investments": {"2020-09-30": 0, "2020-06-30": 0, "2020-03-31": "", "2019-12-31": 0, "2019-09-30": 0, "2019-06-30": 0, "2019-03-31": "", "2018-12-31": 0, "2018-09-30": 0, "2018-06-30": 0, "2018-03-31": "", "2017-12-31": 0, "2017-09-30": 0, "2017-06-30": 0, "2017-03-31": "", "2016-12-31": 0, "2016-09-30": 0, "2016-06-30": 0, "2016-03-31": "", "2015-12-31": -0.782, "2015-09-30": 0.782, "2015-06-30": 0, "2015-03-31": "", "2014-12-31": 0, "2014-09-30": 0, "2014-06-30": 0, "2014-03-31": "", "2013-12-31": 0, "2013-09-30": 0.373, "2013-06-30": -16.706, "2013-03-31": "28.03000", "2012-12-31": 0, "2012-09-30": 0, "2012-06-30": -214.859, "2012-03-31": "0.00000", "2011-12-31": 0, "2011-09-30": -22.449, "2011-06-30": 0, "2011-03-31": "", "2010-12-31": 106.466, "2010-09-30": 72.507, "2010-06-30": 0, "2010-03-31": "0.24200", "2009-12-31": 37.457, "2009-09-30": 114.865, "2009-06-30": 4.8, "2009-03-31": "", "2008-12-31": -3.988, "2008-09-30": -26.101, "2008-06-30": 10.7, "2008-03-31": "", "2007-12-31": 0.303, "2007-09-30": 0.197, "2007-06-30": 22.216, "2007-03-31": "4.45400", "2006-12-31": 1.145, "2006-09-30": 5.63, "2006-06-30": 0, "2006-03-31": "-12.89500", "2005-12-31": -3.144, "2005-09-30": 2.858, "2005-06-30": 0, "2005-03-31": ""}, "Net Change In Long-Term Investments": {"2020-09-30": -10.165, "2020-06-30": 7.154, "2020-03-31": "63.46200", "2019-12-31": 134.63, "2019-09-30": 248.105, "2019-06-30": -17.709, "2019-03-31": "-17.11200", "2018-12-31": -177.938, "2018-09-30": 383.882, "2018-06-30": 315.086, "2018-03-31": "116.75200", "2017-12-31": -578.699, "2017-09-30": -27.363, "2017-06-30": 511.424, "2017-03-31": "432.30900", "2016-12-31": -13.05, "2016-09-30": -15.316, "2016-06-30": -20.132, "2016-03-31": "-24.76400", "2015-12-31": -43.702, "2015-09-30": -21.707, "2015-06-30": -20.023, "2015-03-31": "-37.79700", "2014-12-31": -26.11, "2014-09-30": -19.557, "2014-06-30": -14.712, "2014-03-31": "-11.63300", "2013-12-31": -17.685, "2013-09-30": -13.736, "2013-06-30": -10.643, "2013-03-31": "-8.39100", "2012-12-31": -17.759, "2012-09-30": -15.183, "2012-06-30": -19.368, "2012-03-31": "-6.21500", "2011-12-31": -20.659, "2011-09-30": -10.454, "2011-06-30": -105.526, "2011-03-31": "-8.85600", "2010-12-31": -32.934, "2010-09-30": -52.11, "2010-06-30": -11.119, "2010-03-31": "-3.96700", "2009-12-31": -5.988, "2009-09-30": -1.431, "2009-06-30": 40.047, "2009-03-31": "-2.16400", "2008-12-31": -6.362, "2008-09-30": 106.897, "2008-06-30": 473.408, "2008-03-31": "13.32700", "2007-12-31": 10.352, "2007-09-30": 485.188, "2007-06-30": 378.43, "2007-03-31": "438.23100", "2006-12-31": 437.125, "2006-09-30": 69.422, "2006-06-30": 1.029, "2006-03-31": "17.92400", "2005-12-31": 15.833, "2005-09-30": 0.443, "2005-06-30": 11.155, "2005-03-31": "36.96800"}, "Net Change In Investments - Total": {"2020-09-30": -10.165, "2020-06-30": 7.154, "2020-03-31": "63.46200", "2019-12-31": 134.63, "2019-09-30": 248.105, "2019-06-30": -17.709, "2019-03-31": "-17.11200", "2018-12-31": -177.938, "2018-09-30": 383.882, "2018-06-30": 315.086, "2018-03-31": "116.75200", "2017-12-31": -578.699, "2017-09-30": -27.363, "2017-06-30": 511.424, "2017-03-31": "432.30900", "2016-12-31": -13.05, "2016-09-30": -15.316, "2016-06-30": -20.132, "2016-03-31": "-24.76400", "2015-12-31": -44.484, "2015-09-30": -20.925, "2015-06-30": -20.023, "2015-03-31": "-37.79700", "2014-12-31": -26.11, "2014-09-30": -19.557, "2014-06-30": -14.712, "2014-03-31": "-11.63300", "2013-12-31": -17.685, "2013-09-30": -13.363, "2013-06-30": -27.349, "2013-03-31": "19.63900", "2012-12-31": -17.759, "2012-09-30": -15.183, "2012-06-30": -234.227, "2012-03-31": "-6.21500", "2011-12-31": -20.659, "2011-09-30": -32.903, "2011-06-30": -105.526, "2011-03-31": "-8.85600", "2010-12-31": 73.532, "2010-09-30": 20.397, "2010-06-30": -11.119, "2010-03-31": "-3.72500", "2009-12-31": 31.469, "2009-09-30": 113.434, "2009-06-30": 44.847, "2009-03-31": "-2.16400", "2008-12-31": -10.35, "2008-09-30": 80.796, "2008-06-30": 484.108, "2008-03-31": "13.32700", "2007-12-31": 10.655, "2007-09-30": 485.385, "2007-06-30": 400.646, "2007-03-31": "442.68500", "2006-12-31": 438.27, "2006-09-30": 75.052, "2006-06-30": 1.029, "2006-03-31": "5.02900", "2005-12-31": 12.689, "2005-09-30": 3.301, "2005-06-30": 11.155, "2005-03-31": "36.96800"}, "Investing Activities - Other": {"2020-09-30": -11.69, "2020-06-30": -63.895, "2020-03-31": "-8.06600", "2019-12-31": 267.939, "2019-09-30": -12.576, "2019-06-30": -28.43, "2019-03-31": "-22.89100", "2018-12-31": 103.853, "2018-09-30": -20.734, "2018-06-30": -5.729, "2018-03-31": "-0.64700", "2017-12-31": 556.832, "2017-09-30": -9.906, "2017-06-30": -188.797, "2017-03-31": "170.36400", "2016-12-31": -211.284, "2016-09-30": 2.782, "2016-06-30": 41.147, "2016-03-31": "52.37400", "2015-12-31": 288.049, "2015-09-30": -9.214, "2015-06-30": -69.127, "2015-03-31": "-157.31100", "2014-12-31": -500.059, "2014-09-30": 45.791, "2014-06-30": -5.772, "2014-03-31": "-32.21500", "2013-12-31": 37.155, "2013-09-30": 192.8, "2013-06-30": -276.07, "2013-03-31": "-12.59600", "2012-12-31": -213.893, "2012-09-30": -125.334, "2012-06-30": -7.649, "2012-03-31": "-9.82900", "2011-12-31": -113.554, "2011-09-30": -5.939, "2011-06-30": 300.071, "2011-03-31": "-365.13400", "2010-12-31": -133.23, "2010-09-30": -114.909, "2010-06-30": 14.632, "2010-03-31": "-3.94400", "2009-12-31": 1.298, "2009-09-30": -161.2, "2009-06-30": 2.864, "2009-03-31": "4.57400", "2008-12-31": 4.133, "2008-09-30": 6.159, "2008-06-30": -3.631, "2008-03-31": "8.31600", "2007-12-31": -873.597, "2007-09-30": 43.485, "2007-06-30": 3.953, "2007-03-31": "6.82600", "2006-12-31": -186.708, "2006-09-30": -122.414, "2006-06-30": 7.276, "2006-03-31": "33.76300", "2005-12-31": -36.837, "2005-09-30": 13.374, "2005-06-30": -13.352, "2005-03-31": "5.06800"}, "Cash Flow From Investing Activities": {"2020-09-30": -231.208, "2020-06-30": -384.259, "2020-03-31": "-151.01100", "2019-12-31": -7.264, "2019-09-30": -352.537, "2019-06-30": -928.7, "2019-03-31": "-160.27700", "2018-12-31": 1011.745, "2018-09-30": 325.766, "2018-06-30": 481.04, "2018-03-31": "10.72800", "2017-12-31": -494.441, "2017-09-30": -236.109, "2017-06-30": 243.044, "2017-03-31": "1733.76300", "2016-12-31": -114.814, "2016-09-30": -160.541, "2016-06-30": 12.139, "2016-03-31": "-165.75700", "2015-12-31": 25.22, "2015-09-30": -40.517, "2015-06-30": -1316.782, "2015-03-31": "-328.28600", "2014-12-31": -554.654, "2014-09-30": -572.027, "2014-06-30": -338.647, "2014-03-31": "-46.55100", "2013-12-31": 77.306, "2013-09-30": 146.981, "2013-06-30": -363.575, "2013-03-31": "-57.36000", "2012-12-31": -1663.454, "2012-09-30": -337.156, "2012-06-30": -282.396, "2012-03-31": "-31.14600", "2011-12-31": -29.462, "2011-09-30": -286.371, "2011-06-30": -3689.148, "2011-03-31": "-575.50300", "2010-12-31": -103.964, "2010-09-30": -165.633, "2010-06-30": -122.622, "2010-03-31": "-38.71000", "2009-12-31": 7.248, "2009-09-30": -79.456, "2009-06-30": 28.661, "2009-03-31": "-17.85900", "2008-12-31": -29.312, "2008-09-30": 27.403, "2008-06-30": 450.555, "2008-03-31": "-21.31900", "2007-12-31": -953.839, "2007-09-30": -2513.928, "2007-06-30": 352.147, "2007-03-31": "227.50500", "2006-12-31": -3355.078, "2006-09-30": -119.938, "2006-06-30": -65.702, "2006-03-31": "-151.33400", "2005-12-31": -94.587, "2005-09-30": -229.418, "2005-06-30": -125.953, "2005-03-31": "35.17200"}, "Net Long-Term Debt": {"2020-09-30": 0, "2020-06-30": 0, "2020-03-31": "", "2019-12-31": 392.9271, "2019-09-30": 0, "2019-06-30": 250, "2019-03-31": "", "2018-12-31": -676.157, "2018-09-30": -1154.426, "2018-06-30": 451.316, "2018-03-31": "-1.17200", "2017-12-31": -1.5, "2017-09-30": -500.82, "2017-06-30": -313.304, "2017-03-31": "-647.42700", "2016-12-31": -1167.234, "2016-09-30": -403.153, "2016-06-30": -209.469, "2016-03-31": "-536.91800", "2015-12-31": 307.705, "2015-09-30": 252.245, "2015-06-30": 529.466, "2015-03-31": "721.77000", "2014-12-31": -249.8761, "2014-09-30": 807.38, "2014-06-30": -94.104, "2014-03-31": "-212.73900", "2013-12-31": 382.886, "2013-09-30": -237.827, "2013-06-30": -28.245, "2013-03-31": "-162.13500", "2012-12-31": 754.004, "2012-09-30": 447.758, "2012-06-30": -282.481, "2012-03-31": "439.94300", "2011-12-31": -17.266, "2011-09-30": -303.098, "2011-06-30": -120.547, "2011-03-31": "2378.86300", "2010-12-31": -479.895, "2010-09-30": -274.903, "2010-06-30": -78.878, "2010-03-31": "-208.84200", "2009-12-31": -27.7511, "2009-09-30": -153.3269, "2009-06-30": -340.332, "2009-03-31": "-38.46300", "2008-12-31": -161.097, "2008-09-30": -643.443, "2008-06-30": 40.852, "2008-03-31": "-12.07100", "2007-12-31": -815.4, "2007-09-30": 2735.935, "2007-06-30": 52.23, "2007-03-31": "-1.81900", "2006-12-31": 1196.34, "2006-09-30": 1000.368, "2006-06-30": 121.871, "2006-03-31": "34.23600", "2005-12-31": -6.565, "2005-09-30": 173.246, "2005-06-30": 235.588, "2005-03-31": "-1.15800"}, "Net Current Debt": {"2020-09-30": -302.2141, "2020-06-30": 342.577, "2020-03-31": "-98.33800", "2019-12-31": -637.2698, "2019-09-30": 203.345, "2019-06-30": 252.103, "2019-03-31": "192.56300", "2018-12-31": -555, "2018-09-30": 545.496, "2018-06-30": -993.164, "2018-03-31": "70.00000", "2017-12-31": 410, "2017-09-30": 465, "2017-06-30": -368.563, "2017-03-31": "-412.84400", "2016-12-31": -454.48, "2016-09-30": 514.999, "2016-06-30": 85.001, "2016-03-31": "422.89700", "2015-12-31": -310.715, "2015-09-30": -288.62, "2015-06-30": 642.063, "2015-03-31": "-455.50600", "2014-12-31": 775.19, "2014-09-30": -240, "2014-06-30": 310, "2014-03-31": "", "2013-12-31": -283.082, "2013-09-30": 18.033, "2013-06-30": 251.049, "2013-03-31": "14.00000", "2012-12-31": 0, "2012-09-30": -215.015, "2012-06-30": 215.015, "2012-03-31": "-454.00000", "2011-12-31": 79, "2011-09-30": 375, "2011-06-30": 0, "2011-03-31": "", "2010-12-31": -318, "2010-09-30": 318, "2010-06-30": -210, "2010-03-31": "210.00000", "2009-12-31": 0, "2009-09-30": -100, "2009-06-30": -135, "2009-03-31": "85.00000", "2008-12-31": 150, "2008-09-30": 0, "2008-06-30": -1018.6, "2008-03-31": "66.90000", "2007-12-31": 951.7, "2007-09-30": 0, "2007-06-30": -190, "2007-03-31": "-434.50000", "2006-12-31": 624.5, "2006-09-30": -265.1, "2006-06-30": -109.9, "2006-03-31": "116.40000", "2005-12-31": 88.6, "2005-09-30": 54.7, "2005-06-30": -132.5, "2005-03-31": "-52.30000"}, "Debt Issuance/Retirement Net - Total": {"2020-09-30": -302.2141, "2020-06-30": 342.577, "2020-03-31": "-98.33800", "2019-12-31": -244.3427, "2019-09-30": 203.345, "2019-06-30": 502.103, "2019-03-31": "192.56300", "2018-12-31": -1231.157, "2018-09-30": -608.93, "2018-06-30": -541.848, "2018-03-31": "68.82800", "2017-12-31": 408.5, "2017-09-30": -35.82, "2017-06-30": -681.867, "2017-03-31": "-1060.27100", "2016-12-31": -1621.7139, "2016-09-30": 111.8459, "2016-06-30": -124.468, "2016-03-31": "-114.02100", "2015-12-31": -3.01, "2015-09-30": -36.375, "2015-06-30": 1171.529, "2015-03-31": "266.26400", "2014-12-31": 525.314, "2014-09-30": 567.38, "2014-06-30": 215.896, "2014-03-31": "-212.73900", "2013-12-31": 99.804, "2013-09-30": -219.794, "2013-06-30": 222.804, "2013-03-31": "-148.13500", "2012-12-31": 754.0041, "2012-09-30": 232.743, "2012-06-30": -67.466, "2012-03-31": "-14.05700", "2011-12-31": 61.734, "2011-09-30": 71.902, "2011-06-30": -120.547, "2011-03-31": "2378.86300", "2010-12-31": -797.895, "2010-09-30": 43.097, "2010-06-30": -288.878, "2010-03-31": "1.15800", "2009-12-31": -27.7511, "2009-09-30": -253.3269, "2009-06-30": -475.332, "2009-03-31": "46.53700", "2008-12-31": -11.097, "2008-09-30": -643.443, "2008-06-30": -977.748, "2008-03-31": "54.82900", "2007-12-31": 136.3, "2007-09-30": 2735.935, "2007-06-30": -137.77, "2007-03-31": "-436.31900", "2006-12-31": 1820.84, "2006-09-30": 735.268, "2006-06-30": 11.971, "2006-03-31": "150.63600", "2005-12-31": 82.035, "2005-09-30": 227.946, "2005-06-30": 103.088, "2005-03-31": "-53.45800"}, "Net Common Equity Issued/Repurchased": {"2020-09-30": 0.236, "2020-06-30": 0.506, "2020-03-31": "1056.69100", "2019-12-31": 284.797, "2019-09-30": 103.296, "2019-06-30": 403.791, "2019-03-31": "-1.34100", "2018-12-31": 212.88, "2018-09-30": 0.689, "2018-06-30": 0.025, "2018-03-31": "0.63000", "2017-12-31": 9.677, "2017-09-30": 4.133, "2017-06-30": 9.586, "2017-03-31": "-0.06000", "2016-12-31": 8.448, "2016-09-30": 8.467, "2016-06-30": 11.556, "2016-03-31": "30.49400", "2015-12-31": 36.242, "2015-09-30": 76.063, "2015-06-30": 29.099, "2015-03-31": "56.32900", "2014-12-31": 22.429, "2014-09-30": 16.145, "2014-06-30": 20.655, "2014-03-31": "24.66000", "2013-12-31": 21.578, "2013-09-30": 30.644, "2013-06-30": 29.607, "2013-03-31": "32.25300", "2012-12-31": 988.374, "2012-09-30": 21.275, "2012-06-30": 385.568, "2012-03-31": "397.56900", "2011-12-31": 24.93, "2011-09-30": 21.308, "2011-06-30": 33.526, "2011-03-31": "1248.04900", "2010-12-31": 1908.056, "2010-09-30": 78.255, "2010-06-30": 442.135, "2010-03-31": "-1.54600", "2009-12-31": 6.777, "2009-09-30": 424.682, "2009-06-30": 422.931, "2009-03-31": "-1.47800", "2008-12-31": 1060.538, "2008-09-30": -572.973, "2008-06-30": 566.708, "2008-03-31": "6.26500", "2007-12-31": -300.591, "2007-09-30": 18.511, "2007-06-30": 10.62, "2007-03-31": "271.46000", "2006-12-31": 967.353, "2006-09-30": 7.449, "2006-06-30": 4.673, "2006-03-31": "9.56400", "2005-12-31": 5.45, "2005-09-30": 5.464, "2005-06-30": 23.509, "2005-03-31": "10.81500"}, "Net Total Equity Issued/Repurchased": {"2020-09-30": 0.236, "2020-06-30": 0.506, "2020-03-31": "1056.69100", "2019-12-31": 284.797, "2019-09-30": 103.296, "2019-06-30": 403.791, "2019-03-31": "-1.34100", "2018-12-31": 212.88, "2018-09-30": 0.689, "2018-06-30": 0.025, "2018-03-31": "0.63000", "2017-12-31": 9.677, "2017-09-30": 4.133, "2017-06-30": 9.586, "2017-03-31": "-0.06000", "2016-12-31": 8.448, "2016-09-30": 8.467, "2016-06-30": 11.556, "2016-03-31": "30.49400", "2015-12-31": 36.242, "2015-09-30": 76.063, "2015-06-30": 29.099, "2015-03-31": "56.32900", "2014-12-31": 22.429, "2014-09-30": 16.145, "2014-06-30": 20.655, "2014-03-31": "24.66000", "2013-12-31": 21.578, "2013-09-30": 30.644, "2013-06-30": 29.607, "2013-03-31": "32.25300", "2012-12-31": 988.374, "2012-09-30": 21.275, "2012-06-30": 90.068, "2012-03-31": "397.56900", "2011-12-31": 24.93, "2011-09-30": 21.308, "2011-06-30": 33.526, "2011-03-31": "1248.04900", "2010-12-31": 1908.056, "2010-09-30": 78.255, "2010-06-30": 442.135, "2010-03-31": "-1.54600", "2009-12-31": 6.777, "2009-09-30": 424.682, "2009-06-30": 422.931, "2009-03-31": "-1.47800", "2008-12-31": 0.302, "2008-09-30": 487.263, "2008-06-30": 568.73, "2008-03-31": "4.24300", "2007-12-31": 318.263, "2007-09-30": 18.511, "2007-06-30": 10.62, "2007-03-31": "271.46000", "2006-12-31": 967.353, "2006-09-30": 7.449, "2006-06-30": 4.673, "2006-03-31": "9.56400", "2005-12-31": 5.45, "2005-09-30": 5.464, "2005-06-30": 23.509, "2005-03-31": "10.81500"}, "Total Common And Preferred Stock Dividends Paid": {"2020-09-30": -199.546, "2020-06-30": -199.55, "2020-03-31": "-188.50000", "2019-12-31": -183.463, "2019-09-30": -182.11, "2019-06-30": -177.264, "2019-03-31": "-177.28600", "2018-12-31": -174.347, "2018-09-30": -174.127, "2018-06-30": -174.29, "2018-03-31": "-174.14900", "2017-12-31": -174.176, "2017-09-30": -173.661, "2017-06-30": -173.489, "2017-03-31": "-173.62900", "2016-12-31": -173.299, "2016-09-30": -269.182, "2016-06-30": -268.875, "2016-03-31": "-268.18600", "2015-12-31": -263.06, "2015-09-30": -261.68, "2015-06-30": -261.212, "2015-03-31": "-260.68600", "2014-12-31": -250.724, "2014-09-30": -250.471, "2014-06-30": -250.166, "2014-03-31": "-250.19800", "2013-12-31": -239.816, "2013-09-30": -239.416, "2013-06-30": -238.986, "2013-03-31": "-238.46700", "2012-12-31": -227.078, "2012-09-30": -215.376, "2012-06-30": -211.785, "2012-03-31": "-211.06700", "2011-12-31": -201.641, "2011-09-30": -201.133, "2011-06-30": -200.706, "2011-03-31": "-184.20900", "2010-12-31": -156.357, "2010-09-30": -149.625, "2010-06-30": -142.161, "2010-03-31": "-142.59200", "2009-12-31": -140.274, "2009-09-30": -132.1, "2009-06-30": -122.524, "2009-03-31": "-122.17400", "2008-12-31": -120.546, "2008-09-30": -120.078, "2008-06-30": -112.649, "2008-03-31": "-104.37000", "2007-12-31": -101.779, "2007-09-30": -97.489, "2007-06-30": -97.237, "2007-03-31": "-97.06100", "2006-12-31": -75.527, "2006-09-30": -63.864, "2006-06-30": -63.662, "2006-03-31": "-63.76100", "2005-12-31": -62.523, "2005-09-30": -62.412, "2005-06-30": -61.847, "2005-03-31": "-61.60700"}, "Financial Activities - Other": {"2020-09-30": -24.272, "2020-06-30": -37.37, "2020-03-31": "-8.43200", "2019-12-31": -37.968, "2019-09-30": -20.941, "2019-06-30": -12.493, "2019-03-31": "-5.41500", "2018-12-31": -3.753, "2018-09-30": 249.949, "2018-06-30": -4.389, "2018-03-31": "-66.54700", "2017-12-31": -37.499, "2017-09-30": -57.448, "2017-06-30": -7.428, "2017-03-31": "-5.00900", "2016-12-31": 1629.628, "2016-09-30": -5.711, "2016-06-30": -6.559, "2016-03-31": "-2.68900", "2015-12-31": 88.035, "2015-09-30": -5.17, "2015-06-30": -8.096, "2015-03-31": "-10.18500", "2014-12-31": -9.397, "2014-09-30": -6.881, "2014-06-30": -3.933, "2014-03-31": "-13.17300", "2013-12-31": -13.343, "2013-09-30": 5.216, "2013-06-30": -1.598, "2013-03-31": "-2.76700", "2012-12-31": -14.566, "2012-09-30": -12.048, "2012-06-30": -3.293, "2012-03-31": "-13.84800", "2011-12-31": -4.155, "2011-09-30": 8.843, "2011-06-30": -18.53, "2011-03-31": "-65.10600", "2010-12-31": -15.544, "2010-09-30": -4.35, "2010-06-30": -3.456, "2010-03-31": "4.57600", "2009-12-31": -4.021, "2009-09-30": -4.54, "2009-06-30": -3.713, "2009-03-31": "-13.22400", "2008-12-31": -12.151, "2008-09-30": -33.571, "2008-06-30": -7.118, "2008-03-31": "-7.32700", "2007-12-31": -14.759, "2007-09-30": -16.337, "2007-06-30": -9.062, "2007-03-31": "-10.34800", "2006-12-31": -31.249, "2006-09-30": -15.654, "2006-06-30": -3.417, "2006-03-31": "-2.70100", "2005-12-31": -8.395, "2005-09-30": -3.18, "2005-06-30": -4.438, "2005-03-31": "-3.51000"}, "Cash Flow From Financial Activities": {"2020-09-30": -525.796, "2020-06-30": 106.163, "2020-03-31": "761.42100", "2019-12-31": -180.977, "2019-09-30": 103.59, "2019-06-30": 716.137, "2019-03-31": "8.52100", "2018-12-31": -1196.377, "2018-09-30": -532.419, "2018-06-30": -720.502, "2018-03-31": "-171.23800", "2017-12-31": 206.502, "2017-09-30": -262.796, "2017-06-30": -853.198, "2017-03-31": "-1238.96900", "2016-12-31": -156.937, "2016-09-30": -154.58, "2016-06-30": -388.346, "2016-03-31": "-354.40200", "2015-12-31": -141.793, "2015-09-30": -227.162, "2015-06-30": 931.32, "2015-03-31": "51.72200", "2014-12-31": 287.622, "2014-09-30": 326.173, "2014-06-30": -17.548, "2014-03-31": "-451.45000", "2013-12-31": -131.777, "2013-09-30": -423.35, "2013-06-30": 11.827, "2013-03-31": "-357.11600", "2012-12-31": 1500.734, "2012-09-30": 26.594, "2012-06-30": -192.476, "2012-03-31": "158.59700", "2011-12-31": -119.132, "2011-09-30": -99.08, "2011-06-30": -306.257, "2011-03-31": "3377.59700", "2010-12-31": 938.26, "2010-09-30": -32.623, "2010-06-30": 7.64, "2010-03-31": "-138.40400", "2009-12-31": -165.269, "2009-09-30": 34.715, "2009-06-30": -178.638, "2009-03-31": "-90.33900", "2008-12-31": -143.492, "2008-09-30": -309.829, "2008-06-30": -528.785, "2008-03-31": "-52.62500", "2007-12-31": 338.025, "2007-09-30": 2640.62, "2007-06-30": -233.449, "2007-03-31": "-272.26800", "2006-12-31": 2681.417, "2006-09-30": 663.199, "2006-06-30": -50.435, "2006-03-31": "93.73800", "2005-12-31": 16.567, "2005-09-30": 167.818, "2005-06-30": 60.312, "2005-03-31": "-107.76000"}, "Net Cash Flow": {"2020-09-30": -537.103, "2020-06-30": -53.458, "2020-03-31": "705.44200", "2019-12-31": 29.553, "2019-09-30": -0.948, "2019-06-30": 9.4, "2019-03-31": "6.80600", "2018-12-31": 31.105, "2018-09-30": -13.188, "2018-06-30": 3.961, "2018-03-31": "35.76500", "2017-12-31": -78.819, "2017-09-30": -292.424, "2017-06-30": -371.474, "2017-03-31": "687.93000", "2016-12-31": -56.517, "2016-09-30": 16.441, "2016-06-30": 25.363, "2016-03-31": "-255.41300", "2015-12-31": 231.584, "2015-09-30": 4.728, "2015-06-30": -21.4, "2015-03-31": "-46.64000", "2014-12-31": 98.385, "2014-09-30": 29.461, "2014-06-30": 4.332, "2014-03-31": "-250.81800", "2013-12-31": 251.142, "2013-09-30": -3.7, "2013-06-30": 5.567, "2013-03-31": "-200.12600", "2012-12-31": 151.197, "2012-09-30": -73.16, "2012-06-30": -177.789, "2012-03-31": "313.91900", "2011-12-31": -11.354, "2011-09-30": -231.345, "2011-06-30": -3712.417, "2011-03-31": "2951.92100", "2010-12-31": 984.066, "2010-09-30": -43.625, "2010-06-30": 51.656, "2010-03-31": "-67.65500", "2009-12-31": -32.107, "2009-09-30": 94.882, "2009-06-30": -16.892, "2009-03-31": "8.81400", "2008-12-31": -59.49, "2008-09-30": -99.737, "2008-06-30": 62.789, "2008-03-31": "57.73100", "2007-12-31": -472.584, "2007-09-30": 219.918, "2007-06-30": 248.294, "2007-03-31": "42.23600", "2006-12-31": -586.958, "2006-09-30": 623.887, "2006-06-30": -34.481, "2006-03-31": "34.61500", "2005-12-31": -16.832, "2005-09-30": 19.284, "2005-06-30": 2.03, "2005-03-31": "-0.10200"}, "Stock-Based Compensation": {"2020-09-30": 0, "2020-06-30": 0, "2020-03-31": "", "2019-12-31": 0, "2019-09-30": 0, "2019-06-30": 0, "2019-03-31": "", "2018-12-31": 0, "2018-09-30": 0, "2018-06-30": 0, "2018-03-31": "", "2017-12-31": 0, "2017-09-30": 0, "2017-06-30": 0, "2017-03-31": "", "2016-12-31": 0, "2016-09-30": 0, "2016-06-30": 0, "2016-03-31": "", "2015-12-31": 0, "2015-09-30": 0, "2015-06-30": 0, "2015-03-31": "", "2014-12-31": 0, "2014-09-30": 0, "2014-06-30": 0, "2014-03-31": "", "2013-12-31": 0, "2013-09-30": 0, "2013-06-30": 0, "2013-03-31": "", "2012-12-31": 0, "2012-09-30": 0, "2012-06-30": 0, "2012-03-31": "", "2011-12-31": 0, "2011-09-30": 0, "2011-06-30": 0, "2011-03-31": "", "2010-12-31": -11.306, "2010-09-30": 3.618, "2010-06-30": 4.182, "2010-03-31": "3.50600", "2009-12-31": -11.068, "2009-09-30": 3.531, "2009-06-30": 3.991, "2009-03-31": "3.54600", "2008-12-31": 3.128, "2008-09-30": 3.152, "2008-06-30": 3.959, "2008-03-31": "3.52600", "2007-12-31": 2.892, "2007-09-30": 2.674, "2007-06-30": 3.364, "2007-03-31": "2.47800", "2006-12-31": 2.172, "2006-09-30": 1.812, "2006-06-30": 2.405, "2006-03-31": "1.84300", "2005-12-31": 1.716, "2005-09-30": 1.581, "2005-06-30": 1.87, "2005-03-31": "1.32800"}, "Common Stock Dividends Paid": {"2020-09-30": -199.546, "2020-06-30": -199.55, "2020-03-31": "-188.50000", "2019-12-31": -183.463, "2019-09-30": -182.11, "2019-06-30": -177.264, "2019-03-31": "-177.28600", "2018-12-31": -174.347, "2018-09-30": -174.127, "2018-06-30": -174.29, "2018-03-31": "-174.14900", "2017-12-31": -174.176, "2017-09-30": -173.661, "2017-06-30": -173.489, "2017-03-31": "-173.62900", "2016-12-31": -173.299, "2016-09-30": -269.182, "2016-06-30": -268.875, "2016-03-31": "-268.18600", "2015-12-31": -263.06, "2015-09-30": -261.68, "2015-06-30": -261.212, "2015-03-31": "-260.68600", "2014-12-31": -250.724, "2014-09-30": -250.471, "2014-06-30": -250.166, "2014-03-31": "-250.19800", "2013-12-31": -239.816, "2013-09-30": -239.416, "2013-06-30": -238.986, "2013-03-31": "-238.46700", "2012-12-31": -227.078, "2012-09-30": -215.376, "2012-06-30": -211.785, "2012-03-31": "-211.06700", "2011-12-31": -201.641, "2011-09-30": -201.133, "2011-06-30": -200.706, "2011-03-31": "-184.20900", "2010-12-31": -156.357, "2010-09-30": -149.625, "2010-06-30": -142.161, "2010-03-31": "-142.59200", "2009-12-31": -140.274, "2009-09-30": -132.1, "2009-06-30": -122.524, "2009-03-31": "-122.17400", "2008-12-31": -120.546, "2008-09-30": -120.078, "2008-06-30": -112.649, "2008-03-31": "-104.37000", "2007-12-31": -101.779, "2007-09-30": -97.489, "2007-06-30": -97.237, "2007-03-31": "-97.06100", "2006-12-31": -75.527, "2006-09-30": -63.864, "2006-06-30": -63.662, "2006-03-31": "-63.76100", "2005-12-31": -62.523, "2005-09-30": -62.412, "2005-06-30": -61.847, "2005-03-31": "-61.60700"}}, "financial ratios": {"Current Ratio": {"2019-12-31": "", "2018-12-31": "", "2017-12-31": "", "2016-12-31": "", "2015-12-31": "", "2014-12-31": "", "2013-12-31": "", "2012-12-31": "", "2011-12-31": "", "2010-12-31": "", "2009-12-31": "", "2008-12-31": "", "2007-12-31": "", "2006-12-31": "", "2005-12-31": ""}, "Long-term Debt / Capital": {"2019-12-31": "0.48790", "2018-12-31": "0.46090", "2017-12-31": "0.58480", "2016-12-31": "0.60730", "2015-12-31": "0.53180", "2014-12-31": "0.46920", "2013-12-31": "0.44210", "2012-12-31": "0.44710", "2011-12-31": "0.45600", "2010-12-31": "0.36320", "2009-12-31": "0.48700", "2008-12-31": "0.52330", "2007-12-31": "0.64670", "2006-12-31": "0.65310", "2005-12-31": "0.58300"}, "Debt/Equity Ratio": {"2019-12-31": "0.95260", "2018-12-31": "0.85490", "2017-12-31": "1.40850", "2016-12-31": "1.54670", "2015-12-31": "1.13570", "2014-12-31": "0.88400", "2013-12-31": "0.79240", "2012-12-31": "0.80860", "2011-12-31": "0.83820", "2010-12-31": "0.57040", "2009-12-31": "0.94920", "2008-12-31": "1.09790", "2007-12-31": "1.83030", "2006-12-31": "1.88280", "2005-12-31": "1.39810"}, "Gross Margin": {"2019-12-31": "", "2018-12-31": "", "2017-12-31": "", "2016-12-31": "", "2015-12-31": "", "2014-12-31": "", "2013-12-31": "", "2012-12-31": "", "2011-12-31": "", "2010-12-31": "", "2009-12-31": "", "2008-12-31": "", "2007-12-31": "", "2006-12-31": "", "2005-12-31": ""}, "Operating Margin": {"2019-12-31": "6.52740", "2018-12-31": "23.25340", "2017-12-31": "20.79020", "2016-12-31": "33.31410", "2015-12-31": "30.57380", "2014-12-31": "42.86420", "2013-12-31": "60.43450", "2012-12-31": "61.61150", "2011-12-31": "52.71440", "2010-12-31": "52.57150", "2009-12-31": "34.19620", "2008-12-31": "47.86700", "2007-12-31": "47.41880", "2006-12-31": "46.55750", "2005-12-31": "51.65670"}, "EBIT Margin": {"2019-12-31": "6.52740", "2018-12-31": "23.25340", "2017-12-31": "20.79020", "2016-12-31": "33.31410", "2015-12-31": "30.57380", "2014-12-31": "42.86420", "2013-12-31": "60.43450", "2012-12-31": "61.61150", "2011-12-31": "52.71440", "2010-12-31": "52.57150", "2009-12-31": "34.19620", "2008-12-31": "47.86700", "2007-12-31": "47.41880", "2006-12-31": "46.55750", "2005-12-31": "51.65670"}, "EBITDA Margin": {"2019-12-31": "41.02330", "2018-12-31": "54.58920", "2017-12-31": "51.27930", "2016-12-31": "62.23900", "2015-12-31": "59.28490", "2014-12-31": "73.42270", "2013-12-31": "83.34300", "2012-12-31": "83.10430", "2011-12-31": "76.24390", "2010-12-31": "79.32910", "2009-12-31": "62.80420", "2008-12-31": "76.04740", "2007-12-31": "78.12980", "2006-12-31": "82.70320", "2005-12-31": "81.60580"}, "Pre-Tax Profit Margin": {"2019-12-31": "2.57460", "2018-12-31": "57.30330", "2017-12-31": "22.20330", "2016-12-31": "17.24910", "2015-12-31": "7.02250", "2014-12-31": "16.76490", "2013-12-31": "40.57450", "2012-12-31": "39.63260", "2011-12-31": "28.95870", "2010-12-31": "30.85620", "2009-12-31": "8.81130", "2008-12-31": "19.68600", "2007-12-31": "13.79740", "2006-12-31": "8.48080", "2005-12-31": "28.50510"}, "Net Profit Margin": {"2019-12-31": "2.20220", "2018-12-31": "57.31470", "2017-12-31": "22.34460", "2016-12-31": "29.42520", "2015-12-31": "-28.88720", "2014-12-31": "56.19360", "2013-12-31": "46.15040", "2012-12-31": "43.20760", "2011-12-31": "30.41170", "2010-12-31": "24.79410", "2009-12-31": "9.51110", "2008-12-31": "37.15020", "2007-12-31": "59.24870", "2006-12-31": "85.38920", "2005-12-31": "41.65410"}, "Asset Turnover": {"2019-12-31": "0.14230", "2018-12-31": "0.14520", "2017-12-31": "0.13120", "2016-12-31": "0.13510", "2015-12-31": "0.09050", "2014-12-31": "0.07670", "2013-12-31": "0.10460", "2012-12-31": "0.09440", "2011-12-31": "0.09730", "2010-12-31": "0.09300", "2009-12-31": "0.09390", "2008-12-31": "0.09660", "2007-12-31": "0.07620", "2006-12-31": "0.04640", "2005-12-31": "0.10140"}, "Inventory Turnover Ratio": {"2019-12-31": "", "2018-12-31": "", "2017-12-31": "", "2016-12-31": "", "2015-12-31": "", "2014-12-31": "", "2013-12-31": "", "2012-12-31": "", "2011-12-31": "", "2010-12-31": "", "2009-12-31": "", "2008-12-31": "", "2007-12-31": "", "2006-12-31": "", "2005-12-31": ""}, "Receiveable Turnover": {"2019-12-31": "", "2018-12-31": "", "2017-12-31": "", "2016-12-31": "", "2015-12-31": "", "2014-12-31": "", "2013-12-31": "", "2012-12-31": "", "2011-12-31": "", "2010-12-31": "", "2009-12-31": "", "2008-12-31": "", "2007-12-31": "", "2006-12-31": "", "2005-12-31": ""}, "Days Sales In Receivables": {"2019-12-31": "", "2018-12-31": "", "2017-12-31": "", "2016-12-31": "", "2015-12-31": "", "2014-12-31": "", "2013-12-31": "", "2012-12-31": "", "2011-12-31": "", "2010-12-31": "", "2009-12-31": "", "2008-12-31": "", "2007-12-31": "", "2006-12-31": "", "2005-12-31": ""}, "ROE - Return On Equity": {"2019-12-31": "0.90080", "2018-12-31": "16.48310", "2017-12-31": "7.55390", "2016-12-31": "6.29780", "2015-12-31": "1.56640", "2014-12-31": "2.46720", "2013-12-31": "8.33060", "2012-12-31": "7.45030", "2011-12-31": "6.00000", "2010-12-31": "4.01160", "2009-12-31": "1.80920", "2008-12-31": "4.38260", "2007-12-31": "3.55620", "2006-12-31": "1.11150", "2005-12-31": "8.16600"}, "Return On Tangible Equity": {"2019-12-31": "0.94800", "2018-12-31": "17.29310", "2017-12-31": "8.15130", "2016-12-31": "6.85110", "2015-12-31": "1.66670", "2014-12-31": "2.58000", "2013-12-31": "8.72150", "2012-12-31": "7.85320", "2011-12-31": "6.05920", "2010-12-31": "4.02760", "2009-12-31": "1.84320", "2008-12-31": "4.57960", "2007-12-31": "3.90140", "2006-12-31": "1.14790", "2005-12-31": "6.67530"}, "ROA - Return On Assets": {"2019-12-31": "0.42800", "2018-12-31": "8.44020", "2017-12-31": "2.99990", "2016-12-31": "2.37430", "2015-12-31": "0.71170", "2014-12-31": "1.27190", "2013-12-31": "4.53600", "2012-12-31": "4.02290", "2011-12-31": "3.07970", "2010-12-31": "2.36530", "2009-12-31": "0.84070", "2008-12-31": "1.89460", "2007-12-31": "1.08450", "2006-12-31": "0.33400", "2005-12-31": "2.53020"}, "ROI - Return On Investment": {"2019-12-31": "0.46130", "2018-12-31": "8.88600", "2017-12-31": "3.13630", "2016-12-31": "2.47290", "2015-12-31": "0.73340", "2014-12-31": "1.30950", "2013-12-31": "4.64780", "2012-12-31": "4.11940", "2011-12-31": "3.16310", "2010-12-31": "2.46510", "2009-12-31": "0.88370", "2008-12-31": "1.97880", "2007-12-31": "1.16920", "2006-12-31": "0.35220", "2005-12-31": "2.71150"}, "Book Value Per Share": {"2019-12-31": "13.19710", "2018-12-31": "13.63910", "2017-12-31": "11.91840", "2016-12-31": "12.69290", "2015-12-31": "20.93790", "2014-12-31": "23.91990", "2013-12-31": "23.92140", "2012-12-31": "23.72900", "2011-12-31": "22.56480", "2010-12-31": "21.96140", "2009-12-31": "20.29860", "2008-12-31": "21.32420", "2007-12-31": "18.92690", "2006-12-31": "16.58640", "2005-12-31": "10.27770"}, "Operating Cash Flow Per Share": {"2019-12-31": -0.0563, "2018-12-31": -0.021, "2017-12-31": -0.7913, "2016-12-31": -0.0432, "2015-12-31": -0.0807, "2014-12-31": 0.2001, "2013-12-31": 0.1053, "2012-12-31": 0.6067, "2011-12-31": -0.0821, "2010-12-31": 0.0139, "2009-12-31": -0.5122, "2008-12-31": 0.2213, "2007-12-31": -0.1239, "2006-12-31": 0.2105, "2005-12-31": 2.0819}, "Free Cash Flow Per Share": {"2019-12-31": -6.4899, "2018-12-31": 1.5133, "2017-12-31": 0.5343, "2016-12-31": 1.2161, "2015-12-31": -0.5964, "2014-12-31": -0.8408, "2013-12-31": -0.1529, "2012-12-31": 0.8118, "2011-12-31": 0.6414, "2010-12-31": -0.5227, "2009-12-31": -0.2101, "2008-12-31": 1.6042, "2007-12-31": 1.0655, "2006-12-31": 0.2831, "2005-12-31": -1.2166}}, "financial ratios, quarterly": {"Current Ratio": {"2020-09-30": "", "2020-06-30": "", "2020-03-31": "", "2019-12-31": "", "2019-09-30": "", "2019-06-30": "", "2019-03-31": "", "2018-12-31": "", "2018-09-30": "", "2018-06-30": "", "2018-03-31": "", "2017-12-31": "", "2017-09-30": "", "2017-06-30": "", "2017-03-31": "", "2016-12-31": "", "2016-09-30": "", "2016-06-30": "", "2016-03-31": "", "2015-12-31": "", "2015-09-30": "", "2015-06-30": "", "2015-03-31": "", "2014-12-31": "", "2014-09-30": "", "2014-06-30": "", "2014-03-31": "", "2013-12-31": "", "2013-09-30": "", "2013-06-30": "", "2013-03-31": "", "2012-12-31": "", "2012-09-30": "", "2012-06-30": "", "2012-03-31": "", "2011-12-31": "", "2011-09-30": "", "2011-06-30": "", "2011-03-31": "", "2010-12-31": "", "2010-09-30": "", "2010-06-30": "", "2010-03-31": "", "2009-12-31": "", "2009-09-30": "", "2009-06-30": "", "2009-03-31": "", "2008-12-31": "", "2008-09-30": "", "2008-06-30": "", "2008-03-31": "", "2007-12-31": "", "2007-09-30": "", "2007-06-30": "", "2007-03-31": "", "2006-12-31": "", "2006-09-30": "", "2006-06-30": "", "2006-03-31": "", "2005-12-31": "", "2005-09-30": "", "2005-06-30": "", "2005-03-31": ""}, "Long-term Debt / Capital": {"2020-09-30": "0.46280", "2020-06-30": "0.46740", "2020-03-31": "0.44990", "2019-12-31": "0.48450", "2019-09-30": "0.50290", "2019-06-30": "0.48730", "2019-03-31": "0.47390", "2018-12-31": "0.46090", "2018-09-30": "0.54650", "2018-06-30": "0.57750", "2018-03-31": "0.59240", "2017-12-31": "0.58480", "2017-09-30": "0.56050", "2017-06-30": "0.55390", "2017-03-31": "0.56870", "2016-12-31": "0.60730", "2016-09-30": "0.53280", "2016-06-30": "0.52640", "2016-03-31": "0.53170", "2015-12-31": "0.53180", "2015-09-30": "0.51580", "2015-06-30": "0.51580", "2015-03-31": "0.48620", "2014-12-31": "0.46920", "2014-09-30": "0.45500", "2014-06-30": "0.44150", "2014-03-31": "0.43510", "2013-12-31": "0.44210", "2013-09-30": "0.44100", "2013-06-30": "0.44810", "2013-03-31": "0.44210", "2012-12-31": "0.44710", "2012-09-30": "0.44850", "2012-06-30": "0.44090", "2012-03-31": "0.45290", "2011-12-31": "0.45600", "2011-09-30": "0.45120", "2011-06-30": "0.44840", "2011-03-31": "0.45370", "2010-12-31": "0.36320", "2010-09-30": "0.46430", "2010-06-30": "0.46040", "2010-03-31": "0.48920", "2009-12-31": "0.48700", "2009-09-30": "0.48440", "2009-06-30": "0.48750", "2009-03-31": "0.52890", "2008-12-31": "0.52330", "2008-09-30": "0.52920", "2008-06-30": "0.57830", "2008-03-31": "0.65270", "2007-12-31": "0.64670", "2007-09-30": "0.65720", "2007-06-30": "0.56030", "2007-03-31": "0.58350", "2006-12-31": "0.65310", "2006-09-30": "0.67390", "2006-06-30": "0.61220", "2006-03-31": "0.60100", "2005-12-31": "0.58300", "2005-09-30": "0.56800", "2005-06-30": "0.52430", "2005-03-31": "0.50330"}, "Debt/Equity Ratio": {"2020-09-30": "0.86140", "2020-06-30": "0.87740", "2020-03-31": "0.81770", "2019-12-31": "0.93990", "2019-09-30": "1.01180", "2019-06-30": "0.95030", "2019-03-31": "0.90070", "2018-12-31": "0.85490", "2018-09-30": "1.20530", "2018-06-30": "1.36670", "2018-03-31": "1.45330", "2017-12-31": "1.40850", "2017-09-30": "1.27540", "2017-06-30": "1.24160", "2017-03-31": "1.31880", "2016-12-31": "1.54670", "2016-09-30": "1.14050", "2016-06-30": "1.11150", "2016-03-31": "1.13560", "2015-12-31": "1.13570", "2015-09-30": "1.06540", "2015-06-30": "1.06520", "2015-03-31": "0.94610", "2014-12-31": "0.88400", "2014-09-30": "0.83490", "2014-06-30": "0.79050", "2014-03-31": "0.77030", "2013-12-31": "0.79240", "2013-09-30": "0.78900", "2013-06-30": "0.81190", "2013-03-31": "0.79260", "2012-12-31": "0.80860", "2012-09-30": "0.81310", "2012-06-30": "0.78860", "2012-03-31": "0.82790", "2011-12-31": "0.83820", "2011-09-30": "0.82210", "2011-06-30": "0.81290", "2011-03-31": "0.83060", "2010-12-31": "0.57040", "2010-09-30": "0.86660", "2010-06-30": "0.85340", "2010-03-31": "0.95780", "2009-12-31": "0.94920", "2009-09-30": "0.93950", "2009-06-30": "0.95140", "2009-03-31": "1.12260", "2008-12-31": "1.09790", "2008-09-30": "1.12410", "2008-06-30": "1.37140", "2008-03-31": "1.87970", "2007-12-31": "1.83030", "2007-09-30": "1.91680", "2007-06-30": "1.27420", "2007-03-31": "1.40120", "2006-12-31": "1.88280", "2006-09-30": "2.06640", "2006-06-30": "1.57830", "2006-03-31": "1.50610", "2005-12-31": "1.39810", "2005-09-30": "1.31460", "2005-06-30": "1.10230", "2005-03-31": "1.01340"}, "Gross Margin": {"2020-09-30": "", "2020-06-30": "", "2020-03-31": "", "2019-12-31": "", "2019-09-30": "", "2019-06-30": "", "2019-03-31": "", "2018-12-31": "", "2018-09-30": "", "2018-06-30": "", "2018-03-31": "", "2017-12-31": "", "2017-09-30": "", "2017-06-30": "", "2017-03-31": "", "2016-12-31": "", "2016-09-30": "", "2016-06-30": "", "2016-03-31": "", "2015-12-31": "", "2015-09-30": "", "2015-06-30": "", "2015-03-31": "", "2014-12-31": "", "2014-09-30": "", "2014-06-30": "", "2014-03-31": "", "2013-12-31": "", "2013-09-30": "", "2013-06-30": "", "2013-03-31": "", "2012-12-31": "", "2012-09-30": "", "2012-06-30": "", "2012-03-31": "", "2011-12-31": "", "2011-09-30": "", "2011-06-30": "", "2011-03-31": "", "2010-12-31": "", "2010-09-30": "", "2010-06-30": "", "2010-03-31": "", "2009-12-31": "", "2009-09-30": "", "2009-06-30": "", "2009-03-31": "", "2008-12-31": "", "2008-09-30": "", "2008-06-30": "", "2008-03-31": "", "2007-12-31": "", "2007-09-30": "", "2007-06-30": "", "2007-03-31": "", "2006-12-31": "", "2006-09-30": "", "2006-06-30": "", "2006-03-31": "", "2005-12-31": "", "2005-09-30": "", "2005-06-30": "", "2005-03-31": ""}, "Operating Margin": {"2020-09-30": "8.53550", "2020-06-30": "7.76870", "2020-03-31": "-9.64860", "2019-12-31": "-7.68530", "2019-09-30": "10.30020", "2019-06-30": "3.10900", "2019-03-31": "23.05260", "2018-12-31": "16.85220", "2018-09-30": "23.98060", "2018-06-30": "24.18540", "2018-03-31": "27.55130", "2017-12-31": "-0.80340", "2017-09-30": "26.13660", "2017-06-30": "20.95730", "2017-03-31": "35.15020", "2016-12-31": "32.04220", "2016-09-30": "30.89060", "2016-06-30": "36.35910", "2016-03-31": "33.95460", "2015-12-31": "339.27690", "2015-09-30": "39.17440", "2015-06-30": "42.58210", "2015-03-31": "-23.31220", "2014-12-31": "1111.41700", "2014-09-30": "58.51290", "2014-06-30": "58.76640", "2014-03-31": "61.41660", "2013-12-31": "61.97950", "2013-09-30": "58.70670", "2013-06-30": "59.55810", "2013-03-31": "61.55590", "2012-12-31": "61.23870", "2012-09-30": "60.02360", "2012-06-30": "63.13110", "2012-03-31": "62.11240", "2011-12-31": "33.04220", "2011-09-30": "59.34520", "2011-06-30": "64.90630", "2011-03-31": "51.68670", "2010-12-31": "54.29890", "2010-09-30": "50.06170", "2010-06-30": "52.41740", "2010-03-31": "53.51570", "2009-12-31": "34.65550", "2009-09-30": "6.89040", "2009-06-30": "48.37720", "2009-03-31": "47.03910", "2008-12-31": "58.59460", "2008-09-30": "45.05060", "2008-06-30": "41.86760", "2008-03-31": "40.23600", "2007-12-31": "54.14050", "2007-09-30": "43.82480", "2007-06-30": "46.25570", "2007-03-31": "43.52850", "2006-12-31": "21.42650", "2006-09-30": "53.30970", "2006-06-30": "53.09900", "2006-03-31": "55.88580", "2005-12-31": "-54.31530", "2005-09-30": "60.27310", "2005-06-30": "56.22220", "2005-03-31": "58.89490"}, "EBIT Margin": {"2020-09-30": "8.53550", "2020-06-30": "7.76870", "2020-03-31": "-9.64860", "2019-12-31": "-7.68530", "2019-09-30": "10.30020", "2019-06-30": "3.10900", "2019-03-31": "23.05260", "2018-12-31": "16.85220", "2018-09-30": "23.98060", "2018-06-30": "24.18540", "2018-03-31": "27.55130", "2017-12-31": "-0.80340", "2017-09-30": "26.13660", "2017-06-30": "20.95730", "2017-03-31": "35.15020", "2016-12-31": "32.04220", "2016-09-30": "30.89060", "2016-06-30": "36.35910", "2016-03-31": "33.95460", "2015-12-31": "339.27690", "2015-09-30": "39.17440", "2015-06-30": "42.58210", "2015-03-31": "-23.31220", "2014-12-31": "1111.41700", "2014-09-30": "58.51290", "2014-06-30": "58.76640", "2014-03-31": "61.41660", "2013-12-31": "61.97960", "2013-09-30": "58.70670", "2013-06-30": "59.55810", "2013-03-31": "61.55590", "2012-12-31": "61.23870", "2012-09-30": "60.02360", "2012-06-30": "63.13110", "2012-03-31": "62.11240", "2011-12-31": "33.04220", "2011-09-30": "59.34520", "2011-06-30": "64.90630", "2011-03-31": "51.68670", "2010-12-31": "54.29890", "2010-09-30": "50.06170", "2010-06-30": "52.41740", "2010-03-31": "53.51570", "2009-12-31": "34.65550", "2009-09-30": "6.89040", "2009-06-30": "48.37720", "2009-03-31": "47.03910", "2008-12-31": "58.59460", "2008-09-30": "45.05060", "2008-06-30": "41.86760", "2008-03-31": "40.23600", "2007-12-31": "54.14050", "2007-09-30": "43.82480", "2007-06-30": "46.25570", "2007-03-31": "43.52850", "2006-12-31": "21.42640", "2006-09-30": "53.30970", "2006-06-30": "53.09900", "2006-03-31": "55.88580", "2005-12-31": "-54.31530", "2005-09-30": "60.27310", "2005-06-30": "56.22220", "2005-03-31": "58.89490"}, "EBITDA Margin": {"2020-09-30": "", "2020-06-30": "", "2020-03-31": "", "2019-12-31": "", "2019-09-30": "", "2019-06-30": "", "2019-03-31": "", "2018-12-31": "", "2018-09-30": "", "2018-06-30": "", "2018-03-31": "", "2017-12-31": "", "2017-09-30": "", "2017-06-30": "", "2017-03-31": "", "2016-12-31": "", "2016-09-30": "", "2016-06-30": "", "2016-03-31": "", "2015-12-31": "", "2015-09-30": "", "2015-06-30": "", "2015-03-31": "", "2014-12-31": "", "2014-09-30": "", "2014-06-30": "", "2014-03-31": "", "2013-12-31": "", "2013-09-30": "", "2013-06-30": "", "2013-03-31": "", "2012-12-31": "", "2012-09-30": "", "2012-06-30": "", "2012-03-31": "", "2011-12-31": "", "2011-09-30": "", "2011-06-30": "", "2011-03-31": "", "2010-12-31": "", "2010-09-30": "", "2010-06-30": "", "2010-03-31": "", "2009-12-31": "", "2009-09-30": "", "2009-06-30": "", "2009-03-31": "", "2008-12-31": "", "2008-09-30": "", "2008-06-30": "", "2008-03-31": "", "2007-12-31": "", "2007-09-30": "", "2007-06-30": "", "2007-03-31": "", "2006-12-31": "", "2006-09-30": "", "2006-06-30": "", "2006-03-31": "", "2005-12-31": "", "2005-09-30": "", "2005-06-30": "", "2005-03-31": ""}, "Pre-Tax Profit Margin": {"2020-09-30": "-2.66450", "2020-06-30": "11.01030", "2020-03-31": "44.68510", "2019-12-31": "7.57830", "2019-09-30": "-7.60750", "2019-06-30": "-2.10310", "2019-03-31": "14.30570", "2018-12-31": "188.63190", "2018-09-30": "21.68930", "2018-06-30": "18.82120", "2018-03-31": "7.79030", "2017-12-31": "-11.49600", "2017-09-30": "-2.70100", "2017-06-30": "4.11260", "2017-03-31": "92.39650", "2016-12-31": "12.50590", "2016-09-30": "8.94440", "2016-06-30": "36.47450", "2016-03-31": "10.75000", "2015-12-31": "156.76310", "2015-09-30": "20.51620", "2015-06-30": "24.88500", "2015-03-31": "-41.12390", "2014-12-31": "1528.87700", "2014-09-30": "40.38400", "2014-06-30": "38.96990", "2014-03-31": "41.66010", "2013-12-31": "41.53470", "2013-09-30": "39.21490", "2013-06-30": "39.02790", "2013-03-31": "42.58080", "2012-12-31": "39.85940", "2012-09-30": "38.10680", "2012-06-30": "41.12360", "2012-03-31": "39.44680", "2011-12-31": "9.44130", "2011-09-30": "35.72230", "2011-06-30": "44.90920", "2011-03-31": "22.01020", "2010-12-31": "37.09310", "2010-09-30": "29.57870", "2010-06-30": "28.37980", "2010-03-31": "27.85970", "2009-12-31": "10.60890", "2009-09-30": "-16.81690", "2009-06-30": "23.18240", "2009-03-31": "18.31310", "2008-12-31": "9.00110", "2008-09-30": "37.84400", "2008-06-30": "20.36780", "2008-03-31": "15.86730", "2007-12-31": "11.43010", "2007-09-30": "10.60070", "2007-06-30": "20.65740", "2007-03-31": "14.01020", "2006-12-31": "-55.06170", "2006-09-30": "23.52790", "2006-06-30": "26.62520", "2006-03-31": "32.53120", "2005-12-31": "-88.68220", "2005-09-30": "36.56810", "2005-06-30": "34.39440", "2005-03-31": "37.22720"}, "Net Profit Margin": {"2020-09-30": "-10.66820", "2020-06-30": "8.68920", "2020-03-31": "47.41760", "2019-12-31": "8.12460", "2019-09-30": "-8.59690", "2019-06-30": "-2.84620", "2019-03-31": "13.99250", "2018-12-31": "187.85250", "2018-09-30": "21.69760", "2018-06-30": "19.05670", "2018-03-31": "8.31410", "2017-12-31": "-13.27820", "2017-09-30": "-1.71530", "2017-06-30": "4.20170", "2017-03-31": "93.54020", "2016-12-31": "10.83220", "2016-09-30": "28.44630", "2016-06-30": "55.98280", "2016-03-31": "22.24240", "2015-12-31": "-926.53770", "2015-09-30": "17.49750", "2015-06-30": "27.07920", "2015-03-31": "-39.44870", "2014-12-31": "-756.79340", "2014-09-30": "41.43350", "2014-06-30": "40.73630", "2014-03-31": "48.68890", "2013-12-31": "55.19390", "2013-09-30": "42.71340", "2013-06-30": "41.58660", "2013-03-31": "45.01430", "2012-12-31": "48.40720", "2012-09-30": "41.79520", "2012-06-30": "43.75770", "2012-03-31": "38.44810", "2011-12-31": "14.30330", "2011-09-30": "37.70540", "2011-06-30": "45.68360", "2011-03-31": "19.29010", "2010-12-31": "41.72090", "2010-09-30": "5.36040", "2010-06-30": "26.32360", "2010-03-31": "25.38360", "2009-12-31": "9.09670", "2009-09-30": "-18.25250", "2009-06-30": "31.38030", "2009-03-31": "15.62580", "2008-12-31": "9.19870", "2008-09-30": "44.65710", "2008-06-30": "90.80090", "2008-03-31": "18.21090", "2007-12-31": "14.57090", "2007-09-30": "130.08760", "2007-06-30": "31.90830", "2007-03-31": "65.53190", "2006-12-31": "219.90380", "2006-09-30": "59.70540", "2006-06-30": "31.21690", "2006-03-31": "43.51690", "2005-12-31": "164.47550", "2005-09-30": "33.34820", "2005-06-30": "32.48880", "2005-03-31": "35.59540"}, "Asset Turnover": {"2020-09-30": "0.03790", "2020-06-30": "0.03610", "2020-03-31": "0.03640", "2019-12-31": "0.03790", "2019-09-30": "0.03840", "2019-06-30": "0.03580", "2019-03-31": "0.03380", "2018-12-31": "0.03470", "2018-09-30": "0.03490", "2018-06-30": "0.03490", "2018-03-31": "0.03410", "2017-12-31": "0.03150", "2017-09-30": "0.03270", "2017-06-30": "0.03250", "2017-03-31": "0.03310", "2016-12-31": "0.03430", "2016-09-30": "0.02500", "2016-06-30": "0.02550", "2016-03-31": "0.02450", "2015-12-31": "0.00300", "2015-09-30": "0.02960", "2015-06-30": "0.02720", "2015-03-31": "0.02910", "2014-12-31": "-0.00120", "2014-09-30": "0.02880", "2014-06-30": "0.02660", "2014-03-31": "0.02670", "2013-12-31": "0.02640", "2013-09-30": "0.02750", "2013-06-30": "0.02550", "2013-03-31": "0.02590", "2012-12-31": "0.02490", "2012-09-30": "0.02590", "2012-06-30": "0.02590", "2012-03-31": "0.02570", "2011-12-31": "0.02490", "2011-09-30": "0.02530", "2011-06-30": "0.02760", "2011-03-31": "0.01890", "2010-12-31": "0.02450", "2010-09-30": "0.02590", "2010-06-30": "0.02470", "2010-03-31": "0.02430", "2009-12-31": "0.02380", "2009-09-30": "0.02330", "2009-06-30": "0.02480", "2009-03-31": "0.02350", "2008-12-31": "0.03240", "2008-09-30": "0.02230", "2008-06-30": "0.02040", "2008-03-31": "0.01960", "2007-12-31": "0.02310", "2007-09-30": "0.02010", "2007-06-30": "0.02330", "2007-03-31": "0.02270", "2006-12-31": "0.01070", "2006-09-30": "0.02600", "2006-06-30": "0.03010", "2006-03-31": "0.03190", "2005-12-31": "0.00610", "2005-09-30": "0.03410", "2005-06-30": "0.03650", "2005-03-31": "0.03520"}, "Inventory Turnover Ratio": {"2020-09-30": "", "2020-06-30": "", "2020-03-31": "", "2019-12-31": "", "2019-09-30": "", "2019-06-30": "", "2019-03-31": "", "2018-12-31": "", "2018-09-30": "", "2018-06-30": "", "2018-03-31": "", "2017-12-31": "", "2017-09-30": "", "2017-06-30": "", "2017-03-31": "", "2016-12-31": "", "2016-09-30": "", "2016-06-30": "", "2016-03-31": "", "2015-12-31": "", "2015-09-30": "", "2015-06-30": "", "2015-03-31": "", "2014-12-31": "", "2014-09-30": "", "2014-06-30": "", "2014-03-31": "", "2013-12-31": "", "2013-09-30": "", "2013-06-30": "", "2013-03-31": "", "2012-12-31": "", "2012-09-30": "", "2012-06-30": "", "2012-03-31": "", "2011-12-31": "", "2011-09-30": "", "2011-06-30": "", "2011-03-31": "", "2010-12-31": "", "2010-09-30": "", "2010-06-30": "", "2010-03-31": "", "2009-12-31": "", "2009-09-30": "", "2009-06-30": "", "2009-03-31": "", "2008-12-31": "", "2008-09-30": "", "2008-06-30": "", "2008-03-31": "", "2007-12-31": "", "2007-09-30": "", "2007-06-30": "", "2007-03-31": "", "2006-12-31": "", "2006-09-30": "", "2006-06-30": "", "2006-03-31": "", "2005-12-31": "", "2005-09-30": "", "2005-06-30": "", "2005-03-31": ""}, "Receiveable Turnover": {"2020-09-30": "", "2020-06-30": "", "2020-03-31": "", "2019-12-31": "", "2019-09-30": "", "2019-06-30": "", "2019-03-31": "", "2018-12-31": "", "2018-09-30": "", "2018-06-30": "", "2018-03-31": "", "2017-12-31": "", "2017-09-30": "", "2017-06-30": "", "2017-03-31": "", "2016-12-31": "", "2016-09-30": "", "2016-06-30": "", "2016-03-31": "", "2015-12-31": "", "2015-09-30": "", "2015-06-30": "", "2015-03-31": "", "2014-12-31": "", "2014-09-30": "", "2014-06-30": "", "2014-03-31": "", "2013-12-31": "", "2013-09-30": "", "2013-06-30": "", "2013-03-31": "", "2012-12-31": "", "2012-09-30": "", "2012-06-30": "", "2012-03-31": "", "2011-12-31": "", "2011-09-30": "", "2011-06-30": "", "2011-03-31": "", "2010-12-31": "", "2010-09-30": "", "2010-06-30": "", "2010-03-31": "", "2009-12-31": "", "2009-09-30": "", "2009-06-30": "", "2009-03-31": "", "2008-12-31": "", "2008-09-30": "", "2008-06-30": "", "2008-03-31": "", "2007-12-31": "", "2007-09-30": "", "2007-06-30": "", "2007-03-31": "", "2006-12-31": "", "2006-09-30": "", "2006-06-30": "", "2006-03-31": "", "2005-12-31": "", "2005-09-30": "", "2005-06-30": "", "2005-03-31": ""}, "Days Sales In Receivables": {"2020-09-30": "", "2020-06-30": "", "2020-03-31": "", "2019-12-31": "", "2019-09-30": "", "2019-06-30": "", "2019-03-31": "", "2018-12-31": "", "2018-09-30": "", "2018-06-30": "", "2018-03-31": "", "2017-12-31": "", "2017-09-30": "", "2017-06-30": "", "2017-03-31": "", "2016-12-31": "", "2016-09-30": "", "2016-06-30": "", "2016-03-31": "", "2015-12-31": "", "2015-09-30": "", "2015-06-30": "", "2015-03-31": "", "2014-12-31": "", "2014-09-30": "", "2014-06-30": "", "2014-03-31": "", "2013-12-31": "", "2013-09-30": "", "2013-06-30": "", "2013-03-31": "", "2012-12-31": "", "2012-09-30": "", "2012-06-30": "", "2012-03-31": "", "2011-12-31": "", "2011-09-30": "", "2011-06-30": "", "2011-03-31": "", "2010-12-31": "", "2010-09-30": "", "2010-06-30": "", "2010-03-31": "", "2009-12-31": "", "2009-09-30": "", "2009-06-30": "", "2009-03-31": "", "2008-12-31": "", "2008-09-30": "", "2008-06-30": "", "2008-03-31": "", "2007-12-31": "", "2007-09-30": "", "2007-06-30": "", "2007-03-31": "", "2006-12-31": "", "2006-09-30": "", "2006-06-30": "", "2006-03-31": "", "2005-12-31": "", "2005-09-30": "", "2005-06-30": "", "2005-03-31": ""}, "ROE - Return On Equity": {"2020-09-30": "-0.80450", "2020-06-30": "0.71780", "2020-03-31": "3.61610", "2019-12-31": "0.71030", "2019-09-30": "-0.64860", "2019-06-30": "-0.15080", "2019-03-31": "1.01560", "2018-12-31": "12.81190", "2018-09-30": "1.82480", "2018-06-30": "1.71560", "2018-03-31": "0.78890", "2017-12-31": "-1.03530", "2017-09-30": "-0.09770", "2017-06-30": "0.36660", "2017-03-31": "7.51890", "2016-12-31": "1.33880", "2016-09-30": "0.47860", "2016-06-30": "2.04070", "2016-03-31": "0.53310", "2015-12-31": "1.07190", "2015-09-30": "1.12760", "2015-06-30": "1.59350", "2015-03-31": "-2.25000", "2014-12-31": "-3.96380", "2014-09-30": "2.27490", "2014-06-30": "2.02580", "2014-03-31": "2.13210", "2013-12-31": "2.17860", "2013-09-30": "2.09240", "2013-06-30": "1.98080", "2013-03-31": "2.14760", "2012-12-31": "1.95030", "2012-09-30": "1.97740", "2012-06-30": "2.11430", "2012-03-31": "2.08590", "2011-12-31": "0.60330", "2011-09-30": "1.93380", "2011-06-30": "2.58870", "2011-03-31": "0.81990", "2010-12-31": "1.56710", "2010-09-30": "0.35900", "2010-06-30": "1.45780", "2010-03-31": "1.47870", "2009-12-31": "0.55230", "2009-09-30": "-0.80880", "2009-06-30": "1.23660", "2009-03-31": "0.98780", "2008-12-31": "0.74170", "2008-09-30": "2.00700", "2008-06-30": "1.09220", "2008-03-31": "0.97800", "2007-12-31": "1.17630", "2007-09-30": "0.56540", "2007-06-30": "1.40170", "2007-03-31": "0.72650", "2006-12-31": "-1.78010", "2006-09-30": "2.18490", "2006-06-30": "2.42000", "2006-03-31": "3.16730", "2005-12-31": "-2.05380", "2005-09-30": "3.57120", "2005-06-30": "3.25460", "2005-03-31": "3.25860"}, "Return On Tangible Equity": {"2020-09-30": "-0.86290", "2020-06-30": "0.77190", "2020-03-31": "3.89010", "2019-12-31": "0.74750", "2019-09-30": "-0.68020", "2019-06-30": "-0.15840", "2019-03-31": "1.06130", "2018-12-31": "13.44150", "2018-09-30": "1.92940", "2018-06-30": "1.81410", "2018-03-31": "0.85020", "2017-12-31": "-1.11720", "2017-09-30": "-0.10490", "2017-06-30": "0.39360", "2017-03-31": "8.08480", "2016-12-31": "1.45640", "2016-09-30": "0.50710", "2016-06-30": "2.16380", "2016-03-31": "0.56760", "2015-12-31": "1.14050", "2015-09-30": "1.19140", "2015-06-30": "1.68600", "2015-03-31": "-2.35210", "2014-12-31": "-4.14510", "2014-09-30": "2.37810", "2014-06-30": "2.11800", "2014-03-31": "2.22790", "2013-12-31": "2.28090", "2013-09-30": "2.19520", "2013-06-30": "2.08090", "2013-03-31": "2.26030", "2012-12-31": "2.05580", "2012-09-30": "2.05830", "2012-06-30": "2.19300", "2012-03-31": "2.16980", "2011-12-31": "0.60930", "2011-09-30": "1.95640", "2011-06-30": "2.62210", "2011-03-31": "0.82950", "2010-12-31": "1.57330", "2010-09-30": "0.36150", "2010-06-30": "1.47530", "2010-03-31": "1.50220", "2009-12-31": "0.56270", "2009-09-30": "-0.82680", "2009-06-30": "1.27100", "2009-03-31": "1.02800", "2008-12-31": "0.77510", "2008-09-30": "2.12030", "2008-06-30": "1.16900", "2008-03-31": "1.06720", "2007-12-31": "1.29050", "2007-09-30": "0.62980", "2007-06-30": "1.42040", "2007-03-31": "0.75950", "2006-12-31": "-1.83840", "2006-09-30": "1.81970", "2006-06-30": "2.01210", "2006-03-31": "2.62160", "2005-12-31": "-1.67880", "2005-09-30": "2.89680", "2005-06-30": "2.63780", "2005-03-31": "2.63580"}, "ROA - Return On Assets": {"2020-09-30": "-0.37820", "2020-06-30": "0.33740", "2020-03-31": "1.75790", "2019-12-31": "0.33750", "2019-09-30": "-0.30200", "2019-06-30": "-0.07280", "2019-03-31": "0.50380", "2018-12-31": "6.56040", "2018-09-30": "0.78670", "2018-06-30": "0.69080", "2018-03-31": "0.30740", "2017-12-31": "-0.41110", "2017-09-30": "-0.04110", "2017-06-30": "0.15670", "2017-03-31": "3.12450", "2016-12-31": "0.50470", "2016-09-30": "0.21630", "2016-06-30": "0.93510", "2016-03-31": "0.24220", "2015-12-31": "0.48700", "2015-09-30": "0.53150", "2015-06-30": "0.75060", "2015-03-31": "-1.12970", "2014-12-31": "-2.04350", "2014-09-30": "1.21020", "2014-06-30": "1.10340", "2014-03-31": "1.17770", "2013-12-31": "1.18630", "2013-09-30": "1.14150", "2013-06-30": "1.06670", "2013-03-31": "1.17340", "2012-12-31": "1.05310", "2012-09-30": "1.06400", "2012-06-30": "1.15180", "2012-03-31": "1.09560", "2011-12-31": "0.30970", "2011-09-30": "1.00150", "2011-06-30": "1.32210", "2011-03-31": "0.42080", "2010-12-31": "0.92400", "2010-09-30": "0.17500", "2010-06-30": "0.71530", "2010-03-31": "0.68490", "2009-12-31": "0.25660", "2009-09-30": "-0.37790", "2009-06-30": "0.57780", "2009-03-31": "0.42230", "2008-12-31": "0.32060", "2008-09-30": "0.83540", "2008-06-30": "0.40410", "2008-03-31": "0.29280", "2007-12-31": "0.35870", "2007-09-30": "0.16630", "2007-06-30": "0.52400", "2007-03-31": "0.25800", "2006-12-31": "-0.53490", "2006-09-30": "0.53520", "2006-06-30": "0.69400", "2006-03-31": "0.93820", "2005-12-31": "-0.63630", "2005-09-30": "1.14970", "2005-06-30": "1.15910", "2005-03-31": "1.20660"}, "ROI - Return On Investment": {"2020-09-30": "-0.43220", "2020-06-30": "0.38240", "2020-03-31": "1.98940", "2019-12-31": "0.36620", "2019-09-30": "-0.32240", "2019-06-30": "-0.07730", "2019-03-31": "0.53430", "2018-12-31": "6.90690", "2018-09-30": "0.82750", "2018-06-30": "0.72490", "2018-03-31": "0.32150", "2017-12-31": "-0.42980", "2017-09-30": "-0.04290", "2017-06-30": "0.16350", "2017-03-31": "3.24260", "2016-12-31": "0.52570", "2016-09-30": "0.22360", "2016-06-30": "0.96650", "2016-03-31": "0.24960", "2015-12-31": "0.50190", "2015-09-30": "0.54590", "2015-06-30": "0.77160", "2015-03-31": "-1.15620", "2014-12-31": "-2.10390", "2014-09-30": "1.23970", "2014-06-30": "1.13140", "2014-03-31": "1.20430", "2013-12-31": "1.21550", "2013-09-30": "1.16960", "2013-06-30": "1.09330", "2013-03-31": "1.19800", "2012-12-31": "1.07840", "2012-09-30": "1.09060", "2012-06-30": "1.18210", "2012-03-31": "1.14110", "2011-12-31": "0.31810", "2011-09-30": "1.02880", "2011-06-30": "1.38420", "2011-03-31": "0.43410", "2010-12-31": "0.96290", "2010-09-30": "0.18360", "2010-06-30": "0.75090", "2010-03-31": "0.71880", "2009-12-31": "0.26980", "2009-09-30": "-0.39740", "2009-06-30": "0.60250", "2009-03-31": "0.44050", "2008-12-31": "0.33490", "2008-09-30": "0.89400", "2008-06-30": "0.43330", "2008-03-31": "0.31560", "2007-12-31": "0.38670", "2007-09-30": "0.17950", "2007-06-30": "0.56760", "2007-03-31": "0.27870", "2006-12-31": "-0.56400", "2006-09-30": "0.56890", "2006-06-30": "0.74630", "2006-03-31": "1.00780", "2005-12-31": "-0.68190", "2005-09-30": "1.23090", "2005-06-30": "1.23730", "2005-03-31": "1.29200"}, "Book Value Per Share": {"2020-09-30": "13.75730", "2020-06-30": "14.24570", "2020-03-31": "14.51950", "2019-12-31": "13.19710", "2019-09-30": "13.18260", "2019-06-30": "13.47820", "2019-03-31": "13.38920", "2018-12-31": "13.63910", "2018-09-30": "12.00290", "2018-06-30": "11.52910", "2018-03-31": "11.66840", "2017-12-31": "11.91840", "2017-09-30": "12.48140", "2017-06-30": "12.85820", "2017-03-31": "13.17860", "2016-12-31": "12.69290", "2016-09-30": "20.46820", "2016-06-30": "20.70590", "2016-03-31": "20.62500", "2015-12-31": "20.93790", "2015-09-30": "22.52260", "2015-06-30": "22.76180", "2015-03-31": "22.86830", "2014-12-31": "23.91990", "2014-09-30": "24.03630", "2014-06-30": "23.91890", "2014-03-31": "23.94870", "2013-12-31": "23.92140", "2013-09-30": "23.80100", "2013-06-30": "23.72750", "2013-03-31": "23.72720", "2012-12-31": "23.72900", "2012-09-30": "22.62400", "2012-06-30": "22.56850", "2012-03-31": "22.19650", "2011-12-31": "22.56480", "2011-09-30": "22.84830", "2011-06-30": "22.89560", "2011-03-31": "22.82570", "2010-12-31": "21.96140", "2010-09-30": "20.14060", "2010-06-30": "20.43030", "2010-03-31": "20.09810", "2009-12-31": "20.29860", "2009-09-30": "20.63650", "2009-06-30": "21.04040", "2009-03-31": "20.98990", "2008-12-31": "21.32420", "2008-09-30": "21.01150", "2008-06-30": "20.32730", "2008-03-31": "18.49110", "2007-12-31": "18.92690", "2007-09-30": "18.54450", "2007-06-30": "17.46490", "2007-03-31": "17.57580", "2006-12-31": "16.58640", "2006-09-30": "10.28440", "2006-06-30": "10.15440", "2006-03-31": "10.28560", "2005-12-31": "10.27770", "2005-09-30": "10.38130", "2005-06-30": "10.47280", "2005-03-31": "10.52590"}, "Operating Cash Flow Per Share": {"2020-09-30": 0.4087, "2020-06-30": 0.4094, "2020-03-31": "0.18450", "2019-12-31": 0.4493, "2019-09-30": 0.4848, "2019-06-30": 0.4639, "2019-03-31": "0.33100", "2018-12-31": 0.439, "2018-09-30": 0.4107, "2018-06-30": 0.518, "2018-03-31": "0.41760", "2017-12-31": 0.4461, "2017-09-30": 0.4397, "2017-06-30": 0.5141, "2017-03-31": "0.40640", "2016-12-31": 0.463, "2016-09-30": 0.7199, "2016-06-30": 0.8386, "2016-03-31": "0.57610", "2015-12-31": 0.7692, "2015-09-30": 0.5862, "2015-06-30": 0.7862, "2015-03-31": "0.49920", "2014-12-31": 0.7983, "2014-09-30": 0.598, "2014-06-30": 0.7851, "2014-03-31": "0.54010", "2013-12-31": 0.6715, "2013-09-30": 0.5948, "2013-06-30": 0.7836, "2013-03-31": "0.47150", "2012-12-31": 0.7425, "2012-09-30": 0.5269, "2012-06-30": 0.6937, "2012-03-31": "0.45300", "2011-12-31": 0.3731, "2011-09-30": 0.385, "2011-06-30": 0.6507, "2011-03-31": "0.40060", "2010-12-31": 0.5069, "2010-09-30": 0.452, "2010-06-30": 0.5604, "2010-03-31": "0.37220", "2009-12-31": 0.5093, "2009-09-30": 0.4265, "2009-06-30": 0.4801, "2009-03-31": "0.46170", "2008-12-31": 0.5347, "2008-09-30": 0.7001, "2008-06-30": 0.5493, "2008-03-31": "0.60570", "2007-12-31": 0.6723, "2007-09-30": 0.45, "2007-06-30": 0.6237, "2007-03-31": "0.42250", "2006-12-31": 0.4426, "2006-09-30": 0.5825, "2006-06-30": 0.5935, "2006-03-31": "0.67380", "2005-12-31": 0.4582, "2005-09-30": 0.5871, "2005-06-30": 0.4978, "2005-03-31": "0.53880"}, "Free Cash Flow Per Share": {"2020-09-30": 0.0264, "2020-06-30": -0.2256, "2020-03-31": "0.55330", "2019-12-31": -0.4006, "2019-09-30": -0.6593, "2019-06-30": -1.3798, "2019-03-31": "0.08000", "2018-12-31": 2.7224, "2018-09-30": 0.3311, "2018-06-30": 0.8834, "2018-03-31": "0.19330", "2017-12-31": -0.5614, "2017-09-30": 0.015, "2017-06-30": 0.3765, "2017-03-31": "2.78680", "2016-12-31": 0.6967, "2016-09-30": 0.4002, "2016-06-30": 0.8243, "2016-03-31": "0.16140", "2015-12-31": 1.9527, "2015-09-30": 0.5732, "2015-06-30": -1.8696, "2015-03-31": "0.21020", "2014-12-31": 0.7353, "2014-09-30": 0.1021, "2014-06-30": 0.0913, "2014-03-31": "0.53420", "2013-12-31": 0.7981, "2013-09-30": 0.524, "2013-06-30": 0.6518, "2013-03-31": "0.32980", "2012-12-31": 1.3686, "2012-09-30": 0.0732, "2012-06-30": 0.5985, "2012-03-31": "0.41630", "2011-12-31": 0.6261, "2011-09-30": 0.327, "2011-06-30": 0.4661, "2011-03-31": "0.22560", "2010-12-31": 0.3527, "2010-09-30": 0.249, "2010-06-30": 0.1351, "2010-03-31": "0.26660", "2009-12-31": 0.4071, "2009-09-30": 0.3252, "2009-06-30": 0.4121, "2009-03-31": "0.38170", "2008-12-31": 0.4206, "2008-09-30": 0.4693, "2008-06-30": 0.4382, "2008-03-31": "0.40810", "2007-12-31": 0.2763, "2007-09-30": -1.1905, "2007-06-30": 1.7019, "2007-03-31": "-0.65570", "2006-12-31": -0.3359, "2006-09-30": 0.0604, "2006-06-30": 0.0575, "2006-03-31": "-0.71550", "2005-12-31": -0.0731, "2005-09-30": -1.214, "2005-06-30": -0.4173, "2005-03-31": "0.48780"}}, "revenue": {"Healthpeak Properties Annual Revenue (Millions of US $)": {"2019": "$1,997", "2018": "$1,847", "2017": "$1,848", "2016": "$2,129", "2015": "$1,940", "2014": "$1,637", "2013": "$2,100", "2012": "$1,880", "2011": "$1,694", "2010": "$1,240", "2009": "$1,147", "2008": "$1,145", "2007": "$954", "2006": "$464", "2005": "$365"}, "Healthpeak Properties Quarterly Revenue (Millions of US $)": {"2020-09-30": "$598", "2020-06-30": "$588", "2020-03-31": "$585", "2019-12-31": "$532", "2019-09-30": "$538", "2019-06-30": "$492", "2019-03-31": "$436", "2018-12-31": "$442", "2018-09-30": "$456", "2018-06-30": "$470", "2018-03-31": "$479", "2017-12-31": "$443", "2017-09-30": "$454", "2017-06-30": "$459", "2017-03-31": "$492", "2016-12-31": "$540", "2016-09-30": "$531", "2016-06-30": "$538", "2016-03-31": "$520", "2015-12-31": "$65", "2015-09-30": "$657", "2015-06-30": "$608", "2015-03-31": "$611", "2014-12-31": "$-26", "2014-09-30": "$597", "2014-06-30": "$536", "2014-03-31": "$530", "2013-12-31": "$530", "2013-09-30": "$546", "2013-06-30": "$512", "2013-03-31": "$511", "2012-12-31": "$496", "2012-09-30": "$468", "2012-06-30": "$460", "2012-03-31": "$456", "2011-12-31": "$434", "2011-09-30": "$441", "2011-06-30": "$488", "2011-03-31": "$331", "2010-12-31": "$326", "2010-09-30": "$317", "2010-06-30": "$302", "2010-03-31": "$295", "2009-12-31": "$290", "2009-09-30": "$287", "2009-06-30": "$292", "2009-03-31": "$277", "2008-12-31": "$384", "2008-09-30": "$268", "2008-06-30": "$249", "2008-03-31": "$245", "2007-12-31": "$290", "2007-09-30": "$244", "2007-06-30": "$207", "2007-03-31": "$214", "2006-12-31": "$107", "2006-09-30": "$120", "2006-06-30": "$116", "2006-03-31": "$121", "2005-12-31": "$22", "2005-09-30": "$119", "2005-06-30": "$116", "2005-03-31": "$107"}}, "gross-profit": {"Healthpeak Properties Annual Gross Profit (Millions of US $)": {"2019": "$1,118", "2018": "$1,142", "2017": "$1,182", "2016": "$1,391", "2015": "$1,330", "2014": "$1,256", "2013": "$1,802", "2012": "$1,599", "2011": "$1,476", "2010": "$1,030", "2009": "$963", "2008": "$952", "2007": "$778", "2006": "$385", "2005": "$306"}, "Healthpeak Properties Quarterly Gross Profit (Millions of US $)": {"2020-09-30": "$283", "2020-06-30": "$273", "2020-03-31": "$209", "2019-12-31": "$283", "2019-09-30": "$290", "2019-06-30": "$278", "2019-03-31": "$267", "2018-12-31": "$265", "2018-09-30": "$275", "2018-06-30": "$296", "2018-03-31": "$307", "2017-12-31": "$245", "2017-09-30": "$299", "2017-06-30": "$306", "2017-03-31": "$333", "2016-12-31": "$344", "2016-09-30": "$343", "2016-06-30": "$359", "2016-03-31": "$345", "2015-12-31": "$-104", "2015-09-30": "$484", "2015-06-30": "$471", "2015-03-31": "$479", "2014-12-31": "$-153", "2014-09-30": "$497", "2014-06-30": "$457", "2014-03-31": "$454", "2013-12-31": "$454", "2013-09-30": "$471", "2013-06-30": "$438", "2013-03-31": "$439", "2012-12-31": "$425", "2012-09-30": "$395", "2012-06-30": "$390", "2012-03-31": "$388", "2011-12-31": "$366", "2011-09-30": "$384", "2011-06-30": "$442", "2011-03-31": "$284", "2010-12-31": "$268", "2010-09-30": "$257", "2010-06-30": "$256", "2010-03-31": "$249", "2009-12-31": "$247", "2009-09-30": "$241", "2009-06-30": "$247", "2009-03-31": "$229", "2008-12-31": "$334", "2008-09-30": "$219", "2008-06-30": "$202", "2008-03-31": "$197", "2007-12-31": "$243", "2007-09-30": "$194", "2007-06-30": "$170", "2007-03-31": "$171", "2006-12-31": "$85", "2006-09-30": "$100", "2006-06-30": "$97", "2006-03-31": "$103", "2005-12-31": "$5", "2005-09-30": "$106", "2005-06-30": "$101", "2005-03-31": "$94"}}, "operating-income": {"Healthpeak Properties Annual Operating Income (Millions of US $)": {"2019": "$130", "2018": "$429", "2017": "$384", "2016": "$709", "2015": "$593", "2014": "$702", "2013": "$1,269", "2012": "$1,158", "2011": "$893", "2010": "$652", "2009": "$392", "2008": "$548", "2007": "$452", "2006": "$216", "2005": "$188"}, "Healthpeak Properties Quarterly Operating Income (Millions of US $)": {"2020-09-30": "$51", "2020-06-30": "$46", "2020-03-31": "$-56", "2019-12-31": "$-41", "2019-09-30": "$55", "2019-06-30": "$15", "2019-03-31": "$101", "2018-12-31": "$74", "2018-09-30": "$109", "2018-06-30": "$114", "2018-03-31": "$132", "2017-12-31": "$-4", "2017-09-30": "$119", "2017-06-30": "$96", "2017-03-31": "$173", "2016-12-31": "$173", "2016-09-30": "$164", "2016-06-30": "$196", "2016-03-31": "$177", "2015-12-31": "$219", "2015-09-30": "$258", "2015-06-30": "$259", "2015-03-31": "$-142", "2014-12-31": "$-288", "2014-09-30": "$349", "2014-06-30": "$315", "2014-03-31": "$326", "2013-12-31": "$329", "2013-09-30": "$321", "2013-06-30": "$305", "2013-03-31": "$315", "2012-12-31": "$304", "2012-09-30": "$281", "2012-06-30": "$291", "2012-03-31": "$283", "2011-12-31": "$143", "2011-09-30": "$262", "2011-06-30": "$317", "2011-03-31": "$171", "2010-12-31": "$177", "2010-09-30": "$159", "2010-06-30": "$158", "2010-03-31": "$158", "2009-12-31": "$101", "2009-09-30": "$20", "2009-06-30": "$141", "2009-03-31": "$130", "2008-12-31": "$225", "2008-09-30": "$121", "2008-06-30": "$104", "2008-03-31": "$98", "2007-12-31": "$157", "2007-09-30": "$107", "2007-06-30": "$96", "2007-03-31": "$93", "2006-12-31": "$23", "2006-09-30": "$64", "2006-06-30": "$62", "2006-03-31": "$68", "2005-12-31": "$-12", "2005-09-30": "$72", "2005-06-30": "$65", "2005-03-31": "$63"}}, "ebitda": {"Healthpeak Properties Annual EBITDA (Millions of US $)": {"2019": "$819", "2018": "$1,008", "2017": "$948", "2016": "$1,325", "2015": "$1,150", "2014": "$1,202", "2013": "$1,750", "2012": "$1,562", "2011": "$1,292", "2010": "$984", "2009": "$720", "2008": "$871", "2007": "$745", "2006": "$384", "2005": "$298"}, "Healthpeak Properties Quarterly EBITDA (Millions of US $)": {"2020-09-30": "$210", "2020-06-30": "$210", "2020-03-31": "$124", "2019-12-31": "$156", "2019-09-30": "$234", "2019-06-30": "$190", "2019-03-31": "$239", "2018-12-31": "$212", "2018-09-30": "$248", "2018-06-30": "$265", "2018-03-31": "$285", "2017-12-31": "$140", "2017-09-30": "$256", "2017-06-30": "$234", "2017-03-31": "$317", "2016-12-31": "$328", "2016-09-30": "$322", "2016-06-30": "$347", "2016-03-31": "$329", "2015-12-31": "$372", "2015-09-30": "$402", "2015-06-30": "$393", "2015-03-31": "$-17", "2014-12-31": "$-161", "2014-09-30": "$482", "2014-06-30": "$439", "2014-03-31": "$443", "2013-12-31": "$447", "2013-09-30": "$453", "2013-06-30": "$421", "2013-03-31": "$429", "2012-12-31": "$414", "2012-09-30": "$380", "2012-06-30": "$388", "2012-03-31": "$381", "2011-12-31": "$238", "2011-09-30": "$358", "2011-06-30": "$414", "2011-03-31": "$282", "2010-12-31": "$272", "2010-09-30": "$238", "2010-06-30": "$236", "2010-03-31": "$238", "2009-12-31": "$193", "2009-09-30": "$102", "2009-06-30": "$215", "2009-03-31": "$210", "2008-12-31": "$306", "2008-09-30": "$198", "2008-06-30": "$185", "2008-03-31": "$182", "2007-12-31": "$236", "2007-09-30": "$189", "2007-06-30": "$160", "2007-03-31": "$161", "2006-12-31": "$94", "2006-09-30": "$97", "2006-06-30": "$94", "2006-03-31": "$99", "2005-12-31": "$18", "2005-09-30": "$100", "2005-06-30": "$92", "2005-03-31": "$88"}}, "net-income": {"Healthpeak Properties Annual Net Income (Millions of US $)": {"2019": "$44", "2018": "$1,058", "2017": "$413", "2016": "$627", "2015": "$-561", "2014": "$920", "2013": "$969", "2012": "$812", "2011": "$515", "2010": "$307", "2009": "$109", "2008": "$425", "2007": "$565", "2006": "$396", "2005": "$152"}, "Healthpeak Properties Quarterly Net Income (Millions of US $)": {"2020-09-30": "$-64", "2020-06-30": "$51", "2020-03-31": "$277", "2019-12-31": "$43", "2019-09-30": "$-46", "2019-06-30": "$-14", "2019-03-31": "$61", "2018-12-31": "$830", "2018-09-30": "$99", "2018-06-30": "$89", "2018-03-31": "$40", "2017-12-31": "$-59", "2017-09-30": "$-8", "2017-06-30": "$19", "2017-03-31": "$460", "2016-12-31": "$58", "2016-09-30": "$151", "2016-06-30": "$301", "2016-03-31": "$116", "2015-12-31": "$-599", "2015-09-30": "$115", "2015-06-30": "$165", "2015-03-31": "$-241", "2014-12-31": "$196", "2014-09-30": "$247", "2014-06-30": "$218", "2014-03-31": "$258", "2013-12-31": "$293", "2013-09-30": "$233", "2013-06-30": "$213", "2013-03-31": "$230", "2012-12-31": "$240", "2012-09-30": "$196", "2012-06-30": "$201", "2012-03-31": "$175", "2011-12-31": "$62", "2011-09-30": "$166", "2011-06-30": "$223", "2011-03-31": "$64", "2010-12-31": "$136", "2010-09-30": "$17", "2010-06-30": "$79", "2010-03-31": "$75", "2009-12-31": "$26", "2009-09-30": "$-52", "2009-06-30": "$92", "2009-03-31": "$43", "2008-12-31": "$35", "2008-09-30": "$120", "2008-06-30": "$226", "2008-03-31": "$45", "2007-12-31": "$42", "2007-09-30": "$317", "2007-06-30": "$66", "2007-03-31": "$140", "2006-12-31": "$236", "2006-09-30": "$72", "2006-06-30": "$36", "2006-03-31": "$53", "2005-12-31": "$36", "2005-09-30": "$40", "2005-06-30": "$38", "2005-03-31": "$38"}}, "eps-earnings-per-share-diluted": {"Healthpeak Properties Annual EPS": {"2019": "$0.09", "2018": "$2.24", "2017": "$0.88", "2016": "$1.34", "2015": "$-1.21", "2014": "$2.00", "2013": "$2.13", "2012": "$1.90", "2011": "$1.29", "2010": "$1.00", "2009": "$0.40", "2008": "$1.79", "2007": "$2.70", "2006": "$2.66", "2005": "$1.12"}, "Healthpeak Properties Quarterly EPS": {"2020-09-30": "$-0.12", "2020-06-30": "$0.09", "2020-03-31": "$0.54", "2019-12-31": "$0.08", "2019-09-30": "$-0.09", "2019-06-30": "$-0.03", "2019-03-31": "$0.13", "2018-12-31": "$1.76", "2018-09-30": "$0.21", "2018-06-30": "$0.19", "2018-03-31": "$0.08", "2017-12-31": "$-0.11", "2017-09-30": "$-0.02", "2017-06-30": "$0.04", "2017-03-31": "$0.97", "2016-12-31": "$0.13", "2016-09-30": "$0.32", "2016-06-30": "$0.64", "2016-03-31": "$0.25", "2015-12-31": "$-1.30", "2015-09-30": "$0.25", "2015-06-30": "$0.36", "2015-03-31": "$-0.52", "2014-12-31": "$0.42", "2014-09-30": "$0.54", "2014-06-30": "$0.48", "2014-03-31": "$0.56", "2013-12-31": "$0.64", "2013-09-30": "$0.51", "2013-06-30": "$0.47", "2013-03-31": "$0.51", "2012-12-31": "$0.54", "2012-09-30": "$0.45", "2012-06-30": "$0.48", "2012-03-31": "$0.43", "2011-12-31": "$0.16", "2011-09-30": "$0.41", "2011-06-30": "$0.55", "2011-03-31": "$0.17", "2010-12-31": "$0.43", "2010-09-30": "$0.05", "2010-06-30": "$0.27", "2010-03-31": "$0.25", "2009-12-31": "$0.06", "2009-09-30": "$-0.18", "2009-06-30": "$0.35", "2009-03-31": "$0.17", "2008-12-31": "$0.13", "2008-09-30": "$0.49", "2008-06-30": "$0.96", "2008-03-31": "$0.21", "2007-12-31": "$0.17", "2007-09-30": "$1.53", "2007-06-30": "$0.32", "2007-03-31": "$0.68", "2006-12-31": "$1.50", "2006-09-30": "$0.52", "2006-06-30": "$0.26", "2006-03-31": "$0.38", "2005-12-31": "$0.27", "2005-09-30": "$0.29", "2005-06-30": "$0.28", "2005-03-31": "$0.28"}}, "shares-outstanding": {"Healthpeak Properties Annual Shares Outstanding (Millions of Shares)": {"2019": "489", "2018": "475", "2017": "469", "2016": "467", "2015": "463", "2014": "459", "2013": "456", "2012": "428", "2011": "400", "2010": "307", "2009": "275", "2008": "238", "2007": "209", "2006": "149", "2005": "136"}, "Healthpeak Properties Quarterly Shares Outstanding (Millions of Shares)": {"2020-09-30": "538", "2020-06-30": "539", "2020-03-31": "515", "2019-12-31": "489", "2019-09-30": "491", "2019-06-30": "479", "2019-03-31": "479", "2018-12-31": "475", "2018-09-30": "470", "2018-06-30": "470", "2018-03-31": "470", "2017-12-31": "469", "2017-09-30": "469", "2017-06-30": "469", "2017-03-31": "475", "2016-12-31": "467", "2016-09-30": "468", "2016-06-30": "471", "2016-03-31": "466", "2015-12-31": "463", "2015-09-30": "464", "2015-06-30": "462", "2015-03-31": "461", "2014-12-31": "459", "2014-09-30": "459", "2014-06-30": "459", "2014-03-31": "458", "2013-12-31": "456", "2013-09-30": "456", "2013-06-30": "455", "2013-03-31": "455", "2012-12-31": "428", "2012-09-30": "431", "2012-06-30": "422", "2012-03-31": "412", "2011-12-31": "400", "2011-09-30": "409", "2011-06-30": "412", "2011-03-31": "374", "2010-12-31": "307", "2010-09-30": "311", "2010-06-30": "296", "2010-03-31": "294", "2009-12-31": "275", "2009-09-30": "285", "2009-06-30": "266", "2009-03-31": "253", "2008-12-31": "238", "2008-09-30": "245", "2008-06-30": "236", "2008-03-31": "217", "2007-12-31": "209", "2007-09-30": "207", "2007-06-30": "207", "2007-03-31": "206", "2006-12-31": "149", "2006-09-30": "138", "2006-06-30": "137", "2006-03-31": "137", "2005-12-31": "136", "2005-09-30": "136", "2005-06-30": "135", "2005-03-31": "135"}}, "total-assets": {"Healthpeak Properties Annual Total Assets (Millions of US $)": {"2019": "$14,033", "2018": "$12,719", "2017": "$14,088", "2016": "$15,759", "2015": "$21,450", "2014": "$21,331", "2013": "$20,076", "2012": "$19,916", "2011": "$17,408", "2010": "$13,332", "2009": "$12,210", "2008": "$11,850", "2007": "$12,522", "2006": "$10,013", "2005": "$3,597"}, "Healthpeak Properties Quarterly Total Assets (Millions of US $)": {"2020-09-30": "$15,752", "2020-06-30": "$16,316", "2020-03-31": "$16,073", "2019-12-31": "$14,033", "2019-09-30": "$14,010", "2019-06-30": "$13,713", "2019-03-31": "$12,900", "2018-12-31": "$12,719", "2018-09-30": "$13,084", "2018-06-30": "$13,451", "2018-03-31": "$14,068", "2017-12-31": "$14,088", "2017-09-30": "$13,904", "2017-06-30": "$14,103", "2017-03-31": "$14,856", "2016-12-31": "$15,759", "2016-09-30": "$21,189", "2016-06-30": "$21,116", "2016-03-31": "$21,200", "2015-12-31": "$21,450", "2015-09-30": "$22,193", "2015-06-30": "$22,348", "2015-03-31": "$21,024", "2014-12-31": "$21,331", "2014-09-30": "$20,745", "2014-06-30": "$20,144", "2014-03-31": "$19,859", "2013-12-31": "$20,076", "2013-09-30": "$19,890", "2013-06-30": "$20,052", "2013-03-31": "$19,733", "2012-12-31": "$19,916", "2012-09-30": "$18,079", "2012-06-30": "$17,790", "2012-03-31": "$17,725", "2011-12-31": "$17,408", "2011-09-30": "$17,439", "2011-06-30": "$17,693", "2011-03-31": "$17,500", "2010-12-31": "$13,332", "2010-09-30": "$12,245", "2010-06-30": "$12,245", "2010-03-31": "$12,140", "2009-12-31": "$12,210", "2009-09-30": "$12,338", "2009-06-30": "$11,786", "2009-03-31": "$11,801", "2008-12-31": "$11,850", "2008-09-30": "$12,031", "2008-06-30": "$12,224", "2008-03-31": "$12,500", "2007-12-31": "$12,522", "2007-09-30": "$12,096", "2007-06-30": "$8,879", "2007-03-31": "$9,391", "2006-12-31": "$10,013", "2006-09-30": "$4,612", "2006-06-30": "$3,859", "2006-03-31": "$3,789", "2005-12-31": "$3,597", "2005-09-30": "$3,495", "2005-06-30": "$3,188", "2005-03-31": "$3,048"}}, "cash-on-hand": {"Healthpeak Properties Annual Cash on Hand (Millions of US $)": {"2019": "$185", "2018": "$140", "2017": "$82", "2016": "$137", "2015": "$387", "2014": "$233", "2013": "$338", "2012": "$286", "2011": "$75", "2010": "$1,073", "2009": "$145", "2008": "$93", "2007": "$133", "2006": "$99", "2005": "$21"}, "Healthpeak Properties Quarterly Cash on Hand (Millions of US $)": {"2020-09-30": "$300", "2020-06-30": "$837", "2020-03-31": "$890", "2019-12-31": "$185", "2019-09-30": "$155", "2019-06-30": "$156", "2019-03-31": "$147", "2018-12-31": "$140", "2018-09-30": "$109", "2018-06-30": "$122", "2018-03-31": "$118", "2017-12-31": "$82", "2017-09-30": "$161", "2017-06-30": "$453", "2017-03-31": "$825", "2016-12-31": "$137", "2016-09-30": "$205", "2016-06-30": "$297", "2016-03-31": "$141", "2015-12-31": "$387", "2015-09-30": "$186", "2015-06-30": "$170", "2015-03-31": "$184", "2014-12-31": "$233", "2014-09-30": "$138", "2014-06-30": "$88", "2014-03-31": "$80", "2013-12-31": "$338", "2013-09-30": "$98", "2013-06-30": "$98", "2013-03-31": "$85", "2012-12-31": "$286", "2012-09-30": "$140", "2012-06-30": "$212", "2012-03-31": "$393", "2011-12-31": "$75", "2011-09-30": "$93", "2011-06-30": "$320", "2011-03-31": "$4,031", "2010-12-31": "$1,073", "2010-09-30": "$87", "2010-06-30": "$136", "2010-03-31": "$83", "2009-12-31": "$145", "2009-09-30": "$176", "2009-06-30": "$82", "2009-03-31": "$99", "2008-12-31": "$93", "2008-09-30": "$154", "2008-06-30": "$249", "2008-03-31": "$184", "2007-12-31": "$133", "2007-09-30": "$634", "2007-06-30": "$351", "2007-03-31": "$103", "2006-12-31": "$99", "2006-09-30": "$771", "2006-06-30": "$24", "2006-03-31": "$59", "2005-12-31": "$21", "2005-09-30": "$41", "2005-06-30": "$36", "2005-03-31": "$18"}}, "long-term-debt": {"Healthpeak Properties Annual Long Term Debt (Millions of US $)": {"2019": "$6,352", "2018": "$5,568", "2017": "$7,880", "2016": "$9,189", "2015": "$11,069", "2014": "$9,721", "2013": "$8,662", "2012": "$8,696", "2011": "$7,729", "2010": "$4,646", "2009": "$5,656", "2008": "$5,937", "2007": "$7,511", "2006": "$6,202", "2005": "$1,957"}, "Healthpeak Properties Quarterly Long Term Debt (Millions of US $)": {"2020-09-30": "$6,380", "2020-06-30": "$6,729", "2020-03-31": "$6,389", "2019-12-31": "$6,267", "2019-09-30": "$6,600", "2019-06-30": "$6,291", "2019-03-31": "$5,764", "2018-12-31": "$5,568", "2018-09-30": "$6,798", "2018-06-30": "$7,403", "2018-03-31": "$7,966", "2017-12-31": "$7,880", "2017-09-30": "$7,466", "2017-06-30": "$7,485", "2017-03-31": "$8,141", "2016-12-31": "$9,189", "2016-09-30": "$10,921", "2016-06-30": "$10,755", "2016-03-31": "$10,936", "2015-12-31": "$11,069", "2015-09-30": "$11,145", "2015-06-30": "$11,213", "2015-03-31": "$9,987", "2014-12-31": "$9,721", "2014-09-30": "$9,215", "2014-06-30": "$8,674", "2014-03-31": "$8,450", "2013-12-31": "$8,662", "2013-09-30": "$8,561", "2013-06-30": "$8,767", "2013-03-31": "$8,546", "2012-12-31": "$8,696", "2012-09-30": "$7,910", "2012-06-30": "$7,642", "2012-03-31": "$7,708", "2011-12-31": "$7,729", "2011-09-30": "$7,659", "2011-06-30": "$7,577", "2011-03-31": "$7,697", "2010-12-31": "$4,646", "2010-09-30": "$5,420", "2010-06-30": "$5,370", "2010-03-31": "$5,659", "2009-12-31": "$5,656", "2009-09-30": "$5,683", "2009-06-30": "$5,510", "2009-03-31": "$5,984", "2008-12-31": "$5,937", "2008-09-30": "$5,950", "2008-06-30": "$6,593", "2008-03-31": "$7,571", "2007-12-31": "$7,511", "2007-09-30": "$7,368", "2007-06-30": "$4,593", "2007-03-31": "$5,073", "2006-12-31": "$6,202", "2006-09-30": "$2,923", "2006-06-30": "$2,196", "2006-03-31": "$2,120", "2005-12-31": "$1,957", "2005-09-30": "$1,854", "2005-06-30": "$1,566", "2005-03-31": "$1,433"}}, "total-liabilities": {"Healthpeak Properties Annual Total Liabilities (Millions of US $)": {"2019": "$7,365", "2018": "$6,206", "2017": "$8,494", "2016": "$9,818", "2015": "$11,704", "2014": "$10,334", "2013": "$9,145", "2012": "$9,162", "2011": "$8,188", "2010": "$5,186", "2009": "$6,251", "2008": "$6,442", "2007": "$8,418", "2006": "$6,719", "2005": "$2,197"}, "Healthpeak Properties Quarterly Total Liabilities (Millions of US $)": {"2020-09-30": "$8,346", "2020-06-30": "$8,648", "2020-03-31": "$8,259", "2019-12-31": "$7,365", "2019-09-30": "$7,487", "2019-06-30": "$7,094", "2019-03-31": "$6,500", "2018-12-31": "$6,206", "2018-09-30": "$7,444", "2018-06-30": "$8,035", "2018-03-31": "$8,587", "2017-12-31": "$8,494", "2017-09-30": "$8,050", "2017-06-30": "$8,074", "2017-03-31": "$8,682", "2016-12-31": "$9,818", "2016-09-30": "$11,613", "2016-06-30": "$11,440", "2016-03-31": "$11,570", "2015-12-31": "$11,704", "2015-09-30": "$11,733", "2015-06-30": "$11,821", "2015-03-31": "$10,469", "2014-12-31": "$10,334", "2014-09-30": "$9,709", "2014-06-30": "$9,172", "2014-03-31": "$8,889", "2013-12-31": "$9,145", "2013-09-30": "$9,039", "2013-06-30": "$9,254", "2013-03-31": "$8,951", "2012-12-31": "$9,162", "2012-09-30": "$8,351", "2012-06-30": "$8,099", "2012-03-31": "$8,415", "2011-12-31": "$8,188", "2011-09-30": "$8,122", "2011-06-30": "$8,372", "2011-03-31": "$8,232", "2010-12-31": "$5,186", "2010-09-30": "$5,992", "2010-06-30": "$5,951", "2010-03-31": "$6,231", "2009-12-31": "$6,251", "2009-09-30": "$6,289", "2009-06-30": "$5,994", "2009-03-31": "$6,470", "2008-12-31": "$6,442", "2008-09-30": "$6,738", "2008-06-30": "$7,416", "2008-03-31": "$8,472", "2007-12-31": "$8,418", "2007-09-30": "$8,252", "2007-06-30": "$5,275", "2007-03-31": "$5,771", "2006-12-31": "$6,719", "2006-09-30": "$3,197", "2006-06-30": "$2,467", "2006-03-31": "$2,381", "2005-12-31": "$2,197", "2005-09-30": "$2,085", "2005-06-30": "$1,767", "2005-03-31": "$1,634"}}, "total-share-holder-equity": {"Healthpeak Properties Annual Share Holder Equity (Millions of US $)": {"2019": "$6,667", "2018": "$6,513", "2017": "$5,595", "2016": "$5,941", "2015": "$9,746", "2014": "$10,997", "2013": "$10,931", "2012": "$10,754", "2011": "$9,221", "2010": "$8,146", "2009": "$5,959", "2008": "$5,408", "2007": "$4,104", "2006": "$3,294", "2005": "$1,400"}, "Healthpeak Properties Quarterly Share Holder Equity (Millions of US $)": {"2020-09-30": "$7,406", "2020-06-30": "$7,669", "2020-03-31": "$7,813", "2019-12-31": "$6,667", "2019-09-30": "$6,523", "2019-06-30": "$6,619", "2019-03-31": "$6,399", "2018-12-31": "$6,513", "2018-09-30": "$5,640", "2018-06-30": "$5,417", "2018-03-31": "$5,481", "2017-12-31": "$5,595", "2017-09-30": "$5,854", "2017-06-30": "$6,029", "2017-03-31": "$6,173", "2016-12-31": "$5,941", "2016-09-30": "$9,575", "2016-06-30": "$9,676", "2016-03-31": "$9,630", "2015-12-31": "$9,746", "2015-09-30": "$10,460", "2015-06-30": "$10,527", "2015-03-31": "$10,556", "2014-12-31": "$10,997", "2014-09-30": "$11,036", "2014-06-30": "$10,973", "2014-03-31": "$10,970", "2013-12-31": "$10,931", "2013-09-30": "$10,850", "2013-06-30": "$10,798", "2013-03-31": "$10,782", "2012-12-31": "$10,754", "2012-09-30": "$9,728", "2012-06-30": "$9,691", "2012-03-31": "$9,310", "2011-12-31": "$9,221", "2011-09-30": "$9,317", "2011-06-30": "$9,321", "2011-03-31": "$9,267", "2010-12-31": "$8,146", "2010-09-30": "$6,254", "2010-06-30": "$6,293", "2010-03-31": "$5,908", "2009-12-31": "$5,959", "2009-09-30": "$6,049", "2009-06-30": "$5,791", "2009-03-31": "$5,331", "2008-12-31": "$5,408", "2008-09-30": "$5,293", "2008-06-30": "$4,808", "2008-03-31": "$4,028", "2007-12-31": "$4,104", "2007-09-30": "$3,844", "2007-06-30": "$3,604", "2007-03-31": "$3,620", "2006-12-31": "$3,294", "2006-09-30": "$1,415", "2006-06-30": "$1,392", "2006-03-31": "$1,408", "2005-12-31": "$1,400", "2005-09-30": "$1,410", "2005-06-30": "$1,420", "2005-03-31": "$1,414"}}, "profit-margins": {"current": "13.46%"}, "gross margin": {"2020-09-30": "45.51%", "2020-06-30": "47.04%", "2020-03-31": "49.37%", "2019-12-31": "55.96%", "2019-09-30": "57.65%", "2019-06-30": "59.42%", "2019-03-31": "61.14%", "2018-12-31": "61.88%", "2018-09-30": "60.77%", "2018-06-30": "62.13%", "2018-03-31": "63.05%", "2017-12-31": "64.02%", "2017-09-30": "65.91%", "2017-06-30": "65.58%", "2017-03-31": "65.64%", "2016-12-31": "65.34%", "2016-09-30": "57.01%", "2016-06-30": "60.90%", "2016-03-31": "64.65%", "2015-12-31": "68.52%", "2015-09-30": "69.24%", "2015-06-30": "72.29%", "2015-03-31": "74.51%", "2014-12-31": "76.66%", "2014-09-30": "84.91%", "2014-06-30": "85.71%", "2014-03-31": "85.79%", "2013-12-31": "85.85%", "2013-09-30": "85.86%", "2013-06-30": "85.41%", "2013-03-31": "85.22%", "2012-12-31": "85.00%", "2012-09-30": "84.65%", "2012-06-30": "85.32%", "2012-03-31": "86.86%", "2011-12-31": "87.13%", "2011-09-30": "86.89%", "2011-06-30": "85.57%", "2011-03-31": "83.46%", "2010-12-31": "83.06%", "2010-09-30": "83.80%", "2010-06-30": "84.58%", "2010-03-31": "84.54%", "2009-12-31": "84.12%", "2009-09-30": "84.76%", "2009-06-30": "84.28%", "2009-03-31": "83.53%", "2008-12-31": "83.07%", "2008-09-30": "81.84%", "2008-06-30": "81.32%", "2008-03-31": "81.54%", "2007-12-31": "81.47%", "2007-09-30": "80.31%", "2007-06-30": "81.17%", "2007-03-31": "81.33%", "2006-12-31": "82.97%", "2006-09-30": "80.47%", "2006-06-30": "82.28%", "2006-03-31": "83.33%", "2005-12-31": "84.07%"}, "operating margin": {"2020-09-30": "0.00%", "2020-06-30": "0.18%", "2020-03-31": "-1.26%", "2019-12-31": "6.51%", "2019-09-30": "12.84%", "2019-06-30": "16.37%", "2019-03-31": "22.06%", "2018-12-31": "23.23%", "2018-09-30": "18.99%", "2018-06-30": "19.56%", "2018-03-31": "18.69%", "2017-12-31": "20.78%", "2017-09-30": "28.84%", "2017-06-30": "29.97%", "2017-03-31": "33.60%", "2016-12-31": "33.35%", "2016-09-30": "45.71%", "2016-06-30": "47.75%", "2016-03-31": "49.35%", "2015-12-31": "30.60%", "2015-09-30": "4.70%", "2015-06-30": "9.94%", "2015-03-31": "13.62%", "2014-12-31": "42.88%", "2014-09-30": "60.15%", "2014-06-30": "60.27%", "2014-03-31": "60.48%", "2013-12-31": "60.51%", "2013-09-30": "60.29%", "2013-06-30": "60.64%", "2013-03-31": "61.55%", "2012-12-31": "61.65%", "2012-09-30": "54.90%", "2012-06-30": "54.66%", "2012-03-31": "55.25%", "2011-12-31": "52.72%", "2011-09-30": "58.45%", "2011-06-30": "56.36%", "2011-03-31": "52.12%", "2010-12-31": "52.58%", "2010-09-30": "47.84%", "2010-06-30": "37.22%", "2010-03-31": "36.08%", "2009-12-31": "34.21%", "2009-09-30": "41.61%", "2009-06-30": "50.53%", "2009-03-31": "49.24%", "2008-12-31": "47.82%", "2008-09-30": "45.63%", "2008-06-30": "45.33%", "2008-03-31": "46.45%", "2007-12-31": "47.43%", "2007-09-30": "41.32%", "2007-06-30": "42.59%", "2007-03-31": "43.45%", "2006-12-31": "46.77%", "2006-09-30": "48.02%", "2006-06-30": "50.26%", "2006-03-31": "51.06%", "2005-12-31": "51.65%"}, "ebitda margin": {"2020-09-30": "30.40%", "2020-06-30": "32.28%", "2020-03-31": "32.79%", "2019-12-31": "40.99%", "2019-09-30": "45.86%", "2019-06-30": "48.69%", "2019-03-31": "53.44%", "2018-12-31": "54.68%", "2018-09-30": "50.76%", "2018-06-30": "51.25%", "2018-03-31": "49.86%", "2017-12-31": "51.24%", "2017-09-30": "58.35%", "2017-06-30": "59.40%", "2017-03-31": "62.54%", "2016-12-31": "62.28%", "2016-09-30": "82.83%", "2016-06-30": "81.46%", "2016-03-31": "80.86%", "2015-12-31": "59.25%", "2015-09-30": "33.35%", "2015-06-30": "38.94%", "2015-03-31": "43.25%", "2014-12-31": "73.49%", "2014-09-30": "82.58%", "2014-06-30": "83.19%", "2014-03-31": "83.29%", "2013-12-31": "83.37%", "2013-09-30": "83.15%", "2013-06-30": "82.74%", "2013-03-31": "83.26%", "2012-12-31": "83.14%", "2012-09-30": "76.29%", "2012-06-30": "76.21%", "2012-03-31": "76.47%", "2011-12-31": "76.27%", "2011-09-30": "83.61%", "2011-06-30": "82.49%", "2011-03-31": "80.56%", "2010-12-31": "79.35%", "2010-09-30": "75.17%", "2010-06-30": "65.50%", "2010-03-31": "64.26%", "2009-12-31": "62.83%", "2009-09-30": "67.18%", "2009-06-30": "76.09%", "2009-03-31": "76.32%", "2008-12-31": "76.00%", "2008-09-30": "76.14%", "2008-06-30": "77.04%", "2008-03-31": "77.79%", "2007-12-31": "78.12%", "2007-09-30": "78.24%", "2007-06-30": "79.01%", "2007-03-31": "80.07%", "2006-12-31": "82.76%", "2006-09-30": "81.27%", "2006-06-30": "82.28%", "2006-03-31": "81.75%", "2005-12-31": "81.87%"}, "pre tax profit margin": {"2020-09-30": "15.20%", "2020-06-30": "14.49%", "2020-03-31": "11.64%", "2019-12-31": "2.55%", "2019-09-30": "44.29%", "2019-06-30": "53.94%", "2019-03-31": "60.03%", "2018-12-31": "57.28%", "2018-09-30": "9.36%", "2018-06-30": "3.36%", "2018-03-31": "-0.38%", "2017-12-31": "22.24%", "2017-09-30": "27.25%", "2017-06-30": "29.13%", "2017-03-31": "36.46%", "2016-12-31": "17.24%", "2016-09-30": "24.18%", "2016-06-30": "27.42%", "2016-03-31": "23.95%", "2015-12-31": "7.01%", "2015-09-30": "-19.51%", "2015-06-30": "-14.25%", "2015-03-31": "-11.47%", "2014-12-31": "16.80%", "2014-09-30": "40.63%", "2014-06-30": "40.34%", "2014-03-31": "40.37%", "2013-12-31": "40.59%", "2013-09-30": "40.19%", "2013-06-30": "39.96%", "2013-03-31": "40.47%", "2012-12-31": "39.63%", "2012-09-30": "32.34%", "2012-06-30": "31.71%", "2012-03-31": "32.88%", "2011-12-31": "28.98%", "2011-09-30": "36.00%", "2011-06-30": "34.68%", "2011-03-31": "29.31%", "2010-12-31": "30.89%", "2010-09-30": "24.34%", "2010-06-30": "12.86%", "2010-03-31": "11.43%", "2009-12-31": "8.90%", "2009-09-30": "8.55%", "2009-06-30": "20.88%", "2009-03-31": "20.20%", "2008-12-31": "19.72%", "2008-09-30": "21.29%", "2008-06-30": "14.49%", "2008-03-31": "14.30%", "2007-12-31": "13.82%", "2007-09-30": "5.18%", "2007-06-30": "6.48%", "2007-03-31": "5.39%", "2006-12-31": "8.41%", "2006-09-30": "20.58%", "2006-06-30": "24.87%", "2006-03-31": "27.25%", "2005-12-31": "28.57%"}, "net profit margin": {"2020-09-30": "13.33%", "2020-06-30": "14.49%", "2020-03-31": "12.11%", "2019-12-31": "2.20%", "2019-09-30": "43.55%", "2019-06-30": "53.45%", "2019-03-31": "59.81%", "2018-12-31": "57.28%", "2018-09-30": "9.15%", "2018-06-30": "3.36%", "2018-03-31": "-0.44%", "2017-12-31": "22.29%", "2017-09-30": "27.20%", "2017-06-30": "34.03%", "2017-03-31": "46.17%", "2016-12-31": "29.40%", "2016-09-30": "-1.87%", "2016-06-30": "-3.76%", "2016-03-31": "-10.97%", "2015-12-31": "-28.85%", "2015-09-30": "12.70%", "2015-06-30": "20.50%", "2015-03-31": "24.45%", "2014-12-31": "56.14%", "2014-09-30": "46.33%", "2014-06-30": "46.78%", "2014-03-31": "47.07%", "2013-12-31": "46.16%", "2013-09-30": "44.36%", "2013-06-30": "44.24%", "2013-03-31": "44.81%", "2012-12-31": "43.19%", "2012-09-30": "34.87%", "2012-06-30": "33.72%", "2012-03-31": "34.41%", "2011-12-31": "30.40%", "2011-09-30": "37.14%", "2011-06-30": "30.10%", "2011-03-31": "23.20%", "2010-12-31": "24.76%", "2010-09-30": "16.36%", "2010-06-30": "10.90%", "2010-03-31": "12.11%", "2009-12-31": "9.51%", "2009-09-30": "9.52%", "2009-06-30": "23.75%", "2009-03-31": "35.99%", "2008-12-31": "37.17%", "2008-09-30": "41.16%", "2008-06-30": "61.28%", "2008-03-31": "47.67%", "2007-12-31": "59.16%", "2007-09-30": "98.32%", "2007-06-30": "79.32%", "2007-03-31": "86.89%", "2006-12-31": "85.56%", "2006-09-30": "51.98%", "2006-06-30": "43.65%", "2006-03-31": "44.18%", "2005-12-31": "41.76%"}, "pe ratio": {"current": "18.05", "2021-02-05": "50.83", "2020-09-30": "44.69", "2020-06-30": "42.63", "2020-03-31": "44.86", "2019-12-31": "327.42", "2019-09-30": "19.26", "2019-06-30": "14.58", "2019-03-31": "12.88", "2018-12-31": "11.61", "2018-09-30": "68.19", "2018-06-30": "192.41", "2018-03-31": "0.00", "2017-12-31": "26.25", "2017-09-30": "21.41", "2017-06-30": "18.59", "2017-03-31": "12.71", "2016-12-31": "18.40", "2016-09-30": "0.00", "2016-06-30": "0.00", "2016-03-31": "0.00", "2015-12-31": "0.00", "2015-09-30": "49.97", "2015-06-30": "30.95", "2015-03-31": "31.48", "2014-12-31": "14.66", "2014-09-30": "11.82", "2014-06-30": "12.32", "2014-03-31": "11.46", "2013-12-31": "10.82", "2013-09-30": "12.71", "2013-06-30": "14.35", "2013-03-31": "15.52", "2012-12-31": "14.48", "2012-09-30": "17.65", "2012-06-30": "17.81", "2012-03-31": "15.01", "2011-12-31": "18.73", "2011-09-30": "12.93", "2011-06-30": "17.37", "2011-03-31": "23.20", "2010-12-31": "20.41", "2010-09-30": "29.56", "2010-06-30": "40.14", "2010-03-31": "34.15", "2009-12-31": "36.85", "2009-09-30": "30.57", "2009-06-30": "9.25", "2009-03-31": "4.98", "2008-12-31": "7.43", "2008-09-30": "10.14", "2008-06-30": "5.10", "2008-03-31": "6.86", "2007-12-31": "5.76", "2007-09-30": "3.90", "2007-06-30": "4.56", "2007-03-31": "5.73", "2006-12-31": "6.51"}, "price sales": {"2021-02-05": "6.89", "2020-09-30": "6.06", "2020-06-30": "6.09", "2020-03-31": "5.27", "2019-12-31": "7.95", "2019-09-30": "8.46", "2019-06-30": "7.75", "2019-03-31": "7.64", "2018-12-31": "6.55", "2018-09-30": "6.07", "2018-06-30": "5.87", "2018-03-31": "5.23", "2017-12-31": "5.75", "2017-09-30": "5.74", "2017-06-30": "6.26", "2017-03-31": "5.84", "2016-12-31": "5.38", "2016-09-30": "7.98", "2016-06-30": "6.79", "2016-03-31": "5.88", "2015-12-31": "6.45", "2015-09-30": "6.49", "2015-06-30": "6.46", "2015-03-31": "7.83", "2014-12-31": "8.25", "2014-09-30": "5.48", "2014-06-30": "5.76", "2014-03-31": "5.38", "2013-12-31": "5.00", "2013-09-30": "5.58", "2013-06-30": "6.26", "2013-03-31": "6.85", "2012-12-31": "6.16", "2012-09-30": "6.10", "2012-06-30": "6.00", "2012-03-31": "5.19", "2011-12-31": "5.66", "2011-09-30": "4.76", "2011-06-30": "4.98", "2011-03-31": "5.29", "2010-12-31": "4.92", "2010-09-30": "4.76", "2010-06-30": "4.22", "2010-03-31": "4.18", "2009-12-31": "3.72", "2009-09-30": "3.05", "2009-06-30": "2.17", "2009-03-31": "1.81", "2008-12-31": "2.74", "2008-09-30": "4.07", "2008-06-30": "3.13", "2008-03-31": "3.32", "2007-12-31": "3.43", "2007-09-30": "3.77", "2007-06-30": "3.51", "2007-03-31": "4.50", "2006-12-31": "4.76"}, "price book": {"current": "2.22", "2021-02-05": "2.22", "2020-09-30": "1.95", "2020-06-30": "1.89", "2020-03-31": "1.58", "2019-12-31": "2.48", "2019-09-30": "2.54", "2019-06-30": "2.21", "2019-03-31": "2.17", "2018-12-31": "1.88", "2018-09-30": "1.99", "2018-06-30": "2.00", "2018-03-31": "1.75", "2017-12-31": "1.89", "2017-09-30": "1.90", "2017-06-30": "2.10", "2017-03-31": "1.98", "2016-12-31": "1.93", "2016-09-30": "1.38", "2016-06-30": "1.25", "2016-03-31": "1.14", "2015-12-31": "1.29", "2015-09-30": "1.15", "2015-06-30": "1.10", "2015-03-31": "1.28", "2014-12-31": "1.23", "2014-09-30": "1.09", "2014-06-30": "1.13", "2014-03-31": "1.04", "2013-12-31": "0.96", "2013-09-30": "1.08", "2013-06-30": "1.19", "2013-03-31": "1.29", "2012-12-31": "1.15", "2012-09-30": "1.18", "2012-06-30": "1.16", "2012-03-31": "1.04", "2011-12-31": "1.06", "2011-09-30": "0.88", "2011-06-30": "0.90", "2011-03-31": "0.92", "2010-12-31": "0.92", "2010-09-30": "0.97", "2010-06-30": "0.84", "2010-03-31": "0.87", "2009-12-31": "0.78", "2009-09-30": "0.71", "2009-06-30": "0.51", "2009-03-31": "0.42", "2008-12-31": "0.63", "2008-09-30": "0.90", "2008-06-30": "0.73", "2008-03-31": "0.84", "2007-12-31": "0.83", "2007-09-30": "0.80", "2007-06-30": "0.73", "2007-03-31": "0.89", "2006-12-31": "0.95", "2006-09-30": "1.28", "2006-06-30": "1.10", "2006-03-31": "1.13"}, "price fcf": {"2021-02-05": "", "2020-09-30": "$-0.05", "2020-06-30": "$-0.73", "2020-03-31": "$-1.89", "2019-12-31": "$-2.36", "2019-09-30": "$0.76", "2019-06-30": "$1.75", "2019-03-31": "$4.02", "2018-12-31": "$4.13", "2018-09-30": "$0.85", "2018-06-30": "$0.53", "2018-03-31": "$0.02", "2017-12-31": "$2.62", "2017-09-30": "$3.88", "2017-06-30": "$4.26", "2017-03-31": "$4.71", "2016-12-31": "$2.08", "2016-09-30": "$3.34", "2016-06-30": "$3.51", "2016-03-31": "$0.82", "2015-12-31": "$0.87", "2015-09-30": "$-0.35", "2015-06-30": "$-0.82", "2015-03-31": "$1.14", "2014-12-31": "$1.46", "2014-09-30": "$1.53", "2014-06-30": "$1.95", "2014-03-31": "$2.51", "2013-12-31": "$2.30", "2013-09-30": "$2.87", "2013-06-30": "$2.42", "2013-03-31": "$2.37", "2012-12-31": "$2.46", "2012-09-30": "$1.71", "2012-06-30": "$1.97", "2012-03-31": "$1.84", "2011-12-31": "$1.64", "2011-09-30": "$1.37", "2011-06-30": "$1.29", "2011-03-31": "$0.96", "2010-12-31": "$1.00", "2010-09-30": "$1.06", "2010-06-30": "$1.13", "2010-03-31": "$1.41", "2009-12-31": "$1.53", "2009-09-30": "$1.54", "2009-06-30": "$1.68", "2009-03-31": "$1.71", "2008-12-31": "$1.74", "2008-09-30": "$1.59", "2008-06-30": "$-0.07", "2008-03-31": "$1.20", "2007-12-31": "$0.13", "2007-09-30": "$-0.48", "2007-06-30": "$0.77", "2007-03-31": "$-0.87", "2006-12-31": "$-0.93"}, "net worth": {"value": "$16.42B"}, "current ratio": {"2020-09-30": "0.71", "2020-06-30": "1.37", "2020-03-31": "1.40", "2019-12-31": "0.80", "2019-09-30": "0.81", "2019-06-30": "0.90", "2019-03-31": "0.80", "2018-12-31": "0.64", "2018-09-30": "0.48", "2018-06-30": "0.51", "2018-03-31": "0.55", "2017-12-31": "1.09", "2017-09-30": "1.57", "2017-06-30": "2.27", "2017-03-31": "4.77", "2016-12-31": "2.37", "2016-09-30": "1.91", "2016-06-30": "2.19", "2016-03-31": "2.21", "2015-12-31": "2.80", "2015-09-30": "2.49", "2015-06-30": "2.49", "2015-03-31": "3.98", "2014-12-31": "2.72", "2014-09-30": "1.80", "2014-06-30": "1.46", "2014-03-31": "1.74", "2013-12-31": "2.30", "2013-09-30": "1.70", "2013-06-30": "2.19", "2013-03-31": "1.72", "2012-12-31": "2.03", "2012-09-30": "1.52", "2012-06-30": "1.33", "2012-03-31": "1.02", "2011-12-31": "0.77", "2011-09-30": "0.85", "2011-06-30": "0.77", "2011-03-31": "20.03", "2010-12-31": "9.91", "2010-09-30": "5.84", "2010-06-30": "6.01", "2010-03-31": "6.16", "2009-12-31": "6.01", "2009-09-30": "6.08", "2009-06-30": "6.03", "2009-03-31": "6.33", "2008-12-31": "5.64", "2008-09-30": "5.58", "2008-06-30": "6.06", "2008-03-31": "5.14", "2007-12-31": "5.22", "2007-09-30": "3.86", "2007-06-30": "3.53", "2007-03-31": "2.02", "2006-12-31": "1.63", "2006-09-30": "10.39", "2006-06-30": "2.37", "2006-03-31": "3.09", "2005-12-31": "3.22", "2005-09-30": "2.89", "2005-06-30": "3.14", "2005-03-31": "2.82"}, "quick ratio": {"2020-09-30": "0.00", "2020-06-30": "0.00", "2020-03-31": "0.00", "2019-12-31": "0.00", "2019-09-30": "0.00", "2019-06-30": "0.00", "2019-03-31": "0.00", "2018-12-31": "0.00", "2018-09-30": "0.00", "2018-06-30": "0.00", "2018-03-31": "0.00", "2017-12-31": "0.00", "2017-09-30": "0.00", "2017-06-30": "0.00", "2017-03-31": "0.00", "2016-12-31": "0.00", "2016-09-30": "0.00", "2016-06-30": "0.00", "2016-03-31": "0.00", "2015-12-31": "0.00", "2015-09-30": "0.00", "2015-06-30": "0.00", "2015-03-31": "0.00", "2014-12-31": "0.00", "2014-09-30": "0.00", "2014-06-30": "0.00", "2014-03-31": "0.00", "2013-12-31": "0.00", "2013-09-30": "0.00", "2013-06-30": "0.00", "2013-03-31": "0.00", "2012-12-31": "0.00", "2012-09-30": "0.00", "2012-06-30": "0.00", "2012-03-31": "0.00", "2011-12-31": "0.00", "2011-09-30": "0.00", "2011-06-30": "0.00", "2011-03-31": "0.00", "2010-12-31": "0.00", "2010-09-30": "0.00", "2010-06-30": "0.00", "2010-03-31": "0.00", "2009-12-31": "0.00", "2009-09-30": "0.00", "2009-06-30": "0.00", "2009-03-31": "0.00", "2008-12-31": "0.00", "2008-09-30": "0.00", "2008-06-30": "0.00", "2008-03-31": "0.00", "2007-12-31": "0.00", "2007-09-30": "0.00", "2007-06-30": "0.00", "2007-03-31": "0.00", "2006-12-31": "0.00", "2006-09-30": "0.00", "2006-06-30": "0.00", "2006-03-31": "0.00", "2005-12-31": "0.00", "2005-09-30": "0.00", "2005-06-30": "0.00", "2005-03-31": "0.00"}, "debt equity ratio": {"current": "0.86", "2020-09-30": "1.13", "2020-06-30": "1.13", "2020-03-31": "1.06", "2019-12-31": "1.11", "2019-09-30": "1.15", "2019-06-30": "1.07", "2019-03-31": "1.02", "2018-12-31": "0.95", "2018-09-30": "1.32", "2018-06-30": "1.48", "2018-03-31": "1.57", "2017-12-31": "1.52", "2017-09-30": "1.38", "2017-06-30": "1.34", "2017-03-31": "1.41", "2016-12-31": "1.65", "2016-09-30": "1.21", "2016-06-30": "1.18", "2016-03-31": "1.20", "2015-12-31": "1.20", "2015-09-30": "1.12", "2015-06-30": "1.12", "2015-03-31": "0.99", "2014-12-31": "0.94", "2014-09-30": "0.88", "2014-06-30": "0.84", "2014-03-31": "0.81", "2013-12-31": "0.84", "2013-09-30": "0.83", "2013-06-30": "0.86", "2013-03-31": "0.83", "2012-12-31": "0.85", "2012-09-30": "0.86", "2012-06-30": "0.84", "2012-03-31": "0.90", "2011-12-31": "0.89", "2011-09-30": "0.87", "2011-06-30": "0.90", "2011-03-31": "0.89", "2010-12-31": "0.64", "2010-09-30": "0.96", "2010-06-30": "0.95", "2010-03-31": "1.06", "2009-12-31": "1.05", "2009-09-30": "1.04", "2009-06-30": "1.04", "2009-03-31": "1.21", "2008-12-31": "1.19", "2008-09-30": "1.27", "2008-06-30": "1.54", "2008-03-31": "2.10", "2007-12-31": "2.05", "2007-09-30": "2.15", "2007-06-30": "1.46", "2007-03-31": "1.59", "2006-12-31": "2.04", "2006-09-30": "2.26", "2006-06-30": "1.77", "2006-03-31": "1.69", "2005-12-31": "1.57", "2005-09-30": "1.48", "2005-06-30": "1.24", "2005-03-31": "1.16"}, "return on equity": {"2020-09-30": "4.15%", "2020-06-30": "4.53%", "2020-03-31": "3.77%", "2019-12-31": "0.67%", "2019-09-30": "12.76%", "2019-06-30": "15.51%", "2019-03-31": "18.01%", "2018-12-31": "18.36%", "2018-09-30": "3.05%", "2018-06-30": "1.11%", "2018-03-31": "-0.14%", "2017-12-31": "6.97%", "2017-09-30": "8.82%", "2017-06-30": "9.93%", "2017-03-31": "12.37%", "2016-12-31": "7.19%", "2016-09-30": "-0.32%", "2016-06-30": "-0.68%", "2016-03-31": "-2.01%", "2015-12-31": "-5.43%", "2015-09-30": "2.21%", "2015-06-30": "3.40%", "2015-03-31": "3.86%", "2014-12-31": "8.36%", "2014-09-30": "9.26%", "2014-06-30": "9.17%", "2014-03-31": "9.16%", "2013-12-31": "8.94%", "2013-09-30": "8.48%", "2013-06-30": "8.36%", "2013-03-31": "8.47%", "2012-12-31": "8.23%", "2012-09-30": "6.68%", "2012-06-30": "6.44%", "2012-03-31": "6.74%", "2011-12-31": "5.55%", "2011-09-30": "6.54%", "2011-06-30": "5.34%", "2011-03-31": "3.95%", "2010-12-31": "4.62%", "2010-09-30": "3.23%", "2010-06-30": "2.11%", "2010-03-31": "2.38%", "2009-12-31": "1.88%", "2009-09-30": "2.09%", "2009-06-30": "5.32%", "2009-03-31": "8.14%", "2008-12-31": "8.72%", "2008-09-30": "9.50%", "2008-06-30": "15.01%", "2008-03-31": "12.07%", "2007-12-31": "14.90%", "2007-09-30": "21.14%", "2007-06-30": "17.23%", "2007-03-31": "19.92%", "2006-12-31": "21.15%", "2006-09-30": "14.03%", "2006-06-30": "11.76%", "2006-03-31": "11.85%", "2005-12-31": "10.77%"}, "return on assets": {"2020-09-30": "1.98%", "2020-06-30": "2.15%", "2020-03-31": "1.80%", "2019-12-31": "0.32%", "2019-09-30": "6.23%", "2019-06-30": "7.45%", "2019-03-31": "8.28%", "2018-12-31": "7.94%", "2018-09-30": "1.24%", "2018-06-30": "0.45%", "2018-03-31": "-0.06%", "2017-12-31": "2.89%", "2017-09-30": "3.61%", "2017-06-30": "4.18%", "2017-03-31": "5.32%", "2016-12-31": "3.16%", "2016-09-30": "-0.15%", "2016-06-30": "-0.31%", "2016-03-31": "-0.93%", "2015-12-31": "-2.57%", "2015-09-30": "1.08%", "2015-06-30": "1.72%", "2015-03-31": "2.02%", "2014-12-31": "4.48%", "2014-09-30": "5.03%", "2014-06-30": "5.01%", "2014-03-31": "4.99%", "2013-12-31": "4.86%", "2013-09-30": "4.60%", "2013-06-30": "4.52%", "2013-03-31": "4.59%", "2012-12-31": "4.42%", "2012-09-30": "3.57%", "2012-06-30": "3.43%", "2012-03-31": "3.56%", "2011-12-31": "2.94%", "2011-09-30": "3.57%", "2011-06-30": "2.90%", "2011-03-31": "2.14%", "2010-12-31": "2.46%", "2010-09-30": "1.61%", "2010-06-30": "1.05%", "2010-03-31": "1.16%", "2009-12-31": "0.91%", "2009-09-30": "0.99%", "2009-06-30": "2.44%", "2009-03-31": "3.54%", "2008-12-31": "3.51%", "2008-09-30": "3.51%", "2008-06-30": "5.11%", "2008-03-31": "4.09%", "2007-12-31": "5.27%", "2007-09-30": "7.52%", "2007-06-30": "6.25%", "2007-03-31": "6.95%", "2006-12-31": "7.13%", "2006-09-30": "4.97%", "2006-06-30": "4.48%", "2006-03-31": "4.75%", "2005-12-31": "4.56%"}, "return on investments": {"2020-09-30": "0.00%", "2020-06-30": "0.03%", "2020-03-31": "-0.20%", "2019-12-31": "1.02%", "2019-09-30": "1.95%", "2019-06-30": "2.41%", "2019-03-31": "3.22%", "2018-12-31": "3.38%", "2018-09-30": "2.69%", "2018-06-30": "2.72%", "2018-03-31": "2.55%", "2017-12-31": "2.81%", "2017-09-30": "3.99%", "2017-06-30": "3.82%", "2017-03-31": "4.01%", "2016-12-31": "3.71%", "2016-09-30": "3.67%", "2016-06-30": "4.08%", "2016-03-31": "4.31%", "2015-12-31": "2.81%", "2015-09-30": "0.41%", "2015-06-30": "0.86%", "2015-03-31": "1.15%", "2014-12-31": "3.51%", "2014-09-30": "6.69%", "2014-06-30": "6.61%", "2014-03-31": "6.57%", "2013-12-31": "6.52%", "2013-09-30": "6.40%", "2013-06-30": "6.34%", "2013-03-31": "6.46%", "2012-12-31": "6.49%", "2012-09-30": "5.79%", "2012-06-30": "5.74%", "2012-03-31": "5.93%", "2011-12-31": "5.27%", "2011-09-30": "5.83%", "2011-06-30": "5.65%", "2011-03-31": "5.01%", "2010-12-31": "5.47%", "2010-09-30": "4.95%", "2010-06-30": "3.75%", "2010-03-31": "3.64%", "2009-12-31": "3.41%", "2009-09-30": "4.52%", "2009-06-30": "5.46%", "2009-03-31": "5.12%", "2008-12-31": "4.81%", "2008-09-30": "4.19%", "2008-06-30": "4.07%", "2008-03-31": "4.30%", "2007-12-31": "4.56%", "2007-09-30": "3.39%", "2007-06-30": "3.59%", "2007-03-31": "3.71%", "2006-12-31": "4.14%", "2006-09-30": "4.92%", "2006-06-30": "5.53%", "2006-03-31": "5.88%", "2005-12-31": "6.04%"}, "return on tangible equity": {"2020-09-30": "4.44%", "2020-06-30": "4.82%", "2020-03-31": "3.98%", "2019-12-31": "0.70%", "2019-09-30": "13.37%", "2019-06-30": "16.29%", "2019-03-31": "18.94%", "2018-12-31": "19.46%", "2018-09-30": "3.26%", "2018-06-30": "1.19%", "2018-03-31": "-0.15%", "2017-12-31": "7.49%", "2017-09-30": "9.50%", "2017-06-30": "10.64%", "2017-03-31": "13.21%", "2016-12-31": "7.66%", "2016-09-30": "-0.34%", "2016-06-30": "-0.72%", "2016-03-31": "-2.13%", "2015-12-31": "-5.73%", "2015-09-30": "2.32%", "2015-06-30": "3.57%", "2015-03-31": "4.03%", "2014-12-31": "8.74%", "2014-09-30": "9.68%", "2014-06-30": "9.59%", "2014-03-31": "9.60%", "2013-12-31": "9.38%", "2013-09-30": "8.92%", "2013-06-30": "8.77%", "2013-03-31": "8.86%", "2012-12-31": "8.58%", "2012-09-30": "6.95%", "2012-06-30": "6.70%", "2012-03-31": "7.02%", "2011-12-31": "5.79%", "2011-09-30": "6.82%", "2011-06-30": "5.58%", "2011-03-31": "4.14%", "2010-12-31": "4.87%", "2010-09-30": "3.43%", "2010-06-30": "2.26%", "2010-03-31": "2.55%", "2009-12-31": "2.04%", "2009-09-30": "2.27%", "2009-06-30": "5.84%", "2009-03-31": "9.06%", "2008-12-31": "9.85%", "2008-09-30": "10.91%", "2008-06-30": "17.58%", "2008-03-31": "14.05%", "2007-12-31": "17.20%", "2007-09-30": "24.15%", "2007-06-30": "19.15%", "2007-03-31": "22.03%", "2006-12-31": "22.83%", "2006-09-30": "14.57%", "2006-06-30": "12.14%", "2006-03-31": "12.13%", "2005-12-31": "10.96%"}, "dividend yield history": {"last payout": "$1.48", "last yield": "4.85%"}}