{"ticker": "HTA", "price": {"title": "Healthcare Trust Of America Historical Annual Stock Price Data", "value": 28.81, "historical": {"2020": {"Average Stock Price": "27.0953", "Year Open": "29.3700", "Year High": "34.1400", "Year Low": "20.8900", "Year Close": "27.5400", "Annual % Change": "-9.05%"}, "2019": {"Average Stock Price": "28.4596", "Year Open": "24.7300", "Year High": "31.1400", "Year Low": "24.7300", "Year Close": "30.2800", "Annual % Change": "19.64%"}, "2018": {"Average Stock Price": "26.5264", "Year Open": "29.7000", "Year High": "29.8300", "Year Low": "24.3200", "Year Close": "25.3100", "Annual % Change": "-15.75%"}, "2017": {"Average Stock Price": "30.6255", "Year Open": "28.9100", "Year High": "32.9200", "Year Low": "28.6900", "Year Close": "30.0400", "Annual % Change": "3.19%"}, "2016": {"Average Stock Price": "30.1212", "Year Open": "26.5400", "Year High": "34.6400", "Year Low": "26.3000", "Year Close": "29.1100", "Annual % Change": "7.93%"}, "2015": {"Average Stock Price": "26.0193", "Year Open": "27.3800", "Year High": "29.9400", "Year Low": "22.6900", "Year Close": "26.9700", "Annual % Change": "0.11%"}, "2014": {"Average Stock Price": "23.8210", "Year Open": "19.6600", "Year High": "27.4000", "Year Low": "19.6600", "Year Close": "26.9400", "Annual % Change": "36.89%"}, "2013": {"Average Stock Price": "22.2309", "Year Open": "20.0600", "Year High": "26.5600", "Year Low": "19.4600", "Year Close": "19.6800", "Annual % Change": "-0.61%"}, "2012": {"Average Stock Price": "19.7184", "Year Open": "19.8400", "Year High": "21.7800", "Year Low": "18.2800", "Year Close": "19.8000", "Annual % Change": "0.00%"}}}, "market cap": {"value": "$6.3B"}, "income statement": {"Revenue": {"2019-12-31": "692.04000", "2018-12-31": "696.42600", "2017-12-31": "613.99000", "2016-12-31": "460.92800", "2015-12-31": "403.82200", "2014-12-31": "371.50500", "2013-12-31": "321.60100", "2012-12-31": "299.64400", "2011-12-31": "272.17700", "2010-12-31": "203.08100", "2009-12-31": "129.48000", "2008-12-31": "80.41000", "2007-12-31": "17.62000"}, "Cost Of Goods Sold": {"2019-12-31": "211.47900", "2018-12-31": "220.61700", "2017-12-31": "192.14700", "2016-12-31": "143.75100", "2015-12-31": "123.39000", "2014-12-31": "113.50800", "2013-12-31": "97.31600", "2012-12-31": "95.30700", "2011-12-31": "88.48300", "2010-12-31": "65.66200", "2009-12-31": "45.02000", "2008-12-31": "28.17000", "2007-12-31": "6.03000"}, "Gross Profit": {"2019-12-31": "480.56100", "2018-12-31": "475.80900", "2017-12-31": "421.84300", "2016-12-31": "317.17700", "2015-12-31": "280.43200", "2014-12-31": "257.99700", "2013-12-31": "224.28500", "2012-12-31": "204.33700", "2011-12-31": "183.69400", "2010-12-31": "137.41900", "2009-12-31": "84.46000", "2008-12-31": "52.24000", "2007-12-31": "11.59000"}, "Research And Development Expenses": {"2019-12-31": "", "2018-12-31": "", "2017-12-31": "", "2016-12-31": "", "2015-12-31": "", "2014-12-31": "", "2013-12-31": "", "2012-12-31": "", "2011-12-31": "", "2010-12-31": "", "2009-12-31": "", "2008-12-31": "", "2007-12-31": ""}, "SG&A Expenses": {"2019-12-31": "41.36000", "2018-12-31": "35.19600", "2017-12-31": "33.40300", "2016-12-31": "28.77300", "2015-12-31": "25.57800", "2014-12-31": "24.94700", "2013-12-31": "24.44800", "2012-12-31": "21.74100", "2011-12-31": "20.87900", "2010-12-31": "16.00800", "2009-12-31": "16.06000", "2008-12-31": "9.56000", "2007-12-31": "3.29000"}, "Other Operating Income Or Expenses": {"2019-12-31": "-2.35000", "2018-12-31": "-9.89000", "2017-12-31": "-19.80700", "2016-12-31": "-9.61800", "2015-12-31": "-2.58100", "2014-12-31": "", "2013-12-31": "-4.40500", "2012-12-31": "-26.91300", "2011-12-31": "-7.81600", "2010-12-31": "-10.03000", "2009-12-31": "0.00000", "2008-12-31": "0.00000", "2007-12-31": "0.00000"}, "Operating Expenses": {"2019-12-31": "545.57300", "2018-12-31": "545.33300", "2017-12-31": "490.34300", "2016-12-31": "359.00800", "2015-12-31": "310.23800", "2014-12-31": "288.43200", "2013-12-31": "255.33900", "2012-12-31": "269.22200", "2011-12-31": "225.85900", "2010-12-31": "181.57800", "2009-12-31": "114.67000", "2008-12-31": "75.12000", "2007-12-31": "19.11000"}, "Operating Income": {"2019-12-31": "146.46700", "2018-12-31": "151.09300", "2017-12-31": "123.64700", "2016-12-31": "101.92000", "2015-12-31": "93.58400", "2014-12-31": "83.07300", "2013-12-31": "66.26200", "2012-12-31": "30.42200", "2011-12-31": "46.31800", "2010-12-31": "21.50300", "2009-12-31": "14.81000", "2008-12-31": "5.29000", "2007-12-31": "-1.49000"}, "Total Non-Operating Income/Expense": {"2019-12-31": "-115.70900", "2018-12-31": "66.53300", "2017-12-31": "-58.07000", "2016-12-31": "-54.57500", "2015-12-31": "-60.02700", "2014-12-31": "-37.07900", "2013-12-31": "-41.57800", "2012-12-31": "-54.79000", "2011-12-31": "-41.14500", "2010-12-31": "-29.42200", "2009-12-31": "-39.56000", "2008-12-31": "-33.69000", "2007-12-31": "-6.17000"}, "Pre-Tax Income": {"2019-12-31": "30.75800", "2018-12-31": "217.62600", "2017-12-31": "65.57700", "2016-12-31": "47.34500", "2015-12-31": "33.55700", "2014-12-31": "45.99400", "2013-12-31": "24.68400", "2012-12-31": "-24.36800", "2011-12-31": "5.17300", "2010-12-31": "-7.91900", "2009-12-31": "-24.77000", "2008-12-31": "-28.40000", "2007-12-31": "-7.67000"}, "Income Taxes": {"2019-12-31": "", "2018-12-31": "", "2017-12-31": "", "2016-12-31": "", "2015-12-31": "", "2014-12-31": "", "2013-12-31": "", "2012-12-31": "", "2011-12-31": "", "2010-12-31": "", "2009-12-31": "0.00000", "2008-12-31": "0.00000", "2007-12-31": "0.00000"}, "Income After Taxes": {"2019-12-31": "30.75800", "2018-12-31": "217.62600", "2017-12-31": "65.57700", "2016-12-31": "47.34500", "2015-12-31": "33.55700", "2014-12-31": "45.99400", "2013-12-31": "24.68400", "2012-12-31": "-24.36800", "2011-12-31": "5.17300", "2010-12-31": "-7.91900", "2009-12-31": "-24.77000", "2008-12-31": "-28.40000", "2007-12-31": "-7.67000"}, "Other Income": {"2019-12-31": "", "2018-12-31": "", "2017-12-31": "", "2016-12-31": "", "2015-12-31": "", "2014-12-31": "", "2013-12-31": "", "2012-12-31": "", "2011-12-31": "", "2010-12-31": "", "2009-12-31": "0.00000", "2008-12-31": "0.00000", "2007-12-31": "0.00000"}, "Income From Continuous Operations": {"2019-12-31": "30.75800", "2018-12-31": "217.62600", "2017-12-31": "65.57700", "2016-12-31": "47.34500", "2015-12-31": "33.55700", "2014-12-31": "45.99400", "2013-12-31": "24.68400", "2012-12-31": "-24.36800", "2011-12-31": "5.17300", "2010-12-31": "-7.91900", "2009-12-31": "-24.77000", "2008-12-31": "-28.40000", "2007-12-31": "-7.66200"}, "Income From Discontinued Operations": {"2019-12-31": "", "2018-12-31": "", "2017-12-31": "", "2016-12-31": "", "2015-12-31": "", "2014-12-31": "", "2013-12-31": "", "2012-12-31": "", "2011-12-31": "0.42000", "2010-12-31": "", "2009-12-31": "0.00000", "2008-12-31": "0.00000", "2007-12-31": "0.00000"}, "Net Income": {"2019-12-31": "30.15400", "2018-12-31": "213.46300", "2017-12-31": "63.91600", "2016-12-31": "45.91200", "2015-12-31": "32.93100", "2014-12-31": "45.37100", "2013-12-31": "24.26100", "2012-12-31": "-24.42400", "2011-12-31": "5.54100", "2010-12-31": "-7.90300", "2009-12-31": "-24.77000", "2008-12-31": "-28.40000", "2007-12-31": "-7.66000"}, "EBITDA": {"2019-12-31": "427.43600", "2018-12-31": "422.53400", "2017-12-31": "362.69100", "2016-12-31": "277.20500", "2015-12-31": "245.19800", "2014-12-31": "220.26100", "2013-12-31": "186.16600", "2012-12-31": "144.99700", "2011-12-31": "150.36300", "2010-12-31": "94.18100", "2009-12-31": "63.61000", "2008-12-31": "40.90000", "2007-12-31": "7.97000"}, "EBIT": {"2019-12-31": "146.46700", "2018-12-31": "151.09300", "2017-12-31": "123.64700", "2016-12-31": "101.92000", "2015-12-31": "93.58400", "2014-12-31": "83.07300", "2013-12-31": "66.26200", "2012-12-31": "30.42200", "2011-12-31": "46.31800", "2010-12-31": "21.50300", "2009-12-31": "14.81000", "2008-12-31": "5.29000", "2007-12-31": "-1.49000"}, "Basic Shares Outstanding": {"2019-12-31": "205.72000", "2018-12-31": "206.06500", "2017-12-31": "181.06400", "2016-12-31": "136.62000", "2015-12-31": "126.07400", "2014-12-31": "119.90400", "2013-12-31": "114.03800", "2012-12-31": "111.35700", "2011-12-31": "111.95000", "2010-12-31": "82.97650", "2009-12-31": "", "2008-12-31": "", "2007-12-31": ""}, "Shares Outstanding": {"2019-12-31": "209.60500", "2018-12-31": "210.06100", "2017-12-31": "185.27800", "2016-12-31": "140.25900", "2015-12-31": "128.00400", "2014-12-31": "121.16800", "2013-12-31": "114.97000", "2012-12-31": "111.35700", "2011-12-31": "112.19600", "2010-12-31": "82.97650", "2009-12-31": "", "2008-12-31": "", "2007-12-31": ""}, "Basic EPS": {"2019-12-31": "0.15000", "2018-12-31": "1.04000", "2017-12-31": "0.35000", "2016-12-31": "0.34000", "2015-12-31": "0.26000", "2014-12-31": "0.38000", "2013-12-31": "0.21000", "2012-12-31": "-0.22000", "2011-12-31": "0.04000", "2010-12-31": "-0.10000", "2009-12-31": "", "2008-12-31": "", "2007-12-31": ""}, "EPS - Earnings Per Share": {"2019-12-31": "0.14000", "2018-12-31": "1.02000", "2017-12-31": "0.34000", "2016-12-31": "0.33000", "2015-12-31": "0.26000", "2014-12-31": "0.37000", "2013-12-31": "0.21000", "2012-12-31": "-0.22000", "2011-12-31": "0.04000", "2010-12-31": "-0.10000", "2009-12-31": "0.00000", "2008-12-31": "0.00000", "2007-12-31": "0.00000"}}, "income statement, quarterly": {"Revenue": {"2020-09-30": "187.32600", "2020-06-30": "178.84500", "2020-03-31": "185.77600", "2019-12-31": "176.31300", "2019-09-30": "175.00400", "2019-06-30": "171.75700", "2019-03-31": "168.96600", "2018-12-31": "172.29800", "2018-09-30": "175.13500", "2018-06-30": "173.33200", "2018-03-31": "175.66100", "2017-12-31": "173.77000", "2017-09-30": "175.99400", "2017-06-30": "139.87900", "2017-03-31": "124.34700", "2016-12-31": "122.03900", "2016-09-30": "118.34000", "2016-06-30": "113.23400", "2016-03-31": "107.31500", "2015-12-31": "102.04900", "2015-09-30": "103.94200", "2015-06-30": "99.31100", "2015-03-31": "98.52000", "2014-12-31": "94.99600", "2014-09-30": "95.53400", "2014-06-30": "89.67100", "2014-03-31": "91.30400", "2013-12-31": "84.13200", "2013-09-30": "82.98400", "2013-06-30": "77.62400", "2013-03-31": "76.86100", "2012-12-31": "75.73900", "2012-09-30": "77.53200", "2012-06-30": "75.69700", "2012-03-31": "70.67600", "2011-12-31": "65.53200", "2011-09-30": "69.94000", "2011-06-30": "68.07400", "2011-03-31": "70.89200", "2010-12-31": "57.50400", "2010-09-30": "52.49000", "2010-06-30": "47.32000", "2010-03-31": "45.75000", "2009-12-31": "37.46000", "2009-09-30": "31.74000", "2009-06-30": "30.47000", "2009-03-31": "29.81000", "2008-12-31": "27.11000", "2008-09-30": "23.92000", "2008-06-30": "16.27000", "2008-03-31": "13.11000", "2007-12-31": "8.92000", "2007-09-30": "4.78000", "2007-06-30": "3.18000", "2007-03-31": "0.74000"}, "Cost Of Goods Sold": {"2020-09-30": "57.24800", "2020-06-30": "56.20000", "2020-03-31": "56.86200", "2019-12-31": "53.26600", "2019-09-30": "53.80700", "2019-06-30": "52.93800", "2019-03-31": "51.46800", "2018-12-31": "55.25300", "2018-09-30": "55.78900", "2018-06-30": "53.55300", "2018-03-31": "56.02200", "2017-12-31": "53.27300", "2017-09-30": "56.33100", "2017-06-30": "43.52300", "2017-03-31": "39.02000", "2016-12-31": "38.45200", "2016-09-30": "36.88500", "2016-06-30": "35.06100", "2016-03-31": "33.35300", "2015-12-31": "30.53500", "2015-09-30": "32.92100", "2015-06-30": "29.23700", "2015-03-31": "30.69700", "2014-12-31": "28.32900", "2014-09-30": "28.52600", "2014-06-30": "27.06400", "2014-03-31": "29.58900", "2013-12-31": "24.88100", "2013-09-30": "25.83700", "2013-06-30": "22.62900", "2013-03-31": "23.96900", "2012-12-31": "22.26800", "2012-09-30": "25.74400", "2012-06-30": "24.66700", "2012-03-31": "22.62800", "2011-12-31": "40.04800", "2011-09-30": "22.88300", "2011-06-30": "21.72400", "2011-03-31": "23.85800", "2010-12-31": "17.08000", "2010-09-30": "17.83000", "2010-06-30": "15.67000", "2010-03-31": "15.08000", "2009-12-31": "12.17000", "2009-09-30": "10.49000", "2009-06-30": "10.56000", "2009-03-31": "11.80000", "2008-12-31": "9.57000", "2008-09-30": "8.70000", "2008-06-30": "5.44000", "2008-03-31": "4.46000", "2007-12-31": "2.98000", "2007-09-30": "1.56000", "2007-06-30": "1.20000", "2007-03-31": "0.29000"}, "Gross Profit": {"2020-09-30": "130.07800", "2020-06-30": "122.64500", "2020-03-31": "128.91400", "2019-12-31": "123.04700", "2019-09-30": "121.19700", "2019-06-30": "118.81900", "2019-03-31": "117.49800", "2018-12-31": "117.04500", "2018-09-30": "119.34600", "2018-06-30": "119.77900", "2018-03-31": "119.63900", "2017-12-31": "120.49700", "2017-09-30": "119.66300", "2017-06-30": "96.35600", "2017-03-31": "85.32700", "2016-12-31": "83.58700", "2016-09-30": "81.45500", "2016-06-30": "78.17300", "2016-03-31": "73.96200", "2015-12-31": "71.51400", "2015-09-30": "71.02100", "2015-06-30": "70.07400", "2015-03-31": "67.82300", "2014-12-31": "66.66700", "2014-09-30": "67.00800", "2014-06-30": "62.60700", "2014-03-31": "61.71500", "2013-12-31": "59.25100", "2013-09-30": "57.14700", "2013-06-30": "54.99500", "2013-03-31": "52.89200", "2012-12-31": "53.47100", "2012-09-30": "51.78800", "2012-06-30": "51.03000", "2012-03-31": "48.04800", "2011-12-31": "25.48400", "2011-09-30": "47.05700", "2011-06-30": "46.35000", "2011-03-31": "47.03400", "2010-12-31": "40.42400", "2010-09-30": "34.66000", "2010-06-30": "31.65000", "2010-03-31": "30.67000", "2009-12-31": "25.29000", "2009-09-30": "21.25000", "2009-06-30": "19.91000", "2009-03-31": "18.01000", "2008-12-31": "17.54000", "2008-09-30": "15.22000", "2008-06-30": "10.83000", "2008-03-31": "8.65000", "2007-12-31": "5.94000", "2007-09-30": "3.22000", "2007-06-30": "1.98000", "2007-03-31": "0.45000"}, "Research And Development Expenses": {"2020-09-30": "", "2020-06-30": "", "2020-03-31": "", "2019-12-31": "", "2019-09-30": "", "2019-06-30": "", "2019-03-31": "", "2018-12-31": "", "2018-09-30": "", "2018-06-30": "", "2018-03-31": "", "2017-12-31": "", "2017-09-30": "", "2017-06-30": "", "2017-03-31": "", "2016-12-31": "", "2016-09-30": "", "2016-06-30": "", "2016-03-31": "", "2015-12-31": "", "2015-09-30": "", "2015-06-30": "", "2015-03-31": "", "2014-12-31": "", "2014-09-30": "", "2014-06-30": "", "2014-03-31": "", "2013-12-31": "", "2013-09-30": "", "2013-06-30": "", "2013-03-31": "", "2012-12-31": "", "2012-09-30": "", "2012-06-30": "", "2012-03-31": "", "2011-12-31": "", "2011-09-30": "", "2011-06-30": "", "2011-03-31": "", "2010-12-31": "", "2010-09-30": "", "2010-06-30": "", "2010-03-31": "", "2009-12-31": "", "2009-09-30": "", "2009-06-30": "", "2009-03-31": "", "2008-12-31": "", "2008-09-30": "", "2008-06-30": "", "2008-03-31": "", "2007-12-31": "", "2007-09-30": "", "2007-06-30": "", "2007-03-31": ""}, "SG&A Expenses": {"2020-09-30": "10.67000", "2020-06-30": "10.16000", "2020-03-31": "11.51800", "2019-12-31": "10.20300", "2019-09-30": "9.78800", "2019-06-30": "10.07900", "2019-03-31": "11.29000", "2018-12-31": "8.91500", "2018-09-30": "8.77000", "2018-06-30": "8.72500", "2018-03-31": "8.78600", "2017-12-31": "8.22500", "2017-09-30": "8.28300", "2017-06-30": "8.47200", "2017-03-31": "8.42300", "2016-12-31": "7.89400", "2016-09-30": "7.29300", "2016-06-30": "6.81300", "2016-03-31": "6.77300", "2015-12-31": "6.34900", "2015-09-30": "6.43000", "2015-06-30": "6.22400", "2015-03-31": "6.57500", "2014-12-31": "6.81000", "2014-09-30": "5.93500", "2014-06-30": "5.90300", "2014-03-31": "6.29900", "2013-12-31": "5.80300", "2013-09-30": "5.98000", "2013-06-30": "6.21700", "2013-03-31": "6.44800", "2012-12-31": "5.66200", "2012-09-30": "5.16400", "2012-06-30": "4.90800", "2012-03-31": "6.00700", "2011-12-31": "6.78000", "2011-09-30": "5.45100", "2011-06-30": "5.33100", "2011-03-31": "7.30800", "2010-12-31": "25.60000", "2010-09-30": "5.09000", "2010-06-30": "3.48000", "2010-03-31": "3.18000", "2009-12-31": "-5.88000", "2009-09-30": "11.09000", "2009-06-30": "5.78000", "2009-03-31": "5.07000", "2008-12-31": "2.78000", "2008-09-30": "2.75000", "2008-06-30": "2.19000", "2008-03-31": "1.84000", "2007-12-31": "1.35000", "2007-09-30": "0.93000", "2007-06-30": "0.65000", "2007-03-31": "0.36000"}, "Other Operating Income Or Expenses": {"2020-09-30": "-0.12500", "2020-06-30": "-0.03200", "2020-03-31": "-0.14000", "2019-12-31": "-1.49200", "2019-09-30": "-0.52200", "2019-06-30": "-0.29600", "2019-03-31": "-0.04000", "2018-12-31": "-0.07000", "2018-09-30": "-4.62700", "2018-06-30": "-0.39600", "2018-03-31": "-4.79700", "2017-12-31": "-9.09600", "2017-09-30": "-0.26100", "2017-06-30": "-10.16600", "2017-03-31": "-0.28400", "2016-12-31": "-4.62100", "2016-09-30": "-1.12200", "2016-06-30": "-2.06200", "2016-03-31": "-1.81300", "2015-12-31": "-0.92600", "2015-09-30": "0.00000", "2015-06-30": "-1.65500", "2015-03-31": "", "2014-12-31": "", "2014-09-30": "0.00000", "2014-06-30": "", "2014-03-31": "", "2013-12-31": "", "2013-09-30": "", "2013-06-30": "0.00000", "2013-03-31": "-4.40500", "2012-12-31": "-5.42100", "2012-09-30": "-5.10100", "2012-06-30": "-14.24800", "2012-03-31": "-2.14300", "2011-12-31": "", "2011-09-30": "-2.70900", "2011-06-30": "-1.42400", "2011-03-31": "", "2010-12-31": "0.00000", "2010-09-30": "0.00000", "2010-06-30": "0.00000", "2010-03-31": "0.00000", "2009-12-31": "0.00000", "2009-09-30": "0.00000", "2009-06-30": "0.00000", "2009-03-31": "0.00000", "2008-12-31": "0.00000", "2008-09-30": "0.00000", "2008-06-30": "0.00000", "2008-03-31": "0.00000", "2007-12-31": "0.00000", "2007-09-30": "0.00000", "2007-06-30": "0.00000", "2007-03-31": "0.00000"}, "Operating Expenses": {"2020-09-30": "143.93500", "2020-06-30": "141.31900", "2020-03-31": "146.18500", "2019-12-31": "143.61500", "2019-09-30": "137.93700", "2019-06-30": "131.74200", "2019-03-31": "132.27900", "2018-12-31": "133.80400", "2018-09-30": "139.75400", "2018-06-30": "131.77800", "2018-03-31": "139.99700", "2017-12-31": "142.68000", "2017-09-30": "135.36600", "2017-06-30": "117.51400", "2017-03-31": "94.78300", "2016-12-31": "97.40300", "2016-09-30": "93.16400", "2016-06-30": "88.67400", "2016-03-31": "79.76700", "2015-12-31": "77.95500", "2015-09-30": "80.77600", "2015-06-30": "76.28300", "2015-03-31": "75.22400", "2014-12-31": "72.12300", "2014-09-30": "73.06500", "2014-06-30": "71.43800", "2014-03-31": "71.80600", "2013-12-31": "69.04300", "2013-09-30": "62.80100", "2013-06-30": "59.08700", "2013-03-31": "64.40800", "2012-12-31": "64.88900", "2012-09-30": "66.57800", "2012-06-30": "77.52800", "2012-03-31": "60.22700", "2011-12-31": "52.55000", "2011-09-30": "58.80700", "2011-06-30": "55.54100", "2011-03-31": "58.97800", "2010-12-31": "65.48000", "2010-09-30": "42.77000", "2010-06-30": "37.75000", "2010-03-31": "35.57000", "2009-12-31": "20.67000", "2009-09-30": "34.86000", "2009-06-30": "28.98000", "2009-03-31": "30.16000", "2008-12-31": "24.85000", "2008-09-30": "22.66000", "2008-06-30": "15.06000", "2008-03-31": "12.55000", "2007-12-31": "8.88000", "2007-09-30": "5.53000", "2007-06-30": "3.71000", "2007-03-31": "0.99000"}, "Operating Income": {"2020-09-30": "43.39100", "2020-06-30": "37.52600", "2020-03-31": "39.59100", "2019-12-31": "32.69800", "2019-09-30": "37.06700", "2019-06-30": "40.01500", "2019-03-31": "36.68700", "2018-12-31": "38.49400", "2018-09-30": "35.38100", "2018-06-30": "41.55400", "2018-03-31": "35.66400", "2017-12-31": "31.09000", "2017-09-30": "40.62800", "2017-06-30": "22.36500", "2017-03-31": "29.56400", "2016-12-31": "24.63600", "2016-09-30": "25.17600", "2016-06-30": "24.56000", "2016-03-31": "27.54800", "2015-12-31": "24.09400", "2015-09-30": "23.16600", "2015-06-30": "23.02800", "2015-03-31": "23.29600", "2014-12-31": "22.87300", "2014-09-30": "22.46900", "2014-06-30": "18.23300", "2014-03-31": "19.49800", "2013-12-31": "15.08900", "2013-09-30": "20.18300", "2013-06-30": "18.53700", "2013-03-31": "12.45300", "2012-12-31": "10.85000", "2012-09-30": "10.95400", "2012-06-30": "-1.83100", "2012-03-31": "10.44900", "2011-12-31": "12.98200", "2011-09-30": "11.13300", "2011-06-30": "12.53300", "2011-03-31": "11.91400", "2010-12-31": "-7.97600", "2010-09-30": "9.72000", "2010-06-30": "9.57000", "2010-03-31": "10.18000", "2009-12-31": "16.79000", "2009-09-30": "-3.12000", "2009-06-30": "1.49000", "2009-03-31": "-0.35000", "2008-12-31": "2.26000", "2008-09-30": "1.26000", "2008-06-30": "1.21000", "2008-03-31": "0.56000", "2007-12-31": "0.04000", "2007-09-30": "-0.75000", "2007-06-30": "-0.53000", "2007-03-31": "-0.25000"}, "Total Non-Operating Income/Expense": {"2020-09-30": "-50.32300", "2020-06-30": "-23.80100", "2020-03-31": "-21.38300", "2019-12-31": "-23.66200", "2019-09-30": "-45.64400", "2019-06-30": "-23.41700", "2019-03-31": "-22.98600", "2018-12-31": "-22.88900", "2018-09-30": "140.96700", "2018-06-30": "-25.89700", "2018-03-31": "-25.64800", "2017-12-31": "12.38200", "2017-09-30": "-26.67100", "2017-06-30": "-28.21700", "2017-03-31": "-15.56400", "2016-12-31": "-7.48200", "2016-09-30": "-18.53700", "2016-06-30": "-11.04400", "2016-03-31": "-17.51200", "2015-12-31": "-13.52100", "2015-09-30": "-16.61200", "2015-06-30": "-13.54000", "2015-03-31": "-16.35400", "2014-12-31": "-1.41600", "2014-09-30": "-6.24900", "2014-06-30": "-15.35000", "2014-03-31": "-14.06400", "2013-12-31": "-11.02700", "2013-09-30": "-15.17800", "2013-06-30": "-4.30400", "2013-03-31": "-11.06900", "2012-12-31": "-12.25600", "2012-09-30": "-14.02800", "2012-06-30": "-17.62700", "2012-03-31": "-10.87900", "2011-12-31": "-9.14000", "2011-09-30": "-10.89900", "2011-06-30": "-11.37100", "2011-03-31": "-9.72400", "2010-12-31": "-0.78000", "2010-09-30": "-8.70000", "2010-06-30": "-9.31000", "2010-03-31": "-10.64000", "2009-12-31": "-21.14000", "2009-09-30": "-6.95000", "2009-06-30": "-5.02000", "2009-03-31": "-6.45000", "2008-12-31": "-18.91000", "2008-09-30": "-6.87000", "2008-06-30": "-0.68000", "2008-03-31": "-7.23000", "2007-12-31": "-4.07100", "2007-09-30": "-1.17000", "2007-06-30": "-0.66000", "2007-03-31": "-0.26900"}, "Pre-Tax Income": {"2020-09-30": "-6.93200", "2020-06-30": "13.72500", "2020-03-31": "18.20800", "2019-12-31": "9.03600", "2019-09-30": "-8.57700", "2019-06-30": "16.59800", "2019-03-31": "13.70100", "2018-12-31": "15.60500", "2018-09-30": "176.34800", "2018-06-30": "15.65700", "2018-03-31": "10.01600", "2017-12-31": "43.47200", "2017-09-30": "13.95700", "2017-06-30": "-5.85200", "2017-03-31": "14.00000", "2016-12-31": "17.15400", "2016-09-30": "6.63900", "2016-06-30": "13.51600", "2016-03-31": "10.03600", "2015-12-31": "10.57300", "2015-09-30": "6.55400", "2015-06-30": "9.48800", "2015-03-31": "6.94200", "2014-12-31": "21.45700", "2014-09-30": "16.22000", "2014-06-30": "2.88300", "2014-03-31": "5.43400", "2013-12-31": "4.06200", "2013-09-30": "5.00500", "2013-06-30": "14.23300", "2013-03-31": "1.38400", "2012-12-31": "-1.40600", "2012-09-30": "-3.07400", "2012-06-30": "-19.45800", "2012-03-31": "-0.43000", "2011-12-31": "1.60000", "2011-09-30": "0.23400", "2011-06-30": "1.16200", "2011-03-31": "2.19000", "2010-12-31": "-8.67000", "2010-09-30": "1.00000", "2010-06-30": "0.24000", "2010-03-31": "-0.48000", "2009-12-31": "-4.37000", "2009-09-30": "-10.07000", "2009-06-30": "-3.53000", "2009-03-31": "-6.80000", "2008-12-31": "-16.60000", "2008-09-30": "-5.63000", "2008-06-30": "0.51000", "2008-03-31": "-6.68000", "2007-12-31": "-4.01000", "2007-09-30": "-1.93000", "2007-06-30": "-1.20000", "2007-03-31": "-0.53000"}, "Income Taxes": {"2020-09-30": "", "2020-06-30": "", "2020-03-31": "", "2019-12-31": "", "2019-09-30": "", "2019-06-30": "", "2019-03-31": "", "2018-12-31": "", "2018-09-30": "", "2018-06-30": "", "2018-03-31": "", "2017-12-31": "", "2017-09-30": "", "2017-06-30": "", "2017-03-31": "", "2016-12-31": "", "2016-09-30": "", "2016-06-30": "", "2016-03-31": "", "2015-12-31": "", "2015-09-30": "", "2015-06-30": "", "2015-03-31": "", "2014-12-31": "", "2014-09-30": "", "2014-06-30": "", "2014-03-31": "", "2013-12-31": "", "2013-09-30": "", "2013-06-30": "", "2013-03-31": "", "2012-12-31": "", "2012-09-30": "", "2012-06-30": "", "2012-03-31": "", "2011-12-31": "0.00000", "2011-09-30": "", "2011-06-30": "", "2011-03-31": "", "2010-12-31": "0.00000", "2010-09-30": "0.00000", "2010-06-30": "0.00000", "2010-03-31": "0.00000", "2009-12-31": "0.00000", "2009-09-30": "0.00000", "2009-06-30": "0.00000", "2009-03-31": "0.00000", "2008-12-31": "0.00000", "2008-09-30": "0.00000", "2008-06-30": "0.00000", "2008-03-31": "0.00000", "2007-12-31": "0.00000", "2007-09-30": "0.00000", "2007-06-30": "0.00000", "2007-03-31": "0.00000"}, "Income After Taxes": {"2020-09-30": "-6.93200", "2020-06-30": "13.72500", "2020-03-31": "18.20800", "2019-12-31": "9.03600", "2019-09-30": "-8.57700", "2019-06-30": "16.59800", "2019-03-31": "13.70100", "2018-12-31": "15.60500", "2018-09-30": "176.34800", "2018-06-30": "15.65700", "2018-03-31": "10.01600", "2017-12-31": "43.47200", "2017-09-30": "13.95700", "2017-06-30": "-5.85200", "2017-03-31": "14.00000", "2016-12-31": "17.15400", "2016-09-30": "6.63900", "2016-06-30": "13.51600", "2016-03-31": "10.03600", "2015-12-31": "10.57300", "2015-09-30": "6.55400", "2015-06-30": "9.48800", "2015-03-31": "6.94200", "2014-12-31": "21.45700", "2014-09-30": "16.22000", "2014-06-30": "2.88300", "2014-03-31": "5.43400", "2013-12-31": "4.06200", "2013-09-30": "5.00500", "2013-06-30": "14.23300", "2013-03-31": "1.38400", "2012-12-31": "-1.40600", "2012-09-30": "-3.07400", "2012-06-30": "-19.45800", "2012-03-31": "-0.43000", "2011-12-31": "1.60000", "2011-09-30": "0.23400", "2011-06-30": "1.16200", "2011-03-31": "2.19000", "2010-12-31": "-8.67000", "2010-09-30": "1.00000", "2010-06-30": "0.24000", "2010-03-31": "-0.48000", "2009-12-31": "-4.37000", "2009-09-30": "-10.07000", "2009-06-30": "-3.53000", "2009-03-31": "-6.80000", "2008-12-31": "-16.60000", "2008-09-30": "-5.63000", "2008-06-30": "0.51000", "2008-03-31": "-6.68000", "2007-12-31": "-4.01000", "2007-09-30": "-1.93000", "2007-06-30": "-1.20000", "2007-03-31": "-0.53000"}, "Other Income": {"2020-09-30": "", "2020-06-30": "", "2020-03-31": "", "2019-12-31": "", "2019-09-30": "", "2019-06-30": "", "2019-03-31": "", "2018-12-31": "", "2018-09-30": "", "2018-06-30": "", "2018-03-31": "", "2017-12-31": "", "2017-09-30": "", "2017-06-30": "", "2017-03-31": "", "2016-12-31": "", "2016-09-30": "", "2016-06-30": "", "2016-03-31": "", "2015-12-31": "", "2015-09-30": "", "2015-06-30": "", "2015-03-31": "", "2014-12-31": "", "2014-09-30": "", "2014-06-30": "", "2014-03-31": "", "2013-12-31": "", "2013-09-30": "", "2013-06-30": "", "2013-03-31": "", "2012-12-31": "", "2012-09-30": "", "2012-06-30": "", "2012-03-31": "", "2011-12-31": "0.00000", "2011-09-30": "", "2011-06-30": "", "2011-03-31": "", "2010-12-31": "0.00000", "2010-09-30": "0.00000", "2010-06-30": "0.00000", "2010-03-31": "0.00000", "2009-12-31": "0.00000", "2009-09-30": "0.00000", "2009-06-30": "0.00000", "2009-03-31": "0.00000", "2008-12-31": "0.00000", "2008-09-30": "0.00000", "2008-06-30": "0.00000", "2008-03-31": "0.00000", "2007-12-31": "0.00000", "2007-09-30": "0.00000", "2007-06-30": "0.00000", "2007-03-31": "0.00000"}, "Income From Continuous Operations": {"2020-09-30": "-6.93200", "2020-06-30": "13.72500", "2020-03-31": "18.20800", "2019-12-31": "9.03600", "2019-09-30": "-8.57700", "2019-06-30": "16.59800", "2019-03-31": "13.70100", "2018-12-31": "15.60500", "2018-09-30": "176.34800", "2018-06-30": "15.65700", "2018-03-31": "10.01600", "2017-12-31": "43.47200", "2017-09-30": "13.95700", "2017-06-30": "-5.85200", "2017-03-31": "14.00000", "2016-12-31": "17.15400", "2016-09-30": "6.63900", "2016-06-30": "13.51600", "2016-03-31": "10.03600", "2015-12-31": "10.57300", "2015-09-30": "6.55400", "2015-06-30": "9.48800", "2015-03-31": "6.94200", "2014-12-31": "21.45700", "2014-09-30": "16.22000", "2014-06-30": "2.88300", "2014-03-31": "5.43400", "2013-12-31": "4.06200", "2013-09-30": "5.00500", "2013-06-30": "14.23300", "2013-03-31": "1.38400", "2012-12-31": "-1.40600", "2012-09-30": "-3.07400", "2012-06-30": "-19.45800", "2012-03-31": "-0.43000", "2011-12-31": "1.99500", "2011-09-30": "0.23400", "2011-06-30": "1.16200", "2011-03-31": "2.19000", "2010-12-31": "-8.73400", "2010-09-30": "1.00000", "2010-06-30": "0.24000", "2010-03-31": "-0.48000", "2009-12-31": "-4.37000", "2009-09-30": "-10.07000", "2009-06-30": "-3.53000", "2009-03-31": "-6.80000", "2008-12-31": "-16.43000", "2008-09-30": "-5.68000", "2008-06-30": "0.32000", "2008-03-31": "-6.61000", "2007-12-31": "-4.00000", "2007-09-30": "-1.93000", "2007-06-30": "-1.20000", "2007-03-31": "-0.53000"}, "Income From Discontinued Operations": {"2020-09-30": "", "2020-06-30": "", "2020-03-31": "", "2019-12-31": "", "2019-09-30": "", "2019-06-30": "", "2019-03-31": "", "2018-12-31": "", "2018-09-30": "", "2018-06-30": "", "2018-03-31": "", "2017-12-31": "", "2017-09-30": "", "2017-06-30": "", "2017-03-31": "", "2016-12-31": "", "2016-09-30": "", "2016-06-30": "", "2016-03-31": "", "2015-12-31": "", "2015-09-30": "", "2015-06-30": "", "2015-03-31": "", "2014-12-31": "", "2014-09-30": "", "2014-06-30": "", "2014-03-31": "", "2013-12-31": "", "2013-09-30": "", "2013-06-30": "", "2013-03-31": "", "2012-12-31": "", "2012-09-30": "0.14300", "2012-06-30": "0.14400", "2012-03-31": "0.12300", "2011-12-31": "0.00000", "2011-09-30": "", "2011-06-30": "", "2011-03-31": "", "2010-12-31": "0.00000", "2010-09-30": "0.00000", "2010-06-30": "0.00000", "2010-03-31": "0.00000", "2009-12-31": "0.00000", "2009-09-30": "0.00000", "2009-06-30": "0.00000", "2009-03-31": "0.00000", "2008-12-31": "0.00000", "2008-09-30": "0.00000", "2008-06-30": "0.00000", "2008-03-31": "0.00000", "2007-12-31": "0.00000", "2007-09-30": "0.00000", "2007-06-30": "0.00000", "2007-03-31": "0.00000"}, "Net Income": {"2020-09-30": "-6.82700", "2020-06-30": "13.48900", "2020-03-31": "17.90100", "2019-12-31": "8.91800", "2019-09-30": "-8.46300", "2019-06-30": "16.25900", "2019-03-31": "13.44000", "2018-12-31": "15.32900", "2018-09-30": "172.98600", "2018-06-30": "15.34600", "2018-03-31": "9.80200", "2017-12-31": "42.52600", "2017-09-30": "13.76300", "2017-06-30": "-5.91800", "2017-03-31": "13.54500", "2016-12-31": "16.55100", "2016-09-30": "6.42700", "2016-06-30": "13.07400", "2016-03-31": "9.86000", "2015-12-31": "10.37200", "2015-09-30": "6.46300", "2015-06-30": "9.29200", "2015-03-31": "6.80400", "2014-12-31": "21.19200", "2014-09-30": "16.03200", "2014-06-30": "2.85500", "2014-03-31": "5.29200", "2013-12-31": "4.06200", "2013-09-30": "4.82300", "2013-06-30": "14.02500", "2013-03-31": "1.35100", "2012-12-31": "-1.83500", "2012-09-30": "-2.95200", "2012-06-30": "-19.32200", "2012-03-31": "-0.31500", "2011-12-31": "1.99500", "2011-09-30": "0.22500", "2011-06-30": "1.17100", "2011-03-31": "2.15000", "2010-12-31": "-8.73400", "2010-09-30": "1.00000", "2010-06-30": "0.24000", "2010-03-31": "-0.48000", "2009-12-31": "-4.37000", "2009-09-30": "-10.07000", "2009-06-30": "-3.53000", "2009-03-31": "-6.80000", "2008-12-31": "-16.43000", "2008-09-30": "-5.68000", "2008-06-30": "0.32000", "2008-03-31": "-6.61000", "2007-12-31": "-4.00000", "2007-09-30": "-1.93000", "2007-06-30": "-1.20000", "2007-03-31": "-0.53000"}, "EBITDA": {"2020-09-30": "43.39100", "2020-06-30": "109.30100", "2020-03-31": "112.54000", "2019-12-31": "32.69800", "2019-09-30": "37.06700", "2019-06-30": "106.41800", "2019-03-31": "103.21500", "2018-12-31": "106.38500", "2018-09-30": "103.75400", "2018-06-30": "108.42800", "2018-03-31": "103.96700", "2017-12-31": "101.07700", "2017-09-30": "109.14900", "2017-06-30": "76.68800", "2017-03-31": "75.77700", "2016-12-31": "71.19300", "2016-09-30": "72.54200", "2016-06-30": "68.83100", "2016-03-31": "64.63900", "2015-12-31": "62.99700", "2015-09-30": "62.97200", "2015-06-30": "60.14500", "2015-03-31": "59.08400", "2014-12-31": "58.89300", "2014-09-30": "56.64700", "2014-06-30": "51.11200", "2014-03-31": "53.60900", "2013-12-31": "48.33900", "2013-09-30": "49.26000", "2013-06-30": "47.55000", "2013-03-31": "41.01700", "2012-12-31": "39.48400", "2012-09-30": "39.92900", "2012-06-30": "28.41900", "2012-03-31": "37.16500", "2011-12-31": "40.59000", "2011-09-30": "36.49200", "2011-06-30": "39.60800", "2011-03-31": "35.91200", "2010-12-31": "13.58400", "2010-09-30": "28.28000", "2010-06-30": "22.24000", "2010-03-31": "30.06000", "2009-12-31": "29.51000", "2009-09-30": "8.85000", "2009-06-30": "13.20000", "2009-03-31": "12.05000", "2008-12-31": "14.27000", "2008-09-30": "12.07000", "2008-06-30": "8.13000", "2008-03-31": "6.43000", "2007-12-31": "3.97000", "2007-09-30": "2.46000", "2007-06-30": "1.44000", "2007-03-31": "0.10000"}, "EBIT": {"2020-09-30": "43.39100", "2020-06-30": "37.52600", "2020-03-31": "39.59100", "2019-12-31": "32.69800", "2019-09-30": "37.06700", "2019-06-30": "40.01500", "2019-03-31": "36.68700", "2018-12-31": "38.49400", "2018-09-30": "35.38100", "2018-06-30": "41.55400", "2018-03-31": "35.66400", "2017-12-31": "31.09000", "2017-09-30": "40.62800", "2017-06-30": "22.36500", "2017-03-31": "29.56400", "2016-12-31": "24.63600", "2016-09-30": "25.17600", "2016-06-30": "24.56000", "2016-03-31": "27.54800", "2015-12-31": "24.09400", "2015-09-30": "23.16600", "2015-06-30": "23.02800", "2015-03-31": "23.29600", "2014-12-31": "22.87300", "2014-09-30": "22.46900", "2014-06-30": "18.23300", "2014-03-31": "19.49800", "2013-12-31": "15.08900", "2013-09-30": "20.18300", "2013-06-30": "18.53700", "2013-03-31": "12.45300", "2012-12-31": "10.85000", "2012-09-30": "10.95400", "2012-06-30": "-1.83100", "2012-03-31": "10.44900", "2011-12-31": "12.98200", "2011-09-30": "11.13300", "2011-06-30": "12.53300", "2011-03-31": "11.91400", "2010-12-31": "-7.97600", "2010-09-30": "9.72000", "2010-06-30": "9.57000", "2010-03-31": "10.18000", "2009-12-31": "16.79000", "2009-09-30": "-3.12000", "2009-06-30": "1.49000", "2009-03-31": "-0.35000", "2008-12-31": "2.26000", "2008-09-30": "1.26000", "2008-06-30": "1.21000", "2008-03-31": "0.56000", "2007-12-31": "0.04000", "2007-09-30": "-0.75000", "2007-06-30": "-0.53000", "2007-03-31": "-0.25000"}, "Basic Shares Outstanding": {"2020-09-30": "218.54900", "2020-06-30": "218.48300", "2020-03-31": "216.69200", "2019-12-31": "205.72000", "2019-09-30": "205.27700", "2019-06-30": "205.10800", "2019-03-31": "205.08000", "2018-12-31": "206.06500", "2018-09-30": "207.51300", "2018-06-30": "205.24100", "2018-03-31": "205.06900", "2017-12-31": "181.06400", "2017-09-30": "200.67400", "2017-06-30": "176.46400", "2017-03-31": "141.78000", "2016-12-31": "136.62000", "2016-09-30": "138.80700", "2016-06-30": "136.52800", "2016-03-31": "129.33600", "2015-12-31": "126.07400", "2015-09-30": "126.86300", "2015-06-30": "125.19400", "2015-03-31": "125.17500", "2014-12-31": "119.90400", "2014-09-30": "119.48400", "2014-06-30": "119.01200", "2014-03-31": "118.64400", "2013-12-31": "114.03800", "2013-09-30": "116.25700", "2013-06-30": "112.80500", "2013-03-31": "108.55150", "2012-12-31": "111.35700", "2012-09-30": "109.13200", "2012-06-30": "114.71800", "2012-03-31": "114.44050", "2011-12-31": "113.91200", "2011-09-30": "114.69550", "2011-06-30": "114.17050", "2011-03-31": "107.39850", "2010-12-31": "95.79200", "2010-09-30": "", "2010-06-30": "", "2010-03-31": "", "2009-12-31": "", "2009-09-30": "", "2009-06-30": "", "2009-03-31": "", "2008-12-31": "", "2008-09-30": "", "2008-06-30": "", "2008-03-31": "", "2007-12-31": "", "2007-09-30": "", "2007-06-30": "", "2007-03-31": ""}, "Shares Outstanding": {"2020-09-30": "218.54900", "2020-06-30": "222.08800", "2020-03-31": "220.62300", "2019-12-31": "209.60500", "2019-09-30": "205.27700", "2019-06-30": "209.00500", "2019-03-31": "208.99900", "2018-12-31": "210.06100", "2018-09-30": "211.44400", "2018-06-30": "209.25900", "2018-03-31": "209.17700", "2017-12-31": "185.27800", "2017-09-30": "204.79500", "2017-06-30": "176.46400", "2017-03-31": "146.11700", "2016-12-31": "140.25900", "2016-09-30": "143.13800", "2016-06-30": "140.51200", "2016-03-31": "131.24000", "2015-12-31": "128.00400", "2015-09-30": "128.79300", "2015-06-30": "127.12400", "2015-03-31": "127.10500", "2014-12-31": "121.16800", "2014-09-30": "120.71600", "2014-06-30": "120.27500", "2014-03-31": "119.91200", "2013-12-31": "114.97000", "2013-09-30": "117.51150", "2013-06-30": "113.89000", "2013-03-31": "109.45200", "2012-12-31": "111.35700", "2012-09-30": "109.13200", "2012-06-30": "114.71800", "2012-03-31": "114.44050", "2011-12-31": "114.15900", "2011-09-30": "114.78400", "2011-06-30": "114.40050", "2011-03-31": "107.49850", "2010-12-31": "95.79200", "2010-09-30": "", "2010-06-30": "", "2010-03-31": "", "2009-12-31": "", "2009-09-30": "", "2009-06-30": "", "2009-03-31": "", "2008-12-31": "", "2008-09-30": "", "2008-06-30": "", "2008-03-31": "", "2007-12-31": "", "2007-09-30": "", "2007-06-30": "", "2007-03-31": ""}, "Basic EPS": {"2020-09-30": "-0.03000", "2020-06-30": "0.06000", "2020-03-31": "0.08000", "2019-12-31": "0.04000", "2019-09-30": "-0.04000", "2019-06-30": "0.08000", "2019-03-31": "0.07000", "2018-12-31": "0.09000", "2018-09-30": "0.83000", "2018-06-30": "0.07000", "2018-03-31": "0.05000", "2017-12-31": "0.21000", "2017-09-30": "0.07000", "2017-06-30": "-0.03000", "2017-03-31": "0.10000", "2016-12-31": "0.12000", "2016-09-30": "0.04000", "2016-06-30": "0.10000", "2016-03-31": "0.08000", "2015-12-31": "0.09000", "2015-09-30": "0.05000", "2015-06-30": "0.07000", "2015-03-31": "0.05000", "2014-12-31": "0.19000", "2014-09-30": "0.13000", "2014-06-30": "0.02000", "2014-03-31": "0.04000", "2013-12-31": "0.03000", "2013-09-30": "0.04000", "2013-06-30": "0.12000", "2013-03-31": "0.02000", "2012-12-31": "-0.04000", "2012-09-30": "-0.02000", "2012-06-30": "-0.16000", "2012-03-31": "0.00000", "2011-12-31": "0.02000", "2011-09-30": "0.00000", "2011-06-30": "0.02000", "2011-03-31": "0.02000", "2010-12-31": "-0.10000", "2010-09-30": "", "2010-06-30": "", "2010-03-31": "", "2009-12-31": "", "2009-09-30": "", "2009-06-30": "", "2009-03-31": "", "2008-12-31": "", "2008-09-30": "", "2008-06-30": "", "2008-03-31": "", "2007-12-31": "", "2007-09-30": "", "2007-06-30": "", "2007-03-31": ""}, "EPS - Earnings Per Share": {"2020-09-30": "-0.03000", "2020-06-30": "0.06000", "2020-03-31": "0.08000", "2019-12-31": "0.04000", "2019-09-30": "-0.04000", "2019-06-30": "0.08000", "2019-03-31": "0.06000", "2018-12-31": "0.08000", "2018-09-30": "0.82000", "2018-06-30": "0.07000", "2018-03-31": "0.05000", "2017-12-31": "0.21000", "2017-09-30": "0.07000", "2017-06-30": "-0.03000", "2017-03-31": "0.09000", "2016-12-31": "0.12000", "2016-09-30": "0.04000", "2016-06-30": "0.09000", "2016-03-31": "0.08000", "2015-12-31": "0.09000", "2015-09-30": "0.05000", "2015-06-30": "0.07000", "2015-03-31": "0.05000", "2014-12-31": "0.18000", "2014-09-30": "0.13000", "2014-06-30": "0.02000", "2014-03-31": "0.04000", "2013-12-31": "0.03000", "2013-09-30": "0.04000", "2013-06-30": "0.12000", "2013-03-31": "0.02000", "2012-12-31": "-0.04000", "2012-09-30": "-0.02000", "2012-06-30": "-0.16000", "2012-03-31": "0.00000", "2011-12-31": "0.02000", "2011-09-30": "0.00000", "2011-06-30": "0.02000", "2011-03-31": "0.02000", "2010-12-31": "-0.10000", "2010-09-30": "0.00000", "2010-06-30": "0.00000", "2010-03-31": "0.00000", "2009-12-31": "0.00000", "2009-09-30": "0.00000", "2009-06-30": "0.00000", "2009-03-31": "0.00000", "2008-12-31": "0.00000", "2008-09-30": "0.00000", "2008-06-30": "0.00000", "2008-03-31": "0.00000", "2007-12-31": "0.00000", "2007-09-30": "0.00000", "2007-06-30": "0.00000", "2007-03-31": "0.00000"}}, "balance sheet": {"Cash On Hand": {"2019-12-31": "37.61600", "2018-12-31": "133.53000", "2017-12-31": "118.56000", "2016-12-31": "25.04500", "2015-12-31": "28.96200", "2014-12-31": "31.21200", "2013-12-31": "36.19500", "2012-12-31": "33.57900", "2011-12-31": "86.20900", "2010-12-31": "55.94000", "2009-12-31": "233.06000", "2008-12-31": "136.07000", "2007-12-31": "10.07000"}, "Receivables": {"2019-12-31": "", "2018-12-31": "", "2017-12-31": "207.85700", "2016-12-31": "173.46100", "2015-12-31": "141.70300", "2014-12-31": "133.84000", "2013-12-31": "110.28500", "2012-12-31": "84.97000", "2011-12-31": "12.65800", "2010-12-31": "16.38000", "2009-12-31": "10.82000", "2008-12-31": "5.42000", "2007-12-31": "1.23000"}, "Inventory": {"2019-12-31": "", "2018-12-31": "", "2017-12-31": "", "2016-12-31": "", "2015-12-31": "", "2014-12-31": "", "2013-12-31": "", "2012-12-31": "", "2011-12-31": "", "2010-12-31": "", "2009-12-31": "", "2008-12-31": "", "2007-12-31": ""}, "Pre-Paid Expenses": {"2019-12-31": "", "2018-12-31": "", "2017-12-31": "", "2016-12-31": "", "2015-12-31": "", "2014-12-31": "", "2013-12-31": "", "2012-12-31": "", "2011-12-31": "", "2010-12-31": "", "2009-12-31": "", "2008-12-31": "", "2007-12-31": ""}, "Other Current Assets": {"2019-12-31": "", "2018-12-31": "", "2017-12-31": "", "2016-12-31": "", "2015-12-31": "", "2014-12-31": "", "2013-12-31": "", "2012-12-31": "", "2011-12-31": "", "2010-12-31": "", "2009-12-31": "", "2008-12-31": "", "2007-12-31": ""}, "Total Current Assets": {"2019-12-31": "37.61600", "2018-12-31": "133.53000", "2017-12-31": "326.41700", "2016-12-31": "198.50600", "2015-12-31": "170.66500", "2014-12-31": "165.05200", "2013-12-31": "175.00000", "2012-12-31": "138.54900", "2011-12-31": "156.32600", "2010-12-31": "129.41000", "2009-12-31": "298.64000", "2008-12-31": "156.85000", "2007-12-31": "11.30000"}, "Property, Plant, And Equipment": {"2019-12-31": "6045.80100", "2018-12-31": "5665.62100", "2017-12-31": "5947.87400", "2016-12-31": "3503.02000", "2015-12-31": "2959.46800", "2014-12-31": "2822.84400", "2013-12-31": "2526.99100", "2012-12-31": "2231.53000", "2011-12-31": "1806.47100", "2010-12-31": "", "2009-12-31": "", "2008-12-31": "", "2007-12-31": ""}, "Long-Term Investments": {"2019-12-31": "", "2018-12-31": "", "2017-12-31": "", "2016-12-31": "", "2015-12-31": "", "2014-12-31": "", "2013-12-31": "", "2012-12-31": "", "2011-12-31": "", "2010-12-31": "", "2009-12-31": "", "2008-12-31": "", "2007-12-31": ""}, "Goodwill And Intangible Assets": {"2019-12-31": "12.55300", "2018-12-31": "98.73800", "2017-12-31": "106.71400", "2016-12-31": "46.31800", "2015-12-31": "42.16700", "2014-12-31": "43.48800", "2013-12-31": "50.34300", "2012-12-31": "44.01100", "2011-12-31": "272.39000", "2010-12-31": "300.58000", "2009-12-31": "203.22000", "2008-12-31": "134.62000", "2007-12-31": "62.92000"}, "Other Long-Term Assets": {"2019-12-31": "302.91200", "2018-12-31": "290.58700", "2017-12-31": "68.57700", "2016-12-31": "", "2015-12-31": "", "2014-12-31": "", "2013-12-31": "", "2012-12-31": "", "2011-12-31": "56.44200", "2010-12-31": "1841.78000", "2009-12-31": "1171.65000", "2008-12-31": "822.43000", "2007-12-31": "357.38000"}, "Total Long-Term Assets": {"2019-12-31": "6361.26600", "2018-12-31": "6054.94600", "2017-12-31": "6123.16500", "2016-12-31": "3549.33800", "2015-12-31": "3001.63500", "2014-12-31": "2866.33200", "2013-12-31": "2577.33400", "2012-12-31": "2275.54100", "2011-12-31": "2135.30300", "2010-12-31": "2142.36000", "2009-12-31": "1374.87000", "2008-12-31": "957.05000", "2007-12-31": "420.30000"}, "Total Assets": {"2019-12-31": "6638.74900", "2018-12-31": "6188.47600", "2017-12-31": "6449.58200", "2016-12-31": "3747.84400", "2015-12-31": "3172.30000", "2014-12-31": "3031.38400", "2013-12-31": "2752.33400", "2012-12-31": "2414.09000", "2011-12-31": "2291.62900", "2010-12-31": "2271.79000", "2009-12-31": "1673.53000", "2008-12-31": "1113.92000", "2007-12-31": "431.61000"}, "Total Current Liabilities": {"2019-12-31": "171.69800", "2018-12-31": "185.07300", "2017-12-31": "167.85200", "2016-12-31": "105.03400", "2015-12-31": "94.93300", "2014-12-31": "101.04200", "2013-12-31": "82.89300", "2012-12-31": "63.44300", "2011-12-31": "47.80100", "2010-12-31": "50.03000", "2009-12-31": "30.47000", "2008-12-31": "21.91000", "2007-12-31": "7.98000"}, "Long Term Debt": {"2019-12-31": "2749.77500", "2018-12-31": "2541.23200", "2017-12-31": "2781.03100", "2016-12-31": "1768.90500", "2015-12-31": "1590.69600", "2014-12-31": "1402.19500", "2013-12-31": "1214.24100", "2012-12-31": "1037.35900", "2011-12-31": "639.14900", "2010-12-31": "", "2009-12-31": "", "2008-12-31": "", "2007-12-31": "51.80000"}, "Other Non-Current Liabilities": {"2019-12-31": "87.98200", "2018-12-31": "120.71300", "2017-12-31": "130.51400", "2016-12-31": "88.83500", "2015-12-31": "75.27600", "2014-12-31": "48.00000", "2013-12-31": "52.18900", "2012-12-31": "45.12900", "2011-12-31": "33.55400", "2010-12-31": "31.12000", "2009-12-31": "28.16000", "2008-12-31": "29.96000", "2007-12-31": "7.34000"}, "Total Long Term Liabilities": {"2019-12-31": "2837.75700", "2018-12-31": "2668.48900", "2017-12-31": "2918.28200", "2016-12-31": "1862.39300", "2015-12-31": "1670.40900", "2014-12-31": "1453.92100", "2013-12-31": "1269.69200", "2012-12-31": "1086.05200", "2011-12-31": "676.48800", "2010-12-31": "31.12000", "2009-12-31": "28.16000", "2008-12-31": "29.96000", "2007-12-31": "59.14000"}, "Total Liabilities": {"2019-12-31": "3208.10500", "2018-12-31": "2853.56200", "2017-12-31": "3086.13400", "2016-12-31": "1967.42700", "2015-12-31": "1765.34200", "2014-12-31": "1554.96300", "2013-12-31": "1352.58500", "2012-12-31": "1149.49500", "2011-12-31": "724.28900", "2010-12-31": "780.68000", "2009-12-31": "598.66000", "2008-12-31": "512.65000", "2007-12-31": "252.93000"}, "Common Stock Net": {"2019-12-31": "2.16500", "2018-12-31": "2.05300", "2017-12-31": "2.04900", "2016-12-31": "1.41700", "2015-12-31": "1.27000", "2014-12-31": "1.25100", "2013-12-31": "1.18400", "2012-12-31": "2.14700", "2011-12-31": "2.28400", "2010-12-31": "2.02000", "2009-12-31": "1.40000", "2008-12-31": "0.75000", "2007-12-31": "0.21000"}, "Retained Earnings (Accumulated Deficit)": {"2019-12-31": "-1502.74400", "2018-12-31": "-1272.30500", "2017-12-31": "-1232.06900", "2016-12-31": "-1068.96100", "2015-12-31": "-950.65200", "2014-12-31": "-836.04400", "2013-12-31": "-742.06000", "2012-12-31": "-633.71700", "2011-12-31": "-467.24900", "2010-12-31": "-310.19000", "2009-12-31": "-182.08000", "2008-12-31": "-74.78000", "2007-12-31": "-15.15000"}, "Comprehensive Income": {"2019-12-31": "4.54600", "2018-12-31": "0.30700", "2017-12-31": "0.27400", "2016-12-31": "", "2015-12-31": "", "2014-12-31": "", "2013-12-31": "", "2012-12-31": "", "2011-12-31": "", "2010-12-31": "", "2009-12-31": "", "2008-12-31": "", "2007-12-31": ""}, "Other Share Holders Equity": {"2019-12-31": "", "2018-12-31": "", "2017-12-31": "", "2016-12-31": "", "2015-12-31": "", "2014-12-31": "", "2013-12-31": "", "2012-12-31": "", "2011-12-31": "", "2010-12-31": "3.86000", "2009-12-31": "3.54000", "2008-12-31": "1.95000", "2007-12-31": "3.09000"}, "Share Holder Equity": {"2019-12-31": "3430.64400", "2018-12-31": "3334.91400", "2017-12-31": "3363.44800", "2016-12-31": "1780.41700", "2015-12-31": "1406.95800", "2014-12-31": "1476.42100", "2013-12-31": "1399.74900", "2012-12-31": "1264.59500", "2011-12-31": "1567.34000", "2010-12-31": "1491.11000", "2009-12-31": "1074.86000", "2008-12-31": "601.27000", "2007-12-31": "178.68000"}, "Total Liabilities And Share Holders Equity": {"2019-12-31": "6638.74900", "2018-12-31": "6188.47600", "2017-12-31": "6449.58200", "2016-12-31": "3747.84400", "2015-12-31": "3172.30000", "2014-12-31": "3031.38400", "2013-12-31": "2752.33400", "2012-12-31": "2414.09000", "2011-12-31": "2291.62900", "2010-12-31": "2271.79000", "2009-12-31": "1673.53000", "2008-12-31": "1113.92000", "2007-12-31": "431.61000"}}, "balance sheet, quarterly": {"Cash On Hand": {"2020-09-30": "231.24600", "2020-06-30": "80.00000", "2020-03-31": "221.47200", "2019-12-31": "37.61600", "2019-09-30": "17.81600", "2019-06-30": "29.14400", "2019-03-31": "68.47500", "2018-12-31": "133.53000", "2018-09-30": "240.15700", "2018-06-30": "39.60500", "2018-03-31": "68.93800", "2017-12-31": "118.56000", "2017-09-30": "26.87900", "2017-06-30": "124.62000", "2017-03-31": "24.07700", "2016-12-31": "25.04500", "2016-09-30": "31.62700", "2016-06-30": "24.41600", "2016-03-31": "30.51400", "2015-12-31": "28.96200", "2015-09-30": "28.86000", "2015-06-30": "32.82600", "2015-03-31": "34.63700", "2014-12-31": "31.21200", "2014-09-30": "49.74400", "2014-06-30": "152.06900", "2014-03-31": "45.86900", "2013-12-31": "36.19500", "2013-09-30": "102.24900", "2013-06-30": "139.13900", "2013-03-31": "138.43700", "2012-12-31": "33.57900", "2012-09-30": "25.97300", "2012-06-30": "40.62600", "2012-03-31": "53.04700", "2011-12-31": "86.20900", "2011-09-30": "140.24000", "2011-06-30": "169.39000", "2011-03-31": "232.77000", "2010-12-31": "55.94000", "2010-09-30": "245.59000", "2010-06-30": "210.02000", "2010-03-31": "159.46000", "2009-12-31": "233.06000", "2009-09-30": "337.10000", "2009-06-30": "398.93000", "2009-03-31": "263.18000", "2008-12-31": "136.07000", "2008-09-30": "43.08000", "2008-06-30": "19.46000", "2008-03-31": "13.36000", "2007-12-31": "10.07000", "2007-09-30": "9.38000", "2007-06-30": "14.10000", "2007-03-31": "6.42000"}, "Receivables": {"2020-09-30": "239.64100", "2020-06-30": "234.45600", "2020-03-31": "", "2019-12-31": "237.02400", "2019-09-30": "230.16300", "2019-06-30": "", "2019-03-31": "", "2018-12-31": "", "2018-09-30": "213.48200", "2018-06-30": "215.25000", "2018-03-31": "203.68600", "2017-12-31": "207.85700", "2017-09-30": "206.03000", "2017-06-30": "175.34000", "2017-03-31": "179.71900", "2016-12-31": "173.46100", "2016-09-30": "160.83700", "2016-06-30": "145.85100", "2016-03-31": "143.01200", "2015-12-31": "141.70300", "2015-09-30": "148.44700", "2015-06-30": "148.34300", "2015-03-31": "143.80800", "2014-12-31": "133.84000", "2014-09-30": "141.56100", "2014-06-30": "114.45900", "2014-03-31": "112.59100", "2013-12-31": "110.28500", "2013-09-30": "104.99600", "2013-06-30": "97.28900", "2013-03-31": "93.13400", "2012-12-31": "84.97000", "2012-09-30": "14.22000", "2012-06-30": "11.29700", "2012-03-31": "12.38800", "2011-12-31": "12.65800", "2011-09-30": "14.83000", "2011-06-30": "13.19000", "2011-03-31": "15.22000", "2010-12-31": "16.38000", "2010-09-30": "12.59000", "2010-06-30": "11.25000", "2010-03-31": "10.80000", "2009-12-31": "10.82000", "2009-09-30": "8.09000", "2009-06-30": "6.93000", "2009-03-31": "7.06000", "2008-12-31": "5.42000", "2008-09-30": "5.61000", "2008-06-30": "4.66000", "2008-03-31": "2.51000", "2007-12-31": "1.23000", "2007-09-30": "1.41000", "2007-06-30": "0.68000", "2007-03-31": "0.22000"}, "Inventory": {"2020-09-30": "", "2020-06-30": "", "2020-03-31": "", "2019-12-31": "", "2019-09-30": "", "2019-06-30": "", "2019-03-31": "", "2018-12-31": "", "2018-09-30": "", "2018-06-30": "", "2018-03-31": "", "2017-12-31": "", "2017-09-30": "", "2017-06-30": "", "2017-03-31": "", "2016-12-31": "", "2016-09-30": "", "2016-06-30": "", "2016-03-31": "", "2015-12-31": "", "2015-09-30": "", "2015-06-30": "", "2015-03-31": "", "2014-12-31": "", "2014-09-30": "", "2014-06-30": "", "2014-03-31": "", "2013-12-31": "", "2013-09-30": "", "2013-06-30": "", "2013-03-31": "", "2012-12-31": "", "2012-09-30": "", "2012-06-30": "", "2012-03-31": "", "2011-12-31": "", "2011-09-30": "", "2011-06-30": "", "2011-03-31": "", "2010-12-31": "", "2010-09-30": "", "2010-06-30": "", "2010-03-31": "", "2009-12-31": "", "2009-09-30": "", "2009-06-30": "", "2009-03-31": "", "2008-12-31": "", "2008-09-30": "", "2008-06-30": "", "2008-03-31": "", "2007-12-31": "", "2007-09-30": "", "2007-06-30": "", "2007-03-31": ""}, "Pre-Paid Expenses": {"2020-09-30": "", "2020-06-30": "", "2020-03-31": "", "2019-12-31": "", "2019-09-30": "", "2019-06-30": "", "2019-03-31": "", "2018-12-31": "", "2018-09-30": "", "2018-06-30": "", "2018-03-31": "", "2017-12-31": "", "2017-09-30": "", "2017-06-30": "", "2017-03-31": "", "2016-12-31": "", "2016-09-30": "", "2016-06-30": "", "2016-03-31": "", "2015-12-31": "", "2015-09-30": "", "2015-06-30": "", "2015-03-31": "", "2014-12-31": "", "2014-09-30": "", "2014-06-30": "", "2014-03-31": "", "2013-12-31": "", "2013-09-30": "", "2013-06-30": "", "2013-03-31": "", "2012-12-31": "", "2012-09-30": "", "2012-06-30": "", "2012-03-31": "", "2011-12-31": "", "2011-09-30": "", "2011-06-30": "", "2011-03-31": "", "2010-12-31": "", "2010-09-30": "", "2010-06-30": "", "2010-03-31": "", "2009-12-31": "", "2009-09-30": "", "2009-06-30": "", "2009-03-31": "", "2008-12-31": "", "2008-09-30": "", "2008-06-30": "", "2008-03-31": "", "2007-12-31": "", "2007-09-30": "", "2007-06-30": "", "2007-03-31": ""}, "Other Current Assets": {"2020-09-30": "", "2020-06-30": "", "2020-03-31": "", "2019-12-31": "", "2019-09-30": "", "2019-06-30": "", "2019-03-31": "", "2018-12-31": "", "2018-09-30": "", "2018-06-30": "", "2018-03-31": "", "2017-12-31": "", "2017-09-30": "", "2017-06-30": "", "2017-03-31": "", "2016-12-31": "", "2016-09-30": "", "2016-06-30": "", "2016-03-31": "", "2015-12-31": "", "2015-09-30": "", "2015-06-30": "", "2015-03-31": "", "2014-12-31": "", "2014-09-30": "", "2014-06-30": "", "2014-03-31": "", "2013-12-31": "", "2013-09-30": "", "2013-06-30": "", "2013-03-31": "", "2012-12-31": "", "2012-09-30": "", "2012-06-30": "", "2012-03-31": "", "2011-12-31": "", "2011-09-30": "", "2011-06-30": "", "2011-03-31": "", "2010-12-31": "", "2010-09-30": "", "2010-06-30": "", "2010-03-31": "", "2009-12-31": "", "2009-09-30": "", "2009-06-30": "", "2009-03-31": "", "2008-12-31": "", "2008-09-30": "", "2008-06-30": "", "2008-03-31": "", "2007-12-31": "", "2007-09-30": "", "2007-06-30": "", "2007-03-31": ""}, "Total Current Assets": {"2020-09-30": "470.88700", "2020-06-30": "314.45600", "2020-03-31": "221.47200", "2019-12-31": "274.64000", "2019-09-30": "247.97900", "2019-06-30": "254.82500", "2019-03-31": "68.47500", "2018-12-31": "133.53000", "2018-09-30": "453.63900", "2018-06-30": "254.85500", "2018-03-31": "272.62400", "2017-12-31": "326.41700", "2017-09-30": "232.90900", "2017-06-30": "299.96000", "2017-03-31": "203.79600", "2016-12-31": "198.50600", "2016-09-30": "192.46400", "2016-06-30": "170.26700", "2016-03-31": "173.52600", "2015-12-31": "170.66500", "2015-09-30": "177.30700", "2015-06-30": "181.16900", "2015-03-31": "178.44500", "2014-12-31": "165.05200", "2014-09-30": "199.82500", "2014-06-30": "280.04800", "2014-03-31": "186.98000", "2013-12-31": "175.00000", "2013-09-30": "235.76500", "2013-06-30": "256.42800", "2013-03-31": "251.57100", "2012-12-31": "138.54900", "2012-09-30": "60.19300", "2012-06-30": "71.92300", "2012-03-31": "122.86600", "2011-12-31": "156.32600", "2011-09-30": "213.92000", "2011-06-30": "240.84000", "2011-03-31": "305.66000", "2010-12-31": "129.41000", "2010-09-30": "314.68000", "2010-06-30": "277.20000", "2010-03-31": "225.59000", "2009-12-31": "298.64000", "2009-09-30": "361.78000", "2009-06-30": "421.89000", "2009-03-31": "285.92000", "2008-12-31": "156.85000", "2008-09-30": "48.69000", "2008-06-30": "24.12000", "2008-03-31": "15.87000", "2007-12-31": "11.30000", "2007-09-30": "10.79000", "2007-06-30": "14.78000", "2007-03-31": "6.64000"}, "Property, Plant, And Equipment": {"2020-09-30": "5993.57500", "2020-06-30": "6017.27200", "2020-03-31": "6051.60200", "2019-12-31": "6045.80100", "2019-09-30": "5752.47100", "2019-06-30": "5661.54700", "2019-03-31": "5629.90200", "2018-12-31": "5665.62100", "2018-09-30": "5706.97800", "2018-06-30": "5869.40500", "2018-03-31": "5913.24000", "2017-12-31": "5947.87400", "2017-09-30": "6004.28500", "2017-06-30": "5889.16100", "2017-03-31": "3503.92000", "2016-12-31": "3503.02000", "2016-09-30": "3475.69800", "2016-06-30": "3316.88500", "2016-03-31": "3093.82500", "2015-12-31": "2959.46800", "2015-09-30": "2959.08600", "2015-06-30": "2989.81700", "2015-03-31": "2825.41000", "2014-12-31": "2822.84400", "2014-09-30": "2744.61400", "2014-06-30": "2685.47200", "2014-03-31": "2498.98900", "2013-12-31": "2526.99100", "2013-09-30": "2402.95200", "2013-06-30": "2275.02900", "2013-03-31": "2294.63900", "2012-12-31": "2231.53000", "2012-09-30": "1985.67500", "2012-06-30": "2001.93200", "2012-03-31": "1973.45800", "2011-12-31": "1806.47100", "2011-09-30": "", "2011-06-30": "", "2011-03-31": "", "2010-12-31": "", "2010-09-30": "", "2010-06-30": "", "2010-03-31": "", "2009-12-31": "", "2009-09-30": "", "2009-06-30": "", "2009-03-31": "", "2008-12-31": "", "2008-09-30": "", "2008-06-30": "", "2008-03-31": "", "2007-12-31": "", "2007-09-30": "", "2007-06-30": "", "2007-03-31": ""}, "Long-Term Investments": {"2020-09-30": "", "2020-06-30": "", "2020-03-31": "", "2019-12-31": "", "2019-09-30": "", "2019-06-30": "", "2019-03-31": "", "2018-12-31": "", "2018-09-30": "", "2018-06-30": "", "2018-03-31": "", "2017-12-31": "", "2017-09-30": "", "2017-06-30": "", "2017-03-31": "", "2016-12-31": "", "2016-09-30": "", "2016-06-30": "", "2016-03-31": "", "2015-12-31": "", "2015-09-30": "", "2015-06-30": "", "2015-03-31": "", "2014-12-31": "", "2014-09-30": "", "2014-06-30": "", "2014-03-31": "", "2013-12-31": "", "2013-09-30": "", "2013-06-30": "", "2013-03-31": "", "2012-12-31": "", "2012-09-30": "", "2012-06-30": "", "2012-03-31": "", "2011-12-31": "", "2011-09-30": "", "2011-06-30": "", "2011-03-31": "", "2010-12-31": "", "2010-09-30": "", "2010-06-30": "", "2010-03-31": "", "2009-12-31": "", "2009-09-30": "", "2009-06-30": "", "2009-03-31": "", "2008-12-31": "", "2008-09-30": "", "2008-06-30": "", "2008-03-31": "", "2007-12-31": "", "2007-09-30": "", "2007-06-30": "", "2007-03-31": ""}, "Goodwill And Intangible Assets": {"2020-09-30": "", "2020-06-30": "11.21000", "2020-03-31": "12.04100", "2019-12-31": "", "2019-09-30": "12.17600", "2019-06-30": "11.87700", "2019-03-31": "12.45700", "2018-12-31": "98.73800", "2018-09-30": "100.47500", "2018-06-30": "103.08400", "2018-03-31": "104.82400", "2017-12-31": "106.71400", "2017-09-30": "108.02500", "2017-06-30": "108.73600", "2017-03-31": "45.30100", "2016-12-31": "46.31800", "2016-09-30": "47.72800", "2016-06-30": "45.13700", "2016-03-31": "43.16800", "2015-12-31": "42.16700", "2015-09-30": "43.19300", "2015-06-30": "47.12600", "2015-03-31": "45.23100", "2014-12-31": "43.48800", "2014-09-30": "42.36200", "2014-06-30": "49.05100", "2014-03-31": "49.27700", "2013-12-31": "50.34300", "2013-09-30": "41.79400", "2013-06-30": "42.23700", "2013-03-31": "43.06900", "2012-12-31": "44.01100", "2012-09-30": "287.74100", "2012-06-30": "295.66500", "2012-03-31": "296.73100", "2011-12-31": "272.39000", "2011-09-30": "279.29000", "2011-06-30": "286.95000", "2011-03-31": "298.33000", "2010-12-31": "300.58000", "2010-09-30": "240.30000", "2010-06-30": "232.53000", "2010-03-31": "221.16000", "2009-12-31": "203.22000", "2009-09-30": "154.48000", "2009-06-30": "136.84000", "2009-03-31": "134.71000", "2008-12-31": "134.62000", "2008-09-30": "130.04000", "2008-06-30": "116.68000", "2008-03-31": "76.59000", "2007-12-31": "62.92000", "2007-09-30": "41.23000", "2007-06-30": "22.71000", "2007-03-31": "9.56000"}, "Other Long-Term Assets": {"2020-09-30": "75.26400", "2020-06-30": "65.12000", "2020-03-31": "300.54800", "2019-12-31": "78.44100", "2019-09-30": "66.34800", "2019-06-30": "66.73100", "2019-03-31": "288.27400", "2018-12-31": "290.58700", "2018-09-30": "67.59200", "2018-06-30": "74.78600", "2018-03-31": "69.14700", "2017-12-31": "68.57700", "2017-09-30": "68.30300", "2017-06-30": "68.90100", "2017-03-31": "", "2016-12-31": "", "2016-09-30": "", "2016-06-30": "", "2016-03-31": "", "2015-12-31": "", "2015-09-30": "", "2015-06-30": "", "2015-03-31": "", "2014-12-31": "", "2014-09-30": "", "2014-06-30": "", "2014-03-31": "", "2013-12-31": "", "2013-09-30": "1.00900", "2013-06-30": "1.05900", "2013-03-31": "0.92500", "2012-12-31": "", "2012-09-30": "70.30400", "2012-06-30": "67.34700", "2012-03-31": "64.54100", "2011-12-31": "56.44200", "2011-09-30": "1840.84000", "2011-06-30": "1852.51000", "2011-03-31": "1860.06000", "2010-12-31": "1841.78000", "2010-09-30": "1441.91000", "2010-06-30": "1371.76000", "2010-03-31": "1282.23000", "2009-12-31": "1171.65000", "2009-09-30": "1012.11000", "2009-06-30": "877.89000", "2009-03-31": "847.25000", "2008-12-31": "822.43000", "2008-09-30": "775.77000", "2008-06-30": "689.73000", "2008-03-31": "448.32000", "2007-12-31": "357.38000", "2007-09-30": "251.04000", "2007-06-30": "128.20000", "2007-03-31": "41.39000"}, "Total Long-Term Assets": {"2020-09-30": "6068.83900", "2020-06-30": "6093.60200", "2020-03-31": "6364.19100", "2019-12-31": "6124.24200", "2019-09-30": "5830.99500", "2019-06-30": "5740.15500", "2019-03-31": "5930.63300", "2018-12-31": "6054.94600", "2018-09-30": "5875.04500", "2018-06-30": "6047.27500", "2018-03-31": "6087.21100", "2017-12-31": "6123.16500", "2017-09-30": "6180.61300", "2017-06-30": "6066.79800", "2017-03-31": "3549.22100", "2016-12-31": "3549.33800", "2016-09-30": "3523.42600", "2016-06-30": "3362.02200", "2016-03-31": "3136.99300", "2015-12-31": "3001.63500", "2015-09-30": "3002.27900", "2015-06-30": "3036.94300", "2015-03-31": "2870.64100", "2014-12-31": "2866.33200", "2014-09-30": "2786.97600", "2014-06-30": "2734.52300", "2014-03-31": "2548.26600", "2013-12-31": "2577.33400", "2013-09-30": "2445.75500", "2013-06-30": "2318.32500", "2013-03-31": "2338.63300", "2012-12-31": "2275.54100", "2012-09-30": "2343.72000", "2012-06-30": "2364.94400", "2012-03-31": "2334.73000", "2011-12-31": "2135.30300", "2011-09-30": "2120.13000", "2011-06-30": "2139.46000", "2011-03-31": "2158.39000", "2010-12-31": "2142.36000", "2010-09-30": "1682.21000", "2010-06-30": "1604.29000", "2010-03-31": "1503.39000", "2009-12-31": "1374.87000", "2009-09-30": "1166.59000", "2009-06-30": "1014.73000", "2009-03-31": "981.96000", "2008-12-31": "957.05000", "2008-09-30": "905.81000", "2008-06-30": "806.41000", "2008-03-31": "524.91000", "2007-12-31": "420.30000", "2007-09-30": "292.27000", "2007-06-30": "150.91000", "2007-03-31": "50.95000"}, "Total Assets": {"2020-09-30": "6774.57200", "2020-06-30": "6644.49600", "2020-03-31": "6824.17900", "2019-12-31": "6638.74900", "2019-09-30": "6322.99800", "2019-06-30": "6240.47500", "2019-03-31": "6242.55400", "2018-12-31": "6188.47600", "2018-09-30": "6328.68400", "2018-06-30": "6302.13000", "2018-03-31": "6359.83500", "2017-12-31": "6449.58200", "2017-09-30": "6413.52200", "2017-06-30": "6366.75800", "2017-03-31": "3753.01700", "2016-12-31": "3747.84400", "2016-09-30": "3715.89000", "2016-06-30": "3532.28900", "2016-03-31": "3310.51900", "2015-12-31": "3172.30000", "2015-09-30": "3179.58600", "2015-06-30": "3218.11200", "2015-03-31": "3049.08600", "2014-12-31": "3031.38400", "2014-09-30": "2986.80100", "2014-06-30": "3014.57100", "2014-03-31": "2735.24600", "2013-12-31": "2752.33400", "2013-09-30": "2681.52000", "2013-06-30": "2574.75300", "2013-03-31": "2590.20400", "2012-12-31": "2414.09000", "2012-09-30": "2403.91300", "2012-06-30": "2436.86700", "2012-03-31": "2457.59600", "2011-12-31": "2291.62900", "2011-09-30": "2334.07000", "2011-06-30": "2380.32000", "2011-03-31": "2464.07000", "2010-12-31": "2271.79000", "2010-09-30": "1996.90000", "2010-06-30": "1881.51000", "2010-03-31": "1728.99000", "2009-12-31": "1673.53000", "2009-09-30": "1528.41000", "2009-06-30": "1436.64000", "2009-03-31": "1267.91000", "2008-12-31": "1113.92000", "2008-09-30": "954.51000", "2008-06-30": "830.56000", "2008-03-31": "540.80000", "2007-12-31": "431.61000", "2007-09-30": "303.08000", "2007-06-30": "165.71000", "2007-03-31": "57.61000"}, "Total Current Liabilities": {"2020-09-30": "168.69600", "2020-06-30": "167.99900", "2020-03-31": "154.84200", "2019-12-31": "171.69800", "2019-09-30": "157.93900", "2019-06-30": "159.85300", "2019-03-31": "139.46200", "2018-12-31": "185.07300", "2018-09-30": "160.24600", "2018-06-30": "152.51600", "2018-03-31": "134.57400", "2017-12-31": "167.85200", "2017-09-30": "159.07000", "2017-06-30": "135.21400", "2017-03-31": "98.22200", "2016-12-31": "105.03400", "2016-09-30": "104.20200", "2016-06-30": "90.12300", "2016-03-31": "85.45300", "2015-12-31": "94.93300", "2015-09-30": "95.02900", "2015-06-30": "85.00300", "2015-03-31": "84.82300", "2014-12-31": "101.04200", "2014-09-30": "98.16300", "2014-06-30": "81.19800", "2014-03-31": "78.97300", "2013-12-31": "82.89300", "2013-09-30": "86.79500", "2013-06-30": "71.66100", "2013-03-31": "66.92900", "2012-12-31": "63.44300", "2012-09-30": "67.26000", "2012-06-30": "59.21700", "2012-03-31": "43.24400", "2011-12-31": "47.80100", "2011-09-30": "48.42000", "2011-06-30": "46.50000", "2011-03-31": "44.55000", "2010-12-31": "50.03000", "2010-09-30": "41.87000", "2010-06-30": "37.80000", "2010-03-31": "31.81000", "2009-12-31": "30.47000", "2009-09-30": "33.05000", "2009-06-30": "28.84000", "2009-03-31": "25.44000", "2008-12-31": "21.91000", "2008-09-30": "22.88000", "2008-06-30": "18.43000", "2008-03-31": "10.18000", "2007-12-31": "7.98000", "2007-09-30": "5.72000", "2007-06-30": "2.32000", "2007-03-31": "1.08000"}, "Long Term Debt": {"2020-09-30": "3026.53400", "2020-06-30": "2818.69500", "2020-03-31": "2959.72300", "2019-12-31": "2749.77500", "2019-09-30": "2665.69100", "2019-06-30": "2567.00800", "2019-03-31": "2541.61900", "2018-12-31": "2541.23200", "2018-09-30": "2609.65900", "2018-06-30": "2683.53100", "2018-03-31": "2780.29100", "2017-12-31": "2781.03100", "2017-09-30": "2856.75800", "2017-06-30": "2784.16200", "2017-03-31": "1811.20800", "2016-12-31": "1768.90500", "2016-09-30": "1712.59800", "2016-06-30": "1631.64200", "2016-03-31": "1667.32000", "2015-12-31": "1590.69600", "2015-09-30": "1575.96500", "2015-06-30": "1639.00100", "2015-03-31": "1458.59800", "2014-12-31": "1402.19500", "2014-09-30": "1497.13600", "2014-06-30": "1520.44500", "2014-03-31": "1232.28200", "2013-12-31": "1214.24100", "2013-09-30": "1125.79200", "2013-06-30": "1114.20400", "2013-03-31": "1135.69300", "2012-12-31": "1037.35900", "2012-09-30": "1000.47900", "2012-06-30": "859.31800", "2012-03-31": "836.46600", "2011-12-31": "639.14900", "2011-09-30": "", "2011-06-30": "", "2011-03-31": "", "2010-12-31": "", "2010-09-30": "", "2010-06-30": "", "2010-03-31": "", "2009-12-31": "", "2009-09-30": "", "2009-06-30": "", "2009-03-31": "", "2008-12-31": "", "2008-09-30": "", "2008-06-30": "80.60000", "2008-03-31": "58.70000", "2007-12-31": "51.80000", "2007-09-30": "35.70000", "2007-06-30": "", "2007-03-31": ""}, "Other Non-Current Liabilities": {"2020-09-30": "106.54600", "2020-06-30": "110.52700", "2020-03-31": "106.03400", "2019-12-31": "87.98200", "2019-09-30": "83.95400", "2019-06-30": "81.77000", "2019-03-31": "82.86400", "2018-12-31": "120.71300", "2018-09-30": "118.64000", "2018-06-30": "130.68500", "2018-03-31": "126.93700", "2017-12-31": "130.51400", "2017-09-30": "132.69500", "2017-06-30": "135.63400", "2017-03-31": "89.07100", "2016-12-31": "88.83500", "2016-09-30": "86.62200", "2016-06-30": "88.86000", "2016-03-31": "84.26600", "2015-12-31": "75.27600", "2015-09-30": "70.48500", "2015-06-30": "69.48200", "2015-03-31": "54.78900", "2014-12-31": "48.00000", "2014-09-30": "47.58200", "2014-06-30": "51.40300", "2014-03-31": "49.22600", "2013-12-31": "52.18900", "2013-09-30": "46.84700", "2013-06-30": "41.85400", "2013-03-31": "42.01700", "2012-12-31": "45.12900", "2012-09-30": "40.11600", "2012-06-30": "39.68600", "2012-03-31": "38.43900", "2011-12-31": "33.55400", "2011-09-30": "34.61000", "2011-06-30": "34.11000", "2011-03-31": "30.82000", "2010-12-31": "31.12000", "2010-09-30": "19.65000", "2010-06-30": "32.12000", "2010-03-31": "23.44000", "2009-12-31": "28.16000", "2009-09-30": "23.95000", "2009-06-30": "27.09000", "2009-03-31": "29.27000", "2008-12-31": "29.96000", "2008-09-30": "19.46000", "2008-06-30": "16.82000", "2008-03-31": "13.56000", "2007-12-31": "7.34000", "2007-09-30": "3.82000", "2007-06-30": "3.83000", "2007-03-31": "2.17000"}, "Total Long Term Liabilities": {"2020-09-30": "3133.08000", "2020-06-30": "2929.22200", "2020-03-31": "3065.75700", "2019-12-31": "2837.75700", "2019-09-30": "2749.64500", "2019-06-30": "2648.77800", "2019-03-31": "2631.00300", "2018-12-31": "2668.48900", "2018-09-30": "2734.90900", "2018-06-30": "2820.86000", "2018-03-31": "2913.99800", "2017-12-31": "2918.28200", "2017-09-30": "2994.14500", "2017-06-30": "2924.45900", "2017-03-31": "1904.94000", "2016-12-31": "1862.39300", "2016-09-30": "1808.43500", "2016-06-30": "1729.96400", "2016-03-31": "1756.01500", "2015-12-31": "1670.40900", "2015-09-30": "1650.20600", "2015-06-30": "1712.22700", "2015-03-31": "1517.18400", "2014-12-31": "1453.92100", "2014-09-30": "1547.97600", "2014-06-30": "1575.11200", "2014-03-31": "1284.77700", "2013-12-31": "1269.69200", "2013-09-30": "1176.01400", "2013-06-30": "1159.48100", "2013-03-31": "1179.61900", "2012-12-31": "1086.05200", "2012-09-30": "1044.21200", "2012-06-30": "902.64500", "2012-03-31": "878.59500", "2011-12-31": "676.48800", "2011-09-30": "34.61000", "2011-06-30": "34.11000", "2011-03-31": "30.82000", "2010-12-31": "31.12000", "2010-09-30": "19.65000", "2010-06-30": "32.12000", "2010-03-31": "23.44000", "2009-12-31": "28.16000", "2009-09-30": "23.95000", "2009-06-30": "27.09000", "2009-03-31": "29.27000", "2008-12-31": "29.96000", "2008-09-30": "19.46000", "2008-06-30": "97.42000", "2008-03-31": "72.26000", "2007-12-31": "59.14000", "2007-09-30": "39.52000", "2007-06-30": "3.83000", "2007-03-31": "2.17000"}, "Total Liabilities": {"2020-09-30": "3500.22100", "2020-06-30": "3295.73200", "2020-03-31": "3419.22700", "2019-12-31": "3208.10500", "2019-09-30": "3108.52900", "2019-06-30": "3009.47300", "2019-03-31": "2967.77800", "2018-12-31": "2853.56200", "2018-09-30": "2895.15500", "2018-06-30": "2973.37600", "2018-03-31": "3048.57200", "2017-12-31": "3086.13400", "2017-09-30": "3153.21500", "2017-06-30": "3059.67300", "2017-03-31": "2003.16200", "2016-12-31": "1967.42700", "2016-09-30": "1912.63700", "2016-06-30": "1820.08700", "2016-03-31": "1841.46800", "2015-12-31": "1765.34200", "2015-09-30": "1745.23500", "2015-06-30": "1797.23000", "2015-03-31": "1602.00700", "2014-12-31": "1554.96300", "2014-09-30": "1646.13900", "2014-06-30": "1656.31000", "2014-03-31": "1363.75000", "2013-12-31": "1352.58500", "2013-09-30": "1262.80900", "2013-06-30": "1231.14200", "2013-03-31": "1246.54800", "2012-12-31": "1149.49500", "2012-09-30": "1111.47200", "2012-06-30": "961.86200", "2012-03-31": "921.83900", "2011-12-31": "724.28900", "2011-09-30": "733.15000", "2011-06-30": "748.16000", "2011-03-31": "803.47000", "2010-12-31": "780.68000", "2010-09-30": "655.95000", "2010-06-30": "668.50000", "2010-03-31": "588.60000", "2009-12-31": "598.66000", "2009-09-30": "509.05000", "2009-06-30": "508.90000", "2009-03-31": "508.33000", "2008-12-31": "512.65000", "2008-09-30": "496.83000", "2008-06-30": "509.56000", "2008-03-31": "321.10000", "2007-12-31": "252.93000", "2007-09-30": "168.57000", "2007-06-30": "75.10000", "2007-03-31": "34.67000"}, "Common Stock Net": {"2020-09-30": "2.18600", "2020-06-30": "2.18500", "2020-03-31": "2.18500", "2019-12-31": "2.16500", "2019-09-30": "2.07200", "2019-06-30": "2.05100", "2019-03-31": "2.05100", "2018-12-31": "2.05300", "2018-09-30": "2.07200", "2018-06-30": "2.07500", "2018-03-31": "2.05200", "2017-12-31": "2.04900", "2017-09-30": "2.00700", "2017-06-30": "2.00600", "2017-03-31": "1.41800", "2016-12-31": "1.41700", "2016-09-30": "1.41700", "2016-06-30": "1.37800", "2016-03-31": "1.30700", "2015-12-31": "1.27000", "2015-09-30": "1.27000", "2015-06-30": "1.25200", "2015-03-31": "1.25200", "2014-12-31": "1.25100", "2014-09-30": "2.38900", "2014-06-30": "2.38900", "2014-03-31": "2.37300", "2013-12-31": "1.18400", "2013-09-30": "2.35800", "2013-06-30": "2.26100", "2013-03-31": "2.24300", "2012-12-31": "2.14700", "2012-09-30": "2.14300", "2012-06-30": "2.29100", "2012-03-31": "2.29500", "2011-12-31": "2.28400", "2011-09-30": "2.27000", "2011-06-30": "2.26000", "2011-03-31": "2.25000", "2010-12-31": "2.02000", "2010-09-30": "1.80000", "2010-06-30": "1.62000", "2010-03-31": "1.51000", "2009-12-31": "1.40000", "2009-09-30": "1.30000", "2009-06-30": "1.16000", "2009-03-31": "0.95000", "2008-12-31": "0.75000", "2008-09-30": "0.56000", "2008-06-30": "0.39000", "2008-03-31": "0.27000", "2007-12-31": "0.21000", "2007-09-30": "0.16000", "2007-06-30": "0.10000", "2007-03-31": "0.02000"}, "Retained Earnings (Accumulated Deficit)": {"2020-09-30": "-1685.81300", "2020-06-30": "-1609.04800", "2020-03-31": "-1553.71000", "2019-12-31": "-1502.74400", "2019-09-30": "-1443.36000", "2019-06-30": "-1369.76300", "2019-03-31": "-1322.44300", "2018-12-31": "-1272.30500", "2018-09-30": "-1224.00600", "2018-06-30": "-1332.75900", "2018-03-31": "-1284.82600", "2017-12-31": "-1232.06900", "2017-09-30": "-1212.05100", "2017-06-30": "-1164.60700", "2017-03-31": "-1098.56100", "2016-12-31": "-1068.96100", "2016-09-30": "-1042.97700", "2016-06-30": "-1006.88800", "2016-03-31": "-979.33200", "2015-12-31": "-950.65200", "2015-09-30": "-923.55600", "2015-06-30": "-892.54300", "2015-03-31": "-865.54900", "2014-12-31": "-836.04400", "2014-09-30": "-820.97800", "2014-06-30": "-802.36600", "2014-03-31": "-770.87800", "2013-12-31": "-742.06000", "2013-09-30": "-712.14800", "2013-06-30": "-683.07600", "2013-03-31": "-664.60700", "2012-12-31": "-633.71700", "2012-09-30": "-601.00200", "2012-06-30": "-567.21100", "2012-03-31": "-509.06600", "2011-12-31": "-467.24900", "2011-09-30": "-427.53000", "2011-06-30": "-386.32000", "2011-03-31": "-346.57000", "2010-12-31": "-310.19000", "2010-09-30": "-266.38000", "2010-06-30": "-236.38000", "2010-03-31": "-208.36000", "2009-12-31": "-182.08000", "2009-09-30": "-152.92000", "2009-06-30": "-120.01000", "2009-03-31": "-97.06000", "2008-12-31": "-74.78000", "2008-09-30": "-46.30000", "2008-06-30": "-31.90000", "2008-03-31": "-26.18000", "2007-12-31": "-15.15000", "2007-09-30": "-7.71000", "2007-06-30": "-3.35000", "2007-03-31": "-0.91000"}, "Comprehensive Income": {"2020-09-30": "-18.74700", "2020-06-30": "-20.76800", "2020-03-31": "-17.59200", "2019-12-31": "4.54600", "2019-09-30": "1.79800", "2019-06-30": "-0.44900", "2019-03-31": "-0.07500", "2018-12-31": "0.30700", "2018-09-30": "0.64800", "2018-06-30": "1.36700", "2018-03-31": "1.15700", "2017-12-31": "0.27400", "2017-09-30": "-0.61500", "2017-06-30": "-0.81600", "2017-03-31": "-0.08500", "2016-12-31": "", "2016-09-30": "", "2016-06-30": "", "2016-03-31": "", "2015-12-31": "", "2015-09-30": "", "2015-06-30": "", "2015-03-31": "", "2014-12-31": "", "2014-09-30": "", "2014-06-30": "", "2014-03-31": "", "2013-12-31": "", "2013-09-30": "", "2013-06-30": "", "2013-03-31": "", "2012-12-31": "", "2012-09-30": "", "2012-06-30": "", "2012-03-31": "", "2011-12-31": "", "2011-09-30": "", "2011-06-30": "", "2011-03-31": "", "2010-12-31": "", "2010-09-30": "", "2010-06-30": "", "2010-03-31": "", "2009-12-31": "", "2009-09-30": "", "2009-06-30": "", "2009-03-31": "", "2008-12-31": "", "2008-09-30": "", "2008-06-30": "", "2008-03-31": "", "2007-12-31": "", "2007-09-30": "", "2007-06-30": "", "2007-03-31": ""}, "Other Share Holders Equity": {"2020-09-30": "", "2020-06-30": "", "2020-03-31": "", "2019-12-31": "", "2019-09-30": "", "2019-06-30": "", "2019-03-31": "", "2018-12-31": "", "2018-09-30": "", "2018-06-30": "", "2018-03-31": "", "2017-12-31": "", "2017-09-30": "", "2017-06-30": "", "2017-03-31": "", "2016-12-31": "", "2016-09-30": "", "2016-06-30": "", "2016-03-31": "", "2015-12-31": "", "2015-09-30": "", "2015-06-30": "", "2015-03-31": "", "2014-12-31": "", "2014-09-30": "", "2014-06-30": "", "2014-03-31": "", "2013-12-31": "", "2013-09-30": "", "2013-06-30": "", "2013-03-31": "", "2012-12-31": "", "2012-09-30": "", "2012-06-30": "", "2012-03-31": "", "2011-12-31": "", "2011-09-30": "3.78000", "2011-06-30": "3.77000", "2011-03-31": "3.88000", "2010-12-31": "3.86000", "2010-09-30": "4.04000", "2010-06-30": "4.20000", "2010-03-31": "0.19000", "2009-12-31": "3.54000", "2009-09-30": "2.46000", "2009-06-30": "2.29000", "2009-03-31": "2.12000", "2008-12-31": "1.95000", "2008-09-30": "2.12000", "2008-06-30": "2.18000", "2008-03-31": "2.12000", "2007-12-31": "3.09000", "2007-09-30": "0.20000", "2007-06-30": "0.20000", "2007-03-31": "0.20000"}, "Share Holder Equity": {"2020-09-30": "3274.35100", "2020-06-30": "3348.76400", "2020-03-31": "3404.95200", "2019-12-31": "3430.64400", "2019-09-30": "3214.46900", "2019-06-30": "3231.00200", "2019-03-31": "3274.77600", "2018-12-31": "3334.91400", "2018-09-30": "3433.52900", "2018-06-30": "3328.75400", "2018-03-31": "3311.26300", "2017-12-31": "3363.44800", "2017-09-30": "3260.30700", "2017-06-30": "3307.08500", "2017-03-31": "1749.85500", "2016-12-31": "1780.41700", "2016-09-30": "1803.25300", "2016-06-30": "1712.20200", "2016-03-31": "1469.05100", "2015-12-31": "1406.95800", "2015-09-30": "1434.35100", "2015-06-30": "1420.88200", "2015-03-31": "1447.07900", "2014-12-31": "1476.42100", "2014-09-30": "1340.66200", "2014-06-30": "1358.26100", "2014-03-31": "1371.49600", "2013-12-31": "1399.74900", "2013-09-30": "1418.71100", "2013-06-30": "1343.61100", "2013-03-31": "1343.65600", "2012-12-31": "1264.59500", "2012-09-30": "1292.44100", "2012-06-30": "1475.00500", "2012-03-31": "1535.75700", "2011-12-31": "1567.34000", "2011-09-30": "1600.92000", "2011-06-30": "1632.16000", "2011-03-31": "1660.59000", "2010-12-31": "1491.11000", "2010-09-30": "1340.95000", "2010-06-30": "1213.01000", "2010-03-31": "1140.39000", "2009-12-31": "1074.86000", "2009-09-30": "1019.36000", "2009-06-30": "927.74000", "2009-03-31": "759.57000", "2008-12-31": "601.27000", "2008-09-30": "457.68000", "2008-06-30": "321.00000", "2008-03-31": "219.70000", "2007-12-31": "178.68000", "2007-09-30": "134.51000", "2007-06-30": "90.61000", "2007-03-31": "22.94000"}, "Total Liabilities And Share Holders Equity": {"2020-09-30": "6774.57200", "2020-06-30": "6644.49600", "2020-03-31": "6824.17900", "2019-12-31": "6638.74900", "2019-09-30": "6322.99800", "2019-06-30": "6240.47500", "2019-03-31": "6242.55400", "2018-12-31": "6188.47600", "2018-09-30": "6328.68400", "2018-06-30": "6302.13000", "2018-03-31": "6359.83500", "2017-12-31": "6449.58200", "2017-09-30": "6413.52200", "2017-06-30": "6366.75800", "2017-03-31": "3753.01700", "2016-12-31": "3747.84400", "2016-09-30": "3715.89000", "2016-06-30": "3532.28900", "2016-03-31": "3310.51900", "2015-12-31": "3172.30000", "2015-09-30": "3179.58600", "2015-06-30": "3218.11200", "2015-03-31": "3049.08600", "2014-12-31": "3031.38400", "2014-09-30": "2986.80100", "2014-06-30": "3014.57100", "2014-03-31": "2735.24600", "2013-12-31": "2752.33400", "2013-09-30": "2681.52000", "2013-06-30": "2574.75300", "2013-03-31": "2590.20400", "2012-12-31": "2414.09000", "2012-09-30": "2403.91300", "2012-06-30": "2436.86700", "2012-03-31": "2457.59600", "2011-12-31": "2291.62900", "2011-09-30": "2334.07000", "2011-06-30": "2380.32000", "2011-03-31": "2464.07000", "2010-12-31": "2271.79000", "2010-09-30": "1996.90000", "2010-06-30": "1881.51000", "2010-03-31": "1728.99000", "2009-12-31": "1673.53000", "2009-09-30": "1528.41000", "2009-06-30": "1436.64000", "2009-03-31": "1267.91000", "2008-12-31": "1113.92000", "2008-09-30": "954.51000", "2008-06-30": "830.56000", "2008-03-31": "540.80000", "2007-12-31": "431.61000", "2007-09-30": "303.08000", "2007-06-30": "165.71000", "2007-03-31": "57.61000"}}, "cash flow statement": {"Net Income/Loss": {"2019-12-31": "30.75800", "2018-12-31": "217.62600", "2017-12-31": "65.57700", "2016-12-31": "47.34500", "2015-12-31": "33.55700", "2014-12-31": "45.99400", "2013-12-31": "24.68400", "2012-12-31": "-24.36800", "2011-12-31": "5.59300", "2010-12-31": "-7.91900", "2009-12-31": "-24.77000", "2008-12-31": "-28.44000", "2007-12-31": "-7.66000"}, "Total Depreciation And Amortization - Cash Flow": {"2019-12-31": "280.96900", "2018-12-31": "271.44100", "2017-12-31": "239.04400", "2016-12-31": "175.28500", "2015-12-31": "151.61400", "2014-12-31": "137.18800", "2013-12-31": "119.90400", "2012-12-31": "114.57500", "2011-12-31": "104.04500", "2010-12-31": "72.67800", "2009-12-31": "48.80000", "2008-12-31": "35.61000", "2007-12-31": "9.46000"}, "Other Non-Cash Items": {"2019-12-31": "33.07500", "2018-12-31": "-146.64700", "2017-12-31": "-6.73400", "2016-12-31": "2.86600", "2015-12-31": "9.62700", "2014-12-31": "-15.66600", "2013-12-31": "-4.69500", "2012-12-31": "26.13900", "2011-12-31": "5.52400", "2010-12-31": "-3.76000", "2009-12-31": "", "2008-12-31": "", "2007-12-31": ""}, "Total Non-Cash Items": {"2019-12-31": "314.04400", "2018-12-31": "124.79400", "2017-12-31": "232.31000", "2016-12-31": "178.15100", "2015-12-31": "161.24100", "2014-12-31": "121.52200", "2013-12-31": "115.20900", "2012-12-31": "140.71400", "2011-12-31": "109.56900", "2010-12-31": "68.91800", "2009-12-31": "48.80000", "2008-12-31": "35.61000", "2007-12-31": "9.46000"}, "Change In Accounts Receivable": {"2019-12-31": "", "2018-12-31": "", "2017-12-31": "", "2016-12-31": "-21.23400", "2015-12-31": "", "2014-12-31": "-9.25200", "2013-12-31": "-15.93100", "2012-12-31": "-4.76500", "2011-12-31": "-2.96400", "2010-12-31": "-7.10200", "2009-12-31": "", "2008-12-31": "", "2007-12-31": ""}, "Change In Inventories": {"2019-12-31": "", "2018-12-31": "", "2017-12-31": "", "2016-12-31": "", "2015-12-31": "", "2014-12-31": "", "2013-12-31": "", "2012-12-31": "", "2011-12-31": "", "2010-12-31": "", "2009-12-31": "", "2008-12-31": "", "2007-12-31": ""}, "Change In Accounts Payable": {"2019-12-31": "", "2018-12-31": "", "2017-12-31": "", "2016-12-31": "", "2015-12-31": "", "2014-12-31": "", "2013-12-31": "", "2012-12-31": "", "2011-12-31": "", "2010-12-31": "-4.77600", "2009-12-31": "", "2008-12-31": "", "2007-12-31": ""}, "Change In Assets/Liabilities": {"2019-12-31": "-4.28000", "2018-12-31": "-14.50200", "2017-12-31": "-27.75000", "2016-12-31": "-2.73800", "2015-12-31": "2.58100", "2014-12-31": "-2.02700", "2013-12-31": "9.07300", "2012-12-31": "2.52000", "2011-12-31": "-0.68600", "2010-12-31": "1.56700", "2009-12-31": "", "2008-12-31": "", "2007-12-31": ""}, "Total Change In Assets/Liabilities": {"2019-12-31": "-4.40800", "2018-12-31": "-5.02400", "2017-12-31": "9.65600", "2016-12-31": "-21.80100", "2015-12-31": "-3.70300", "2014-12-31": "0.98300", "2013-12-31": "7.93100", "2012-12-31": "0.43900", "2011-12-31": "-3.35500", "2010-12-31": "-2.49600", "2009-12-31": "-4.82000", "2008-12-31": "12.80000", "2007-12-31": "5.11000"}, "Cash Flow From Operating Activities": {"2019-12-31": "340.39400", "2018-12-31": "337.39600", "2017-12-31": "307.54300", "2016-12-31": "203.69500", "2015-12-31": "191.09500", "2014-12-31": "168.49900", "2013-12-31": "147.82400", "2012-12-31": "116.78500", "2011-12-31": "111.80700", "2010-12-31": "58.50300", "2009-12-31": "21.00000", "2008-12-31": "20.67000", "2007-12-31": "7.00000"}, "Net Change In Property, Plant, And Equipment": {"2019-12-31": "-639.96200", "2018-12-31": "209.87600", "2017-12-31": "-2367.77400", "2016-12-31": "-608.39300", "2015-12-31": "-273.97500", "2014-12-31": "-257.45400", "2013-12-31": "-365.68900", "2012-12-31": "-280.29500", "2011-12-31": "-77.41900", "2010-12-31": "-611.98500", "2009-12-31": "0.00000", "2008-12-31": "0.00000", "2007-12-31": "0.00000"}, "Net Change In Intangible Assets": {"2019-12-31": "", "2018-12-31": "", "2017-12-31": "", "2016-12-31": "", "2015-12-31": "", "2014-12-31": "", "2013-12-31": "", "2012-12-31": "", "2011-12-31": "", "2010-12-31": "", "2009-12-31": "", "2008-12-31": "", "2007-12-31": ""}, "Net Acquisitions/Divestitures": {"2019-12-31": "", "2018-12-31": "", "2017-12-31": "", "2016-12-31": "", "2015-12-31": "", "2014-12-31": "", "2013-12-31": "", "2012-12-31": "", "2011-12-31": "", "2010-12-31": "", "2009-12-31": "0.00000", "2008-12-31": "0.00000", "2007-12-31": "0.00000"}, "Net Change In Short-term Investments": {"2019-12-31": "", "2018-12-31": "", "2017-12-31": "", "2016-12-31": "", "2015-12-31": "", "2014-12-31": "", "2013-12-31": "", "2012-12-31": "", "2011-12-31": "", "2010-12-31": "", "2009-12-31": "", "2008-12-31": "", "2007-12-31": ""}, "Net Change In Long-Term Investments": {"2019-12-31": "", "2018-12-31": "", "2017-12-31": "-68.83900", "2016-12-31": "", "2015-12-31": "", "2014-12-31": "", "2013-12-31": "", "2012-12-31": "", "2011-12-31": "", "2010-12-31": "", "2009-12-31": "", "2008-12-31": "", "2007-12-31": ""}, "Net Change In Investments - Total": {"2019-12-31": "", "2018-12-31": "", "2017-12-31": "-68.83900", "2016-12-31": "", "2015-12-31": "", "2014-12-31": "", "2013-12-31": "", "2012-12-31": "", "2011-12-31": "", "2010-12-31": "", "2009-12-31": "-411.32000", "2008-12-31": "-508.11000", "2007-12-31": "-380.83000"}, "Investing Activities - Other": {"2019-12-31": "-27.32700", "2018-12-31": "-33.56700", "2017-12-31": "-18.48300", "2016-12-31": "", "2015-12-31": "-0.19600", "2014-12-31": "-2.24800", "2013-12-31": "-9.01100", "2012-12-31": "-3.25000", "2011-12-31": "11.46100", "2010-12-31": "-14.86400", "2009-12-31": "-43.52000", "2008-12-31": "-18.35000", "2007-12-31": "-4.60000"}, "Cash Flow From Investing Activities": {"2019-12-31": "-667.28900", "2018-12-31": "176.30900", "2017-12-31": "-2455.09600", "2016-12-31": "-608.39300", "2015-12-31": "-274.17100", "2014-12-31": "-259.70200", "2013-12-31": "-374.70000", "2012-12-31": "-283.54500", "2011-12-31": "-65.95800", "2010-12-31": "-626.84900", "2009-12-31": "-454.85000", "2008-12-31": "-526.47000", "2007-12-31": "-385.44000"}, "Net Long-Term Debt": {"2019-12-31": "209.56590", "2018-12-31": "-241.02100", "2017-12-31": "734.97600", "2016-12-31": "151.79000", "2015-12-31": "187.14400", "2014-12-31": "86.37900", "2013-12-31": "123.59500", "2012-12-31": "398.39900", "2011-12-31": "-73.58300", "2010-12-31": "-36.99200", "2009-12-31": "", "2008-12-31": "", "2007-12-31": ""}, "Net Current Debt": {"2019-12-31": "", "2018-12-31": "", "2017-12-31": "", "2016-12-31": "", "2015-12-31": "", "2014-12-31": "", "2013-12-31": "", "2012-12-31": "", "2011-12-31": "", "2010-12-31": "", "2009-12-31": "0.00000", "2008-12-31": "0.00000", "2007-12-31": "0.00000"}, "Debt Issuance/Retirement Net - Total": {"2019-12-31": "209.56590", "2018-12-31": "-241.02100", "2017-12-31": "734.97600", "2016-12-31": "151.79000", "2015-12-31": "187.14400", "2014-12-31": "86.37900", "2013-12-31": "123.59500", "2012-12-31": "398.39900", "2011-12-31": "-73.58300", "2010-12-31": "-36.99200", "2009-12-31": "26.02000", "2008-12-31": "174.06000", "2007-12-31": "200.55000"}, "Net Common Equity Issued/Repurchased": {"2019-12-31": "311.21500", "2018-12-31": "2.90600", "2017-12-31": "1743.54300", "2016-12-31": "418.95500", "2015-12-31": "42.65700", "2014-12-31": "150.95800", "2013-12-31": "240.13500", "2012-12-31": "-182.60200", "2011-12-31": "176.96100", "2010-12-31": "542.82100", "2009-12-31": "", "2008-12-31": "", "2007-12-31": ""}, "Net Total Equity Issued/Repurchased": {"2019-12-31": "311.21500", "2018-12-31": "2.90600", "2017-12-31": "1743.54300", "2016-12-31": "418.95500", "2015-12-31": "42.65700", "2014-12-31": "150.95800", "2013-12-31": "240.13500", "2012-12-31": "-182.60200", "2011-12-31": "176.96100", "2010-12-31": "542.82100", "2009-12-31": "606.38000", "2008-12-31": "527.73000", "2007-12-31": "210.93000"}, "Total Common And Preferred Stock Dividends Paid": {"2019-12-31": "-256.11700", "2018-12-31": "-252.65100", "2017-12-31": "-207.08700", "2016-12-31": "-159.17400", "2015-12-31": "-146.37200", "2014-12-31": "-137.15800", "2013-12-31": "-129.36000", "2012-12-31": "-93.27300", "2011-12-31": "-84.80000", "2010-12-31": "-60.17600", "2009-12-31": "-39.50000", "2008-12-31": "-14.94000", "2007-12-31": "-3.32000"}, "Financial Activities - Other": {"2019-12-31": "-33.68300", "2018-12-31": "-7.96900", "2017-12-31": "-30.36400", "2016-12-31": "-10.79000", "2015-12-31": "-2.60300", "2014-12-31": "-16.64400", "2013-12-31": "-5.36900", "2012-12-31": "-9.29900", "2011-12-31": "-24.20600", "2010-12-31": "-67.03800", "2009-12-31": "-68.38000", "2008-12-31": "-58.19000", "2007-12-31": "-24.47000"}, "Cash Flow From Financial Activities": {"2019-12-31": "230.98100", "2018-12-31": "-498.73500", "2017-12-31": "2241.06800", "2016-12-31": "400.78100", "2015-12-31": "80.82600", "2014-12-31": "83.53500", "2013-12-31": "229.00100", "2012-12-31": "113.22500", "2011-12-31": "-5.62800", "2010-12-31": "378.61500", "2009-12-31": "524.52000", "2008-12-31": "628.66000", "2007-12-31": "383.70000"}, "Net Cash Flow": {"2019-12-31": "-95.91400", "2018-12-31": "14.97000", "2017-12-31": "93.51500", "2016-12-31": "-3.91700", "2015-12-31": "-2.25000", "2014-12-31": "-7.66800", "2013-12-31": "2.12500", "2012-12-31": "-53.53500", "2011-12-31": "40.22100", "2010-12-31": "-189.73100", "2009-12-31": "90.67000", "2008-12-31": "122.86000", "2007-12-31": "5.26000"}, "Stock-Based Compensation": {"2019-12-31": "10.12700", "2018-12-31": "9.75500", "2017-12-31": "6.87000", "2016-12-31": "7.07100", "2015-12-31": "5.72400", "2014-12-31": "4.38300", "2013-12-31": "5.64800", "2012-12-31": "17.40800", "2011-12-31": "3.22100", "2010-12-31": "1.31300", "2009-12-31": "", "2008-12-31": "", "2007-12-31": ""}, "Common Stock Dividends Paid": {"2019-12-31": "-256.11700", "2018-12-31": "-252.65100", "2017-12-31": "-207.08700", "2016-12-31": "-159.17400", "2015-12-31": "-146.37200", "2014-12-31": "-137.15800", "2013-12-31": "-129.36000", "2012-12-31": "-93.27300", "2011-12-31": "-84.80000", "2010-12-31": "-60.17600", "2009-12-31": "", "2008-12-31": "", "2007-12-31": ""}}, "cash flow statement, quarterly": {"Net Income/Loss": {"2020-09-30": -6.932, "2020-06-30": 13.725, "2020-03-31": "18.20800", "2019-12-31": 9.036, "2019-09-30": -8.577, "2019-06-30": 16.598, "2019-03-31": "13.70100", "2018-12-31": 15.605, "2018-09-30": 176.348, "2018-06-30": 15.657, "2018-03-31": "10.01600", "2017-12-31": 43.472, "2017-09-30": 13.957, "2017-06-30": -5.852, "2017-03-31": "14.00000", "2016-12-31": 17.154, "2016-09-30": 6.639, "2016-06-30": 13.516, "2016-03-31": "10.03600", "2015-12-31": 10.573, "2015-09-30": 6.554, "2015-06-30": 9.488, "2015-03-31": "6.94200", "2014-12-31": 21.457, "2014-09-30": 16.22, "2014-06-30": 2.883, "2014-03-31": "5.43400", "2013-12-31": 4.062, "2013-09-30": 5.005, "2013-06-30": 14.233, "2013-03-31": "1.38400", "2012-12-31": -1.817, "2012-09-30": -2.931, "2012-06-30": -19.313, "2012-03-31": "-0.30700", "2011-12-31": 2.004, "2011-09-30": 0.234, "2011-06-30": 1.162, "2011-03-31": "2.19000", "2010-12-31": -8.68, "2010-09-30": 1, "2010-06-30": 0.25, "2010-03-31": "-0.48000", "2009-12-31": -4.37, "2009-09-30": -10.07, "2009-06-30": -3.53, "2009-03-31": "-6.80000", "2008-12-31": -16.48, "2008-09-30": -5.68, "2008-06-30": 0.33, "2008-03-31": "-6.61000", "2007-12-31": -4, "2007-09-30": -1.93, "2007-06-30": -1.2, "2007-03-31": "-0.53000"}, "Total Depreciation And Amortization - Cash Flow": {"2020-09-30": -144.724, "2020-06-30": 71.775, "2020-03-31": "72.94900", "2019-12-31": 280.969, "2019-09-30": -132.931, "2019-06-30": 66.403, "2019-03-31": "66.52800", "2018-12-31": 67.891, "2018-09-30": 68.373, "2018-06-30": 66.874, "2018-03-31": "68.30300", "2017-12-31": 69.987, "2017-09-30": 68.521, "2017-06-30": 54.323, "2017-03-31": "46.21300", "2016-12-31": 46.557, "2016-09-30": 47.366, "2016-06-30": 44.271, "2016-03-31": "37.09100", "2015-12-31": 38.903, "2015-09-30": 39.806, "2015-06-30": 37.117, "2015-03-31": "35.78800", "2014-12-31": 36.02, "2014-09-30": 34.178, "2014-06-30": 32.879, "2014-03-31": "34.11100", "2013-12-31": 33.25, "2013-09-30": 29.077, "2013-06-30": 29.013, "2013-03-31": "28.56400", "2012-12-31": 28.634, "2012-09-30": 28.975, "2012-06-30": 30.25, "2012-03-31": "26.71600", "2011-12-31": 27.608, "2011-09-30": 25.359, "2011-06-30": 27.075, "2011-03-31": "23.99800", "2010-12-31": 21.56, "2010-09-30": 18.56, "2010-06-30": 12.67, "2010-03-31": "19.88000", "2009-12-31": 12.72, "2009-09-30": 11.97, "2009-06-30": 11.71, "2009-03-31": "12.40000", "2008-12-31": 12.01, "2008-09-30": 10.81, "2008-06-30": 6.92, "2008-03-31": "5.87000", "2007-12-31": 3.93, "2007-09-30": 3.21, "2007-06-30": 1.97, "2007-03-31": "0.35000"}, "Other Non-Cash Items": {"2020-09-30": 241.764, "2020-06-30": 2.506, "2020-03-31": "1.67500", "2019-12-31": -200.597, "2019-09-30": 227.843, "2019-06-30": 2.139, "2019-03-31": "3.69000", "2018-12-31": 1.641, "2018-09-30": -158.599, "2018-06-30": 2.768, "2018-03-31": "7.54300", "2017-12-31": -27.251, "2017-09-30": 2.117, "2017-06-30": 16.577, "2017-03-31": "1.82300", "2016-12-31": -3.732, "2016-09-30": 3.919, "2016-06-30": -2.008, "2016-03-31": "4.68700", "2015-12-31": -0.053, "2015-09-30": 4.057, "2015-06-30": 1.553, "2015-03-31": "4.07000", "2014-12-31": -13.184, "2014-09-30": -7.752, "2014-06-30": 2.942, "2014-03-31": "2.32800", "2013-12-31": -1.358, "2013-09-30": 2.518, "2013-06-30": -8.398, "2013-03-31": "2.54300", "2012-12-31": 5.456, "2012-09-30": 7.265, "2012-06-30": 11.683, "2012-03-31": "1.73500", "2011-12-31": 0.866, "2011-09-30": 2.088, "2011-06-30": 1.84, "2011-03-31": "0.73000", "2010-12-31": -3.76, "2010-09-30": 0, "2010-06-30": 0, "2010-03-31": "", "2009-12-31": 0, "2009-09-30": 0, "2009-06-30": 0, "2009-03-31": "", "2008-12-31": 0, "2008-09-30": 0, "2008-06-30": 0, "2008-03-31": "", "2007-12-31": 0, "2007-09-30": 0, "2007-06-30": 0, "2007-03-31": ""}, "Total Non-Cash Items": {"2020-09-30": 97.04, "2020-06-30": 74.281, "2020-03-31": "74.62400", "2019-12-31": 80.372, "2019-09-30": 94.912, "2019-06-30": 68.542, "2019-03-31": "70.21800", "2018-12-31": 69.532, "2018-09-30": -90.226, "2018-06-30": 69.642, "2018-03-31": "75.84600", "2017-12-31": 42.736, "2017-09-30": 70.638, "2017-06-30": 70.9, "2017-03-31": "48.03600", "2016-12-31": 42.825, "2016-09-30": 51.285, "2016-06-30": 42.263, "2016-03-31": "41.77800", "2015-12-31": 38.85, "2015-09-30": 43.863, "2015-06-30": 38.67, "2015-03-31": "39.85800", "2014-12-31": 22.836, "2014-09-30": 26.426, "2014-06-30": 35.821, "2014-03-31": "36.43900", "2013-12-31": 31.892, "2013-09-30": 31.595, "2013-06-30": 20.615, "2013-03-31": "31.10700", "2012-12-31": 34.09, "2012-09-30": 36.24, "2012-06-30": 41.933, "2012-03-31": "28.45100", "2011-12-31": 22.95, "2011-09-30": 27.447, "2011-06-30": 28.915, "2011-03-31": "24.72800", "2010-12-31": 21.56, "2010-09-30": 18.56, "2010-06-30": 12.67, "2010-03-31": "19.88000", "2009-12-31": 12.72, "2009-09-30": 11.97, "2009-06-30": 11.71, "2009-03-31": "12.40000", "2008-12-31": 12.01, "2008-09-30": 10.81, "2008-06-30": 6.92, "2008-03-31": "5.87000", "2007-12-31": 3.93, "2007-09-30": 3.21, "2007-06-30": 1.97, "2007-03-31": "0.35000"}, "Change In Accounts Receivable": {"2020-09-30": -2.504, "2020-06-30": 1.308, "2020-03-31": "1.19600", "2019-12-31": 0, "2019-09-30": -0.457, "2019-06-30": -2.089, "2019-03-31": "2.54600", "2018-12-31": 7.82, "2018-09-30": -4.864, "2018-06-30": -12.233, "2018-03-31": "9.27700", "2017-12-31": 19.854, "2017-09-30": -17.112, "2017-06-30": 5.029, "2017-03-31": "-7.77100", "2016-12-31": -7.183, "2016-09-30": -13.384, "2016-06-30": 0.771, "2016-03-31": "-1.43800", "2015-12-31": 6.021, "2015-09-30": -2.136, "2015-06-30": -3.162, "2015-03-31": "-0.72300", "2014-12-31": -4.809, "2014-09-30": -1.579, "2014-06-30": -1.125, "2014-03-31": "-1.73900", "2013-12-31": -2.362, "2013-09-30": -9.072, "2013-06-30": 0.931, "2013-03-31": "-5.42800", "2012-12-31": -0.395, "2012-09-30": -0.248, "2012-06-30": -0.941, "2012-03-31": "-3.18100", "2011-12-31": -3.844, "2011-09-30": -1.918, "2011-06-30": 1.932, "2011-03-31": "0.86600", "2010-12-31": -7.102, "2010-09-30": 0, "2010-06-30": 0, "2010-03-31": "", "2009-12-31": 0, "2009-09-30": 0, "2009-06-30": 0, "2009-03-31": "", "2008-12-31": 0, "2008-09-30": 0, "2008-06-30": 0, "2008-03-31": "", "2007-12-31": 0, "2007-09-30": 0, "2007-06-30": 0, "2007-03-31": ""}, "Change In Inventories": {"2020-09-30": 0, "2020-06-30": 0, "2020-03-31": "", "2019-12-31": 0, "2019-09-30": 0, "2019-06-30": 0, "2019-03-31": "", "2018-12-31": 0, "2018-09-30": 0, "2018-06-30": 0, "2018-03-31": "", "2017-12-31": 0, "2017-09-30": 0, "2017-06-30": 0, "2017-03-31": "", "2016-12-31": 0, "2016-09-30": 0, "2016-06-30": 0, "2016-03-31": "", "2015-12-31": 0, "2015-09-30": 0, "2015-06-30": 0, "2015-03-31": "", "2014-12-31": 0, "2014-09-30": 0, "2014-06-30": 0, "2014-03-31": "", "2013-12-31": 0, "2013-09-30": 0, "2013-06-30": 0, "2013-03-31": "", "2012-12-31": 0, "2012-09-30": 0, "2012-06-30": 0, "2012-03-31": "", "2011-12-31": 0, "2011-09-30": 0, "2011-06-30": 0, "2011-03-31": "", "2010-12-31": 0, "2010-09-30": 0, "2010-06-30": 0, "2010-03-31": "", "2009-12-31": 0, "2009-09-30": 0, "2009-06-30": 0, "2009-03-31": "", "2008-12-31": 0, "2008-09-30": 0, "2008-06-30": 0, "2008-03-31": "", "2007-12-31": 0, "2007-09-30": 0, "2007-06-30": 0, "2007-03-31": ""}, "Change In Accounts Payable": {"2020-09-30": 0, "2020-06-30": 0, "2020-03-31": "", "2019-12-31": 0, "2019-09-30": 0, "2019-06-30": 0, "2019-03-31": "", "2018-12-31": 0, "2018-09-30": 0, "2018-06-30": 0, "2018-03-31": "", "2017-12-31": 0, "2017-09-30": 0, "2017-06-30": 0, "2017-03-31": "", "2016-12-31": 0, "2016-09-30": 0, "2016-06-30": 0, "2016-03-31": "", "2015-12-31": 0, "2015-09-30": 0, "2015-06-30": 0, "2015-03-31": "", "2014-12-31": 0, "2014-09-30": 0, "2014-06-30": 0, "2014-03-31": "", "2013-12-31": 0, "2013-09-30": 0, "2013-06-30": 0, "2013-03-31": "", "2012-12-31": 0, "2012-09-30": 0, "2012-06-30": 0, "2012-03-31": "", "2011-12-31": 0, "2011-09-30": 0, "2011-06-30": 0, "2011-03-31": "", "2010-12-31": -4.776, "2010-09-30": 0, "2010-06-30": 0, "2010-03-31": "", "2009-12-31": 0, "2009-09-30": 0, "2009-06-30": 0, "2009-03-31": "", "2008-12-31": 0, "2008-09-30": 0, "2008-06-30": 0, "2008-03-31": "", "2007-12-31": 0, "2007-09-30": 0, "2007-06-30": 0, "2007-03-31": ""}, "Change In Assets/Liabilities": {"2020-09-30": 5.331, "2020-06-30": 4.123, "2020-03-31": "1.05500", "2019-12-31": -7.051, "2019-09-30": 0.288, "2019-06-30": -0.009, "2019-03-31": "2.49200", "2018-12-31": -11.722, "2018-09-30": -3.937, "2018-06-30": 4.636, "2018-03-31": "-3.47900", "2017-12-31": -34.908, "2017-09-30": 5.251, "2017-06-30": 1.225, "2017-03-31": "0.68200", "2016-12-31": 4.069, "2016-09-30": -2.264, "2016-06-30": -4.989, "2016-03-31": "0.44600", "2015-12-31": -0.848, "2015-09-30": -4.688, "2015-06-30": 3.827, "2015-03-31": "4.29000", "2014-12-31": 0.415, "2014-09-30": -0.077, "2014-06-30": 0.152, "2014-03-31": "-2.51700", "2013-12-31": 2.696, "2013-09-30": 2.293, "2013-06-30": 4.541, "2013-03-31": "-0.45700", "2012-12-31": 4.98, "2012-09-30": -2.382, "2012-06-30": -3.176, "2012-03-31": "3.09800", "2011-12-31": 3.298, "2011-09-30": -2.383, "2011-06-30": 1.052, "2011-03-31": "-2.65300", "2010-12-31": 1.567, "2010-09-30": 0, "2010-06-30": 0, "2010-03-31": "", "2009-12-31": 0, "2009-09-30": 0, "2009-06-30": 0, "2009-03-31": "", "2008-12-31": 0, "2008-09-30": 0, "2008-06-30": 0, "2008-03-31": "", "2007-12-31": 0, "2007-09-30": 0, "2007-06-30": 0, "2007-03-31": ""}, "Total Change In Assets/Liabilities": {"2020-09-30": -2.623, "2020-06-30": 18.756, "2020-03-31": "-17.41100", "2019-12-31": 12.604, "2019-09-30": 3.31, "2019-06-30": 15.042, "2019-03-31": "-35.36400", "2018-12-31": 11.508, "2018-09-30": -1.479, "2018-06-30": 9.929, "2018-03-31": "-24.98200", "2017-12-31": -7.214, "2017-09-30": 3.433, "2017-06-30": 28.46, "2017-03-31": "-15.02300", "2016-12-31": -4.541, "2016-09-30": -6.067, "2016-06-30": 0.169, "2016-03-31": "-11.36200", "2015-12-31": 3.013, "2015-09-30": 1.076, "2015-06-30": 1.813, "2015-03-31": "-9.60500", "2014-12-31": -5.344, "2014-09-30": 13.692, "2014-06-30": 1.059, "2014-03-31": "-8.42400", "2013-12-31": -6.805, "2013-09-30": 10.257, "2013-06-30": 9.033, "2013-03-31": "-4.55400", "2012-12-31": 0.709, "2012-09-30": 2.633, "2012-06-30": -0.864, "2012-03-31": "-2.03900", "2011-12-31": -4.074, "2011-09-30": -2.207, "2011-06-30": 5.599, "2011-03-31": "-1.80800", "2010-12-31": -5.07, "2010-09-30": -2.52, "2010-06-30": 6.06, "2010-03-31": "-7.06000", "2009-12-31": -3.35, "2009-09-30": -0.9, "2009-06-30": -0.47, "2009-03-31": "-0.10000", "2008-12-31": 9.5, "2008-09-30": 3.18, "2008-06-30": -3.2, "2008-03-31": "3.32000", "2007-12-31": 4.09, "2007-09-30": 1.27, "2007-06-30": -0.45, "2007-03-31": "0.20000"}, "Cash Flow From Operating Activities": {"2020-09-30": 87.485, "2020-06-30": 106.762, "2020-03-31": "75.42100", "2019-12-31": 102.012, "2019-09-30": 89.645, "2019-06-30": 100.182, "2019-03-31": "48.55500", "2018-12-31": 96.645, "2018-09-30": 84.643, "2018-06-30": 95.228, "2018-03-31": "60.88000", "2017-12-31": 79.001, "2017-09-30": 88.021, "2017-06-30": 93.508, "2017-03-31": "47.01300", "2016-12-31": 55.438, "2016-09-30": 51.857, "2016-06-30": 55.948, "2016-03-31": "40.45200", "2015-12-31": 52.436, "2015-09-30": 51.493, "2015-06-30": 49.971, "2015-03-31": "37.19500", "2014-12-31": 38.949, "2014-09-30": 56.338, "2014-06-30": 39.763, "2014-03-31": "33.44900", "2013-12-31": 29.149, "2013-09-30": 46.857, "2013-06-30": 43.881, "2013-03-31": "27.93700", "2012-12-31": 32.982, "2012-09-30": 35.942, "2012-06-30": 21.756, "2012-03-31": "26.10500", "2011-12-31": 25.54, "2011-09-30": 25.474, "2011-06-30": 35.676, "2011-03-31": "25.11000", "2010-12-31": 8.88, "2010-09-30": 17.85, "2010-06-30": 19.23, "2010-03-31": "12.54000", "2009-12-31": 5.04, "2009-09-30": 1.71, "2009-06-30": 8.36, "2009-03-31": "5.89000", "2008-12-31": 5.04, "2008-09-30": 8.59, "2008-06-30": 4.46, "2008-03-31": "2.58000", "2007-12-31": 4.04, "2007-09-30": 2.58, "2007-06-30": 0.35, "2007-03-31": "0.03000"}, "Net Change In Property, Plant, And Equipment": {"2020-09-30": 26.239, "2020-06-30": -61.462, "2020-03-31": "-17.37300", "2019-12-31": -581.622, "2019-09-30": 72.085, "2019-06-30": -114.803, "2019-03-31": "-15.62200", "2018-12-31": -31.428, "2018-09-30": 287.301, "2018-06-30": -28.58, "2018-03-31": "-17.41700", "2017-12-31": 28.04, "2017-09-30": -171.723, "2017-06-30": -2181.237, "2017-03-31": "-42.85400", "2016-12-31": -65.17, "2016-09-30": -208.005, "2016-06-30": -167.708, "2016-03-31": "-167.51000", "2015-12-31": -36.817, "2015-09-30": 0.318, "2015-06-30": -195.652, "2015-03-31": "-41.82400", "2014-12-31": -43.791, "2014-09-30": -80.213, "2014-06-30": -127.88, "2014-03-31": "-5.57000", "2013-12-31": -125.364, "2013-09-30": -140.076, "2013-06-30": -7.981, "2013-03-31": "-92.26800", "2012-12-31": -31.318, "2012-09-30": -22.728, "2012-06-30": -5.654, "2012-03-31": "-220.59500", "2011-12-31": 39.029, "2011-09-30": -3.41, "2011-06-30": -3.338, "2011-03-31": "-32.28100", "2010-12-31": 0, "2010-09-30": 0, "2010-06-30": 0, "2010-03-31": "0.00000", "2009-12-31": 0, "2009-09-30": 0, "2009-06-30": 0, "2009-03-31": "0.00000", "2008-12-31": 0, "2008-09-30": 0, "2008-06-30": 0, "2008-03-31": "0.00000", "2007-12-31": 0, "2007-09-30": 0, "2007-06-30": 0, "2007-03-31": "0.00000"}, "Net Change In Intangible Assets": {"2020-09-30": 0, "2020-06-30": 0, "2020-03-31": "", "2019-12-31": 0, "2019-09-30": 0, "2019-06-30": 0, "2019-03-31": "", "2018-12-31": 0, "2018-09-30": 0, "2018-06-30": 0, "2018-03-31": "", "2017-12-31": 0, "2017-09-30": 0, "2017-06-30": 0, "2017-03-31": "", "2016-12-31": 0, "2016-09-30": 0, "2016-06-30": 0, "2016-03-31": "", "2015-12-31": 0, "2015-09-30": 0, "2015-06-30": 0, "2015-03-31": "", "2014-12-31": 0, "2014-09-30": 0, "2014-06-30": 0, "2014-03-31": "", "2013-12-31": 0, "2013-09-30": 0, "2013-06-30": 0, "2013-03-31": "", "2012-12-31": 0, "2012-09-30": 0, "2012-06-30": 0, "2012-03-31": "", "2011-12-31": 0, "2011-09-30": 0, "2011-06-30": 0, "2011-03-31": "", "2010-12-31": 0, "2010-09-30": 0, "2010-06-30": 0, "2010-03-31": "", "2009-12-31": 0, "2009-09-30": 0, "2009-06-30": 0, "2009-03-31": "", "2008-12-31": 0, "2008-09-30": 0, "2008-06-30": 0, "2008-03-31": "", "2007-12-31": 0, "2007-09-30": 0, "2007-06-30": 0, "2007-03-31": ""}, "Net Acquisitions/Divestitures": {"2020-09-30": 0, "2020-06-30": 0, "2020-03-31": "", "2019-12-31": 0, "2019-09-30": 0, "2019-06-30": 0, "2019-03-31": "", "2018-12-31": 0, "2018-09-30": 0, "2018-06-30": 0, "2018-03-31": "", "2017-12-31": 0, "2017-09-30": 0, "2017-06-30": 0, "2017-03-31": "", "2016-12-31": 0, "2016-09-30": 0, "2016-06-30": 0, "2016-03-31": "", "2015-12-31": 0, "2015-09-30": 0, "2015-06-30": 0, "2015-03-31": "", "2014-12-31": 0, "2014-09-30": 0, "2014-06-30": 0, "2014-03-31": "", "2013-12-31": 0, "2013-09-30": 0, "2013-06-30": 0, "2013-03-31": "", "2012-12-31": 0, "2012-09-30": 0, "2012-06-30": 0, "2012-03-31": "", "2011-12-31": 0, "2011-09-30": 0, "2011-06-30": 0, "2011-03-31": "", "2010-12-31": 0, "2010-09-30": 0, "2010-06-30": 0, "2010-03-31": "0.00000", "2009-12-31": 0, "2009-09-30": 0, "2009-06-30": 0, "2009-03-31": "0.00000", "2008-12-31": 0, "2008-09-30": 0, "2008-06-30": 0, "2008-03-31": "0.00000", "2007-12-31": 0, "2007-09-30": 0, "2007-06-30": 0, "2007-03-31": "0.00000"}, "Net Change In Short-term Investments": {"2020-09-30": 0, "2020-06-30": 0, "2020-03-31": "", "2019-12-31": 0, "2019-09-30": 0, "2019-06-30": 0, "2019-03-31": "", "2018-12-31": 0, "2018-09-30": 0, "2018-06-30": 0, "2018-03-31": "", "2017-12-31": 0, "2017-09-30": 0, "2017-06-30": 0, "2017-03-31": "", "2016-12-31": 0, "2016-09-30": 0, "2016-06-30": 0, "2016-03-31": "", "2015-12-31": 0, "2015-09-30": 0, "2015-06-30": 0, "2015-03-31": "", "2014-12-31": 0, "2014-09-30": 0, "2014-06-30": 0, "2014-03-31": "", "2013-12-31": 0, "2013-09-30": 0, "2013-06-30": 0, "2013-03-31": "", "2012-12-31": 0, "2012-09-30": 0, "2012-06-30": 0, "2012-03-31": "", "2011-12-31": 0, "2011-09-30": 0, "2011-06-30": 0, "2011-03-31": "", "2010-12-31": 0, "2010-09-30": 0, "2010-06-30": 0, "2010-03-31": "", "2009-12-31": 0, "2009-09-30": 0, "2009-06-30": 0, "2009-03-31": "", "2008-12-31": 0, "2008-09-30": 0, "2008-06-30": 0, "2008-03-31": "", "2007-12-31": 0, "2007-09-30": 0, "2007-06-30": 0, "2007-03-31": ""}, "Net Change In Long-Term Investments": {"2020-09-30": -52.553, "2020-06-30": 41.338, "2020-03-31": "-41.33800", "2019-12-31": 223.168, "2019-09-30": -223.168, "2019-06-30": 18.592, "2019-03-31": "-18.59200", "2018-12-31": 17.389, "2018-09-30": -17.389, "2018-06-30": 11.887, "2018-03-31": "-11.88700", "2017-12-31": 0, "2017-09-30": 0, "2017-06-30": -68.839, "2017-03-31": "", "2016-12-31": 0, "2016-09-30": 0, "2016-06-30": 0, "2016-03-31": "", "2015-12-31": 0, "2015-09-30": 0, "2015-06-30": 0, "2015-03-31": "", "2014-12-31": 0, "2014-09-30": 0, "2014-06-30": 0, "2014-03-31": "", "2013-12-31": 0, "2013-09-30": 0, "2013-06-30": 0, "2013-03-31": "", "2012-12-31": 0, "2012-09-30": 0, "2012-06-30": 0, "2012-03-31": "", "2011-12-31": 0, "2011-09-30": 0, "2011-06-30": 0, "2011-03-31": "", "2010-12-31": 0, "2010-09-30": 0, "2010-06-30": 0, "2010-03-31": "", "2009-12-31": 0, "2009-09-30": 0, "2009-06-30": 0, "2009-03-31": "", "2008-12-31": 0, "2008-09-30": 0, "2008-06-30": 0, "2008-03-31": "", "2007-12-31": 0, "2007-09-30": 0, "2007-06-30": 0, "2007-03-31": ""}, "Net Change In Investments - Total": {"2020-09-30": -52.553, "2020-06-30": 41.338, "2020-03-31": "-41.33800", "2019-12-31": 223.168, "2019-09-30": -223.168, "2019-06-30": 18.592, "2019-03-31": "-18.59200", "2018-12-31": 17.389, "2018-09-30": -17.389, "2018-06-30": 11.887, "2018-03-31": "-11.88700", "2017-12-31": 0, "2017-09-30": 0, "2017-06-30": -68.839, "2017-03-31": "", "2016-12-31": 0, "2016-09-30": 0, "2016-06-30": 0, "2016-03-31": "", "2015-12-31": 0, "2015-09-30": 0, "2015-06-30": 0, "2015-03-31": "", "2014-12-31": 0, "2014-09-30": 0, "2014-06-30": 0, "2014-03-31": "", "2013-12-31": 0, "2013-09-30": 0, "2013-06-30": 0, "2013-03-31": "", "2012-12-31": 0, "2012-09-30": 0, "2012-06-30": 0, "2012-03-31": "", "2011-12-31": -77.41, "2011-09-30": 0, "2011-06-30": 0, "2011-03-31": "", "2010-12-31": -320.29, "2010-09-30": -87.33, "2010-06-30": -65.9, "2010-03-31": "-138.46000", "2009-12-31": -163.34, "2009-09-30": -164.92, "2009-06-30": -44.45, "2009-03-31": "-38.61000", "2008-12-31": -56.46, "2008-09-30": -99.38, "2008-06-30": -243.89, "2008-03-31": "-108.38000", "2007-12-31": -127.2, "2007-09-30": -135.48, "2007-06-30": -99.79, "2007-03-31": "-18.36000"}, "Investing Activities - Other": {"2020-09-30": -18.917, "2020-06-30": -17.941, "2020-03-31": "-17.91200", "2019-12-31": -13.625, "2019-09-30": -9.44, "2019-06-30": -2.429, "2019-03-31": "-1.83300", "2018-12-31": -4.498, "2018-09-30": -5.555, "2018-06-30": -10.451, "2018-03-31": "-13.06300", "2017-12-31": 0.68, "2017-09-30": -18.815, "2017-06-30": -0.348, "2017-03-31": "", "2016-12-31": -2.143, "2016-09-30": 2.569, "2016-06-30": 0.373, "2016-03-31": "-0.79900", "2015-12-31": -3.19, "2015-09-30": -1.556, "2015-06-30": 4.871, "2015-03-31": "-0.32100", "2014-12-31": 7.07, "2014-09-30": -23.082, "2014-06-30": 14.16, "2014-03-31": "-0.39600", "2013-12-31": 1.955, "2013-09-30": -10.321, "2013-06-30": -0.788, "2013-03-31": "0.14300", "2012-12-31": 0.01, "2012-09-30": -4.319, "2012-06-30": 1.278, "2012-03-31": "-0.21900", "2011-12-31": 2.223, "2011-09-30": -3.836, "2011-06-30": 9.264, "2011-03-31": "3.80900", "2010-12-31": -2.45, "2010-09-30": 9.64, "2010-06-30": -4.92, "2010-03-31": "-17.13000", "2009-12-31": -36.26, "2009-09-30": -6.85, "2009-06-30": -0.11, "2009-03-31": "-0.30000", "2008-12-31": -14.43, "2008-09-30": -0.99, "2008-06-30": -3.58, "2008-03-31": "0.65000", "2007-12-31": 0.27, "2007-09-30": -1.52, "2007-06-30": -1.66, "2007-03-31": "-1.69000"}, "Cash Flow From Investing Activities": {"2020-09-30": -45.231, "2020-06-30": -38.065, "2020-03-31": "-76.62300", "2019-12-31": -372.079, "2019-09-30": -160.523, "2019-06-30": -98.64, "2019-03-31": "-36.04700", "2018-12-31": -18.537, "2018-09-30": 264.357, "2018-06-30": -27.144, "2018-03-31": "-42.36700", "2017-12-31": 28.72, "2017-09-30": -190.538, "2017-06-30": -2250.424, "2017-03-31": "-42.85400", "2016-12-31": -67.313, "2016-09-30": -205.436, "2016-06-30": -167.335, "2016-03-31": "-168.30900", "2015-12-31": -40.007, "2015-09-30": -1.238, "2015-06-30": -190.781, "2015-03-31": "-42.14500", "2014-12-31": -36.721, "2014-09-30": -103.295, "2014-06-30": -113.72, "2014-03-31": "-5.96600", "2013-12-31": -123.409, "2013-09-30": -150.397, "2013-06-30": -8.769, "2013-03-31": "-92.12500", "2012-12-31": -31.308, "2012-09-30": -27.047, "2012-06-30": -4.376, "2012-03-31": "-220.81400", "2011-12-31": -36.158, "2011-09-30": -7.246, "2011-06-30": 5.926, "2011-03-31": "-28.47200", "2010-12-31": -322.73, "2010-09-30": -77.69, "2010-06-30": -70.82, "2010-03-31": "-155.60000", "2009-12-31": -199.6, "2009-09-30": -171.78, "2009-06-30": -44.55, "2009-03-31": "-38.92000", "2008-12-31": -70.9, "2008-09-30": -100.36, "2008-06-30": -247.48, "2008-03-31": "-107.73000", "2007-12-31": -126.93, "2007-09-30": -137.01, "2007-06-30": -101.44, "2007-03-31": "-20.06000"}, "Net Long-Term Debt": {"2020-09-30": 211.7141, "2020-06-30": -141.604, "2020-03-31": "209.39800", "2019-12-31": 84.4039, "2019-09-30": 101.335, "2019-06-30": 24.414, "2019-03-31": "-0.58700", "2018-12-31": -67.809, "2018-09-30": -73.994, "2018-06-30": -97.62, "2018-03-31": "-1.59800", "2017-12-31": -76.58, "2017-09-30": 73.875, "2017-06-30": 695.836, "2017-03-31": "41.84500", "2016-12-31": 48.518, "2016-09-30": 83.063, "2016-06-30": -56.03, "2016-03-31": "76.23900", "2015-12-31": 23.293, "2015-09-30": -62.978, "2015-06-30": 180.789, "2015-03-31": "46.04000", "2014-12-31": -100.847, "2014-09-30": -28.175, "2014-06-30": 197.302, "2014-03-31": "18.09900", "2013-12-31": 53.339, "2013-09-30": -6.63, "2013-06-30": -21.497, "2013-03-31": "98.38300", "2012-12-31": 36.931, "2012-09-30": 141.242, "2012-06-30": 22.789, "2012-03-31": "197.43700", "2011-12-31": -10.847, "2011-09-30": -17.329, "2011-06-30": -60.411, "2011-03-31": "15.00400", "2010-12-31": -36.992, "2010-09-30": 0, "2010-06-30": 0, "2010-03-31": "", "2009-12-31": 0, "2009-09-30": 0, "2009-06-30": 0, "2009-03-31": "", "2008-12-31": 0, "2008-09-30": 0, "2008-06-30": 0, "2008-03-31": "", "2007-12-31": 0, "2007-09-30": 0, "2007-06-30": 0, "2007-03-31": ""}, "Net Current Debt": {"2020-09-30": 0, "2020-06-30": 0, "2020-03-31": "", "2019-12-31": 0, "2019-09-30": 0, "2019-06-30": 0, "2019-03-31": "", "2018-12-31": 0, "2018-09-30": 0, "2018-06-30": 0, "2018-03-31": "", "2017-12-31": 0, "2017-09-30": 0, "2017-06-30": 0, "2017-03-31": "", "2016-12-31": 0, "2016-09-30": 0, "2016-06-30": 0, "2016-03-31": "", "2015-12-31": 0, "2015-09-30": 0, "2015-06-30": 0, "2015-03-31": "", "2014-12-31": 0, "2014-09-30": 0, "2014-06-30": 0, "2014-03-31": "", "2013-12-31": 0, "2013-09-30": 0, "2013-06-30": 0, "2013-03-31": "", "2012-12-31": 0, "2012-09-30": 0, "2012-06-30": 0, "2012-03-31": "", "2011-12-31": 0, "2011-09-30": 0, "2011-06-30": 0, "2011-03-31": "", "2010-12-31": 0, "2010-09-30": 0, "2010-06-30": 0, "2010-03-31": "0.00000", "2009-12-31": 0, "2009-09-30": 0, "2009-06-30": 0, "2009-03-31": "0.00000", "2008-12-31": 0, "2008-09-30": 0, "2008-06-30": 0, "2008-03-31": "0.00000", "2007-12-31": 0, "2007-09-30": 0, "2007-06-30": 0, "2007-03-31": "0.00000"}, "Debt Issuance/Retirement Net - Total": {"2020-09-30": 211.7141, "2020-06-30": -141.604, "2020-03-31": "209.39800", "2019-12-31": 84.4039, "2019-09-30": 101.335, "2019-06-30": 24.414, "2019-03-31": "-0.58700", "2018-12-31": -67.809, "2018-09-30": -73.994, "2018-06-30": -97.62, "2018-03-31": "-1.59800", "2017-12-31": -76.58, "2017-09-30": 73.875, "2017-06-30": 695.836, "2017-03-31": "41.84500", "2016-12-31": 48.518, "2016-09-30": 83.063, "2016-06-30": -56.03, "2016-03-31": "76.23900", "2015-12-31": 23.293, "2015-09-30": -62.978, "2015-06-30": 180.789, "2015-03-31": "46.04000", "2014-12-31": -100.847, "2014-09-30": -28.175, "2014-06-30": 197.302, "2014-03-31": "18.09900", "2013-12-31": 53.339, "2013-09-30": -6.63, "2013-06-30": -21.497, "2013-03-31": "98.38300", "2012-12-31": 36.931, "2012-09-30": 141.242, "2012-06-30": 22.789, "2012-03-31": "197.43700", "2011-12-31": -10.844, "2011-09-30": -17.329, "2011-06-30": -60.411, "2011-03-31": "15.00400", "2010-12-31": -32.31, "2010-09-30": -22.82, "2010-06-30": 31.34, "2010-03-31": "-13.20000", "2009-12-31": 34.94, "2009-09-30": -0.98, "2009-06-30": -0.72, "2009-03-31": "-7.22000", "2008-12-31": -0.61, "2008-09-30": -27.8, "2008-06-30": 142.73, "2008-03-31": "59.74000", "2007-12-31": 78.57, "2007-09-30": 84.45, "2007-06-30": 37.53, "2007-03-31": "0.00000"}, "Net Common Equity Issued/Repurchased": {"2020-09-30": -0.296, "2020-06-30": 1.204, "2020-03-31": "45.39600", "2019-12-31": 271.57, "2019-09-30": 51.74, "2019-06-30": -0.169, "2019-03-31": "-11.92600", "2018-12-31": -50.888, "2018-09-30": -7.467, "2018-06-30": 63.97, "2018-03-31": "-2.70900", "2017-12-31": 122.734, "2017-09-30": -0.074, "2017-06-30": 1624.001, "2017-03-31": "-3.11800", "2016-12-31": 2.489, "2016-09-30": 125.769, "2016-06-30": 200.841, "2016-03-31": "89.85600", "2015-12-31": -0.345, "2015-09-30": 44.3, "2015-06-30": -0.006, "2015-03-31": "-1.29200", "2014-12-31": 133.514, "2014-09-30": 0, "2014-06-30": 18.016, "2014-03-31": "-0.57200", "2013-12-31": 10.924, "2013-09-30": 103.899, "2013-06-30": 19.835, "2013-03-31": "105.47700", "2012-12-31": -0.205, "2012-09-30": -150.462, "2012-06-30": -22.019, "2012-03-31": "-9.91600", "2011-12-31": -6.955, "2011-09-30": -10.03, "2011-06-30": -8.348, "2011-03-31": "202.29400", "2010-12-31": 542.821, "2010-09-30": 0, "2010-06-30": 0, "2010-03-31": "", "2009-12-31": 0, "2009-09-30": 0, "2009-06-30": 0, "2009-03-31": "", "2008-12-31": 0, "2008-09-30": 0, "2008-06-30": 0, "2008-03-31": "", "2007-12-31": 0, "2007-09-30": 0, "2007-06-30": 0, "2007-03-31": ""}, "Net Total Equity Issued/Repurchased": {"2020-09-30": -0.296, "2020-06-30": 1.204, "2020-03-31": "45.39600", "2019-12-31": 271.57, "2019-09-30": 51.74, "2019-06-30": -0.169, "2019-03-31": "-11.92600", "2018-12-31": -50.888, "2018-09-30": -7.467, "2018-06-30": 63.97, "2018-03-31": "-2.70900", "2017-12-31": 122.734, "2017-09-30": -0.074, "2017-06-30": 1624.001, "2017-03-31": "-3.11800", "2016-12-31": 2.489, "2016-09-30": 125.769, "2016-06-30": 200.841, "2016-03-31": "89.85600", "2015-12-31": -0.345, "2015-09-30": 44.3, "2015-06-30": -0.006, "2015-03-31": "-1.29200", "2014-12-31": 133.514, "2014-09-30": 0, "2014-06-30": 18.016, "2014-03-31": "-0.57200", "2013-12-31": 10.924, "2013-09-30": 103.899, "2013-06-30": 19.835, "2013-03-31": "105.47700", "2012-12-31": -0.205, "2012-09-30": -150.462, "2012-06-30": -22.019, "2012-03-31": "-9.91600", "2011-12-31": -28.096, "2011-09-30": -10.03, "2011-06-30": -8.348, "2011-03-31": "202.29400", "2010-12-31": 193.74, "2010-09-30": 158.88, "2010-06-30": 94.13, "2010-03-31": "96.07000", "2009-12-31": 80.61, "2009-09-30": 130.74, "2009-06-30": 202.7, "2009-03-31": "192.33000", "2008-12-31": 186.61, "2008-09-30": 163.92, "2008-06-30": 118.92, "2008-03-31": "58.28000", "2007-12-31": 53.65, "2007-09-30": 52.33, "2007-06-30": 78.44, "2007-03-31": "26.51000"}, "Total Common And Preferred Stock Dividends Paid": {"2020-09-30": -68.83, "2020-06-30": -68.823, "2020-03-31": "-68.22700", "2019-12-31": -65.264, "2019-09-30": -63.466, "2019-06-30": -63.701, "2019-03-31": "-63.68600", "2018-12-31": -64.237, "2018-09-30": -63.286, "2018-06-30": -62.582, "2018-03-31": "-62.54600", "2017-12-31": -61.21, "2017-09-30": -60.194, "2017-06-30": -43.147, "2017-03-31": "-42.53600", "2016-12-31": -42.519, "2016-09-30": -40.637, "2016-06-30": -38.545, "2016-03-31": "-37.47300", "2015-12-31": -37.481, "2015-09-30": -36.307, "2015-06-30": -36.309, "2015-03-31": "-36.27500", "2014-12-31": -34.652, "2014-09-30": -34.345, "2014-06-30": -34.109, "2014-03-31": "-34.05200", "2013-12-31": -33.763, "2013-09-30": -32.499, "2013-06-30": -32.242, "2013-03-31": "-30.85600", "2012-12-31": -30.816, "2012-09-30": -11.22, "2012-06-30": -28.991, "2012-03-31": "-22.24600", "2011-12-31": -21.799, "2011-09-30": -21.99, "2011-06-30": -21.691, "2011-03-31": "-19.32000", "2010-12-31": -17.3, "2010-09-30": -15.67, "2010-06-30": -14.37, "2010-03-31": "-12.83000", "2009-12-31": -12.01, "2009-09-30": -11.03, "2009-06-30": -9.15, "2009-03-31": "-7.31000", "2008-12-31": -5.67, "2008-09-30": -4.14, "2008-06-30": -2.97, "2008-03-31": "-2.16000", "2007-12-31": -1.69, "2007-09-30": -1.16, "2007-06-30": -0.45, "2007-03-31": "-0.02000"}, "Financial Activities - Other": {"2020-09-30": -33.596, "2020-06-30": -0.946, "2020-03-31": "-1.50900", "2019-12-31": -0.843, "2019-09-30": -30.059, "2019-06-30": -1.417, "2019-03-31": "-1.36400", "2018-12-31": -1.801, "2018-09-30": -3.701, "2018-06-30": -1.185, "2018-03-31": "-1.28200", "2017-12-31": -0.984, "2017-09-30": -8.831, "2017-06-30": -19.231, "2017-03-31": "-1.31800", "2016-12-31": -5.398, "2016-09-30": -4.826, "2016-06-30": -0.558, "2016-03-31": "-0.00800", "2015-12-31": -0.879, "2015-09-30": -0.701, "2015-06-30": -0.604, "2015-03-31": "-0.41900", "2014-12-31": -8.245, "2014-09-30": -4.827, "2014-06-30": -1.892, "2014-03-31": "-1.68000", "2013-12-31": -0.34, "2013-09-30": 0.08, "2013-06-30": -1.295, "2013-03-31": "-3.81400", "2012-12-31": 0.032, "2012-09-30": -4.092, "2012-06-30": -0.302, "2012-03-31": "-4.93700", "2011-12-31": 18.554, "2011-09-30": -0.863, "2011-06-30": -4.27, "2011-03-31": "-16.48100", "2010-12-31": -22.18, "2010-09-30": -16.24, "2010-06-30": -11.04, "2010-03-31": "-17.57000", "2009-12-31": -11.78, "2009-09-30": -17.36, "2009-06-30": -21.21, "2009-03-31": "-18.03000", "2008-12-31": -20.43, "2008-09-30": -17.68, "2008-06-30": -13.32, "2008-03-31": "-6.76000", "2007-12-31": -6.7, "2007-09-30": -7.43, "2007-06-30": -8.41, "2007-03-31": "-1.93000"}, "Cash Flow From Financial Activities": {"2020-09-30": 108.992, "2020-06-30": -210.169, "2020-03-31": "185.05800", "2019-12-31": 289.867, "2019-09-30": 59.55, "2019-06-30": -40.873, "2019-03-31": "-77.56300", "2018-12-31": -184.735, "2018-09-30": -148.448, "2018-06-30": -97.417, "2018-03-31": "-68.13500", "2017-12-31": -16.04, "2017-09-30": 4.776, "2017-06-30": 2257.459, "2017-03-31": "-5.12700", "2016-12-31": 3.09, "2016-09-30": 163.369, "2016-06-30": 105.708, "2016-03-31": "128.61400", "2015-12-31": -15.412, "2015-09-30": -55.686, "2015-06-30": 143.87, "2015-03-31": "8.05400", "2014-12-31": -10.23, "2014-09-30": -67.347, "2014-06-30": 179.317, "2014-03-31": "-18.20500", "2013-12-31": 30.16, "2013-09-30": 64.85, "2013-06-30": -35.199, "2013-03-31": "169.19000", "2012-12-31": 5.942, "2012-09-30": -24.532, "2012-06-30": -28.523, "2012-03-31": "160.33800", "2011-12-31": -42.185, "2011-09-30": -50.212, "2011-06-30": -94.72, "2011-03-31": "181.49700", "2010-12-31": 121.94, "2010-09-30": 104.14, "2010-06-30": 100.08, "2010-03-31": "52.45000", "2009-12-31": 91.78, "2009-09-30": 101.37, "2009-06-30": 171.61, "2009-03-31": "159.76000", "2008-12-31": 159.91, "2008-09-30": 114.29, "2008-06-30": 245.37, "2008-03-31": "109.09000", "2007-12-31": 123.85, "2007-09-30": 128.19, "2007-06-30": 107.11, "2007-03-31": "24.55000"}, "Net Cash Flow": {"2020-09-30": 151.246, "2020-06-30": -141.472, "2020-03-31": "183.85600", "2019-12-31": 19.8, "2019-09-30": -11.328, "2019-06-30": -39.331, "2019-03-31": "-65.05500", "2018-12-31": -106.627, "2018-09-30": 200.552, "2018-06-30": -29.333, "2018-03-31": "-49.62200", "2017-12-31": 91.681, "2017-09-30": -97.741, "2017-06-30": 100.543, "2017-03-31": "-0.96800", "2016-12-31": -8.785, "2016-09-30": 9.79, "2016-06-30": -5.679, "2016-03-31": "0.75700", "2015-12-31": -2.983, "2015-09-30": -5.431, "2015-06-30": 3.06, "2015-03-31": "3.10400", "2014-12-31": -8.002, "2014-09-30": -114.304, "2014-06-30": 105.36, "2014-03-31": "9.27800", "2013-12-31": -64.1, "2013-09-30": -38.69, "2013-06-30": -0.087, "2013-03-31": "105.00200", "2012-12-31": 7.616, "2012-09-30": -15.637, "2012-06-30": -11.143, "2012-03-31": "-34.37100", "2011-12-31": -52.813, "2011-09-30": -31.984, "2011-06-30": -53.118, "2011-03-31": "178.13500", "2010-12-31": -191.91, "2010-09-30": 44.29, "2010-06-30": 48.48, "2010-03-31": "-90.59000", "2009-12-31": -102.79, "2009-09-30": -68.68, "2009-06-30": 135.41, "2009-03-31": "126.73000", "2008-12-31": 94.04, "2008-09-30": 22.53, "2008-06-30": 2.35, "2008-03-31": "3.94000", "2007-12-31": 0.95, "2007-09-30": -6.24, "2007-06-30": 6.03, "2007-03-31": "4.52000"}, "Stock-Based Compensation": {"2020-09-30": 1.832, "2020-06-30": 2.1, "2020-03-31": "3.20300", "2019-12-31": 2.299, "2019-09-30": 2.337, "2019-06-30": 2.102, "2019-03-31": "3.38900", "2018-12-31": 1.925, "2018-09-30": 2.127, "2018-06-30": 2.196, "2018-03-31": "3.50700", "2017-12-31": 1.377, "2017-09-30": 1.654, "2017-06-30": 1.309, "2017-03-31": "2.53000", "2016-12-31": 1.935, "2016-09-30": 2.103, "2016-06-30": 1.23, "2016-03-31": "1.80300", "2015-12-31": 1.262, "2015-09-30": 1.358, "2015-06-30": 1.19, "2015-03-31": "1.91400", "2014-12-31": 1.104, "2014-09-30": 1.025, "2014-06-30": 0.866, "2014-03-31": "1.38800", "2013-12-31": 0.519, "2013-09-30": 0.466, "2013-06-30": 0.34, "2013-03-31": "4.32300", "2012-12-31": 5.118, "2012-09-30": 4.643, "2012-06-30": 6.645, "2012-03-31": "1.00200", "2011-12-31": 0.542, "2011-09-30": 1.137, "2011-06-30": 0.645, "2011-03-31": "0.89700", "2010-12-31": 1.313, "2010-09-30": 0, "2010-06-30": 0, "2010-03-31": "", "2009-12-31": 0, "2009-09-30": 0, "2009-06-30": 0, "2009-03-31": "", "2008-12-31": 0, "2008-09-30": 0, "2008-06-30": 0, "2008-03-31": "", "2007-12-31": 0, "2007-09-30": 0, "2007-06-30": 0, "2007-03-31": ""}, "Common Stock Dividends Paid": {"2020-09-30": -68.83, "2020-06-30": -68.823, "2020-03-31": "-68.22700", "2019-12-31": -65.264, "2019-09-30": -63.466, "2019-06-30": -63.701, "2019-03-31": "-63.68600", "2018-12-31": -64.237, "2018-09-30": -63.286, "2018-06-30": -62.582, "2018-03-31": "-62.54600", "2017-12-31": -61.21, "2017-09-30": -60.194, "2017-06-30": -43.147, "2017-03-31": "-42.53600", "2016-12-31": -42.519, "2016-09-30": -40.637, "2016-06-30": -38.545, "2016-03-31": "-37.47300", "2015-12-31": -37.481, "2015-09-30": -36.307, "2015-06-30": -36.309, "2015-03-31": "-36.27500", "2014-12-31": -34.652, "2014-09-30": -34.345, "2014-06-30": -34.109, "2014-03-31": "-34.05200", "2013-12-31": -33.763, "2013-09-30": -32.499, "2013-06-30": -32.242, "2013-03-31": "-30.85600", "2012-12-31": -30.816, "2012-09-30": -11.22, "2012-06-30": -28.991, "2012-03-31": "-22.24600", "2011-12-31": -21.799, "2011-09-30": -21.99, "2011-06-30": -21.691, "2011-03-31": "-19.32000", "2010-12-31": -60.176, "2010-09-30": 0, "2010-06-30": 0, "2010-03-31": "", "2009-12-31": 0, "2009-09-30": 0, "2009-06-30": 0, "2009-03-31": "", "2008-12-31": 0, "2008-09-30": 0, "2008-06-30": 0, "2008-03-31": "", "2007-12-31": 0, "2007-09-30": 0, "2007-06-30": 0, "2007-03-31": ""}}, "financial ratios": {"Current Ratio": {"2019-12-31": "", "2018-12-31": "", "2017-12-31": "", "2016-12-31": "", "2015-12-31": "", "2014-12-31": "", "2013-12-31": "", "2012-12-31": "", "2011-12-31": "", "2010-12-31": "", "2009-12-31": "", "2008-12-31": "", "2007-12-31": ""}, "Long-term Debt / Capital": {"2019-12-31": "0.44490", "2018-12-31": "0.43250", "2017-12-31": "0.45260", "2016-12-31": "0.49840", "2015-12-31": "0.53060", "2014-12-31": "0.48710", "2013-12-31": "0.46450", "2012-12-31": "0.45060", "2011-12-31": "0.28970", "2010-12-31": "", "2009-12-31": "", "2008-12-31": "", "2007-12-31": "0.22470"}, "Debt/Equity Ratio": {"2019-12-31": "0.80150", "2018-12-31": "0.76200", "2017-12-31": "0.82680", "2016-12-31": "0.99350", "2015-12-31": "1.13060", "2014-12-31": "0.94970", "2013-12-31": "0.86750", "2012-12-31": "0.82030", "2011-12-31": "0.40780", "2010-12-31": "0.00470", "2009-12-31": "", "2008-12-31": "", "2007-12-31": "0.28990"}, "Gross Margin": {"2019-12-31": "", "2018-12-31": "", "2017-12-31": "", "2016-12-31": "", "2015-12-31": "", "2014-12-31": "", "2013-12-31": "", "2012-12-31": "", "2011-12-31": "", "2010-12-31": "", "2009-12-31": "", "2008-12-31": "", "2007-12-31": ""}, "Operating Margin": {"2019-12-31": "21.16450", "2018-12-31": "21.69550", "2017-12-31": "20.13830", "2016-12-31": "22.11190", "2015-12-31": "23.17460", "2014-12-31": "22.36120", "2013-12-31": "20.60380", "2012-12-31": "10.15270", "2011-12-31": "17.01760", "2010-12-31": "10.58840", "2009-12-31": "11.43810", "2008-12-31": "6.57880", "2007-12-31": "-8.45630"}, "EBIT Margin": {"2019-12-31": "21.16450", "2018-12-31": "21.69550", "2017-12-31": "20.13830", "2016-12-31": "22.11190", "2015-12-31": "23.17460", "2014-12-31": "22.36120", "2013-12-31": "20.60380", "2012-12-31": "10.15270", "2011-12-31": "17.01760", "2010-12-31": "10.58840", "2009-12-31": "11.43810", "2008-12-31": "6.57880", "2007-12-31": "-8.45630"}, "EBITDA Margin": {"2019-12-31": "61.76460", "2018-12-31": "60.67180", "2017-12-31": "59.07120", "2016-12-31": "60.14060", "2015-12-31": "60.71930", "2014-12-31": "59.28880", "2013-12-31": "57.88730", "2012-12-31": "48.38980", "2011-12-31": "55.24460", "2010-12-31": "46.37610", "2009-12-31": "49.12730", "2008-12-31": "50.86430", "2007-12-31": "45.23270"}, "Pre-Tax Profit Margin": {"2019-12-31": "4.44450", "2018-12-31": "31.24900", "2017-12-31": "10.68050", "2016-12-31": "10.27170", "2015-12-31": "8.30990", "2014-12-31": "12.38050", "2013-12-31": "7.67540", "2012-12-31": "-8.13230", "2011-12-31": "1.90060", "2010-12-31": "-3.89940", "2009-12-31": "-19.13040", "2008-12-31": "-35.31900", "2007-12-31": "-43.53010"}, "Net Profit Margin": {"2019-12-31": "4.35730", "2018-12-31": "30.65120", "2017-12-31": "10.40990", "2016-12-31": "9.96080", "2015-12-31": "8.15480", "2014-12-31": "12.21280", "2013-12-31": "7.54380", "2012-12-31": "-8.15100", "2011-12-31": "2.03580", "2010-12-31": "-3.89160", "2009-12-31": "-19.13040", "2008-12-31": "-35.31900", "2007-12-31": "-43.47330"}, "Asset Turnover": {"2019-12-31": "0.10420", "2018-12-31": "0.11250", "2017-12-31": "0.09520", "2016-12-31": "0.12300", "2015-12-31": "0.12730", "2014-12-31": "0.12260", "2013-12-31": "0.11680", "2012-12-31": "0.12410", "2011-12-31": "0.11880", "2010-12-31": "0.08940", "2009-12-31": "0.07740", "2008-12-31": "0.07220", "2007-12-31": "0.04080"}, "Inventory Turnover Ratio": {"2019-12-31": "", "2018-12-31": "", "2017-12-31": "", "2016-12-31": "", "2015-12-31": "", "2014-12-31": "", "2013-12-31": "", "2012-12-31": "", "2011-12-31": "", "2010-12-31": "", "2009-12-31": "", "2008-12-31": "", "2007-12-31": ""}, "Receiveable Turnover": {"2019-12-31": "", "2018-12-31": "", "2017-12-31": "", "2016-12-31": "", "2015-12-31": "", "2014-12-31": "", "2013-12-31": "", "2012-12-31": "", "2011-12-31": "", "2010-12-31": "", "2009-12-31": "", "2008-12-31": "", "2007-12-31": ""}, "Days Sales In Receivables": {"2019-12-31": "", "2018-12-31": "", "2017-12-31": "", "2016-12-31": "", "2015-12-31": "", "2014-12-31": "", "2013-12-31": "", "2012-12-31": "", "2011-12-31": "", "2010-12-31": "", "2009-12-31": "", "2008-12-31": "", "2007-12-31": ""}, "ROE - Return On Equity": {"2019-12-31": "0.89660", "2018-12-31": "6.52570", "2017-12-31": "1.94970", "2016-12-31": "2.65920", "2015-12-31": "2.38510", "2014-12-31": "3.11520", "2013-12-31": "1.76350", "2012-12-31": "-1.92690", "2011-12-31": "0.33000", "2010-12-31": "-0.53110", "2009-12-31": "-2.30450", "2008-12-31": "-4.72330", "2007-12-31": "-4.28810"}, "Return On Tangible Equity": {"2019-12-31": "0.89990", "2018-12-31": "6.72480", "2017-12-31": "2.01360", "2016-12-31": "2.73020", "2015-12-31": "2.45880", "2014-12-31": "3.20980", "2013-12-31": "1.82930", "2012-12-31": "-1.99640", "2011-12-31": "0.39950", "2010-12-31": "-0.66520", "2009-12-31": "-2.84170", "2008-12-31": "-6.08590", "2007-12-31": "-6.61890"}, "ROA - Return On Assets": {"2019-12-31": "0.46330", "2018-12-31": "3.51660", "2017-12-31": "1.01680", "2016-12-31": "1.26330", "2015-12-31": "1.05780", "2014-12-31": "1.51730", "2013-12-31": "0.89680", "2012-12-31": "-1.00940", "2011-12-31": "0.22570", "2010-12-31": "-0.34860", "2009-12-31": "-1.48010", "2008-12-31": "-2.54960", "2007-12-31": "-1.77520"}, "ROI - Return On Investment": {"2019-12-31": "0.49770", "2018-12-31": "3.70360", "2017-12-31": "1.06730", "2016-12-31": "1.33390", "2015-12-31": "1.11940", "2014-12-31": "1.59780", "2013-12-31": "0.94430", "2012-12-31": "-1.05860", "2011-12-31": "0.23440", "2010-12-31": "-0.53110", "2009-12-31": "-2.30450", "2008-12-31": "-4.72330", "2007-12-31": "-3.32440"}, "Book Value Per Share": {"2019-12-31": "15.84940", "2018-12-31": "16.24670", "2017-12-31": "16.41570", "2016-12-31": "12.56300", "2015-12-31": "11.07610", "2014-12-31": "11.80320", "2013-12-31": "11.81820", "2012-12-31": "11.78280", "2011-12-31": "13.71910", "2010-12-31": "", "2009-12-31": "", "2008-12-31": "", "2007-12-31": ""}, "Operating Cash Flow Per Share": {"2019-12-31": 0.0178, "2018-12-31": -0.0537, "2017-12-31": 0.2076, "2016-12-31": -0.0406, "2015-12-31": 0.1023, "2014-12-31": 0.1048, "2013-12-31": 0.2371, "2012-12-31": 0.0522, "2011-12-31": 0.2914, "2010-12-31": 0.7051, "2009-12-31": 0, "2008-12-31": 0, "2007-12-31": 0}, "Free Cash Flow Per Share": {"2019-12-31": -4.0345, "2018-12-31": 13.725, "2017-12-31": -8.2343, "2016-12-31": -2.2379, "2015-12-31": 0.0866, "2014-12-31": 1.1609, "2013-12-31": -0.4267, "2012-12-31": -1.7748, "2011-12-31": 6.9768, "2010-12-31": -6.6703, "2009-12-31": 0, "2008-12-31": 0, "2007-12-31": 0}}, "financial ratios, quarterly": {"Current Ratio": {"2020-09-30": "", "2020-06-30": "", "2020-03-31": "", "2019-12-31": "", "2019-09-30": "", "2019-06-30": "", "2019-03-31": "", "2018-12-31": "", "2018-09-30": "", "2018-06-30": "", "2018-03-31": "", "2017-12-31": "", "2017-09-30": "", "2017-06-30": "", "2017-03-31": "", "2016-12-31": "", "2016-09-30": "", "2016-06-30": "", "2016-03-31": "", "2015-12-31": "", "2015-09-30": "", "2015-06-30": "", "2015-03-31": "", "2014-12-31": "", "2014-09-30": "", "2014-06-30": "", "2014-03-31": "", "2013-12-31": "", "2013-09-30": "", "2013-06-30": "", "2013-03-31": "", "2012-12-31": "", "2012-09-30": "", "2012-06-30": "", "2012-03-31": "", "2011-12-31": "", "2011-09-30": "", "2011-06-30": "", "2011-03-31": "", "2010-12-31": "", "2010-09-30": "", "2010-06-30": "", "2010-03-31": "", "2009-12-31": "", "2009-09-30": "", "2009-06-30": "", "2009-03-31": "", "2008-12-31": "", "2008-09-30": "", "2008-06-30": "", "2008-03-31": "", "2007-12-31": "", "2007-09-30": "", "2007-06-30": "", "2007-03-31": ""}, "Long-term Debt / Capital": {"2020-09-30": "0.48030", "2020-06-30": "0.45700", "2020-03-31": "0.46500", "2019-12-31": "0.44490", "2019-09-30": "0.45330", "2019-06-30": "0.44270", "2019-03-31": "0.43700", "2018-12-31": "0.43250", "2018-09-30": "0.43180", "2018-06-30": "0.44630", "2018-03-31": "0.45640", "2017-12-31": "0.45260", "2017-09-30": "0.46700", "2017-06-30": "0.45710", "2017-03-31": "0.50860", "2016-12-31": "0.49840", "2016-09-30": "0.48710", "2016-06-30": "0.48800", "2016-03-31": "0.53160", "2015-12-31": "0.53060", "2015-09-30": "0.52350", "2015-06-30": "0.53560", "2015-03-31": "0.50200", "2014-12-31": "0.48710", "2014-09-30": "0.52760", "2014-06-30": "0.52820", "2014-03-31": "0.47330", "2013-12-31": "0.46450", "2013-09-30": "0.44240", "2013-06-30": "0.45330", "2013-03-31": "0.45810", "2012-12-31": "0.45060", "2012-09-30": "0.43630", "2012-06-30": "0.36810", "2012-03-31": "0.35260", "2011-12-31": "0.28970", "2011-09-30": "", "2011-06-30": "", "2011-03-31": "", "2010-12-31": "", "2010-09-30": "", "2010-06-30": "", "2010-03-31": "", "2009-12-31": "", "2009-09-30": "", "2009-06-30": "", "2009-03-31": "", "2008-12-31": "", "2008-09-30": "", "2008-06-30": "0.20070", "2008-03-31": "0.21080", "2007-12-31": "0.22470", "2007-09-30": "0.20970", "2007-06-30": "", "2007-03-31": ""}, "Debt/Equity Ratio": {"2020-09-30": "0.92430", "2020-06-30": "0.84170", "2020-03-31": "0.86920", "2019-12-31": "0.80150", "2019-09-30": "0.82930", "2019-06-30": "0.79450", "2019-03-31": "0.77610", "2018-12-31": "0.76200", "2018-09-30": "0.76010", "2018-06-30": "0.80620", "2018-03-31": "0.83960", "2017-12-31": "0.82680", "2017-09-30": "0.87620", "2017-06-30": "0.84190", "2017-03-31": "1.03510", "2016-12-31": "0.99350", "2016-09-30": "0.94970", "2016-06-30": "0.95290", "2016-03-31": "1.13500", "2015-12-31": "1.13060", "2015-09-30": "1.09870", "2015-06-30": "1.15350", "2015-03-31": "1.00800", "2014-12-31": "0.94970", "2014-09-30": "1.11670", "2014-06-30": "1.11940", "2014-03-31": "0.89850", "2013-12-31": "0.86750", "2013-09-30": "0.79350", "2013-06-30": "0.82930", "2013-03-31": "0.84520", "2012-12-31": "0.82030", "2012-09-30": "0.77410", "2012-06-30": "0.58260", "2012-03-31": "0.54470", "2011-12-31": "0.40780", "2011-09-30": "", "2011-06-30": "", "2011-03-31": "", "2010-12-31": "0.00470", "2010-09-30": "", "2010-06-30": "", "2010-03-31": "", "2009-12-31": "", "2009-09-30": "", "2009-06-30": "", "2009-03-31": "", "2008-12-31": "", "2008-09-30": "", "2008-06-30": "0.25110", "2008-03-31": "0.26720", "2007-12-31": "0.28990", "2007-09-30": "0.26540", "2007-06-30": "", "2007-03-31": ""}, "Gross Margin": {"2020-09-30": "", "2020-06-30": "", "2020-03-31": "", "2019-12-31": "", "2019-09-30": "", "2019-06-30": "", "2019-03-31": "", "2018-12-31": "", "2018-09-30": "", "2018-06-30": "", "2018-03-31": "", "2017-12-31": "", "2017-09-30": "", "2017-06-30": "", "2017-03-31": "", "2016-12-31": "", "2016-09-30": "", "2016-06-30": "", "2016-03-31": "", "2015-12-31": "", "2015-09-30": "", "2015-06-30": "", "2015-03-31": "", "2014-12-31": "", "2014-09-30": "", "2014-06-30": "", "2014-03-31": "", "2013-12-31": "", "2013-09-30": "", "2013-06-30": "", "2013-03-31": "", "2012-12-31": "", "2012-09-30": "", "2012-06-30": "", "2012-03-31": "", "2011-12-31": "", "2011-09-30": "", "2011-06-30": "", "2011-03-31": "", "2010-12-31": "", "2010-09-30": "", "2010-06-30": "", "2010-03-31": "", "2009-12-31": "", "2009-09-30": "", "2009-06-30": "", "2009-03-31": "", "2008-12-31": "", "2008-09-30": "", "2008-06-30": "", "2008-03-31": "", "2007-12-31": "", "2007-09-30": "", "2007-06-30": "", "2007-03-31": ""}, "Operating Margin": {"2020-09-30": "23.16340", "2020-06-30": "20.98240", "2020-03-31": "21.31110", "2019-12-31": "18.54540", "2019-09-30": "21.18070", "2019-06-30": "23.29750", "2019-03-31": "21.71270", "2018-12-31": "22.34150", "2018-09-30": "20.20210", "2018-06-30": "23.97370", "2018-03-31": "20.30270", "2017-12-31": "17.89150", "2017-09-30": "23.08490", "2017-06-30": "15.98880", "2017-03-31": "23.77540", "2016-12-31": "20.18700", "2016-09-30": "21.27430", "2016-06-30": "21.68960", "2016-03-31": "25.67020", "2015-12-31": "23.61020", "2015-09-30": "22.28740", "2015-06-30": "23.18780", "2015-03-31": "23.64600", "2014-12-31": "24.07790", "2014-09-30": "23.51940", "2014-06-30": "20.33320", "2014-03-31": "21.35500", "2013-12-31": "17.93490", "2013-09-30": "24.32160", "2013-06-30": "23.88050", "2013-03-31": "16.20200", "2012-12-31": "14.32550", "2012-09-30": "14.12840", "2012-06-30": "-2.41890", "2012-03-31": "14.78440", "2011-12-31": "19.81020", "2011-09-30": "15.91790", "2011-06-30": "18.41080", "2011-03-31": "16.80580", "2010-12-31": "-13.87030", "2010-09-30": "18.51780", "2010-06-30": "20.22400", "2010-03-31": "22.25140", "2009-12-31": "44.82120", "2009-09-30": "-9.82990", "2009-06-30": "4.89000", "2009-03-31": "-1.17410", "2008-12-31": "8.33640", "2008-09-30": "5.26760", "2008-06-30": "7.43700", "2008-03-31": "4.27150", "2007-12-31": "0.44840", "2007-09-30": "-15.69040", "2007-06-30": "-16.66670", "2007-03-31": "-33.78380"}, "EBIT Margin": {"2020-09-30": "23.16340", "2020-06-30": "20.98240", "2020-03-31": "21.31110", "2019-12-31": "18.54540", "2019-09-30": "21.18070", "2019-06-30": "23.29750", "2019-03-31": "21.71270", "2018-12-31": "22.34150", "2018-09-30": "20.20210", "2018-06-30": "23.97370", "2018-03-31": "20.30270", "2017-12-31": "17.89150", "2017-09-30": "23.08490", "2017-06-30": "15.98880", "2017-03-31": "23.77540", "2016-12-31": "20.18700", "2016-09-30": "21.27430", "2016-06-30": "21.68960", "2016-03-31": "25.67020", "2015-12-31": "23.61020", "2015-09-30": "22.28740", "2015-06-30": "23.18780", "2015-03-31": "23.64600", "2014-12-31": "24.07790", "2014-09-30": "23.51940", "2014-06-30": "20.33320", "2014-03-31": "21.35500", "2013-12-31": "17.93490", "2013-09-30": "24.32160", "2013-06-30": "23.88050", "2013-03-31": "16.20200", "2012-12-31": "14.32550", "2012-09-30": "14.12840", "2012-06-30": "-2.41890", "2012-03-31": "14.78440", "2011-12-31": "19.81020", "2011-09-30": "15.91790", "2011-06-30": "18.41080", "2011-03-31": "16.80580", "2010-12-31": "-13.87030", "2010-09-30": "18.51780", "2010-06-30": "20.22400", "2010-03-31": "22.25140", "2009-12-31": "44.82120", "2009-09-30": "-9.82990", "2009-06-30": "4.89000", "2009-03-31": "-1.17410", "2008-12-31": "8.33640", "2008-09-30": "5.26760", "2008-06-30": "7.43700", "2008-03-31": "4.27150", "2007-12-31": "0.44840", "2007-09-30": "-15.69040", "2007-06-30": "-16.66670", "2007-03-31": "-33.78380"}, "EBITDA Margin": {"2020-09-30": "", "2020-06-30": "", "2020-03-31": "", "2019-12-31": "", "2019-09-30": "", "2019-06-30": "", "2019-03-31": "", "2018-12-31": "", "2018-09-30": "", "2018-06-30": "", "2018-03-31": "", "2017-12-31": "", "2017-09-30": "", "2017-06-30": "", "2017-03-31": "", "2016-12-31": "", "2016-09-30": "", "2016-06-30": "", "2016-03-31": "", "2015-12-31": "", "2015-09-30": "", "2015-06-30": "", "2015-03-31": "", "2014-12-31": "", "2014-09-30": "", "2014-06-30": "", "2014-03-31": "", "2013-12-31": "", "2013-09-30": "", "2013-06-30": "", "2013-03-31": "", "2012-12-31": "", "2012-09-30": "", "2012-06-30": "", "2012-03-31": "", "2011-12-31": "", "2011-09-30": "", "2011-06-30": "", "2011-03-31": "", "2010-12-31": "", "2010-09-30": "", "2010-06-30": "", "2010-03-31": "", "2009-12-31": "", "2009-09-30": "", "2009-06-30": "", "2009-03-31": "", "2008-12-31": "", "2008-09-30": "", "2008-06-30": "", "2008-03-31": "", "2007-12-31": "", "2007-09-30": "", "2007-06-30": "", "2007-03-31": ""}, "Pre-Tax Profit Margin": {"2020-09-30": "-3.70050", "2020-06-30": "7.67420", "2020-03-31": "9.80100", "2019-12-31": "5.12500", "2019-09-30": "-4.90100", "2019-06-30": "9.66370", "2019-03-31": "8.10870", "2018-12-31": "9.05700", "2018-09-30": "100.69260", "2018-06-30": "9.03300", "2018-03-31": "5.70190", "2017-12-31": "25.01700", "2017-09-30": "7.93040", "2017-06-30": "-4.18360", "2017-03-31": "11.25880", "2016-12-31": "14.05620", "2016-09-30": "5.61010", "2016-06-30": "11.93640", "2016-03-31": "9.35190", "2015-12-31": "10.36070", "2015-09-30": "6.30540", "2015-06-30": "9.55380", "2015-03-31": "7.04630", "2014-12-31": "22.58730", "2014-09-30": "16.97830", "2014-06-30": "3.21510", "2014-03-31": "5.95150", "2013-12-31": "4.82810", "2013-09-30": "6.03130", "2013-06-30": "18.33580", "2013-03-31": "1.80070", "2012-12-31": "-1.85640", "2012-09-30": "-3.96480", "2012-06-30": "-25.70510", "2012-03-31": "-0.60840", "2011-12-31": "2.44160", "2011-09-30": "0.33460", "2011-06-30": "1.70700", "2011-03-31": "3.08920", "2010-12-31": "-15.07720", "2010-09-30": "1.90510", "2010-06-30": "0.50720", "2010-03-31": "-1.04920", "2009-12-31": "-11.66580", "2009-09-30": "-31.72650", "2009-06-30": "-11.58520", "2009-03-31": "-22.81110", "2008-12-31": "-61.23200", "2008-09-30": "-23.53680", "2008-06-30": "3.13460", "2008-03-31": "-50.95350", "2007-12-31": "-44.95520", "2007-09-30": "-40.37660", "2007-06-30": "-37.73590", "2007-03-31": "-71.62160"}, "Net Profit Margin": {"2020-09-30": "-3.64440", "2020-06-30": "7.54230", "2020-03-31": "9.63580", "2019-12-31": "5.05810", "2019-09-30": "-4.83590", "2019-06-30": "9.46630", "2019-03-31": "7.95430", "2018-12-31": "8.89680", "2018-09-30": "98.77290", "2018-06-30": "8.85350", "2018-03-31": "5.58010", "2017-12-31": "24.47260", "2017-09-30": "7.82020", "2017-06-30": "-4.23080", "2017-03-31": "10.89290", "2016-12-31": "13.56210", "2016-09-30": "5.43100", "2016-06-30": "11.54600", "2016-03-31": "9.18790", "2015-12-31": "10.16370", "2015-09-30": "6.21790", "2015-06-30": "9.35650", "2015-03-31": "6.90620", "2014-12-31": "22.30830", "2014-09-30": "16.78150", "2014-06-30": "3.18390", "2014-03-31": "5.79600", "2013-12-31": "4.82810", "2013-09-30": "5.81200", "2013-06-30": "18.06790", "2013-03-31": "1.75770", "2012-12-31": "-2.42280", "2012-09-30": "-3.80750", "2012-06-30": "-25.52550", "2012-03-31": "-0.44570", "2011-12-31": "3.04430", "2011-09-30": "0.32170", "2011-06-30": "1.72020", "2011-03-31": "3.03280", "2010-12-31": "-15.18850", "2010-09-30": "1.90510", "2010-06-30": "0.50720", "2010-03-31": "-1.04920", "2009-12-31": "-11.66580", "2009-09-30": "-31.72650", "2009-06-30": "-11.58520", "2009-03-31": "-22.81110", "2008-12-31": "-60.60490", "2008-09-30": "-23.74580", "2008-06-30": "1.96680", "2008-03-31": "-50.41950", "2007-12-31": "-44.84310", "2007-09-30": "-40.37660", "2007-06-30": "-37.73590", "2007-03-31": "-71.62160"}, "Asset Turnover": {"2020-09-30": "0.02770", "2020-06-30": "0.02690", "2020-03-31": "0.02720", "2019-12-31": "0.02660", "2019-09-30": "0.02770", "2019-06-30": "0.02750", "2019-03-31": "0.02710", "2018-12-31": "0.02780", "2018-09-30": "0.02770", "2018-06-30": "0.02750", "2018-03-31": "0.02760", "2017-12-31": "0.02690", "2017-09-30": "0.02740", "2017-06-30": "0.02200", "2017-03-31": "0.03310", "2016-12-31": "0.03260", "2016-09-30": "0.03180", "2016-06-30": "0.03210", "2016-03-31": "0.03240", "2015-12-31": "0.03220", "2015-09-30": "0.03270", "2015-06-30": "0.03090", "2015-03-31": "0.03230", "2014-12-31": "0.03130", "2014-09-30": "0.03200", "2014-06-30": "0.02970", "2014-03-31": "0.03340", "2013-12-31": "0.03060", "2013-09-30": "0.03090", "2013-06-30": "0.03010", "2013-03-31": "0.02970", "2012-12-31": "0.03140", "2012-09-30": "0.03230", "2012-06-30": "0.03110", "2012-03-31": "0.02880", "2011-12-31": "0.02860", "2011-09-30": "0.03000", "2011-06-30": "0.02860", "2011-03-31": "0.02880", "2010-12-31": "0.02530", "2010-09-30": "0.02630", "2010-06-30": "0.02520", "2010-03-31": "0.02650", "2009-12-31": "0.02240", "2009-09-30": "0.02080", "2009-06-30": "0.02120", "2009-03-31": "0.02350", "2008-12-31": "0.02430", "2008-09-30": "0.02510", "2008-06-30": "0.01960", "2008-03-31": "0.02420", "2007-12-31": "0.02070", "2007-09-30": "0.01580", "2007-06-30": "0.01920", "2007-03-31": "0.01280"}, "Inventory Turnover Ratio": {"2020-09-30": "", "2020-06-30": "", "2020-03-31": "", "2019-12-31": "", "2019-09-30": "", "2019-06-30": "", "2019-03-31": "", "2018-12-31": "", "2018-09-30": "", "2018-06-30": "", "2018-03-31": "", "2017-12-31": "", "2017-09-30": "", "2017-06-30": "", "2017-03-31": "", "2016-12-31": "", "2016-09-30": "", "2016-06-30": "", "2016-03-31": "", "2015-12-31": "", "2015-09-30": "", "2015-06-30": "", "2015-03-31": "", "2014-12-31": "", "2014-09-30": "", "2014-06-30": "", "2014-03-31": "", "2013-12-31": "", "2013-09-30": "", "2013-06-30": "", "2013-03-31": "", "2012-12-31": "", "2012-09-30": "", "2012-06-30": "", "2012-03-31": "", "2011-12-31": "", "2011-09-30": "", "2011-06-30": "", "2011-03-31": "", "2010-12-31": "", "2010-09-30": "", "2010-06-30": "", "2010-03-31": "", "2009-12-31": "", "2009-09-30": "", "2009-06-30": "", "2009-03-31": "", "2008-12-31": "", "2008-09-30": "", "2008-06-30": "", "2008-03-31": "", "2007-12-31": "", "2007-09-30": "", "2007-06-30": "", "2007-03-31": ""}, "Receiveable Turnover": {"2020-09-30": "", "2020-06-30": "", "2020-03-31": "", "2019-12-31": "", "2019-09-30": "", "2019-06-30": "", "2019-03-31": "", "2018-12-31": "", "2018-09-30": "", "2018-06-30": "", "2018-03-31": "", "2017-12-31": "", "2017-09-30": "", "2017-06-30": "", "2017-03-31": "", "2016-12-31": "", "2016-09-30": "", "2016-06-30": "", "2016-03-31": "", "2015-12-31": "", "2015-09-30": "", "2015-06-30": "", "2015-03-31": "", "2014-12-31": "", "2014-09-30": "", "2014-06-30": "", "2014-03-31": "", "2013-12-31": "", "2013-09-30": "", "2013-06-30": "", "2013-03-31": "", "2012-12-31": "", "2012-09-30": "", "2012-06-30": "", "2012-03-31": "", "2011-12-31": "", "2011-09-30": "", "2011-06-30": "", "2011-03-31": "", "2010-12-31": "", "2010-09-30": "", "2010-06-30": "", "2010-03-31": "", "2009-12-31": "", "2009-09-30": "", "2009-06-30": "", "2009-03-31": "", "2008-12-31": "", "2008-09-30": "", "2008-06-30": "", "2008-03-31": "", "2007-12-31": "", "2007-09-30": "", "2007-06-30": "", "2007-03-31": ""}, "Days Sales In Receivables": {"2020-09-30": "", "2020-06-30": "", "2020-03-31": "", "2019-12-31": "", "2019-09-30": "", "2019-06-30": "", "2019-03-31": "", "2018-12-31": "", "2018-09-30": "", "2018-06-30": "", "2018-03-31": "", "2017-12-31": "", "2017-09-30": "", "2017-06-30": "", "2017-03-31": "", "2016-12-31": "", "2016-09-30": "", "2016-06-30": "", "2016-03-31": "", "2015-12-31": "", "2015-09-30": "", "2015-06-30": "", "2015-03-31": "", "2014-12-31": "", "2014-09-30": "", "2014-06-30": "", "2014-03-31": "", "2013-12-31": "", "2013-09-30": "", "2013-06-30": "", "2013-03-31": "", "2012-12-31": "", "2012-09-30": "", "2012-06-30": "", "2012-03-31": "", "2011-12-31": "", "2011-09-30": "", "2011-06-30": "", "2011-03-31": "", "2010-12-31": "", "2010-09-30": "", "2010-06-30": "", "2010-03-31": "", "2009-12-31": "", "2009-09-30": "", "2009-06-30": "", "2009-03-31": "", "2008-12-31": "", "2008-09-30": "", "2008-06-30": "", "2008-03-31": "", "2007-12-31": "", "2007-09-30": "", "2007-06-30": "", "2007-03-31": ""}, "ROE - Return On Equity": {"2020-09-30": "-0.21170", "2020-06-30": "0.40990", "2020-03-31": "0.53480", "2019-12-31": "0.26340", "2019-09-30": "-0.26680", "2019-06-30": "0.51370", "2019-03-31": "0.41840", "2018-12-31": "0.46790", "2018-09-30": "5.13610", "2018-06-30": "0.47040", "2018-03-31": "0.30250", "2017-12-31": "1.29250", "2017-09-30": "0.42810", "2017-06-30": "-0.17700", "2017-03-31": "0.80010", "2016-12-31": "0.96350", "2016-09-30": "0.36820", "2016-06-30": "0.78940", "2016-03-31": "0.68320", "2015-12-31": "0.75150", "2015-09-30": "0.45690", "2015-06-30": "0.66780", "2015-03-31": "0.47970", "2014-12-31": "1.45330", "2014-09-30": "1.20990", "2014-06-30": "0.21230", "2014-03-31": "0.39620", "2013-12-31": "0.29020", "2013-09-30": "0.35280", "2013-06-30": "1.05930", "2013-03-31": "0.10300", "2012-12-31": "-0.11120", "2012-09-30": "-0.23780", "2012-06-30": "-1.31920", "2012-03-31": "-0.02800", "2011-12-31": "0.12730", "2011-09-30": "0.01460", "2011-06-30": "0.07120", "2011-03-31": "0.13190", "2010-12-31": "-0.58570", "2010-09-30": "0.07460", "2010-06-30": "0.01980", "2010-03-31": "-0.04210", "2009-12-31": "-0.40660", "2009-09-30": "-0.98790", "2009-06-30": "-0.38050", "2009-03-31": "-0.89520", "2008-12-31": "-2.73260", "2008-09-30": "-1.24110", "2008-06-30": "0.09970", "2008-03-31": "-3.00880", "2007-12-31": "-2.23860", "2007-09-30": "-1.43480", "2007-06-30": "-1.32450", "2007-03-31": "-2.31140"}, "Return On Tangible Equity": {"2020-09-30": "-0.21170", "2020-06-30": "0.41120", "2020-03-31": "0.53660", "2019-12-31": "0.26340", "2019-09-30": "-0.26780", "2019-06-30": "0.51560", "2019-03-31": "0.42000", "2018-12-31": "0.48220", "2018-09-30": "5.29090", "2018-06-30": "0.48540", "2018-03-31": "0.31240", "2017-12-31": "1.33480", "2017-09-30": "0.44280", "2017-06-30": "-0.18300", "2017-03-31": "0.82130", "2016-12-31": "0.98920", "2016-09-30": "0.37820", "2016-06-30": "0.81080", "2016-03-31": "0.70380", "2015-12-31": "0.77470", "2015-09-30": "0.47110", "2015-06-30": "0.69070", "2015-03-31": "0.49520", "2014-12-31": "1.49740", "2014-09-30": "1.24930", "2014-06-30": "0.22020", "2014-03-31": "0.41100", "2013-12-31": "0.30100", "2013-09-30": "0.36350", "2013-06-30": "1.09370", "2013-03-31": "0.10640", "2012-12-31": "-0.11520", "2012-09-30": "-0.30600", "2012-06-30": "-1.64990", "2012-03-31": "-0.03470", "2011-12-31": "0.15410", "2011-09-30": "0.01770", "2011-06-30": "0.08640", "2011-03-31": "0.16080", "2010-12-31": "-0.73360", "2010-09-30": "0.09090", "2010-06-30": "0.02450", "2010-03-31": "-0.05220", "2009-12-31": "-0.50130", "2009-09-30": "-1.16430", "2009-06-30": "-0.44630", "2009-03-31": "-1.08820", "2008-12-31": "-3.52080", "2008-09-30": "-1.73360", "2008-06-30": "0.15660", "2008-03-31": "-4.61880", "2007-12-31": "-3.45540", "2007-09-30": "-2.06900", "2007-06-30": "-1.76730", "2007-03-31": "-3.96110"}, "ROA - Return On Assets": {"2020-09-30": "-0.10230", "2020-06-30": "0.20660", "2020-03-31": "0.26680", "2019-12-31": "0.13610", "2019-09-30": "-0.13560", "2019-06-30": "0.26600", "2019-03-31": "0.21950", "2018-12-31": "0.25220", "2018-09-30": "2.78650", "2018-06-30": "0.24840", "2018-03-31": "0.15750", "2017-12-31": "0.67400", "2017-09-30": "0.21760", "2017-06-30": "-0.09190", "2017-03-31": "0.37300", "2016-12-31": "0.45770", "2016-09-30": "0.17870", "2016-06-30": "0.38260", "2016-03-31": "0.30320", "2015-12-31": "0.33330", "2015-09-30": "0.20610", "2015-06-30": "0.29480", "2015-03-31": "0.22770", "2014-12-31": "0.70780", "2014-09-30": "0.54310", "2014-06-30": "0.09560", "2014-03-31": "0.19870", "2013-12-31": "0.14760", "2013-09-30": "0.18660", "2013-06-30": "0.55280", "2013-03-31": "0.05340", "2012-12-31": "-0.05820", "2012-09-30": "-0.12790", "2012-06-30": "-0.79850", "2012-03-31": "-0.01750", "2011-12-31": "0.08710", "2011-09-30": "0.01000", "2011-06-30": "0.04880", "2011-03-31": "0.08890", "2010-12-31": "-0.38450", "2010-09-30": "0.05010", "2010-06-30": "0.01280", "2010-03-31": "-0.02780", "2009-12-31": "-0.26110", "2009-09-30": "-0.65890", "2009-06-30": "-0.24570", "2009-03-31": "-0.53630", "2008-12-31": "-1.47500", "2008-09-30": "-0.59510", "2008-06-30": "0.03850", "2008-03-31": "-1.22230", "2007-12-31": "-0.92680", "2007-09-30": "-0.63680", "2007-06-30": "-0.72420", "2007-03-31": "-0.92000"}, "ROI - Return On Investment": {"2020-09-30": "-0.11000", "2020-06-30": "0.22250", "2020-03-31": "0.28610", "2019-12-31": "0.14620", "2019-09-30": "-0.14590", "2019-06-30": "0.28630", "2019-03-31": "0.23560", "2018-12-31": "0.26560", "2018-09-30": "2.91810", "2018-06-30": "0.26040", "2018-03-31": "0.16440", "2017-12-31": "0.70750", "2017-09-30": "0.22820", "2017-06-30": "-0.09610", "2017-03-31": "0.39310", "2016-12-31": "0.48330", "2016-09-30": "0.18880", "2016-06-30": "0.40420", "2016-03-31": "0.32000", "2015-12-31": "0.35270", "2015-09-30": "0.21770", "2015-06-30": "0.31010", "2015-03-31": "0.23890", "2014-12-31": "0.74540", "2014-09-30": "0.57160", "2014-06-30": "0.10010", "2014-03-31": "0.20870", "2013-12-31": "0.15540", "2013-09-30": "0.19670", "2013-06-30": "0.57910", "2013-03-31": "0.05580", "2012-12-31": "-0.06110", "2012-09-30": "-0.13410", "2012-06-30": "-0.83360", "2012-03-31": "-0.01810", "2011-12-31": "0.09040", "2011-09-30": "0.01460", "2011-06-30": "0.07120", "2011-03-31": "0.13190", "2010-12-31": "-0.58570", "2010-09-30": "0.07460", "2010-06-30": "0.01980", "2010-03-31": "-0.04210", "2009-12-31": "-0.40660", "2009-09-30": "-0.98790", "2009-06-30": "-0.38050", "2009-03-31": "-0.89520", "2008-12-31": "-2.73250", "2008-09-30": "-1.24100", "2008-06-30": "0.07970", "2008-03-31": "-2.37430", "2007-12-31": "-1.73550", "2007-09-30": "-1.13390", "2007-06-30": "-1.32440", "2007-03-31": "-2.31040"}, "Book Value Per Share": {"2020-09-30": "14.98110", "2020-06-30": "15.32510", "2020-03-31": "15.58450", "2019-12-31": "15.84940", "2019-09-30": "15.51490", "2019-06-30": "15.75190", "2019-03-31": "15.96670", "2018-12-31": "16.24670", "2018-09-30": "16.56860", "2018-06-30": "16.04270", "2018-03-31": "16.13830", "2017-12-31": "16.41570", "2017-09-30": "16.24570", "2017-06-30": "16.48210", "2017-03-31": "12.33810", "2016-12-31": "12.56300", "2016-09-30": "12.72330", "2016-06-30": "12.42950", "2016-03-31": "11.24310", "2015-12-31": "11.07610", "2015-09-30": "11.29070", "2015-06-30": "11.34940", "2015-03-31": "11.55790", "2014-12-31": "11.80320", "2014-09-30": "11.22150", "2014-06-30": "11.37050", "2014-03-31": "11.55960", "2013-12-31": "11.81820", "2013-09-30": "12.03610", "2013-06-30": "11.88620", "2013-03-31": "11.98140", "2012-12-31": "11.78280", "2012-09-30": "12.05740", "2012-06-30": "12.86960", "2012-03-31": "13.38270", "2011-12-31": "13.71910", "2011-09-30": "", "2011-06-30": "", "2011-03-31": "", "2010-12-31": "", "2010-09-30": "", "2010-06-30": "", "2010-03-31": "", "2009-12-31": "", "2009-09-30": "", "2009-06-30": "", "2009-03-31": "", "2008-12-31": "", "2008-09-30": "", "2008-06-30": "", "2008-03-31": "", "2007-12-31": "", "2007-09-30": "", "2007-06-30": "", "2007-03-31": ""}, "Operating Cash Flow Per Share": {"2020-09-30": 0.4136, "2020-06-30": 0.4784, "2020-03-31": "0.34190", "2019-12-31": 0.4627, "2019-09-30": 0.4497, "2019-06-30": 0.4793, "2019-03-31": "0.23230", "2018-12-31": 0.4676, "2018-09-30": 0.3926, "2018-06-30": 0.455, "2018-03-31": "0.29100", "2017-12-31": 0.5439, "2017-09-30": 0.3197, "2017-06-30": 0.4746, "2017-03-31": "0.32170", "2016-12-31": 0.4165, "2016-09-30": 0.3497, "2016-06-30": 0.3779, "2016-03-31": "0.30820", "2015-12-31": 0.4163, "2015-09-30": 0.3909, "2015-06-30": 0.3931, "2015-03-31": "0.29260", "2014-12-31": 0.3174, "2014-09-30": 0.4645, "2014-06-30": 0.3298, "2014-03-31": "0.27890", "2013-12-31": 0.2759, "2013-09-30": 0.3793, "2013-06-30": 0.3754, "2013-03-31": "0.25520", "2012-12-31": 0.2808, "2012-09-30": 0.3507, "2012-06-30": 0.1891, "2012-03-31": "0.22810", "2011-12-31": 0.2278, "2011-09-30": 0.2202, "2011-06-30": 0.2977, "2011-03-31": "0.23360", "2010-12-31": 0.6107, "2010-09-30": 0, "2010-06-30": 0, "2010-03-31": "", "2009-12-31": 0, "2009-09-30": 0, "2009-06-30": 0, "2009-03-31": "", "2008-12-31": 0, "2008-09-30": 0, "2008-06-30": 0, "2008-03-31": "", "2007-12-31": 0, "2007-09-30": 0, "2007-06-30": 0, "2007-03-31": ""}, "Free Cash Flow Per Share": {"2020-09-30": 0.5279, "2020-06-30": 0.2022, "2020-03-31": "0.26310", "2019-12-31": -2.3063, "2019-09-30": 0.7895, "2019-06-30": -0.07, "2019-03-31": "0.15760", "2018-12-31": 0.3255, "2018-09-30": 1.7536, "2018-06-30": 0.3184, "2018-03-31": "0.20780", "2017-12-31": -0.5371, "2017-09-30": 1.2247, "2017-06-30": -11.8358, "2017-03-31": "0.02850", "2016-12-31": -0.1261, "2016-09-30": -1.0597, "2016-06-30": -0.7315, "2016-03-31": "-0.96810", "2015-12-31": 0.1173, "2015-09-30": 0.4176, "2015-06-30": -1.146, "2015-03-31": "-0.03640", "2014-12-31": -0.0373, "2014-09-30": -0.196, "2014-06-30": -0.7333, "2014-03-31": "0.23250", "2013-12-31": -0.8598, "2013-09-30": -0.7856, "2013-06-30": 0.3382, "2013-03-31": "-0.58780", "2012-12-31": 0.0452, "2012-09-30": 0.0415, "2012-06-30": 0.1445, "2012-03-31": "-1.69950", "2011-12-31": 0.5678, "2011-09-30": 0.1915, "2011-06-30": 0.2867, "2011-03-31": "-0.06670", "2010-12-31": 0.6107, "2010-09-30": 0, "2010-06-30": 0, "2010-03-31": "", "2009-12-31": 0, "2009-09-30": 0, "2009-06-30": 0, "2009-03-31": "", "2008-12-31": 0, "2008-09-30": 0, "2008-06-30": 0, "2008-03-31": "", "2007-12-31": 0, "2007-09-30": 0, "2007-06-30": 0, "2007-03-31": ""}}, "revenue": {"Healthcare Trust Of America Annual Revenue (Millions of US $)": {"2019": "$692", "2018": "$696", "2017": "$614", "2016": "$461", "2015": "$404", "2014": "$372", "2013": "$322", "2012": "$300", "2011": "$272", "2010": "$203", "2009": "$129", "2008": "$80", "2007": "$18"}, "Healthcare Trust Of America Quarterly Revenue (Millions of US $)": {"2020-09-30": "$187", "2020-06-30": "$179", "2020-03-31": "$186", "2019-12-31": "$176", "2019-09-30": "$175", "2019-06-30": "$172", "2019-03-31": "$169", "2018-12-31": "$172", "2018-09-30": "$175", "2018-06-30": "$173", "2018-03-31": "$176", "2017-12-31": "$174", "2017-09-30": "$176", "2017-06-30": "$140", "2017-03-31": "$124", "2016-12-31": "$122", "2016-09-30": "$118", "2016-06-30": "$113", "2016-03-31": "$107", "2015-12-31": "$102", "2015-09-30": "$104", "2015-06-30": "$99", "2015-03-31": "$99", "2014-12-31": "$95", "2014-09-30": "$96", "2014-06-30": "$90", "2014-03-31": "$91", "2013-12-31": "$84", "2013-09-30": "$83", "2013-06-30": "$78", "2013-03-31": "$77", "2012-12-31": "$76", "2012-09-30": "$78", "2012-06-30": "$76", "2012-03-31": "$71", "2011-12-31": "$66", "2011-09-30": "$70", "2011-06-30": "$68", "2011-03-31": "$71", "2010-12-31": "$58", "2010-09-30": "$52", "2010-06-30": "$47", "2010-03-31": "$46", "2009-12-31": "$37", "2009-09-30": "$32", "2009-06-30": "$30", "2009-03-31": "$30", "2008-12-31": "$27", "2008-09-30": "$24", "2008-06-30": "$16", "2008-03-31": "$13", "2007-12-31": "$9", "2007-09-30": "$5", "2007-06-30": "$3", "2007-03-31": "$1"}}, "gross-profit": {"Healthcare Trust Of America Annual Gross Profit (Millions of US $)": {"2019": "$481", "2018": "$476", "2017": "$422", "2016": "$317", "2015": "$280", "2014": "$258", "2013": "$224", "2012": "$204", "2011": "$184", "2010": "$137", "2009": "$84", "2008": "$52", "2007": "$12"}, "Healthcare Trust Of America Quarterly Gross Profit (Millions of US $)": {"2020-09-30": "$130", "2020-06-30": "$123", "2020-03-31": "$129", "2019-12-31": "$123", "2019-09-30": "$121", "2019-06-30": "$119", "2019-03-31": "$117", "2018-12-31": "$117", "2018-09-30": "$119", "2018-06-30": "$120", "2018-03-31": "$120", "2017-12-31": "$120", "2017-09-30": "$120", "2017-06-30": "$96", "2017-03-31": "$85", "2016-12-31": "$84", "2016-09-30": "$81", "2016-06-30": "$78", "2016-03-31": "$74", "2015-12-31": "$72", "2015-09-30": "$71", "2015-06-30": "$70", "2015-03-31": "$68", "2014-12-31": "$67", "2014-09-30": "$67", "2014-06-30": "$63", "2014-03-31": "$62", "2013-12-31": "$59", "2013-09-30": "$57", "2013-06-30": "$55", "2013-03-31": "$53", "2012-12-31": "$53", "2012-09-30": "$52", "2012-06-30": "$51", "2012-03-31": "$48", "2011-12-31": "$25", "2011-09-30": "$47", "2011-06-30": "$46", "2011-03-31": "$47", "2010-12-31": "$40", "2010-09-30": "$35", "2010-06-30": "$32", "2010-03-31": "$31", "2009-12-31": "$25", "2009-09-30": "$21", "2009-06-30": "$20", "2009-03-31": "$18", "2008-12-31": "$18", "2008-09-30": "$15", "2008-06-30": "$11", "2008-03-31": "$9", "2007-12-31": "$6", "2007-09-30": "$3", "2007-06-30": "$2", "2007-03-31": "$0"}}, "operating-income": {"Healthcare Trust Of America Annual Operating Income (Millions of US $)": {"2019": "$146", "2018": "$151", "2017": "$124", "2016": "$102", "2015": "$94", "2014": "$83", "2013": "$66", "2012": "$30", "2011": "$46", "2010": "$22", "2009": "$15", "2008": "$5", "2007": "$-1"}, "Healthcare Trust Of America Quarterly Operating Income (Millions of US $)": {"2020-09-30": "$43", "2020-06-30": "$38", "2020-03-31": "$40", "2019-12-31": "$33", "2019-09-30": "$37", "2019-06-30": "$40", "2019-03-31": "$37", "2018-12-31": "$38", "2018-09-30": "$35", "2018-06-30": "$42", "2018-03-31": "$36", "2017-12-31": "$31", "2017-09-30": "$41", "2017-06-30": "$22", "2017-03-31": "$30", "2016-12-31": "$25", "2016-09-30": "$25", "2016-06-30": "$25", "2016-03-31": "$28", "2015-12-31": "$24", "2015-09-30": "$23", "2015-06-30": "$23", "2015-03-31": "$23", "2014-12-31": "$23", "2014-09-30": "$22", "2014-06-30": "$18", "2014-03-31": "$19", "2013-12-31": "$15", "2013-09-30": "$20", "2013-06-30": "$19", "2013-03-31": "$12", "2012-12-31": "$11", "2012-09-30": "$11", "2012-06-30": "$-2", "2012-03-31": "$10", "2011-12-31": "$13", "2011-09-30": "$11", "2011-06-30": "$13", "2011-03-31": "$12", "2010-12-31": "$-8", "2010-09-30": "$10", "2010-06-30": "$10", "2010-03-31": "$10", "2009-12-31": "$17", "2009-09-30": "$-3", "2009-06-30": "$1", "2009-03-31": "$-0", "2008-12-31": "$2", "2008-09-30": "$1", "2008-06-30": "$1", "2008-03-31": "$1", "2007-12-31": "$0", "2007-09-30": "$-1", "2007-06-30": "$-1", "2007-03-31": "$-0"}}, "ebitda": {"Healthcare Trust Of America Annual EBITDA (Millions of US $)": {"2019": "$427", "2018": "$423", "2017": "$363", "2016": "$277", "2015": "$245", "2014": "$220", "2013": "$186", "2012": "$145", "2011": "$150", "2010": "$94", "2009": "$64", "2008": "$41", "2007": "$8"}, "Healthcare Trust Of America Quarterly EBITDA (Millions of US $)": {"2020-09-30": "$43", "2020-06-30": "$109", "2020-03-31": "$113", "2019-12-31": "$33", "2019-09-30": "$37", "2019-06-30": "$106", "2019-03-31": "$103", "2018-12-31": "$106", "2018-09-30": "$104", "2018-06-30": "$108", "2018-03-31": "$104", "2017-12-31": "$101", "2017-09-30": "$109", "2017-06-30": "$77", "2017-03-31": "$76", "2016-12-31": "$71", "2016-09-30": "$73", "2016-06-30": "$69", "2016-03-31": "$65", "2015-12-31": "$63", "2015-09-30": "$63", "2015-06-30": "$60", "2015-03-31": "$59", "2014-12-31": "$59", "2014-09-30": "$57", "2014-06-30": "$51", "2014-03-31": "$54", "2013-12-31": "$48", "2013-09-30": "$49", "2013-06-30": "$48", "2013-03-31": "$41", "2012-12-31": "$39", "2012-09-30": "$40", "2012-06-30": "$28", "2012-03-31": "$37", "2011-12-31": "$41", "2011-09-30": "$36", "2011-06-30": "$40", "2011-03-31": "$36", "2010-12-31": "$14", "2010-09-30": "$28", "2010-06-30": "$22", "2010-03-31": "$30", "2009-12-31": "$30", "2009-09-30": "$9", "2009-06-30": "$13", "2009-03-31": "$12", "2008-12-31": "$14", "2008-09-30": "$12", "2008-06-30": "$8", "2008-03-31": "$6", "2007-12-31": "$4", "2007-09-30": "$2", "2007-06-30": "$1", "2007-03-31": "$0"}}, "net-income": {"Healthcare Trust Of America Annual Net Income (Millions of US $)": {"2019": "$30", "2018": "$213", "2017": "$64", "2016": "$46", "2015": "$33", "2014": "$45", "2013": "$24", "2012": "$-24", "2011": "$6", "2010": "$-8", "2009": "$-25", "2008": "$-28", "2007": "$-8"}, "Healthcare Trust Of America Quarterly Net Income (Millions of US $)": {"2020-09-30": "$-7", "2020-06-30": "$13", "2020-03-31": "$18", "2019-12-31": "$9", "2019-09-30": "$-8", "2019-06-30": "$16", "2019-03-31": "$13", "2018-12-31": "$15", "2018-09-30": "$173", "2018-06-30": "$15", "2018-03-31": "$10", "2017-12-31": "$43", "2017-09-30": "$14", "2017-06-30": "$-6", "2017-03-31": "$14", "2016-12-31": "$17", "2016-09-30": "$6", "2016-06-30": "$13", "2016-03-31": "$10", "2015-12-31": "$10", "2015-09-30": "$6", "2015-06-30": "$9", "2015-03-31": "$7", "2014-12-31": "$21", "2014-09-30": "$16", "2014-06-30": "$3", "2014-03-31": "$5", "2013-12-31": "$4", "2013-09-30": "$5", "2013-06-30": "$14", "2013-03-31": "$1", "2012-12-31": "$-2", "2012-09-30": "$-3", "2012-06-30": "$-19", "2012-03-31": "$-0", "2011-12-31": "$2", "2011-09-30": "$0", "2011-06-30": "$1", "2011-03-31": "$2", "2010-12-31": "$-9", "2010-09-30": "$1", "2010-06-30": "$0", "2010-03-31": "$-0", "2009-12-31": "$-4", "2009-09-30": "$-10", "2009-06-30": "$-4", "2009-03-31": "$-7", "2008-12-31": "$-16", "2008-09-30": "$-6", "2008-06-30": "$0", "2008-03-31": "$-7", "2007-12-31": "$-4", "2007-09-30": "$-2", "2007-06-30": "$-1", "2007-03-31": "$-1"}}, "eps-earnings-per-share-diluted": {"Healthcare Trust Of America Annual EPS": {"2019": "$0.14", "2018": "$1.02", "2017": "$0.34", "2016": "$0.33", "2015": "$0.26", "2014": "$0.37", "2013": "$0.21", "2012": "$-0.22", "2011": "$0.04", "2010": "$-0.10", "2009": "$0.00", "2008": "$0.00", "2007": "$0.00"}, "Healthcare Trust Of America Quarterly EPS": {"2020-09-30": "$-0.03", "2020-06-30": "$0.06", "2020-03-31": "$0.08", "2019-12-31": "$0.04", "2019-09-30": "$-0.04", "2019-06-30": "$0.08", "2019-03-31": "$0.06", "2018-12-31": "$0.08", "2018-09-30": "$0.82", "2018-06-30": "$0.07", "2018-03-31": "$0.05", "2017-12-31": "$0.21", "2017-09-30": "$0.07", "2017-06-30": "$-0.03", "2017-03-31": "$0.09", "2016-12-31": "$0.12", "2016-09-30": "$0.04", "2016-06-30": "$0.09", "2016-03-31": "$0.08", "2015-12-31": "$0.09", "2015-09-30": "$0.05", "2015-06-30": "$0.07", "2015-03-31": "$0.05", "2014-12-31": "$0.18", "2014-09-30": "$0.13", "2014-06-30": "$0.02", "2014-03-31": "$0.04", "2013-12-31": "$0.03", "2013-09-30": "$0.04", "2013-06-30": "$0.12", "2013-03-31": "$0.02", "2012-12-31": "$-0.04", "2012-09-30": "$-0.02", "2012-06-30": "$-0.16", "2012-03-31": "$0.00", "2011-12-31": "$0.02", "2011-09-30": "$0.00", "2011-06-30": "$0.02", "2011-03-31": "$0.02", "2010-12-31": "$-0.10", "2010-09-30": "$0.00", "2010-06-30": "$0.00", "2010-03-31": "$0.00", "2009-12-31": "$0.00", "2009-09-30": "$0.00", "2009-06-30": "$0.00", "2009-03-31": "$0.00", "2008-12-31": "$0.00", "2008-09-30": "$0.00", "2008-06-30": "$0.00", "2008-03-31": "$0.00", "2007-12-31": "$0.00", "2007-09-30": "$0.00", "2007-06-30": "$0.00", "2007-03-31": "$0.00"}}, "shares-outstanding": {"Healthcare Trust Of America Annual Shares Outstanding (Millions of Shares)": {"2019": "210", "2018": "210", "2017": "185", "2016": "140", "2015": "128", "2014": "121", "2013": "115", "2012": "111", "2011": "112", "2010": "83", "2009": "", "2008": "", "2007": ""}, "Healthcare Trust Of America Quarterly Shares Outstanding (Millions of Shares)": {"2020-09-30": "219", "2020-06-30": "222", "2020-03-31": "221", "2019-12-31": "210", "2019-09-30": "205", "2019-06-30": "209", "2019-03-31": "209", "2018-12-31": "210", "2018-09-30": "211", "2018-06-30": "209", "2018-03-31": "209", "2017-12-31": "185", "2017-09-30": "205", "2017-06-30": "176", "2017-03-31": "146", "2016-12-31": "140", "2016-09-30": "143", "2016-06-30": "141", "2016-03-31": "131", "2015-12-31": "128", "2015-09-30": "129", "2015-06-30": "127", "2015-03-31": "127", "2014-12-31": "121", "2014-09-30": "121", "2014-06-30": "120", "2014-03-31": "120", "2013-12-31": "115", "2013-09-30": "118", "2013-06-30": "114", "2013-03-31": "109", "2012-12-31": "111", "2012-09-30": "109", "2012-06-30": "115", "2012-03-31": "114", "2011-12-31": "114", "2011-09-30": "115", "2011-06-30": "114", "2011-03-31": "107", "2010-12-31": "96", "2010-09-30": "", "2010-06-30": "", "2010-03-31": "", "2009-12-31": "", "2009-09-30": "", "2009-06-30": "", "2009-03-31": "", "2008-12-31": "", "2008-09-30": "", "2008-06-30": "", "2008-03-31": "", "2007-12-31": "", "2007-09-30": "", "2007-06-30": "", "2007-03-31": ""}}, "total-assets": {"Healthcare Trust Of America Annual Total Assets (Millions of US $)": {"2019": "$6,639", "2018": "$6,188", "2017": "$6,450", "2016": "$3,748", "2015": "$3,172", "2014": "$3,031", "2013": "$2,752", "2012": "$2,414", "2011": "$2,292", "2010": "$2,272", "2009": "$1,674", "2008": "$1,114", "2007": "$432"}, "Healthcare Trust Of America Quarterly Total Assets (Millions of US $)": {"2020-09-30": "$6,775", "2020-06-30": "$6,644", "2020-03-31": "$6,824", "2019-12-31": "$6,639", "2019-09-30": "$6,323", "2019-06-30": "$6,240", "2019-03-31": "$6,243", "2018-12-31": "$6,188", "2018-09-30": "$6,329", "2018-06-30": "$6,302", "2018-03-31": "$6,360", "2017-12-31": "$6,450", "2017-09-30": "$6,414", "2017-06-30": "$6,367", "2017-03-31": "$3,753", "2016-12-31": "$3,748", "2016-09-30": "$3,716", "2016-06-30": "$3,532", "2016-03-31": "$3,311", "2015-12-31": "$3,172", "2015-09-30": "$3,180", "2015-06-30": "$3,218", "2015-03-31": "$3,049", "2014-12-31": "$3,031", "2014-09-30": "$2,987", "2014-06-30": "$3,015", "2014-03-31": "$2,735", "2013-12-31": "$2,752", "2013-09-30": "$2,682", "2013-06-30": "$2,575", "2013-03-31": "$2,590", "2012-12-31": "$2,414", "2012-09-30": "$2,404", "2012-06-30": "$2,437", "2012-03-31": "$2,458", "2011-12-31": "$2,292", "2011-09-30": "$2,334", "2011-06-30": "$2,380", "2011-03-31": "$2,464", "2010-12-31": "$2,272", "2010-09-30": "$1,997", "2010-06-30": "$1,882", "2010-03-31": "$1,729", "2009-12-31": "$1,674", "2009-09-30": "$1,528", "2009-06-30": "$1,437", "2009-03-31": "$1,268", "2008-12-31": "$1,114", "2008-09-30": "$955", "2008-06-30": "$831", "2008-03-31": "$541", "2007-12-31": "$432", "2007-09-30": "$303", "2007-06-30": "$166", "2007-03-31": "$58"}}, "cash-on-hand": {"Healthcare Trust Of America Annual Cash on Hand (Millions of US $)": {"2019": "$38", "2018": "$134", "2017": "$119", "2016": "$25", "2015": "$29", "2014": "$31", "2013": "$36", "2012": "$34", "2011": "$86", "2010": "$56", "2009": "$233", "2008": "$136", "2007": "$10"}, "Healthcare Trust Of America Quarterly Cash on Hand (Millions of US $)": {"2020-09-30": "$231", "2020-06-30": "$80", "2020-03-31": "$221", "2019-12-31": "$38", "2019-09-30": "$18", "2019-06-30": "$29", "2019-03-31": "$68", "2018-12-31": "$134", "2018-09-30": "$240", "2018-06-30": "$40", "2018-03-31": "$69", "2017-12-31": "$119", "2017-09-30": "$27", "2017-06-30": "$125", "2017-03-31": "$24", "2016-12-31": "$25", "2016-09-30": "$32", "2016-06-30": "$24", "2016-03-31": "$31", "2015-12-31": "$29", "2015-09-30": "$29", "2015-06-30": "$33", "2015-03-31": "$35", "2014-12-31": "$31", "2014-09-30": "$50", "2014-06-30": "$152", "2014-03-31": "$46", "2013-12-31": "$36", "2013-09-30": "$102", "2013-06-30": "$139", "2013-03-31": "$138", "2012-12-31": "$34", "2012-09-30": "$26", "2012-06-30": "$41", "2012-03-31": "$53", "2011-12-31": "$86", "2011-09-30": "$140", "2011-06-30": "$169", "2011-03-31": "$233", "2010-12-31": "$56", "2010-09-30": "$246", "2010-06-30": "$210", "2010-03-31": "$159", "2009-12-31": "$233", "2009-09-30": "$337", "2009-06-30": "$399", "2009-03-31": "$263", "2008-12-31": "$136", "2008-09-30": "$43", "2008-06-30": "$19", "2008-03-31": "$13", "2007-12-31": "$10", "2007-09-30": "$9", "2007-06-30": "$14", "2007-03-31": "$6"}}, "long-term-debt": {"Healthcare Trust Of America Annual Long Term Debt (Millions of US $)": {"2019": "$2,750", "2018": "$2,541", "2017": "$2,781", "2016": "$1,769", "2015": "$1,591", "2014": "$1,402", "2013": "$1,214", "2012": "$1,037", "2011": "$639", "2010": "$", "2009": "$", "2008": "$", "2007": "$52"}, "Healthcare Trust Of America Quarterly Long Term Debt (Millions of US $)": {"2020-09-30": "$3,027", "2020-06-30": "$2,819", "2020-03-31": "$2,960", "2019-12-31": "$2,750", "2019-09-30": "$2,666", "2019-06-30": "$2,567", "2019-03-31": "$2,542", "2018-12-31": "$2,541", "2018-09-30": "$2,610", "2018-06-30": "$2,684", "2018-03-31": "$2,780", "2017-12-31": "$2,781", "2017-09-30": "$2,857", "2017-06-30": "$2,784", "2017-03-31": "$1,811", "2016-12-31": "$1,769", "2016-09-30": "$1,713", "2016-06-30": "$1,632", "2016-03-31": "$1,667", "2015-12-31": "$1,591", "2015-09-30": "$1,576", "2015-06-30": "$1,639", "2015-03-31": "$1,459", "2014-12-31": "$1,402", "2014-09-30": "$1,497", "2014-06-30": "$1,520", "2014-03-31": "$1,232", "2013-12-31": "$1,214", "2013-09-30": "$1,126", "2013-06-30": "$1,114", "2013-03-31": "$1,136", "2012-12-31": "$1,037", "2012-09-30": "$1,000", "2012-06-30": "$859", "2012-03-31": "$836", "2011-12-31": "$639", "2011-09-30": "", "2011-06-30": "", "2011-03-31": "", "2010-12-31": "", "2010-09-30": "", "2010-06-30": "", "2010-03-31": "", "2009-12-31": "", "2009-09-30": "", "2009-06-30": "", "2009-03-31": "", "2008-12-31": "", "2008-09-30": "", "2008-06-30": "$81", "2008-03-31": "$59", "2007-12-31": "$52", "2007-09-30": "$36", "2007-06-30": "", "2007-03-31": ""}}, "total-liabilities": {"Healthcare Trust Of America Annual Total Liabilities (Millions of US $)": {"2019": "$3,208", "2018": "$2,854", "2017": "$3,086", "2016": "$1,967", "2015": "$1,765", "2014": "$1,555", "2013": "$1,353", "2012": "$1,149", "2011": "$724", "2010": "$781", "2009": "$599", "2008": "$513", "2007": "$253"}, "Healthcare Trust Of America Quarterly Total Liabilities (Millions of US $)": {"2020-09-30": "$3,500", "2020-06-30": "$3,296", "2020-03-31": "$3,419", "2019-12-31": "$3,208", "2019-09-30": "$3,109", "2019-06-30": "$3,009", "2019-03-31": "$2,968", "2018-12-31": "$2,854", "2018-09-30": "$2,895", "2018-06-30": "$2,973", "2018-03-31": "$3,049", "2017-12-31": "$3,086", "2017-09-30": "$3,153", "2017-06-30": "$3,060", "2017-03-31": "$2,003", "2016-12-31": "$1,967", "2016-09-30": "$1,913", "2016-06-30": "$1,820", "2016-03-31": "$1,841", "2015-12-31": "$1,765", "2015-09-30": "$1,745", "2015-06-30": "$1,797", "2015-03-31": "$1,602", "2014-12-31": "$1,555", "2014-09-30": "$1,646", "2014-06-30": "$1,656", "2014-03-31": "$1,364", "2013-12-31": "$1,353", "2013-09-30": "$1,263", "2013-06-30": "$1,231", "2013-03-31": "$1,247", "2012-12-31": "$1,149", "2012-09-30": "$1,111", "2012-06-30": "$962", "2012-03-31": "$922", "2011-12-31": "$724", "2011-09-30": "$733", "2011-06-30": "$748", "2011-03-31": "$803", "2010-12-31": "$781", "2010-09-30": "$656", "2010-06-30": "$669", "2010-03-31": "$589", "2009-12-31": "$599", "2009-09-30": "$509", "2009-06-30": "$509", "2009-03-31": "$508", "2008-12-31": "$513", "2008-09-30": "$497", "2008-06-30": "$510", "2008-03-31": "$321", "2007-12-31": "$253", "2007-09-30": "$169", "2007-06-30": "$75", "2007-03-31": "$35"}}, "total-share-holder-equity": {"Healthcare Trust Of America Annual Share Holder Equity (Millions of US $)": {"2019": "$3,431", "2018": "$3,335", "2017": "$3,363", "2016": "$1,780", "2015": "$1,407", "2014": "$1,476", "2013": "$1,400", "2012": "$1,265", "2011": "$1,567", "2010": "$1,491", "2009": "$1,075", "2008": "$601", "2007": "$179"}, "Healthcare Trust Of America Quarterly Share Holder Equity (Millions of US $)": {"2020-09-30": "$3,274", "2020-06-30": "$3,349", "2020-03-31": "$3,405", "2019-12-31": "$3,431", "2019-09-30": "$3,214", "2019-06-30": "$3,231", "2019-03-31": "$3,275", "2018-12-31": "$3,335", "2018-09-30": "$3,434", "2018-06-30": "$3,329", "2018-03-31": "$3,311", "2017-12-31": "$3,363", "2017-09-30": "$3,260", "2017-06-30": "$3,307", "2017-03-31": "$1,750", "2016-12-31": "$1,780", "2016-09-30": "$1,803", "2016-06-30": "$1,712", "2016-03-31": "$1,469", "2015-12-31": "$1,407", "2015-09-30": "$1,434", "2015-06-30": "$1,421", "2015-03-31": "$1,447", "2014-12-31": "$1,476", "2014-09-30": "$1,341", "2014-06-30": "$1,358", "2014-03-31": "$1,371", "2013-12-31": "$1,400", "2013-09-30": "$1,419", "2013-06-30": "$1,344", "2013-03-31": "$1,344", "2012-12-31": "$1,265", "2012-09-30": "$1,292", "2012-06-30": "$1,475", "2012-03-31": "$1,536", "2011-12-31": "$1,567", "2011-09-30": "$1,601", "2011-06-30": "$1,632", "2011-03-31": "$1,661", "2010-12-31": "$1,491", "2010-09-30": "$1,341", "2010-06-30": "$1,213", "2010-03-31": "$1,140", "2009-12-31": "$1,075", "2009-09-30": "$1,019", "2009-06-30": "$928", "2009-03-31": "$760", "2008-12-31": "$601", "2008-09-30": "$458", "2008-06-30": "$321", "2008-03-31": "$220", "2007-12-31": "$179", "2007-09-30": "$135", "2007-06-30": "$91", "2007-03-31": "$23"}}, "profit-margins": {"current": "4.67%"}, "gross margin": {"2020-09-30": "69.37%", "2020-06-30": "69.27%", "2020-03-31": "69.39%", "2019-12-31": "69.36%", "2019-09-30": "68.90%", "2019-06-30": "68.60%", "2019-03-31": "68.65%", "2018-12-31": "68.39%", "2018-09-30": "68.62%", "2018-06-30": "68.67%", "2018-03-31": "68.47%", "2017-12-31": "68.57%", "2017-09-30": "68.51%", "2017-06-30": "68.65%", "2017-03-31": "68.76%", "2016-12-31": "68.91%", "2016-09-30": "69.32%", "2016-06-30": "69.25%", "2016-03-31": "69.66%", "2015-12-31": "69.55%", "2015-09-30": "69.52%", "2015-06-30": "69.92%", "2015-03-31": "69.74%", "2014-12-31": "69.62%", "2014-09-30": "69.53%", "2014-06-30": "69.25%", "2014-03-31": "69.35%", "2013-12-31": "69.57%", "2013-09-30": "69.43%", "2013-06-30": "68.93%", "2013-03-31": "68.08%", "2012-12-31": "67.77%", "2012-09-30": "60.48%", "2012-06-30": "60.42%", "2012-03-31": "60.36%", "2011-12-31": "60.00%", "2011-09-30": "67.42%", "2011-06-30": "67.47%", "2011-03-31": "67.54%", "2010-12-31": "67.98%", "2010-09-30": "67.58%", "2010-06-30": "67.28%", "2010-03-31": "66.90%", "2009-12-31": "65.12%", "2009-09-30": "64.71%", "2009-06-30": "63.96%", "2009-03-31": "63.92%", "2008-12-31": "66.25%", "2008-09-30": "66.13%", "2008-06-30": "67.44%", "2008-03-31": "66.67%", "2007-12-31": "61.11%"}, "operating margin": {"2020-09-30": "21.15%", "2020-06-30": "20.67%", "2020-03-31": "21.16%", "2019-12-31": "21.24%", "2019-09-30": "22.09%", "2019-06-30": "21.80%", "2019-03-31": "22.06%", "2018-12-31": "21.70%", "2018-09-30": "20.63%", "2018-06-30": "21.46%", "2018-03-31": "19.52%", "2017-12-31": "20.20%", "2017-09-30": "21.00%", "2017-06-30": "20.24%", "2017-03-31": "22.01%", "2016-12-31": "22.39%", "2016-09-30": "23.18%", "2016-06-30": "23.47%", "2016-03-31": "23.79%", "2015-12-31": "23.02%", "2015-09-30": "23.17%", "2015-06-30": "23.39%", "2015-03-31": "22.63%", "2014-12-31": "22.04%", "2014-09-30": "20.50%", "2014-06-30": "20.69%", "2014-03-31": "21.73%", "2013-12-31": "20.50%", "2013-09-30": "19.75%", "2013-06-30": "17.15%", "2013-03-31": "10.42%", "2012-12-31": "9.97%", "2012-09-30": "11.00%", "2012-06-30": "11.31%", "2012-03-31": "17.09%", "2011-12-31": "17.82%", "2011-09-30": "10.49%", "2011-06-30": "10.84%", "2011-03-31": "10.53%", "2010-12-31": "10.84%", "2010-09-30": "25.82%", "2010-06-30": "20.99%", "2010-03-31": "17.24%", "2009-12-31": "11.63%", "2009-09-30": "0.00%", "2009-06-30": "3.60%", "2009-03-31": "4.12%", "2008-12-31": "6.25%", "2008-09-30": "4.84%", "2008-06-30": "2.33%", "2008-03-31": "-3.33%", "2007-12-31": "-11.11%"}, "ebitda margin": {"2020-09-30": "40.93%", "2020-06-30": "40.78%", "2020-03-31": "40.76%", "2019-12-31": "40.32%", "2019-09-30": "51.16%", "2019-06-30": "60.90%", "2019-03-31": "61.10%", "2018-12-31": "60.63%", "2018-09-30": "59.74%", "2018-06-30": "60.37%", "2018-03-31": "58.71%", "2017-12-31": "59.12%", "2017-09-30": "59.25%", "2017-06-30": "58.93%", "2017-03-31": "60.59%", "2016-12-31": "60.43%", "2016-09-30": "61.36%", "2016-06-30": "61.03%", "2016-03-31": "60.92%", "2015-12-31": "60.64%", "2015-09-30": "60.71%", "2015-06-30": "60.41%", "2015-03-31": "59.47%", "2014-12-31": "59.41%", "2014-09-30": "58.17%", "2014-06-30": "58.05%", "2014-03-31": "59.23%", "2013-12-31": "57.76%", "2013-09-30": "56.37%", "2013-06-30": "54.37%", "2013-03-31": "48.21%", "2012-12-31": "47.84%", "2012-09-30": "50.17%", "2012-06-30": "50.18%", "2012-03-31": "56.00%", "2011-12-31": "55.64%", "2011-09-30": "47.19%", "2011-06-30": "47.39%", "2011-03-31": "43.86%", "2010-12-31": "46.31%", "2010-09-30": "60.44%", "2010-06-30": "56.17%", "2010-03-31": "56.55%", "2009-12-31": "49.61%", "2009-09-30": "40.34%", "2009-06-30": "45.95%", "2009-03-31": "47.42%", "2008-12-31": "50.00%", "2008-09-30": "48.39%", "2008-06-30": "46.51%", "2008-03-31": "43.33%", "2007-12-31": "38.89%"}, "pre tax profit margin": {"2020-09-30": "4.67%", "2020-06-30": "4.47%", "2020-03-31": "4.94%", "2019-12-31": "4.48%", "2019-09-30": "5.52%", "2019-06-30": "32.41%", "2019-03-31": "32.22%", "2018-12-31": "31.32%", "2018-09-30": "35.10%", "2018-06-30": "11.87%", "2018-03-31": "9.16%", "2017-12-31": "10.59%", "2017-09-30": "6.94%", "2017-06-30": "6.35%", "2017-03-31": "10.90%", "2016-12-31": "10.43%", "2016-09-30": "9.55%", "2016-06-30": "9.86%", "2016-03-31": "8.98%", "2015-12-31": "8.42%", "2015-09-30": "11.08%", "2015-06-30": "13.62%", "2015-03-31": "12.37%", "2014-12-31": "12.10%", "2014-09-30": "7.76%", "2014-06-30": "4.89%", "2014-03-31": "8.33%", "2013-12-31": "7.45%", "2013-09-30": "6.05%", "2013-06-30": "3.56%", "2013-03-31": "-7.17%", "2012-12-31": "-7.64%", "2012-09-30": "-6.87%", "2012-06-30": "-6.01%", "2012-03-31": "1.09%", "2011-12-31": "1.82%", "2011-09-30": "-2.25%", "2011-06-30": "-2.01%", "2011-03-31": "-2.63%", "2010-12-31": "-3.94%", "2010-09-30": "-1.65%", "2010-06-30": "-8.64%", "2010-03-31": "-12.41%", "2009-12-31": "-19.38%", "2009-09-30": "-31.93%", "2009-06-30": "-30.63%", "2009-03-31": "-29.90%", "2008-12-31": "-36.25%", "2008-09-30": "-25.81%", "2008-06-30": "-27.91%", "2008-03-31": "-46.67%", "2007-12-31": "-44.44%"}, "net profit margin": {"2020-09-30": "4.53%", "2020-06-30": "4.47%", "2020-03-31": "4.94%", "2019-12-31": "4.34%", "2019-09-30": "5.23%", "2019-06-30": "31.54%", "2019-03-31": "31.35%", "2018-12-31": "30.60%", "2018-09-30": "34.53%", "2018-06-30": "11.73%", "2018-03-31": "9.16%", "2017-12-31": "10.59%", "2017-09-30": "6.94%", "2017-06-30": "6.15%", "2017-03-31": "10.48%", "2016-12-31": "10.00%", "2016-09-30": "8.86%", "2016-06-30": "9.15%", "2016-03-31": "8.50%", "2015-12-31": "7.92%", "2015-09-30": "10.83%", "2015-06-30": "13.62%", "2015-03-31": "12.37%", "2014-12-31": "12.10%", "2014-09-30": "7.76%", "2014-06-30": "4.89%", "2014-03-31": "8.33%", "2013-12-31": "7.45%", "2013-09-30": "5.73%", "2013-06-30": "3.24%", "2013-03-31": "-7.49%", "2012-12-31": "-7.97%", "2012-09-30": "-6.87%", "2012-06-30": "-6.01%", "2012-03-31": "1.09%", "2011-12-31": "1.82%", "2011-09-30": "-2.25%", "2011-06-30": "-2.01%", "2011-03-31": "-2.63%", "2010-12-31": "-3.94%", "2010-09-30": "-1.65%", "2010-06-30": "-8.64%", "2010-03-31": "-12.41%", "2009-12-31": "-19.38%", "2009-09-30": "-31.09%", "2009-06-30": "-29.73%", "2009-03-31": "-29.90%", "2008-12-31": "-36.25%", "2008-09-30": "-27.42%", "2008-06-30": "-30.23%", "2008-03-31": "-46.67%", "2007-12-31": "-44.44%"}, "pe ratio": {"current": "17.05", "2021-02-05": "192.07", "2020-09-30": "169.19", "2020-06-30": "182.76", "2020-03-31": "144.33", "2019-12-31": "205.71", "2019-09-30": "160.94", "2019-06-30": "24.52", "2019-03-31": "25.53", "2018-12-31": "22.83", "2018-09-30": "21.06", "2018-06-30": "61.53", "2018-03-31": "80.23", "2017-12-31": "80.07", "2017-09-30": "108.12", "2017-06-30": "127.69", "2017-03-31": "80.62", "2016-12-31": "76.93", "2016-09-30": "94.14", "2016-06-30": "89.41", "2016-03-31": "86.36", "2015-12-31": "87.77", "2015-09-30": "58.02", "2015-06-30": "44.29", "2015-03-31": "57.60", "2014-12-31": "56.61", "2014-09-30": "74.35", "2014-06-30": "130.66", "2014-03-31": "71.25", "2013-12-31": "66.30", "2013-09-30": "96.07", "2013-06-30": "115.66", "2013-03-31": "0.00"}, "price sales": {"2021-02-05": "8.61", "2020-09-30": "7.59", "2020-06-30": "7.66", "2020-03-31": "6.88", "2019-12-31": "8.66", "2019-09-30": "8.28", "2019-06-30": "7.70", "2019-03-31": "7.93", "2018-12-31": "6.95", "2018-09-30": "6.99", "2018-06-30": "6.92", "2018-03-31": "6.78", "2017-12-31": "7.68", "2017-09-30": "7.69", "2017-06-30": "8.03", "2017-03-31": "7.93", "2016-12-31": "7.41", "2016-09-30": "8.41", "2016-06-30": "8.31", "2016-03-31": "7.55", "2015-12-31": "6.94", "2015-09-30": "6.27", "2015-06-30": "6.08", "2015-03-31": "7.07", "2014-12-31": "6.79", "2014-09-30": "5.89", "2014-06-30": "6.21", "2014-03-31": "5.94", "2013-12-31": "5.17", "2013-09-30": "5.55", "2013-06-30": "5.84", "2013-03-31": "6.08"}, "price book": {"current": "1.92", "2021-02-05": "1.92", "2020-09-30": "1.69", "2020-06-30": "1.67", "2020-03-31": "1.48", "2019-12-31": "1.82", "2019-09-30": "1.76", "2019-06-30": "1.60", "2019-03-31": "1.63", "2018-12-31": "1.42", "2018-09-30": "1.45", "2018-06-30": "1.50", "2018-03-31": "1.44", "2017-12-31": "1.61", "2017-09-30": "1.60", "2017-06-30": "1.63", "2017-03-31": "2.16", "2016-12-31": "1.96", "2016-09-30": "2.15", "2016-06-30": "2.16", "2016-03-31": "2.15", "2015-12-31": "1.98", "2015-09-30": "1.75", "2015-06-30": "1.68", "2015-03-31": "1.89", "2014-12-31": "1.77", "2014-09-30": "1.59", "2014-06-30": "1.61", "2014-03-31": "1.48", "2013-12-31": "1.23", "2013-09-30": "1.28", "2013-06-30": "1.36", "2013-03-31": "1.40", "2012-12-31": "1.18", "2012-09-30": "1.12", "2012-06-30": "1.05"}, "price fcf": {"2021-02-05": "", "2020-09-30": "$-1.31", "2020-06-30": "$-1.05", "2020-03-31": "$-1.32", "2019-12-31": "$-1.43", "2019-09-30": "$1.20", "2019-06-30": "$2.17", "2019-03-31": "$2.56", "2018-12-31": "$2.61", "2018-09-30": "$1.74", "2018-06-30": "$1.21", "2018-03-31": "$-10.94", "2017-12-31": "$-11.12", "2017-09-30": "$-10.71", "2017-06-30": "$-12.99", "2017-03-31": "$-1.89", "2016-12-31": "$-2.89", "2016-09-30": "$-2.64", "2016-06-30": "$-1.16", "2016-03-31": "$-1.58", "2015-12-31": "$-0.65", "2015-09-30": "$-0.80", "2015-06-30": "$-1.42", "2015-03-31": "$-1.00", "2014-12-31": "$-0.73", "2014-09-30": "$-1.56", "2014-06-30": "$-2.15", "2014-03-31": "$-1.07", "2013-12-31": "$-1.90", "2013-09-30": "$-0.99", "2013-06-30": "$-0.16", "2013-03-31": "$-2.06"}, "net worth": {"value": "$6.3B"}, "current ratio": {"2020-09-30": "2.79", "2020-06-30": "1.87", "2020-03-31": "1.43", "2019-12-31": "1.60", "2019-09-30": "1.57", "2019-06-30": "1.59", "2019-03-31": "0.49", "2018-12-31": "0.72", "2018-09-30": "2.83", "2018-06-30": "1.67", "2018-03-31": "2.03", "2017-12-31": "1.95", "2017-09-30": "1.46", "2017-06-30": "2.22", "2017-03-31": "2.08", "2016-12-31": "1.89", "2016-09-30": "1.85", "2016-06-30": "1.89", "2016-03-31": "2.03", "2015-12-31": "1.80", "2015-09-30": "1.87", "2015-06-30": "2.13", "2015-03-31": "2.10", "2014-12-31": "1.63", "2014-09-30": "2.04", "2014-06-30": "3.45", "2014-03-31": "2.37", "2013-12-31": "2.11", "2013-09-30": "2.72", "2013-06-30": "3.58", "2013-03-31": "3.76", "2012-12-31": "2.18", "2012-09-30": "0.90", "2012-06-30": "1.22", "2012-03-31": "2.84", "2011-12-31": "3.27", "2011-09-30": "4.42", "2011-06-30": "5.18", "2011-03-31": "6.86", "2010-12-31": "2.59", "2010-09-30": "7.52", "2010-06-30": "7.33", "2010-03-31": "7.09", "2009-12-31": "9.80", "2009-09-30": "10.95", "2009-06-30": "14.63", "2009-03-31": "11.24", "2008-12-31": "7.16", "2008-09-30": "2.13", "2008-06-30": "1.31", "2008-03-31": "1.56", "2007-12-31": "1.42", "2007-09-30": "1.89", "2007-06-30": "6.37", "2007-03-31": "6.15"}, "quick ratio": {"2020-09-30": "0.00", "2020-06-30": "0.00", "2020-03-31": "0.00", "2019-12-31": "0.00", "2019-09-30": "0.00", "2019-06-30": "0.00", "2019-03-31": "0.00", "2018-12-31": "0.00", "2018-09-30": "0.00", "2018-06-30": "0.00", "2018-03-31": "0.00", "2017-12-31": "0.00", "2017-09-30": "0.00", "2017-06-30": "0.00", "2017-03-31": "0.00", "2016-12-31": "0.00", "2016-09-30": "0.00", "2016-06-30": "0.00", "2016-03-31": "0.00", "2015-12-31": "0.00", "2015-09-30": "0.00", "2015-06-30": "0.00", "2015-03-31": "0.00", "2014-12-31": "0.00", "2014-09-30": "0.00", "2014-06-30": "0.00", "2014-03-31": "0.00", "2013-12-31": "0.00", "2013-09-30": "0.00", "2013-06-30": "0.00", "2013-03-31": "0.00", "2012-12-31": "0.00", "2012-09-30": "0.00", "2012-06-30": "0.00", "2012-03-31": "0.00", "2011-12-31": "0.00", "2011-09-30": "0.00", "2011-06-30": "0.00", "2011-03-31": "0.00", "2010-12-31": "0.00", "2010-09-30": "0.00", "2010-06-30": "0.00", "2010-03-31": "0.00", "2009-12-31": "0.00", "2009-09-30": "0.00", "2009-06-30": "0.00", "2009-03-31": "0.00", "2008-12-31": "0.00", "2008-09-30": "0.00", "2008-06-30": "0.00", "2008-03-31": "0.00", "2007-12-31": "0.00", "2007-09-30": "0.00", "2007-06-30": "0.00", "2007-03-31": "0.00"}, "debt equity ratio": {"current": "0.92", "2020-09-30": "1.07", "2020-06-30": "0.98", "2020-03-31": "1.00", "2019-12-31": "0.94", "2019-09-30": "0.97", "2019-06-30": "0.93", "2019-03-31": "0.91", "2018-12-31": "0.86", "2018-09-30": "0.84", "2018-06-30": "0.89", "2018-03-31": "0.92", "2017-12-31": "0.92", "2017-09-30": "0.97", "2017-06-30": "0.93", "2017-03-31": "1.15", "2016-12-31": "1.11", "2016-09-30": "1.06", "2016-06-30": "1.06", "2016-03-31": "1.25", "2015-12-31": "1.26", "2015-09-30": "1.22", "2015-06-30": "1.27", "2015-03-31": "1.11", "2014-12-31": "1.05", "2014-09-30": "1.23", "2014-06-30": "1.22", "2014-03-31": "0.99", "2013-12-31": "0.97", "2013-09-30": "0.89", "2013-06-30": "0.92", "2013-03-31": "0.93", "2012-12-31": "0.91", "2012-09-30": "0.86", "2012-06-30": "0.65", "2012-03-31": "0.60", "2011-12-31": "0.46", "2011-09-30": "0.46", "2011-06-30": "0.46", "2011-03-31": "0.48", "2010-12-31": "0.52", "2010-09-30": "0.49", "2010-06-30": "0.55", "2010-03-31": "0.52", "2009-12-31": "0.56", "2009-09-30": "0.50", "2009-06-30": "0.55", "2009-03-31": "0.67", "2008-12-31": "0.85", "2008-09-30": "1.09", "2008-06-30": "1.59", "2008-03-31": "1.46", "2007-12-31": "1.42", "2007-09-30": "1.25", "2007-06-30": "0.83", "2007-03-31": "1.51"}, "return on equity": {"2020-09-30": "0.98%", "2020-06-30": "0.96%", "2020-03-31": "1.05%", "2019-12-31": "0.91%", "2019-09-30": "1.10%", "2019-06-30": "6.54%", "2019-03-31": "6.46%", "2018-12-31": "6.35%", "2018-09-30": "7.17%", "2018-06-30": "2.47%", "2018-03-31": "1.84%", "2017-12-31": "2.23%", "2017-09-30": "1.55%", "2017-06-30": "1.44%", "2017-03-31": "2.84%", "2016-12-31": "2.72%", "2016-09-30": "2.44%", "2016-06-30": "2.59%", "2016-03-31": "2.44%", "2015-12-31": "2.24%", "2015-09-30": "2.98%", "2015-06-30": "3.73%", "2015-03-31": "3.34%", "2014-12-31": "3.25%", "2014-09-30": "2.05%", "2014-06-30": "1.23%", "2014-03-31": "2.02%", "2013-12-31": "1.74%", "2013-09-30": "1.34%", "2013-06-30": "0.76%", "2013-03-31": "-1.71%", "2012-12-31": "-1.72%", "2012-09-30": "-1.36%", "2012-06-30": "-1.10%", "2012-03-31": "0.19%", "2011-12-31": "0.31%", "2011-09-30": "-0.38%", "2011-06-30": "-0.33%", "2011-03-31": "-0.42%", "2010-12-31": "-0.62%", "2010-09-30": "-0.25%", "2010-06-30": "-1.26%", "2010-03-31": "-1.73%", "2009-12-31": "-2.64%", "2009-09-30": "-4.47%", "2009-06-30": "-4.81%", "2009-03-31": "-5.42%", "2008-12-31": "-7.25%", "2008-09-30": "-5.77%", "2008-06-30": "-6.08%", "2008-03-31": "-8.96%", "2007-12-31": "-7.48%"}, "return on assets": {"2020-09-30": "0.49%", "2020-06-30": "0.48%", "2020-03-31": "0.54%", "2019-12-31": "0.47%", "2019-09-30": "0.58%", "2019-06-30": "3.47%", "2019-03-31": "3.45%", "2018-12-31": "3.38%", "2018-09-30": "3.79%", "2018-06-30": "1.28%", "2018-03-31": "0.95%", "2017-12-31": "1.13%", "2017-09-30": "0.77%", "2017-06-30": "0.71%", "2017-03-31": "1.36%", "2016-12-31": "1.29%", "2016-09-30": "1.14%", "2016-06-30": "1.18%", "2016-03-31": "1.09%", "2015-12-31": "1.01%", "2015-09-30": "1.38%", "2015-06-30": "1.73%", "2015-03-31": "1.56%", "2014-12-31": "1.53%", "2014-09-30": "0.97%", "2014-06-30": "0.61%", "2014-03-31": "1.04%", "2013-12-31": "0.91%", "2013-09-30": "0.70%", "2013-06-30": "0.40%", "2013-03-31": "-0.93%", "2012-12-31": "-0.99%", "2012-09-30": "-0.83%", "2012-06-30": "-0.71%", "2012-03-31": "0.13%", "2011-12-31": "0.21%", "2011-09-30": "-0.25%", "2011-06-30": "-0.22%", "2011-03-31": "-0.28%", "2010-12-31": "-0.41%", "2010-09-30": "-0.16%", "2010-06-30": "-0.82%", "2010-03-31": "-1.13%", "2009-12-31": "-1.69%", "2009-09-30": "-2.77%", "2009-06-30": "-2.76%", "2009-03-31": "-2.78%", "2008-12-31": "-3.37%", "2008-09-30": "-2.46%", "2008-06-30": "-2.47%", "2008-03-31": "-3.88%", "2007-12-31": "-3.34%"}, "return on investments": {"2020-09-30": "2.46%", "2020-06-30": "2.41%", "2020-03-31": "2.48%", "2019-12-31": "2.48%", "2019-09-30": "2.60%", "2019-06-30": "2.55%", "2019-03-31": "2.56%", "2018-12-31": "2.51%", "2018-09-30": "2.37%", "2018-06-30": "2.46%", "2018-03-31": "2.13%", "2017-12-31": "2.26%", "2017-09-30": "2.44%", "2017-06-30": "2.44%", "2017-03-31": "3.01%", "2016-12-31": "3.04%", "2016-09-30": "3.14%", "2016-06-30": "3.20%", "2016-03-31": "3.21%", "2015-12-31": "3.11%", "2015-09-30": "3.10%", "2015-06-30": "3.12%", "2015-03-31": "2.99%", "2014-12-31": "2.93%", "2014-09-30": "2.71%", "2014-06-30": "2.71%", "2014-03-31": "2.86%", "2013-12-31": "2.61%", "2013-09-30": "2.53%", "2013-06-30": "2.22%", "2013-03-31": "1.36%", "2012-12-31": "1.29%", "2012-09-30": "1.39%", "2012-06-30": "1.85%", "2012-03-31": "4.11%", "2011-12-31": "8.88%", "2011-09-30": "inf%", "2011-06-30": "inf%", "2011-03-31": "inf%", "2010-12-31": "inf%", "2010-09-30": "inf%", "2010-06-30": "inf%", "2010-03-31": "inf%", "2009-12-31": "inf%", "2009-09-30": "nan%", "2009-06-30": "inf%", "2009-03-31": "3.98%", "2008-12-31": "2.94%", "2008-09-30": "1.32%", "2008-06-30": "0.37%", "2008-03-31": "-0.59%", "2007-12-31": "-2.00%"}, "return on tangible equity": {"2020-09-30": "0.98%", "2020-06-30": "0.96%", "2020-03-31": "1.06%", "2019-12-31": "0.92%", "2019-09-30": "1.11%", "2019-06-30": "6.65%", "2019-03-31": "6.62%", "2018-12-31": "6.55%", "2018-09-30": "7.40%", "2018-06-30": "2.55%", "2018-03-31": "1.90%", "2017-12-31": "2.30%", "2017-09-30": "1.59%", "2017-06-30": "1.48%", "2017-03-31": "2.91%", "2016-12-31": "2.80%", "2016-09-30": "2.51%", "2016-06-30": "2.67%", "2016-03-31": "2.52%", "2015-12-31": "2.31%", "2015-09-30": "3.07%", "2015-06-30": "3.85%", "2015-03-31": "3.45%", "2014-12-31": "3.36%", "2014-09-30": "2.12%", "2014-06-30": "1.27%", "2014-03-31": "2.09%", "2013-12-31": "1.80%", "2013-09-30": "1.38%", "2013-06-30": "0.83%", "2013-03-31": "-1.95%", "2012-12-31": "-2.07%", "2012-09-30": "-1.70%", "2012-06-30": "-1.35%", "2012-03-31": "0.23%", "2011-12-31": "0.38%", "2011-09-30": "-0.46%", "2011-06-30": "-0.40%", "2011-03-31": "-0.52%", "2010-12-31": "-0.76%", "2010-09-30": "-0.31%", "2010-06-30": "-1.54%", "2010-03-31": "-2.09%", "2009-12-31": "-3.17%", "2009-09-30": "-5.39%", "2009-06-30": "-5.97%", "2009-03-31": "-7.14%", "2008-12-31": "-10.16%", "2008-09-30": "-8.60%", "2008-06-30": "-9.35%", "2008-03-31": "-13.33%", "2007-12-31": "-11.03%"}, "dividend yield history": {"last payout": "$1.28", "last yield": "4.44%"}}