{"ticker": "HEI", "price": {"title": "Heico Historical Annual Stock Price Data", "value": 128.97, "historical": {"2021": {"Average Stock Price": "129.8913", "Year Open": "127.6200", "Year High": "138.7800", "Year Low": "116.1300", "Year Close": "128.9700", "Annual % Change": "-2.59%"}, "2020": {"Average Stock Price": "106.7728", "Year Open": "119.7900", "Year High": "135.4700", "Year Low": "61.6600", "Year Close": "132.4000", "Annual % Change": "15.99%"}, "2019": {"Average Stock Price": "114.8944", "Year Open": "75.9400", "Year High": "145.9500", "Year Low": "72.9700", "Year Close": "114.1500", "Annual % Change": "47.33%"}, "2018": {"Average Stock Price": "75.9761", "Year Open": "59.8912", "Year High": "93.6100", "Year Low": "59.6960", "Year Close": "77.4800", "Annual % Change": "28.31%"}, "2017": {"Average Stock Price": "49.7976", "Year Open": "39.9104", "Year High": "62.2080", "Year Low": "38.6918", "Year Close": "60.3840", "Annual % Change": "52.87%"}, "2016": {"Average Stock Price": "33.5226", "Year Open": "27.7094", "Year High": "41.9430", "Year Low": "26.8134", "Year Close": "39.5008", "Annual % Change": "41.92%"}, "2015": {"Average Stock Price": "28.4811", "Year Open": "29.8291", "Year High": "32.1792", "Year Low": "24.3200", "Year Close": "27.8323", "Annual % Change": "-10.00%"}, "2014": {"Average Stock Price": "27.6984", "Year Open": "29.0509", "Year High": "33.0342", "Year Low": "23.8029", "Year Close": "30.9248", "Annual % Change": "4.23%"}, "2013": {"Average Stock Price": "22.6518", "Year Open": "18.6655", "Year High": "30.8378", "Year Low": "16.8468", "Year Close": "29.6704", "Annual % Change": "61.84%"}, "2012": {"Average Stock Price": "16.5339", "Year Open": "18.9563", "Year High": "19.5068", "Year Low": "14.0124", "Year Close": "18.3337", "Annual % Change": "-4.33%"}, "2011": {"Average Stock Price": "16.6193", "Year Open": "13.6708", "Year High": "19.9492", "Year Low": "13.0154", "Year Close": "19.1627", "Annual % Change": "43.25%"}, "2010": {"Average Stock Price": "11.0413", "Year Open": "9.3889", "Year High": "15.1126", "Year Low": "8.6340", "Year Close": "13.3772", "Annual % Change": "43.89%"}, "2009": {"Average Stock Price": "7.5550", "Year Open": "8.3572", "Year High": "9.5148", "Year Low": "4.5739", "Year Close": "9.2967", "Annual % Change": "14.17%"}, "2008": {"Average Stock Price": "8.4207", "Year Open": "11.3729", "Year High": "11.4211", "Year Low": "5.3247", "Year Close": "8.1432", "Annual % Change": "-28.73%"}, "2007": {"Average Stock Price": "8.9833", "Year Open": "8.0929", "Year High": "11.8888", "Year Low": "7.2478", "Year Close": "11.4253", "Annual % Change": "40.30%"}, "2006": {"Average Stock Price": "6.7204", "Year Open": "5.4589", "Year High": "8.3467", "Year Low": "5.1611", "Year Close": "8.1432", "Annual % Change": "50.04%"}, "2005": {"Average Stock Price": "4.6687", "Year Open": "4.5676", "Year High": "5.5512", "Year Low": "3.8420", "Year Close": "5.4274", "Annual % Change": "14.56%"}, "2004": {"Average Stock Price": "3.6393", "Year Open": "3.4897", "Year High": "4.8549", "Year Low": "2.7682", "Year Close": "4.7375", "Annual % Change": "24.12%"}, "2003": {"Average Stock Price": "2.5080", "Year Open": "2.2754", "Year High": "3.9405", "Year Low": "1.5561", "Year Close": "3.8168", "Annual % Change": "71.53%"}, "2002": {"Average Stock Price": "2.7980", "Year Open": "3.1877", "Year High": "3.6553", "Year Low": "1.6148", "Year Close": "2.2251", "Annual % Change": "-29.59%"}, "2001": {"Average Stock Price": "3.5755", "Year Open": "3.2233", "Year High": "4.4439", "Year Low": "2.3027", "Year Close": "3.1604", "Annual % Change": "-3.58%"}, "2000": {"Average Stock Price": "3.2115", "Year Open": "4.4166", "Year High": "4.4292", "Year Low": "2.4642", "Year Close": "3.2778", "Annual % Change": "-28.34%"}, "1999": {"Average Stock Price": "4.6831", "Year Open": "6.2642", "Year High": "6.2642", "Year Low": "3.0283", "Year Close": "4.5739", "Annual % Change": "-30.89%"}, "1998": {"Average Stock Price": "5.2998", "Year Open": "3.9846", "Year High": "7.0779", "Year Low": "3.3429", "Year Close": "6.6186", "Annual % Change": "66.10%"}, "1997": {"Average Stock Price": "2.5294", "Year Open": "2.3302", "Year High": "3.9846", "Year Low": "1.9573", "Year Close": "3.9846", "Annual % Change": "62.05%"}, "1996": {"Average Stock Price": "1.6165", "Year Open": "1.1732", "Year High": "2.7030", "Year Low": "1.0023", "Year Close": "2.4588", "Annual % Change": "108.27%"}, "1995": {"Average Stock Price": "0.9457", "Year Open": "0.5748", "Year High": "1.2272", "Year Low": "0.5667", "Year Close": "1.1806", "Annual % Change": "105.39%"}, "1994": {"Average Stock Price": "0.6546", "Year Open": "0.7227", "Year High": "0.7767", "Year Low": "0.5592", "Year Close": "0.5748", "Annual % Change": "-19.56%"}, "1993": {"Average Stock Price": "0.6928", "Year Open": "0.7997", "Year High": "0.9085", "Year Low": "0.5592", "Year Close": "0.7146", "Annual % Change": "-11.54%"}}}, "market cap": {"value": "$17.44B"}, "income statement": {"Revenue": {"2020-10-31": "1787.00900", "2019-10-31": "2055.64700", "2018-10-31": "1777.72100", "2017-10-31": "1524.81300", "2016-10-31": "1376.25800", "2015-10-31": "1188.64800", "2014-10-31": "1132.31100", "2013-10-31": "1008.75700", "2012-10-31": "897.34700", "2011-10-31": "764.89100", "2010-10-31": "617.02000", "2009-10-31": "538.29600", "2008-10-31": "582.34700", "2007-10-31": "507.92400", "2006-10-31": "392.19000", "2005-10-31": "269.64700"}, "Cost Of Goods Sold": {"2020-10-31": "1104.88200", "2019-10-31": "1241.80700", "2018-10-31": "1087.00600", "2017-10-31": "950.08800", "2016-10-31": "860.76600", "2015-10-31": "754.46900", "2014-10-31": "733.99900", "2013-10-31": "637.57600", "2012-10-31": "569.91100", "2011-10-31": "490.45000", "2010-10-31": "394.67300", "2009-10-31": "357.28500", "2008-10-31": "371.85200", "2007-10-31": "330.46600", "2006-10-31": "249.67700", "2005-10-31": "168.65100"}, "Gross Profit": {"2020-10-31": "682.12710", "2019-10-31": "813.84000", "2018-10-31": "690.71500", "2017-10-31": "574.72500", "2016-10-31": "515.49210", "2015-10-31": "434.17900", "2014-10-31": "398.31200", "2013-10-31": "371.18100", "2012-10-31": "327.43600", "2011-10-31": "274.44100", "2010-10-31": "222.34700", "2009-10-31": "181.01100", "2008-10-31": "210.49500", "2007-10-31": "177.45800", "2006-10-31": "142.51300", "2005-10-31": "100.99600"}, "Research And Development Expenses": {"2020-10-31": "", "2019-10-31": "", "2018-10-31": "", "2017-10-31": "", "2016-10-31": "", "2015-10-31": "", "2014-10-31": "", "2013-10-31": "", "2012-10-31": "", "2011-10-31": "", "2010-10-31": "", "2009-10-31": "", "2008-10-31": "", "2007-10-31": "", "2006-10-31": "", "2005-10-31": ""}, "SG&A Expenses": {"2020-10-31": "305.47900", "2019-10-31": "356.74300", "2018-10-31": "314.47000", "2017-10-31": "268.06700", "2016-10-31": "250.14700", "2015-10-31": "204.52300", "2014-10-31": "194.92400", "2013-10-31": "187.59100", "2012-10-31": "164.14200", "2011-10-31": "136.01000", "2010-10-31": "113.17400", "2009-10-31": "92.75600", "2008-10-31": "104.70700", "2007-10-31": "91.44400", "2006-10-31": "75.64600", "2005-10-31": "56.34700"}, "Other Operating Income Or Expenses": {"2020-10-31": "", "2019-10-31": "", "2018-10-31": "", "2017-10-31": "", "2016-10-31": "", "2015-10-31": "", "2014-10-31": "", "2013-10-31": "", "2012-10-31": "", "2011-10-31": "", "2010-10-31": "", "2009-10-31": "", "2008-10-31": "", "2007-10-31": "", "2006-10-31": "", "2005-10-31": ""}, "Operating Expenses": {"2020-10-31": "1410.36100", "2019-10-31": "1598.55000", "2018-10-31": "1401.47600", "2017-10-31": "1218.15500", "2016-10-31": "1110.91300", "2015-10-31": "958.99200", "2014-10-31": "928.92300", "2013-10-31": "825.16700", "2012-10-31": "734.05300", "2011-10-31": "626.46000", "2010-10-31": "507.84700", "2009-10-31": "450.04100", "2008-10-31": "476.55900", "2007-10-31": "421.91000", "2006-10-31": "325.32300", "2005-10-31": "224.99800"}, "Operating Income": {"2020-10-31": "376.64810", "2019-10-31": "457.09690", "2018-10-31": "376.24500", "2017-10-31": "306.65800", "2016-10-31": "265.34510", "2015-10-31": "229.65590", "2014-10-31": "203.38800", "2013-10-31": "183.59000", "2012-10-31": "163.29400", "2011-10-31": "138.43100", "2010-10-31": "109.17300", "2009-10-31": "88.25500", "2008-10-31": "105.78800", "2007-10-31": "86.01400", "2006-10-31": "66.86700", "2005-10-31": "44.64900"}, "Total Non-Operating Income/Expense": {"2020-10-31": "-11.79300", "2019-10-31": "-19.25600", "2018-10-31": "-19.95900", "2017-10-31": "-8.69800", "2016-10-31": "-8.29500", "2015-10-31": "-4.69200", "2014-10-31": "-4.81600", "2013-10-31": "-2.82900", "2012-10-31": "-2.11900", "2011-10-31": "-0.07800", "2010-10-31": "-0.11800", "2009-10-31": "-0.41000", "2008-10-31": "-2.95100", "2007-10-31": "-3.19800", "2006-10-31": "-2.88400", "2005-10-31": "-0.60800"}, "Pre-Tax Income": {"2020-10-31": "364.85500", "2019-10-31": "437.84100", "2018-10-31": "356.28600", "2017-10-31": "297.96000", "2016-10-31": "257.05000", "2015-10-31": "224.96400", "2014-10-31": "198.57200", "2013-10-31": "180.76100", "2012-10-31": "161.17500", "2011-10-31": "138.35300", "2010-10-31": "109.05500", "2009-10-31": "87.84500", "2008-10-31": "102.83700", "2007-10-31": "82.81600", "2006-10-31": "63.98300", "2005-10-31": "44.04100"}, "Income Taxes": {"2020-10-31": "29.00000", "2019-10-31": "78.10000", "2018-10-31": "70.60000", "2017-10-31": "90.30000", "2016-10-31": "80.90000", "2015-10-31": "71.40000", "2014-10-31": "59.80000", "2013-10-31": "56.20000", "2012-10-31": "54.50000", "2011-10-31": "42.90000", "2010-10-31": "36.70000", "2009-10-31": "28.00000", "2008-10-31": "35.45000", "2007-10-31": "27.53000", "2006-10-31": "20.90000", "2005-10-31": "16.10000"}, "Income After Taxes": {"2020-10-31": "335.85500", "2019-10-31": "359.74100", "2018-10-31": "285.68600", "2017-10-31": "207.66000", "2016-10-31": "176.15000", "2015-10-31": "153.56400", "2014-10-31": "138.77200", "2013-10-31": "124.56100", "2012-10-31": "106.67500", "2011-10-31": "95.45300", "2010-10-31": "72.35500", "2009-10-31": "59.84500", "2008-10-31": "67.38700", "2007-10-31": "55.28600", "2006-10-31": "43.08300", "2005-10-31": "27.94100"}, "Other Income": {"2020-10-31": "", "2019-10-31": "", "2018-10-31": "", "2017-10-31": "", "2016-10-31": "", "2015-10-31": "", "2014-10-31": "", "2013-10-31": "", "2012-10-31": "", "2011-10-31": "", "2010-10-31": "", "2009-10-31": "", "2008-10-31": "", "2007-10-31": "", "2006-10-31": "", "2005-10-31": ""}, "Income From Continuous Operations": {"2020-10-31": "335.85500", "2019-10-31": "359.74100", "2018-10-31": "285.68600", "2017-10-31": "207.66000", "2016-10-31": "176.15000", "2015-10-31": "153.56400", "2014-10-31": "138.77200", "2013-10-31": "124.56100", "2012-10-31": "106.67500", "2011-10-31": "95.45300", "2010-10-31": "72.35500", "2009-10-31": "59.84500", "2008-10-31": "67.38700", "2007-10-31": "39.00500", "2006-10-31": "31.88800", "2005-10-31": "22.81200"}, "Income From Discontinued Operations": {"2020-10-31": "", "2019-10-31": "", "2018-10-31": "", "2017-10-31": "", "2016-10-31": "", "2015-10-31": "", "2014-10-31": "", "2013-10-31": "", "2012-10-31": "", "2011-10-31": "", "2010-10-31": "", "2009-10-31": "", "2008-10-31": "", "2007-10-31": "", "2006-10-31": "", "2005-10-31": ""}, "Net Income": {"2020-10-31": "313.98400", "2019-10-31": "327.89600", "2018-10-31": "259.23300", "2017-10-31": "185.98500", "2016-10-31": "156.19200", "2015-10-31": "133.36400", "2014-10-31": "121.29300", "2013-10-31": "102.39600", "2012-10-31": "85.14700", "2011-10-31": "72.82000", "2010-10-31": "54.93800", "2009-10-31": "44.62600", "2008-10-31": "48.51100", "2007-10-31": "39.00500", "2006-10-31": "31.88800", "2005-10-31": "22.81200"}, "EBITDA": {"2020-10-31": "465.20910", "2019-10-31": "540.59390", "2018-10-31": "453.43600", "2017-10-31": "371.48100", "2016-10-31": "325.62210", "2015-10-31": "277.56300", "2014-10-31": "251.14500", "2013-10-31": "220.38000", "2012-10-31": "193.95000", "2011-10-31": "156.97400", "2010-10-31": "126.77000", "2009-10-31": "103.22200", "2008-10-31": "120.84000", "2007-10-31": "98.18100", "2006-10-31": "77.43200", "2005-10-31": "52.05800"}, "EBIT": {"2020-10-31": "376.64810", "2019-10-31": "457.09690", "2018-10-31": "376.24500", "2017-10-31": "306.65800", "2016-10-31": "265.34510", "2015-10-31": "229.65590", "2014-10-31": "203.38800", "2013-10-31": "183.59000", "2012-10-31": "163.29400", "2011-10-31": "138.43100", "2010-10-31": "109.17300", "2009-10-31": "88.25500", "2008-10-31": "105.78800", "2007-10-31": "86.01400", "2006-10-31": "66.86700", "2005-10-31": "44.64900"}, "Basic Shares Outstanding": {"2020-10-31": "134.75400", "2019-10-31": "133.64000", "2018-10-31": "132.54300", "2017-10-31": "131.70300", "2016-10-31": "130.94800", "2015-10-31": "130.35160", "2014-10-31": "129.81050", "2013-10-31": "129.48830", "2012-10-31": "128.63480", "2011-10-31": "127.05080", "2010-10-31": "125.24660", "2009-10-31": "124.95420", "2008-10-31": "125.45010", "2007-10-31": "122.62340", "2006-10-31": "119.61460", "2005-10-31": "116.63440"}, "Shares Outstanding": {"2020-10-31": "137.30200", "2019-10-31": "137.35000", "2018-10-31": "136.69600", "2017-10-31": "135.58800", "2016-10-31": "133.14500", "2015-10-31": "132.44380", "2014-10-31": "131.74410", "2013-10-31": "130.82420", "2012-10-31": "130.12500", "2011-10-31": "129.70310", "2010-10-31": "128.82570", "2009-10-31": "128.86060", "2008-10-31": "129.90570", "2007-10-31": "128.41700", "2006-10-31": "126.82910", "2005-10-31": "125.51780"}, "Basic EPS": {"2020-10-31": "2.33000", "2019-10-31": "2.45000", "2018-10-31": "1.96000", "2017-10-31": "1.41000", "2016-10-31": "1.19000", "2015-10-31": "1.02400", "2014-10-31": "0.93180", "2013-10-31": "0.78850", "2012-10-31": "0.66050", "2011-10-31": "0.57340", "2010-10-31": "0.43830", "2009-10-31": "0.35720", "2008-10-31": "0.38800", "2007-10-31": "0.31880", "2006-10-31": "0.26630", "2005-10-31": "0.19500"}, "EPS - Earnings Per Share": {"2020-10-31": "2.29000", "2019-10-31": "2.39000", "2018-10-31": "1.90000", "2017-10-31": "1.37000", "2016-10-31": "1.17000", "2015-10-31": "1.00480", "2014-10-31": "0.92160", "2013-10-31": "0.78340", "2012-10-31": "0.65540", "2011-10-31": "0.56320", "2010-10-31": "0.42600", "2009-10-31": "0.34730", "2008-10-31": "0.37220", "2007-10-31": "0.30410", "2006-10-31": "0.25170", "2005-10-31": "0.18250"}}, "income statement, quarterly": {"Revenue": {"2020-10-31": "426.17800", "2020-07-31": "386.41000", "2020-04-30": "468.14600", "2020-01-31": "506.27500", "2019-10-31": "541.52900", "2019-07-31": "532.32400", "2019-04-30": "515.64800", "2019-01-31": "466.14600", "2018-10-31": "476.88400", "2018-07-31": "465.82500", "2018-04-30": "430.60200", "2018-01-31": "404.41000", "2017-10-31": "421.22400", "2017-07-31": "391.50000", "2017-04-30": "368.65700", "2017-01-31": "343.43200", "2016-10-31": "363.29910", "2016-07-31": "356.08400", "2016-04-30": "350.64800", "2016-01-31": "306.22700", "2015-10-31": "328.67190", "2015-07-31": "300.37000", "2015-04-30": "291.42100", "2015-01-31": "268.18500", "2014-10-31": "292.22300", "2014-07-31": "291.03000", "2014-04-30": "282.23200", "2014-01-31": "266.82600", "2013-10-31": "287.42600", "2013-07-31": "267.13300", "2013-04-30": "237.70800", "2013-01-31": "216.49000", "2012-10-31": "242.40900", "2012-07-31": "225.96900", "2012-04-30": "216.31400", "2012-01-31": "212.65500", "2011-10-31": "208.91900", "2011-07-31": "197.26700", "2011-04-30": "184.48600", "2011-01-31": "174.21900", "2010-10-31": "169.37000", "2010-07-31": "158.27000", "2010-04-30": "153.84500", "2010-01-31": "135.53500", "2009-10-31": "143.60700", "2009-07-31": "134.08600", "2009-04-30": "130.16600", "2009-01-31": "130.43700", "2008-10-31": "156.71600", "2008-07-31": "147.30500", "2008-04-30": "144.03900", "2008-01-31": "134.28700", "2007-10-31": "139.87000", "2007-07-31": "133.15500", "2007-04-30": "121.21500", "2007-01-31": "113.68400", "2006-10-31": "109.82500", "2006-07-31": "102.17200", "2006-04-30": "92.09200", "2006-01-31": "88.10100", "2005-10-31": "76.52400", "2005-07-31": "69.16900", "2005-04-30": "66.97300", "2005-01-31": "56.98100"}, "Cost Of Goods Sold": {"2020-10-31": "264.47100", "2020-07-31": "242.92700", "2020-04-30": "289.25600", "2020-01-31": "308.22800", "2019-10-31": "332.14400", "2019-07-31": "319.49300", "2019-04-30": "306.26100", "2019-01-31": "283.90900", "2018-10-31": "290.42600", "2018-07-31": "284.21600", "2018-04-30": "262.74500", "2018-01-31": "249.61900", "2017-10-31": "261.19500", "2017-07-31": "242.60300", "2017-04-30": "228.27500", "2017-01-31": "218.01500", "2016-10-31": "227.61500", "2016-07-31": "222.50100", "2016-04-30": "216.61900", "2016-01-31": "194.03100", "2015-10-31": "201.87600", "2015-07-31": "192.27800", "2015-04-30": "185.92700", "2015-01-31": "174.38800", "2014-10-31": "189.27700", "2014-07-31": "187.70300", "2014-04-30": "182.31000", "2014-01-31": "174.70900", "2013-10-31": "180.82200", "2013-07-31": "169.59300", "2013-04-30": "148.26000", "2013-01-31": "138.90100", "2012-10-31": "152.67100", "2012-07-31": "141.71700", "2012-04-30": "141.11600", "2012-01-31": "134.40700", "2011-10-31": "134.60000", "2011-07-31": "127.44200", "2011-04-30": "118.11500", "2011-01-31": "110.29300", "2010-10-31": "108.32200", "2010-07-31": "100.71700", "2010-04-30": "100.21900", "2010-01-31": "85.41500", "2009-10-31": "94.82900", "2009-07-31": "88.27500", "2009-04-30": "87.64800", "2009-01-31": "86.53300", "2008-10-31": "99.25700", "2008-07-31": "93.45400", "2008-04-30": "91.68300", "2008-01-31": "87.45800", "2007-10-31": "91.27200", "2007-07-31": "85.45000", "2007-04-30": "77.54800", "2007-01-31": "76.19600", "2006-10-31": "70.48500", "2006-07-31": "64.58700", "2006-04-30": "58.55600", "2006-01-31": "56.04900", "2005-10-31": "46.85200", "2005-07-31": "43.17000", "2005-04-30": "41.92800", "2005-01-31": "36.70100"}, "Gross Profit": {"2020-10-31": "161.70700", "2020-07-31": "143.48300", "2020-04-30": "178.89000", "2020-01-31": "198.04700", "2019-10-31": "209.38500", "2019-07-31": "212.83100", "2019-04-30": "209.38700", "2019-01-31": "182.23700", "2018-10-31": "186.45800", "2018-07-31": "181.60900", "2018-04-30": "167.85700", "2018-01-31": "154.79100", "2017-10-31": "160.02900", "2017-07-31": "148.89700", "2017-04-30": "140.38200", "2017-01-31": "125.41700", "2016-10-31": "135.68410", "2016-07-31": "133.58300", "2016-04-30": "134.02900", "2016-01-31": "112.19600", "2015-10-31": "126.79600", "2015-07-31": "108.09200", "2015-04-30": "105.49400", "2015-01-31": "93.79700", "2014-10-31": "102.94600", "2014-07-31": "103.32700", "2014-04-30": "99.92200", "2014-01-31": "92.11700", "2013-10-31": "106.60410", "2013-07-31": "97.54000", "2013-04-30": "89.44800", "2013-01-31": "77.58900", "2012-10-31": "89.73800", "2012-07-31": "84.25200", "2012-04-30": "75.19800", "2012-01-31": "78.24800", "2011-10-31": "74.31900", "2011-07-31": "69.82500", "2011-04-30": "66.37100", "2011-01-31": "63.92600", "2010-10-31": "61.04800", "2010-07-31": "57.55300", "2010-04-30": "53.62600", "2010-01-31": "50.12000", "2009-10-31": "48.77800", "2009-07-31": "45.81100", "2009-04-30": "42.51800", "2009-01-31": "43.90400", "2008-10-31": "57.45900", "2008-07-31": "53.85100", "2008-04-30": "52.35600", "2008-01-31": "46.82900", "2007-10-31": "48.59800", "2007-07-31": "47.70500", "2007-04-30": "43.66700", "2007-01-31": "37.48800", "2006-10-31": "39.34000", "2006-07-31": "37.58500", "2006-04-30": "33.53600", "2006-01-31": "32.05200", "2005-10-31": "29.67200", "2005-07-31": "25.99900", "2005-04-30": "25.04500", "2005-01-31": "20.28000"}, "Research And Development Expenses": {"2020-10-31": "", "2020-07-31": "", "2020-04-30": "", "2020-01-31": "", "2019-10-31": "", "2019-07-31": "", "2019-04-30": "", "2019-01-31": "", "2018-10-31": "", "2018-07-31": "", "2018-04-30": "", "2018-01-31": "", "2017-10-31": "", "2017-07-31": "", "2017-04-30": "", "2017-01-31": "", "2016-10-31": "", "2016-07-31": "", "2016-04-30": "", "2016-01-31": "", "2015-10-31": "", "2015-07-31": "", "2015-04-30": "", "2015-01-31": "", "2014-10-31": "", "2014-07-31": "", "2014-04-30": "", "2014-01-31": "", "2013-10-31": "", "2013-07-31": "", "2013-04-30": "", "2013-01-31": "", "2012-10-31": "", "2012-07-31": "", "2012-04-30": "", "2012-01-31": "", "2011-10-31": "", "2011-07-31": "", "2011-04-30": "", "2011-01-31": "", "2010-10-31": "", "2010-07-31": "", "2010-04-30": "", "2010-01-31": "", "2009-10-31": "", "2009-07-31": "", "2009-04-30": "", "2009-01-31": "", "2008-10-31": "", "2008-07-31": "", "2008-04-30": "", "2008-01-31": "", "2007-10-31": "", "2007-07-31": "", "2007-04-30": "", "2007-01-31": "", "2006-10-31": "", "2006-07-31": "", "2006-04-30": "", "2006-01-31": "", "2005-10-31": "", "2005-07-31": "", "2005-04-30": "", "2005-01-31": ""}, "SG&A Expenses": {"2020-10-31": "72.64400", "2020-07-31": "75.04900", "2020-04-30": "70.72900", "2020-01-31": "87.05700", "2019-10-31": "88.83200", "2019-07-31": "93.41700", "2019-04-30": "90.20400", "2019-01-31": "84.29000", "2018-10-31": "82.76100", "2018-07-31": "80.18600", "2018-04-30": "76.29200", "2018-01-31": "75.23100", "2017-10-31": "70.58500", "2017-07-31": "72.77500", "2017-04-30": "63.84000", "2017-01-31": "60.86700", "2016-10-31": "59.60800", "2016-07-31": "63.72900", "2016-04-30": "67.23500", "2016-01-31": "59.57500", "2015-10-31": "57.84400", "2015-07-31": "49.58200", "2015-04-30": "49.70600", "2015-01-31": "47.39100", "2014-10-31": "49.22700", "2014-07-31": "53.21400", "2014-04-30": "50.75100", "2014-01-31": "41.73200", "2013-10-31": "51.04700", "2013-07-31": "49.13400", "2013-04-30": "44.76000", "2013-01-31": "42.65000", "2012-10-31": "44.13200", "2012-07-31": "41.79700", "2012-04-30": "37.59700", "2012-01-31": "40.61600", "2011-10-31": "36.87900", "2011-07-31": "34.11900", "2011-04-30": "33.45800", "2011-01-31": "31.55400", "2010-10-31": "31.36900", "2010-07-31": "28.56000", "2010-04-30": "27.66900", "2010-01-31": "25.57600", "2009-10-31": "24.71700", "2009-07-31": "24.38900", "2009-04-30": "21.19900", "2009-01-31": "22.45100", "2008-10-31": "28.74900", "2008-07-31": "26.36200", "2008-04-30": "25.99700", "2008-01-31": "23.59900", "2007-10-31": "24.75100", "2007-07-31": "23.76100", "2007-04-30": "22.58400", "2007-01-31": "20.34800", "2006-10-31": "21.76700", "2006-07-31": "20.19700", "2006-04-30": "16.91600", "2006-01-31": "16.76600", "2005-10-31": "16.86600", "2005-07-31": "14.25000", "2005-04-30": "13.61200", "2005-01-31": "11.61900"}, "Other Operating Income Or Expenses": {"2020-10-31": "", "2020-07-31": "", "2020-04-30": "", "2020-01-31": "", "2019-10-31": "", "2019-07-31": "", "2019-04-30": "", "2019-01-31": "", "2018-10-31": "", "2018-07-31": "", "2018-04-30": "", "2018-01-31": "", "2017-10-31": "", "2017-07-31": "", "2017-04-30": "", "2017-01-31": "", "2016-10-31": "", "2016-07-31": "", "2016-04-30": "", "2016-01-31": "", "2015-10-31": "", "2015-07-31": "", "2015-04-30": "", "2015-01-31": "", "2014-10-31": "", "2014-07-31": "", "2014-04-30": "", "2014-01-31": "", "2013-10-31": "", "2013-07-31": "", "2013-04-30": "", "2013-01-31": "", "2012-10-31": "", "2012-07-31": "", "2012-04-30": "", "2012-01-31": "", "2011-10-31": "", "2011-07-31": "", "2011-04-30": "", "2011-01-31": "", "2010-10-31": "", "2010-07-31": "", "2010-04-30": "", "2010-01-31": "", "2009-10-31": "", "2009-07-31": "", "2009-04-30": "", "2009-01-31": "", "2008-10-31": "", "2008-07-31": "", "2008-04-30": "", "2008-01-31": "", "2007-10-31": "", "2007-07-31": "", "2007-04-30": "", "2007-01-31": "", "2006-10-31": "", "2006-07-31": "", "2006-04-30": "", "2006-01-31": "", "2005-10-31": "", "2005-07-31": "", "2005-04-30": "", "2005-01-31": ""}, "Operating Expenses": {"2020-10-31": "337.11500", "2020-07-31": "317.97600", "2020-04-30": "359.98500", "2020-01-31": "395.28500", "2019-10-31": "420.97600", "2019-07-31": "412.91000", "2019-04-30": "396.46500", "2019-01-31": "368.19900", "2018-10-31": "373.18700", "2018-07-31": "364.40200", "2018-04-30": "339.03700", "2018-01-31": "324.85000", "2017-10-31": "331.78010", "2017-07-31": "315.37800", "2017-04-30": "292.11500", "2017-01-31": "278.88200", "2016-10-31": "287.22300", "2016-07-31": "286.23000", "2016-04-30": "283.85400", "2016-01-31": "253.60600", "2015-10-31": "259.72000", "2015-07-31": "241.86000", "2015-04-30": "235.63300", "2015-01-31": "221.77900", "2014-10-31": "238.50400", "2014-07-31": "240.91700", "2014-04-30": "233.06100", "2014-01-31": "216.44100", "2013-10-31": "231.86900", "2013-07-31": "218.72700", "2013-04-30": "193.02000", "2013-01-31": "181.55100", "2012-10-31": "196.80300", "2012-07-31": "183.51400", "2012-04-30": "178.71300", "2012-01-31": "175.02300", "2011-10-31": "171.47900", "2011-07-31": "161.56100", "2011-04-30": "151.57300", "2011-01-31": "141.84700", "2010-10-31": "139.69100", "2010-07-31": "129.27700", "2010-04-30": "127.88800", "2010-01-31": "110.99100", "2009-10-31": "119.54600", "2009-07-31": "112.66400", "2009-04-30": "108.84700", "2009-01-31": "108.98400", "2008-10-31": "128.00600", "2008-07-31": "119.81600", "2008-04-30": "117.68000", "2008-01-31": "111.05700", "2007-10-31": "116.02300", "2007-07-31": "109.21100", "2007-04-30": "100.13200", "2007-01-31": "96.54400", "2006-10-31": "92.25200", "2006-07-31": "84.78400", "2006-04-30": "75.47200", "2006-01-31": "72.81500", "2005-10-31": "63.71800", "2005-07-31": "57.42000", "2005-04-30": "55.54000", "2005-01-31": "48.32000"}, "Operating Income": {"2020-10-31": "89.06300", "2020-07-31": "68.43400", "2020-04-30": "108.16100", "2020-01-31": "110.99000", "2019-10-31": "120.55290", "2019-07-31": "119.41400", "2019-04-30": "119.18300", "2019-01-31": "97.94700", "2018-10-31": "103.69700", "2018-07-31": "101.42300", "2018-04-30": "91.56500", "2018-01-31": "79.56000", "2017-10-31": "89.44390", "2017-07-31": "76.12200", "2017-04-30": "76.54200", "2017-01-31": "64.55000", "2016-10-31": "76.07610", "2016-07-31": "69.85400", "2016-04-30": "66.79400", "2016-01-31": "52.62100", "2015-10-31": "68.95190", "2015-07-31": "58.51000", "2015-04-30": "55.78800", "2015-01-31": "46.40600", "2014-10-31": "53.71900", "2014-07-31": "50.11300", "2014-04-30": "49.17100", "2014-01-31": "50.38500", "2013-10-31": "55.55700", "2013-07-31": "48.40600", "2013-04-30": "44.68800", "2013-01-31": "34.93900", "2012-10-31": "45.60600", "2012-07-31": "42.45500", "2012-04-30": "37.60100", "2012-01-31": "37.63200", "2011-10-31": "37.44000", "2011-07-31": "35.70600", "2011-04-30": "32.91300", "2011-01-31": "32.37200", "2010-10-31": "29.67900", "2010-07-31": "28.99300", "2010-04-30": "25.95700", "2010-01-31": "24.54400", "2009-10-31": "24.06100", "2009-07-31": "21.42200", "2009-04-30": "21.31900", "2009-01-31": "21.45300", "2008-10-31": "28.71000", "2008-07-31": "27.48900", "2008-04-30": "26.35900", "2008-01-31": "23.23000", "2007-10-31": "23.84700", "2007-07-31": "23.94400", "2007-04-30": "21.08300", "2007-01-31": "17.14000", "2006-10-31": "17.57300", "2006-07-31": "17.38800", "2006-04-30": "16.62000", "2006-01-31": "15.28600", "2005-10-31": "12.80600", "2005-07-31": "11.74900", "2005-04-30": "11.43300", "2005-01-31": "8.66100"}, "Total Non-Operating Income/Expense": {"2020-10-31": "-2.08300", "2020-07-31": "-1.97000", "2020-04-30": "-3.65200", "2020-01-31": "-4.08800", "2019-10-31": "-5.18000", "2019-07-31": "-5.25500", "2019-04-30": "-3.00000", "2019-01-31": "-5.82100", "2018-10-31": "-5.11600", "2018-07-31": "-5.32400", "2018-04-30": "-5.15400", "2018-01-31": "-4.36500", "2017-10-31": "-3.15700", "2017-07-31": "-2.24700", "2017-04-30": "-1.80900", "2017-01-31": "-1.48500", "2016-10-31": "-2.25500", "2016-07-31": "-2.27800", "2016-04-30": "-1.76500", "2016-01-31": "-1.99700", "2015-10-31": "-1.72100", "2015-07-31": "-1.27200", "2015-04-30": "-0.78400", "2015-01-31": "-0.91500", "2014-10-31": "-1.24100", "2014-07-31": "-1.36100", "2014-04-30": "-1.09100", "2014-01-31": "-1.12300", "2013-10-31": "-0.79400", "2013-07-31": "-1.03800", "2013-04-30": "-0.64200", "2013-01-31": "-0.35500", "2012-10-31": "-0.49300", "2012-07-31": "-0.68300", "2012-04-30": "-0.47700", "2012-01-31": "-0.46600", "2011-10-31": "-0.12800", "2011-07-31": "-0.06400", "2011-04-30": "0.11300", "2011-01-31": "0.00100", "2010-10-31": "-0.08800", "2010-07-31": "-0.16700", "2010-04-30": "0.10100", "2010-01-31": "0.03600", "2009-10-31": "-0.11200", "2009-07-31": "0.00700", "2009-04-30": "-0.06300", "2009-01-31": "-0.24200", "2008-10-31": "-0.78200", "2008-07-31": "-0.58800", "2008-04-30": "-0.60300", "2008-01-31": "-0.97800", "2007-10-31": "-0.98800", "2007-07-31": "-0.80900", "2007-04-30": "-0.73600", "2007-01-31": "-0.66500", "2006-10-31": "-0.62200", "2006-07-31": "-0.84700", "2006-04-30": "-0.55400", "2006-01-31": "-0.86100", "2005-10-31": "-0.24400", "2005-07-31": "0.08900", "2005-04-30": "-0.25600", "2005-01-31": "-0.19700"}, "Pre-Tax Income": {"2020-10-31": "86.98000", "2020-07-31": "66.46400", "2020-04-30": "104.50900", "2020-01-31": "106.90200", "2019-10-31": "115.37300", "2019-07-31": "114.15900", "2019-04-30": "116.18300", "2019-01-31": "92.12600", "2018-10-31": "98.58100", "2018-07-31": "96.09900", "2018-04-30": "86.41100", "2018-01-31": "75.19500", "2017-10-31": "86.28700", "2017-07-31": "73.87500", "2017-04-30": "74.73300", "2017-01-31": "63.06500", "2016-10-31": "73.82100", "2016-07-31": "67.57600", "2016-04-30": "65.02900", "2016-01-31": "50.62400", "2015-10-31": "67.23100", "2015-07-31": "57.23800", "2015-04-30": "55.00400", "2015-01-31": "45.49100", "2014-10-31": "52.47800", "2014-07-31": "48.75200", "2014-04-30": "48.08000", "2014-01-31": "49.26200", "2013-10-31": "54.76300", "2013-07-31": "47.36800", "2013-04-30": "44.04600", "2013-01-31": "34.58400", "2012-10-31": "45.11300", "2012-07-31": "41.77200", "2012-04-30": "37.12400", "2012-01-31": "37.16600", "2011-10-31": "37.31200", "2011-07-31": "35.64200", "2011-04-30": "33.02600", "2011-01-31": "32.37300", "2010-10-31": "29.59100", "2010-07-31": "28.82600", "2010-04-30": "26.05800", "2010-01-31": "24.58000", "2009-10-31": "23.94900", "2009-07-31": "21.42900", "2009-04-30": "21.25600", "2009-01-31": "21.21100", "2008-10-31": "27.92800", "2008-07-31": "26.90100", "2008-04-30": "25.75600", "2008-01-31": "22.25200", "2007-10-31": "22.85900", "2007-07-31": "23.13500", "2007-04-30": "20.34700", "2007-01-31": "16.47500", "2006-10-31": "16.95100", "2006-07-31": "16.54100", "2006-04-30": "16.06600", "2006-01-31": "14.42500", "2005-10-31": "12.56200", "2005-07-31": "11.83800", "2005-04-30": "11.17700", "2005-01-31": "8.46400"}, "Income Taxes": {"2020-10-31": "19.40000", "2020-07-31": "8.90000", "2020-04-30": "23.60000", "2020-01-31": "-22.90000", "2019-10-31": "22.80000", "2019-07-31": "25.10000", "2019-04-30": "26.10000", "2019-01-31": "4.10000", "2018-10-31": "24.50000", "2018-07-31": "22.20000", "2018-04-30": "20.40000", "2018-01-31": "3.50000", "2017-10-31": "27.20000", "2017-07-31": "22.40000", "2017-04-30": "23.90000", "2017-01-31": "16.80000", "2016-10-31": "24.30000", "2016-07-31": "20.60000", "2016-04-30": "21.30000", "2016-01-31": "14.70000", "2015-10-31": "23.20000", "2015-07-31": "18.30000", "2015-04-30": "16.50000", "2015-01-31": "13.40000", "2014-10-31": "16.40000", "2014-07-31": "11.40000", "2014-04-30": "15.30000", "2014-01-31": "16.70000", "2013-10-31": "19.00000", "2013-07-31": "12.60000", "2013-04-30": "15.00000", "2013-01-31": "9.60000", "2012-10-31": "15.80000", "2012-07-31": "13.10000", "2012-04-30": "12.90000", "2012-01-31": "12.70000", "2011-10-31": "12.90000", "2011-07-31": "9.25000", "2011-04-30": "10.90000", "2011-01-31": "9.85000", "2010-10-31": "9.70000", "2010-07-31": "9.30000", "2010-04-30": "9.15000", "2010-01-31": "8.55000", "2009-10-31": "8.66900", "2009-07-31": "6.51100", "2009-04-30": "6.96000", "2009-01-31": "5.86000", "2008-10-31": "9.41000", "2008-07-31": "9.50000", "2008-04-30": "8.96000", "2008-01-31": "7.58000", "2007-10-31": "7.80400", "2007-07-31": "7.83000", "2007-04-30": "6.90800", "2007-01-31": "4.98800", "2006-10-31": "4.70700", "2006-07-31": "5.46200", "2006-04-30": "5.81500", "2006-01-31": "4.91600", "2005-10-31": "4.67000", "2005-07-31": "4.29400", "2005-04-30": "4.21300", "2005-01-31": "2.92300"}, "Income After Taxes": {"2020-10-31": "67.58000", "2020-07-31": "57.56400", "2020-04-30": "80.90900", "2020-01-31": "129.80200", "2019-10-31": "92.57300", "2019-07-31": "89.05900", "2019-04-30": "90.08300", "2019-01-31": "88.02600", "2018-10-31": "74.08100", "2018-07-31": "73.89900", "2018-04-30": "66.01100", "2018-01-31": "71.69500", "2017-10-31": "59.08700", "2017-07-31": "51.47500", "2017-04-30": "50.83300", "2017-01-31": "46.26500", "2016-10-31": "49.52100", "2016-07-31": "46.97600", "2016-04-30": "43.72900", "2016-01-31": "35.92400", "2015-10-31": "44.03100", "2015-07-31": "38.93800", "2015-04-30": "38.50400", "2015-01-31": "32.09100", "2014-10-31": "36.07800", "2014-07-31": "37.35200", "2014-04-30": "32.78000", "2014-01-31": "32.56200", "2013-10-31": "35.76300", "2013-07-31": "34.76800", "2013-04-30": "29.04600", "2013-01-31": "24.98400", "2012-10-31": "29.31300", "2012-07-31": "28.67200", "2012-04-30": "24.22400", "2012-01-31": "24.46600", "2011-10-31": "24.41200", "2011-07-31": "26.39200", "2011-04-30": "22.12600", "2011-01-31": "22.52300", "2010-10-31": "19.89100", "2010-07-31": "19.52600", "2010-04-30": "16.90800", "2010-01-31": "16.03000", "2009-10-31": "15.28000", "2009-07-31": "14.91800", "2009-04-30": "14.29600", "2009-01-31": "15.35100", "2008-10-31": "18.51800", "2008-07-31": "17.40100", "2008-04-30": "16.79600", "2008-01-31": "14.67200", "2007-10-31": "15.05500", "2007-07-31": "15.30500", "2007-04-30": "13.43900", "2007-01-31": "11.48700", "2006-10-31": "12.24400", "2006-07-31": "11.07900", "2006-04-30": "10.25100", "2006-01-31": "9.50900", "2005-10-31": "7.89200", "2005-07-31": "7.54400", "2005-04-30": "6.96400", "2005-01-31": "5.54100"}, "Other Income": {"2020-10-31": "", "2020-07-31": "", "2020-04-30": "", "2020-01-31": "", "2019-10-31": "", "2019-07-31": "", "2019-04-30": "", "2019-01-31": "", "2018-10-31": "", "2018-07-31": "", "2018-04-30": "", "2018-01-31": "", "2017-10-31": "", "2017-07-31": "", "2017-04-30": "", "2017-01-31": "", "2016-10-31": "", "2016-07-31": "", "2016-04-30": "", "2016-01-31": "", "2015-10-31": "", "2015-07-31": "", "2015-04-30": "", "2015-01-31": "", "2014-10-31": "", "2014-07-31": "", "2014-04-30": "", "2014-01-31": "", "2013-10-31": "", "2013-07-31": "", "2013-04-30": "", "2013-01-31": "", "2012-10-31": "", "2012-07-31": "", "2012-04-30": "", "2012-01-31": "", "2011-10-31": "", "2011-07-31": "", "2011-04-30": "", "2011-01-31": "", "2010-10-31": "", "2010-07-31": "", "2010-04-30": "", "2010-01-31": "", "2009-10-31": "", "2009-07-31": "", "2009-04-30": "", "2009-01-31": "", "2008-10-31": "", "2008-07-31": "", "2008-04-30": "", "2008-01-31": "", "2007-10-31": "", "2007-07-31": "", "2007-04-30": "", "2007-01-31": "", "2006-10-31": "", "2006-07-31": "", "2006-04-30": "", "2006-01-31": "", "2005-10-31": "", "2005-07-31": "", "2005-04-30": "", "2005-01-31": ""}, "Income From Continuous Operations": {"2020-10-31": "67.58000", "2020-07-31": "57.56400", "2020-04-30": "80.90900", "2020-01-31": "129.80200", "2019-10-31": "92.57300", "2019-07-31": "89.05900", "2019-04-30": "90.08300", "2019-01-31": "88.02600", "2018-10-31": "74.08100", "2018-07-31": "73.89900", "2018-04-30": "66.01100", "2018-01-31": "71.69500", "2017-10-31": "59.08700", "2017-07-31": "51.47500", "2017-04-30": "50.83300", "2017-01-31": "46.26500", "2016-10-31": "49.52100", "2016-07-31": "46.97600", "2016-04-30": "43.72900", "2016-01-31": "35.92400", "2015-10-31": "44.03100", "2015-07-31": "38.93800", "2015-04-30": "38.50400", "2015-01-31": "32.09100", "2014-10-31": "36.07800", "2014-07-31": "37.35200", "2014-04-30": "32.78000", "2014-01-31": "32.56200", "2013-10-31": "35.76300", "2013-07-31": "34.76800", "2013-04-30": "29.04600", "2013-01-31": "24.98400", "2012-10-31": "29.31300", "2012-07-31": "28.67200", "2012-04-30": "24.22400", "2012-01-31": "24.46600", "2011-10-31": "24.41200", "2011-07-31": "26.39200", "2011-04-30": "22.12600", "2011-01-31": "22.52300", "2010-10-31": "19.89100", "2010-07-31": "19.52600", "2010-04-30": "16.90800", "2010-01-31": "16.03000", "2009-10-31": "15.28000", "2009-07-31": "14.91800", "2009-04-30": "14.29600", "2009-01-31": "15.35100", "2008-10-31": "32.52600", "2008-07-31": "12.82700", "2008-04-30": "11.94800", "2008-01-31": "10.08600", "2007-10-31": "10.76300", "2007-07-31": "10.91400", "2007-04-30": "9.40700", "2007-01-31": "7.92100", "2006-10-31": "9.32100", "2006-07-31": "8.27600", "2006-04-30": "7.54200", "2006-01-31": "6.74900", "2005-10-31": "6.62500", "2005-07-31": "6.04600", "2005-04-30": "5.71300", "2005-01-31": "4.42800"}, "Income From Discontinued Operations": {"2020-10-31": "", "2020-07-31": "", "2020-04-30": "", "2020-01-31": "", "2019-10-31": "", "2019-07-31": "", "2019-04-30": "", "2019-01-31": "", "2018-10-31": "", "2018-07-31": "", "2018-04-30": "", "2018-01-31": "", "2017-10-31": "", "2017-07-31": "", "2017-04-30": "", "2017-01-31": "", "2016-10-31": "", "2016-07-31": "", "2016-04-30": "", "2016-01-31": "", "2015-10-31": "", "2015-07-31": "", "2015-04-30": "", "2015-01-31": "", "2014-10-31": "", "2014-07-31": "", "2014-04-30": "", "2014-01-31": "", "2013-10-31": "", "2013-07-31": "", "2013-04-30": "", "2013-01-31": "", "2012-10-31": "", "2012-07-31": "", "2012-04-30": "", "2012-01-31": "", "2011-10-31": "", "2011-07-31": "", "2011-04-30": "", "2011-01-31": "", "2010-10-31": "", "2010-07-31": "", "2010-04-30": "", "2010-01-31": "", "2009-10-31": "", "2009-07-31": "", "2009-04-30": "", "2009-01-31": "", "2008-10-31": "", "2008-07-31": "", "2008-04-30": "", "2008-01-31": "", "2007-10-31": "", "2007-07-31": "", "2007-04-30": "", "2007-01-31": "", "2006-10-31": "", "2006-07-31": "", "2006-04-30": "", "2006-01-31": "", "2005-10-31": "", "2005-07-31": "", "2005-04-30": "", "2005-01-31": ""}, "Net Income": {"2020-10-31": "62.32700", "2020-07-31": "54.31600", "2020-04-30": "75.45300", "2020-01-31": "121.88800", "2019-10-31": "85.68400", "2019-07-31": "81.09800", "2019-04-30": "81.78200", "2019-01-31": "79.33200", "2018-10-31": "67.37700", "2018-07-31": "67.08600", "2018-04-30": "59.61800", "2018-01-31": "65.15200", "2017-10-31": "53.67400", "2017-07-31": "45.69800", "2017-04-30": "45.68600", "2017-01-31": "40.92700", "2016-10-31": "44.26200", "2016-07-31": "42.00200", "2016-04-30": "38.65700", "2016-01-31": "31.27100", "2015-10-31": "38.25000", "2015-07-31": "34.36900", "2015-04-30": "33.10500", "2015-01-31": "27.64000", "2014-10-31": "32.10500", "2014-07-31": "33.36600", "2014-04-30": "28.36700", "2014-01-31": "27.45500", "2013-10-31": "29.79100", "2013-07-31": "28.94700", "2013-04-30": "23.70000", "2013-01-31": "19.95800", "2012-10-31": "23.79100", "2012-07-31": "23.12800", "2012-04-30": "19.04300", "2012-01-31": "19.18500", "2011-10-31": "18.51400", "2011-07-31": "20.40200", "2011-04-30": "16.83000", "2011-01-31": "17.07400", "2010-10-31": "15.64200", "2010-07-31": "14.93000", "2010-04-30": "12.57300", "2010-01-31": "11.79300", "2009-10-31": "11.63600", "2009-07-31": "11.13200", "2009-04-30": "10.54100", "2009-01-31": "11.31700", "2008-10-31": "13.65000", "2008-07-31": "12.82700", "2008-04-30": "11.94800", "2008-01-31": "10.08600", "2007-10-31": "10.76300", "2007-07-31": "10.91400", "2007-04-30": "9.40700", "2007-01-31": "7.92100", "2006-10-31": "9.32100", "2006-07-31": "8.27600", "2006-04-30": "7.54200", "2006-01-31": "6.74900", "2005-10-31": "6.62500", "2005-07-31": "6.04600", "2005-04-30": "5.71300", "2005-01-31": "4.42800"}, "EBITDA": {"2020-10-31": "112.40600", "2020-07-31": "90.37600", "2020-04-30": "129.85400", "2020-01-31": "132.57300", "2019-10-31": "142.36400", "2019-07-31": "140.55200", "2019-04-30": "139.69400", "2019-01-31": "117.98400", "2018-10-31": "123.36500", "2018-07-31": "120.85700", "2018-04-30": "110.63000", "2018-01-31": "98.58400", "2017-10-31": "107.35490", "2017-07-31": "92.53300", "2017-04-30": "91.79500", "2017-01-31": "79.79800", "2016-10-31": "91.75010", "2016-07-31": "85.27400", "2016-04-30": "82.05600", "2016-01-31": "66.54200", "2015-10-31": "81.79290", "2015-07-31": "70.43500", "2015-04-30": "68.02500", "2015-01-31": "57.31000", "2014-10-31": "65.20600", "2014-07-31": "62.24400", "2014-04-30": "61.26000", "2014-01-31": "62.43500", "2013-10-31": "66.44700", "2013-07-31": "57.90100", "2013-04-30": "52.95300", "2013-01-31": "43.07900", "2012-10-31": "54.08700", "2012-07-31": "50.19200", "2012-04-30": "45.06400", "2012-01-31": "44.60700", "2011-10-31": "42.55700", "2011-07-31": "40.24100", "2011-04-30": "37.49700", "2011-01-31": "36.67900", "2010-10-31": "33.69800", "2010-07-31": "33.69300", "2010-04-30": "30.58400", "2010-01-31": "28.79500", "2009-10-31": "28.07700", "2009-07-31": "25.46500", "2009-04-30": "24.75600", "2009-01-31": "24.92400", "2008-10-31": "32.42300", "2008-07-31": "31.52000", "2008-04-30": "30.12800", "2008-01-31": "26.76900", "2007-10-31": "27.05500", "2007-07-31": "26.95500", "2007-04-30": "24.08600", "2007-01-31": "20.08500", "2006-10-31": "21.50200", "2006-07-31": "19.70100", "2006-04-30": "18.79400", "2006-01-31": "17.43500", "2005-10-31": "14.94800", "2005-07-31": "13.51300", "2005-04-30": "13.21200", "2005-01-31": "10.38500"}, "EBIT": {"2020-10-31": "89.06310", "2020-07-31": "68.43400", "2020-04-30": "108.16100", "2020-01-31": "110.99000", "2019-10-31": "120.55290", "2019-07-31": "119.41400", "2019-04-30": "119.18300", "2019-01-31": "97.94700", "2018-10-31": "103.69700", "2018-07-31": "101.42300", "2018-04-30": "91.56500", "2018-01-31": "79.56000", "2017-10-31": "89.44390", "2017-07-31": "76.12200", "2017-04-30": "76.54200", "2017-01-31": "64.55000", "2016-10-31": "76.07610", "2016-07-31": "69.85400", "2016-04-30": "66.79400", "2016-01-31": "52.62100", "2015-10-31": "68.95200", "2015-07-31": "58.51000", "2015-04-30": "55.78800", "2015-01-31": "46.40600", "2014-10-31": "53.71900", "2014-07-31": "50.11300", "2014-04-30": "49.17100", "2014-01-31": "50.38500", "2013-10-31": "55.55700", "2013-07-31": "48.40600", "2013-04-30": "44.68800", "2013-01-31": "34.93900", "2012-10-31": "45.60600", "2012-07-31": "42.45500", "2012-04-30": "37.60100", "2012-01-31": "37.63200", "2011-10-31": "37.44000", "2011-07-31": "35.70600", "2011-04-30": "32.91300", "2011-01-31": "32.37200", "2010-10-31": "29.67900", "2010-07-31": "28.99300", "2010-04-30": "25.95700", "2010-01-31": "24.54400", "2009-10-31": "24.06100", "2009-07-31": "21.42200", "2009-04-30": "21.31900", "2009-01-31": "21.45300", "2008-10-31": "28.71000", "2008-07-31": "27.48900", "2008-04-30": "26.35900", "2008-01-31": "23.23000", "2007-10-31": "23.84700", "2007-07-31": "23.94400", "2007-04-30": "21.08300", "2007-01-31": "17.14000", "2006-10-31": "17.57300", "2006-07-31": "17.38800", "2006-04-30": "16.62000", "2006-01-31": "15.28600", "2005-10-31": "12.80600", "2005-07-31": "11.74900", "2005-04-30": "11.43300", "2005-01-31": "8.66100"}, "Basic Shares Outstanding": {"2020-10-31": "134.75400", "2020-07-31": "134.83700", "2020-04-30": "134.66900", "2020-01-31": "134.52300", "2019-10-31": "133.64000", "2019-07-31": "133.97000", "2019-04-30": "133.31300", "2019-01-31": "132.93300", "2018-10-31": "132.54300", "2018-07-31": "132.79400", "2018-04-30": "132.42500", "2018-01-31": "132.04800", "2017-10-31": "131.70300", "2017-07-31": "131.78600", "2017-04-30": "131.59500", "2017-01-31": "131.47250", "2016-10-31": "130.94800", "2016-07-31": "131.10620", "2016-04-30": "130.70780", "2016-01-31": "130.61520", "2015-10-31": "130.35160", "2015-07-31": "130.49410", "2015-04-30": "130.29490", "2015-01-31": "130.06840", "2014-10-31": "129.81050", "2014-07-31": "129.87700", "2014-04-30": "129.75980", "2014-01-31": "129.67380", "2013-10-31": "129.48830", "2013-07-31": "129.57420", "2013-04-30": "129.48050", "2013-01-31": "129.27540", "2012-10-31": "128.63480", "2012-07-31": "128.64990", "2012-04-30": "128.53520", "2012-01-31": "128.44480", "2011-10-31": "127.05080", "2011-07-31": "127.34620", "2011-04-30": "127.03610", "2011-01-31": "126.22070", "2010-10-31": "125.24660", "2010-07-31": "125.57070", "2010-04-30": "125.03970", "2010-01-31": "124.67960", "2009-10-31": "124.95420", "2009-07-31": "124.37440", "2009-04-30": "125.04580", "2009-01-31": "125.93750", "2008-10-31": "125.45010", "2008-07-31": "125.78960", "2008-04-30": "125.29370", "2008-01-31": "124.85980", "2007-10-31": "122.62340", "2007-07-31": "123.04310", "2007-04-30": "121.94630", "2007-01-31": "121.50760", "2006-10-31": "119.61460", "2006-07-31": "120.60170", "2006-04-30": "119.33800", "2006-01-31": "117.65000", "2005-10-31": "116.63440", "2005-07-31": "116.82510", "2005-04-30": "116.56760", "2005-01-31": "116.00490"}, "Shares Outstanding": {"2020-10-31": "137.30200", "2020-07-31": "137.23400", "2020-04-30": "137.11700", "2020-01-31": "137.42100", "2019-10-31": "137.35000", "2019-07-31": "137.63400", "2019-04-30": "137.20600", "2019-01-31": "136.97800", "2018-10-31": "136.69600", "2018-07-31": "136.73300", "2018-04-30": "136.58800", "2018-01-31": "136.39000", "2017-10-31": "135.58800", "2017-07-31": "135.77100", "2017-04-30": "135.37000", "2017-01-31": "135.00620", "2016-10-31": "133.14500", "2016-07-31": "133.35620", "2016-04-30": "132.86720", "2016-01-31": "132.69530", "2015-10-31": "132.44380", "2015-07-31": "132.61910", "2015-04-30": "132.42380", "2015-01-31": "132.16600", "2014-10-31": "131.74410", "2014-07-31": "131.78520", "2014-04-30": "131.74800", "2014-01-31": "131.54690", "2013-10-31": "130.82420", "2013-07-31": "130.88870", "2013-04-30": "130.60940", "2013-01-31": "130.46480", "2012-10-31": "130.12500", "2012-07-31": "130.09770", "2012-04-30": "130.11720", "2012-01-31": "130.09030", "2011-10-31": "129.70310", "2011-07-31": "129.91210", "2011-04-30": "129.64600", "2011-01-31": "129.34880", "2010-10-31": "128.82570", "2010-07-31": "128.92760", "2010-04-30": "128.78720", "2010-01-31": "128.56290", "2009-10-31": "128.86060", "2009-07-31": "128.29970", "2009-04-30": "128.80710", "2009-01-31": "129.90000", "2008-10-31": "129.90570", "2008-07-31": "130.04300", "2008-04-30": "129.91910", "2008-01-31": "129.74260", "2007-10-31": "128.41700", "2007-07-31": "128.55050", "2007-04-30": "127.99260", "2007-01-31": "127.84480", "2006-10-31": "126.82910", "2006-07-31": "127.36320", "2006-04-30": "126.93880", "2006-01-31": "125.07920", "2005-10-31": "125.51780", "2005-07-31": "125.73240", "2005-04-30": "125.21270", "2005-01-31": "124.99330"}, "Basic EPS": {"2020-10-31": "0.46000", "2020-07-31": "0.40000", "2020-04-30": "0.56000", "2020-01-31": "0.91000", "2019-10-31": "0.63000", "2019-07-31": "0.61000", "2019-04-30": "0.61000", "2019-01-31": "0.60000", "2018-10-31": "0.51000", "2018-07-31": "0.51000", "2018-04-30": "0.45000", "2018-01-31": "0.49000", "2017-10-31": "0.40400", "2017-07-31": "0.35000", "2017-04-30": "0.34400", "2017-01-31": "0.31200", "2016-10-31": "0.33500", "2016-07-31": "0.32000", "2016-04-30": "0.29440", "2016-01-31": "0.24060", "2015-10-31": "0.29180", "2015-07-31": "0.26110", "2015-04-30": "0.25600", "2015-01-31": "0.21500", "2014-10-31": "0.24580", "2014-07-31": "0.25600", "2014-04-30": "0.22020", "2014-01-31": "0.20990", "2013-10-31": "0.22530", "2013-07-31": "0.22530", "2013-04-30": "0.18430", "2013-01-31": "0.15360", "2012-10-31": "0.18530", "2012-07-31": "0.18020", "2012-04-30": "0.14750", "2012-01-31": "0.14750", "2011-10-31": "0.14830", "2011-07-31": "0.15970", "2011-04-30": "0.13110", "2011-01-31": "0.13430", "2010-10-31": "0.12440", "2010-07-31": "0.11800", "2010-04-30": "0.10160", "2010-01-31": "0.09440", "2009-10-31": "0.09400", "2009-07-31": "0.08910", "2009-04-30": "0.08390", "2009-01-31": "0.09020", "2008-10-31": "0.10910", "2008-07-31": "0.10280", "2008-04-30": "0.09440", "2008-01-31": "0.08180", "2007-10-31": "0.08810", "2007-07-31": "0.08810", "2007-04-30": "0.07760", "2007-01-31": "0.06500", "2006-10-31": "0.07760", "2006-07-31": "0.06920", "2006-04-30": "0.06290", "2006-01-31": "0.05660", "2005-10-31": "0.05660", "2005-07-31": "0.05240", "2005-04-30": "0.04820", "2005-01-31": "0.03770"}, "EPS - Earnings Per Share": {"2020-10-31": "0.45000", "2020-07-31": "0.40000", "2020-04-30": "0.55000", "2020-01-31": "0.89000", "2019-10-31": "0.62000", "2019-07-31": "0.59000", "2019-04-30": "0.60000", "2019-01-31": "0.58000", "2018-10-31": "0.49000", "2018-07-31": "0.49000", "2018-04-30": "0.44000", "2018-01-31": "0.48000", "2017-10-31": "0.39000", "2017-07-31": "0.34000", "2017-04-30": "0.33600", "2017-01-31": "0.30400", "2016-10-31": "0.33290", "2016-07-31": "0.31360", "2016-04-30": "0.28800", "2016-01-31": "0.23550", "2015-10-31": "0.28290", "2015-07-31": "0.26110", "2015-04-30": "0.25090", "2015-01-31": "0.20990", "2014-10-31": "0.24580", "2014-07-31": "0.25090", "2014-04-30": "0.21500", "2014-01-31": "0.20990", "2013-10-31": "0.23040", "2013-07-31": "0.22020", "2013-04-30": "0.17920", "2013-01-31": "0.15360", "2012-10-31": "0.18430", "2012-07-31": "0.17610", "2012-04-30": "0.14750", "2012-01-31": "0.14750", "2011-10-31": "0.14540", "2011-07-31": "0.15560", "2011-04-30": "0.13110", "2011-01-31": "0.13110", "2010-10-31": "0.12120", "2010-07-31": "0.11470", "2010-04-30": "0.09830", "2010-01-31": "0.09180", "2009-10-31": "0.09150", "2009-07-31": "0.08650", "2009-04-30": "0.08130", "2009-01-31": "0.08810", "2008-10-31": "0.10380", "2008-07-31": "0.09860", "2008-04-30": "0.09230", "2008-01-31": "0.07760", "2007-10-31": "0.08390", "2007-07-31": "0.08390", "2007-04-30": "0.07340", "2007-01-31": "0.06290", "2006-10-31": "0.07340", "2006-07-31": "0.06500", "2006-04-30": "0.05870", "2006-01-31": "0.05450", "2005-10-31": "0.05240", "2005-07-31": "0.04820", "2005-04-30": "0.04610", "2005-01-31": "0.03570"}}, "balance sheet": {"Cash On Hand": {"2020-10-31": "406.85200", "2019-10-31": "57.00100", "2018-10-31": "59.59900", "2017-10-31": "52.06600", "2016-10-31": "42.95500", "2015-10-31": "33.60300", "2014-10-31": "20.22900", "2013-10-31": "15.49900", "2012-10-31": "21.45100", "2011-10-31": "17.50000", "2010-10-31": "6.54300", "2009-10-31": "7.16700", "2008-10-31": "12.56200", "2007-10-31": "4.94700", "2006-10-31": "4.99900", "2005-10-31": "5.33000"}, "Receivables": {"2020-10-31": "210.43300", "2019-10-31": "274.32600", "2018-10-31": "237.28600", "2017-10-31": "222.45600", "2016-10-31": "202.22700", "2015-10-31": "181.59300", "2014-10-31": "149.66900", "2013-10-31": "157.02200", "2012-10-31": "122.21400", "2011-10-31": "106.41400", "2010-10-31": "91.81500", "2009-10-31": "77.86400", "2008-10-31": "88.40300", "2007-10-31": "82.39900", "2006-10-31": "65.01200", "2005-10-31": "47.66800"}, "Inventory": {"2020-10-31": "463.20500", "2019-10-31": "420.31900", "2018-10-31": "401.55300", "2017-10-31": "343.62800", "2016-10-31": "286.30200", "2015-10-31": "243.51700", "2014-10-31": "218.04200", "2013-10-31": "218.89300", "2012-10-31": "189.70400", "2011-10-31": "164.96700", "2010-10-31": "138.21500", "2009-10-31": "137.58500", "2008-10-31": "132.91000", "2007-10-31": "115.77000", "2006-10-31": "97.28300", "2005-10-31": "62.75800"}, "Pre-Paid Expenses": {"2020-10-31": "24.70600", "2019-10-31": "18.95300", "2018-10-31": "21.18700", "2017-10-31": "13.74200", "2016-10-31": "11.67400", "2015-10-31": "9.36900", "2014-10-31": "8.86800", "2013-10-31": "17.02200", "2012-10-31": "6.99700", "2011-10-31": "5.47100", "2010-10-31": "3.76900", "2009-10-31": "4.29000", "2008-10-31": "3.67800", "2007-10-31": "4.55700", "2006-10-31": "3.41800", "2005-10-31": "3.15900"}, "Other Current Assets": {"2020-10-31": "60.42900", "2019-10-31": "43.13200", "2018-10-31": "14.18300", "2017-10-31": "", "2016-10-31": "", "2015-10-31": "", "2014-10-31": "", "2013-10-31": "", "2012-10-31": "", "2011-10-31": "", "2010-10-31": "", "2009-10-31": "", "2008-10-31": "", "2007-10-31": "", "2006-10-31": "", "2005-10-31": ""}, "Total Current Assets": {"2020-10-31": "1165.62500", "2019-10-31": "813.73100", "2018-10-31": "733.80800", "2017-10-31": "631.89200", "2016-10-31": "543.15800", "2015-10-31": "503.61200", "2014-10-31": "431.29300", "2013-10-31": "441.47200", "2012-10-31": "367.91100", "2011-10-31": "316.63800", "2010-10-31": "259.24900", "2009-10-31": "243.57700", "2008-10-31": "251.51000", "2007-10-31": "217.80800", "2006-10-31": "180.02100", "2005-10-31": "126.13300"}, "Property, Plant, And Equipment": {"2020-10-31": "168.84800", "2019-10-31": "173.34500", "2018-10-31": "154.73900", "2017-10-31": "129.88300", "2016-10-31": "121.61100", "2015-10-31": "105.67000", "2014-10-31": "93.86500", "2013-10-31": "97.73700", "2012-10-31": "80.51800", "2011-10-31": "67.07400", "2010-10-31": "59.00300", "2009-10-31": "60.52800", "2008-10-31": "59.96600", "2007-10-31": "55.55400", "2006-10-31": "49.48900", "2005-10-31": "46.66300"}, "Long-Term Investments": {"2020-10-31": "", "2019-10-31": "", "2018-10-31": "", "2017-10-31": "", "2016-10-31": "", "2015-10-31": "", "2014-10-31": "", "2013-10-31": "", "2012-10-31": "", "2011-10-31": "", "2010-10-31": "", "2009-10-31": "", "2008-10-31": "", "2007-10-31": "", "2006-10-31": "", "2005-10-31": ""}, "Goodwill And Intangible Assets": {"2020-10-31": "1962.20800", "2019-10-31": "1819.39600", "2018-10-31": "1621.19200", "2017-10-31": "1619.38700", "2016-10-31": "1232.58000", "2015-10-31": "1039.23200", "2014-10-31": "887.08100", "2013-10-31": "930.04700", "2012-10-31": "696.43800", "2011-10-31": "521.55900", "2010-10-31": "434.50300", "2009-10-31": "406.83100", "2008-10-31": "348.37600", "2007-10-31": "345.83500", "2006-10-31": "297.12700", "2005-10-31": "253.57500"}, "Other Long-Term Assets": {"2020-10-31": "251.03000", "2019-10-31": "162.73900", "2018-10-31": "143.65700", "2017-10-31": "131.26900", "2016-10-31": "100.65600", "2015-10-31": "87.02600", "2014-10-31": "75.91200", "2013-10-31": "61.96800", "2012-10-31": "45.48700", "2011-10-31": "33.42400", "2010-10-31": "28.88800", "2009-10-31": "21.97400", "2008-10-31": "16.69000", "2007-10-31": "12.10500", "2006-10-31": "8.17800", "2005-10-31": "9.25300"}, "Total Long-Term Assets": {"2020-10-31": "2382.08600", "2019-10-31": "2155.48000", "2018-10-31": "1919.58800", "2017-10-31": "1880.53900", "2016-10-31": "1455.25400", "2015-10-31": "1232.77500", "2014-10-31": "1057.92100", "2013-10-31": "1091.54300", "2012-10-31": "824.93500", "2011-10-31": "624.43100", "2010-10-31": "522.39400", "2009-10-31": "489.33300", "2008-10-31": "425.03200", "2007-10-31": "413.49400", "2006-10-31": "354.79400", "2005-10-31": "309.49100"}, "Total Assets": {"2020-10-31": "3547.71100", "2019-10-31": "2969.21100", "2018-10-31": "2653.39600", "2017-10-31": "2512.43100", "2016-10-31": "1998.41200", "2015-10-31": "1736.38700", "2014-10-31": "1489.21400", "2013-10-31": "1533.01500", "2012-10-31": "1192.84600", "2011-10-31": "941.06900", "2010-10-31": "781.64300", "2009-10-31": "732.91000", "2008-10-31": "676.54200", "2007-10-31": "631.30200", "2006-10-31": "534.81500", "2005-10-31": "435.62400"}, "Total Current Liabilities": {"2020-10-31": "241.16100", "2019-10-31": "289.13800", "2018-10-31": "282.42900", "2017-10-31": "249.43700", "2016-10-31": "214.42100", "2015-10-31": "168.38700", "2014-10-31": "152.22000", "2013-10-31": "161.28600", "2012-10-31": "131.51400", "2011-10-31": "123.39000", "2010-10-31": "81.83200", "2009-10-31": "65.51300", "2008-10-31": "81.22800", "2007-10-31": "87.33800", "2006-10-31": "65.50300", "2005-10-31": "49.95000"}, "Long Term Debt": {"2020-10-31": "738.78600", "2019-10-31": "561.04900", "2018-10-31": "531.61100", "2017-10-31": "673.52800", "2016-10-31": "457.81400", "2015-10-31": "367.24100", "2014-10-31": "328.69100", "2013-10-31": "376.81800", "2012-10-31": "131.19400", "2011-10-31": "39.82300", "2010-10-31": "14.07300", "2009-10-31": "55.19400", "2008-10-31": "37.38100", "2007-10-31": "53.76500", "2006-10-31": "55.02200", "2005-10-31": "34.06100"}, "Other Non-Current Liabilities": {"2020-10-31": "280.29100", "2019-10-31": "184.60400", "2018-10-31": "157.65800", "2017-10-31": "151.02500", "2016-10-31": "114.06100", "2015-10-31": "105.61800", "2014-10-31": "82.28900", "2013-10-31": "83.97600", "2012-10-31": "52.77700", "2011-10-31": "33.37300", "2010-10-31": "30.55600", "2009-10-31": "23.26800", "2008-10-31": "17.00300", "2007-10-31": "10.36400", "2006-10-31": "5.67900", "2005-10-31": "6.64400"}, "Total Long Term Liabilities": {"2020-10-31": "1295.94300", "2019-10-31": "985.41300", "2018-10-31": "867.95900", "2017-10-31": "1014.70200", "2016-10-31": "736.28600", "2015-10-31": "674.72890", "2014-10-31": "562.37500", "2013-10-31": "648.49400", "2012-10-31": "341.57300", "2011-10-31": "197.52500", "2010-10-31": "144.98500", "2009-10-31": "176.73900", "2008-10-31": "177.55400", "2007-10-31": "172.36300", "2006-10-31": "152.05400", "2005-10-31": "112.17100"}, "Total Liabilities": {"2020-10-31": "1537.10400", "2019-10-31": "1274.55100", "2018-10-31": "1150.38800", "2017-10-31": "1264.13900", "2016-10-31": "950.70700", "2015-10-31": "843.11600", "2014-10-31": "714.59500", "2013-10-31": "809.78000", "2012-10-31": "473.08700", "2011-10-31": "320.91500", "2010-10-31": "226.81700", "2009-10-31": "242.25200", "2008-10-31": "258.78200", "2007-10-31": "259.70100", "2006-10-31": "217.55700", "2005-10-31": "162.12100"}, "Common Stock Net": {"2020-10-31": "1.35100", "2019-10-31": "1.34500", "2018-10-31": "1.33000", "2017-10-31": "0.84500", "2016-10-31": "0.67300", "2015-10-31": "0.66900", "2014-10-31": "0.66500", "2013-10-31": "0.66400", "2012-10-31": "0.52800", "2011-10-31": "0.42100", "2010-10-31": "0.33000", "2009-10-31": "0.26100", "2008-10-31": "0.26400", "2007-10-31": "0.26100", "2006-10-31": "0.25400", "2005-10-31": "0.24600"}, "Retained Earnings (Accumulated Deficit)": {"2020-10-31": "1688.04500", "2019-10-31": "1397.32700", "2018-10-31": "1091.18300", "2017-10-31": "844.24700", "2016-10-31": "681.70400", "2015-10-31": "548.05400", "2014-10-31": "437.75700", "2013-10-31": "349.64900", "2012-10-31": "375.08500", "2011-10-31": "299.49700", "2010-10-31": "240.91300", "2009-10-31": "189.48500", "2008-10-31": "192.87200", "2007-10-31": "147.63200", "2006-10-31": "110.68200", "2005-10-31": "80.79900"}, "Comprehensive Income": {"2020-10-31": "-9.14900", "2019-10-31": "-16.73900", "2018-10-31": "-15.25600", "2017-10-31": "-10.55600", "2016-10-31": "-25.32600", "2015-10-31": "-25.08000", "2014-10-31": "-8.28900", "2013-10-31": "0.14400", "2012-10-31": "-3.57200", "2011-10-31": "3.03300", "2010-10-31": "-0.12400", "2009-10-31": "-1.38100", "2008-10-31": "-4.81900", "2007-10-31": "3.05000", "2006-10-31": "0.06200", "2005-10-31": "-0.06500"}, "Other Share Holders Equity": {"2020-10-31": "-4.88600", "2019-10-31": "-4.23200", "2018-10-31": "-3.92800", "2017-10-31": "-3.11800", "2016-10-31": "-2.46000", "2015-10-31": "-1.78300", "2014-10-31": "-1.13800", "2013-10-31": "-1.13800", "2012-10-31": "-0.82300", "2011-10-31": "-0.52200", "2010-10-31": "", "2009-10-31": "", "2008-10-31": "", "2007-10-31": "", "2006-10-31": "", "2005-10-31": ""}, "Share Holder Equity": {"2020-10-31": "2010.60700", "2019-10-31": "1694.66000", "2018-10-31": "1503.00800", "2017-10-31": "1248.29200", "2016-10-31": "1047.70500", "2015-10-31": "893.27100", "2014-10-31": "774.61900", "2013-10-31": "723.23500", "2012-10-31": "719.75900", "2011-10-31": "620.15400", "2010-10-31": "554.82600", "2009-10-31": "490.65800", "2008-10-31": "417.76000", "2007-10-31": "371.60100", "2006-10-31": "317.25800", "2005-10-31": "273.50300"}, "Total Liabilities And Share Holders Equity": {"2020-10-31": "3547.71100", "2019-10-31": "2969.21100", "2018-10-31": "2653.39600", "2017-10-31": "2512.43100", "2016-10-31": "1998.41200", "2015-10-31": "1736.38700", "2014-10-31": "1489.21400", "2013-10-31": "1533.01500", "2012-10-31": "1192.84600", "2011-10-31": "941.06900", "2010-10-31": "781.64300", "2009-10-31": "732.91000", "2008-10-31": "676.54200", "2007-10-31": "631.30200", "2006-10-31": "534.81500", "2005-10-31": "435.62400"}}, "balance sheet, quarterly": {"Cash On Hand": {"2020-10-31": "406.85200", "2020-07-31": "395.27800", "2020-04-30": "346.78600", "2020-01-31": "63.97100", "2019-10-31": "57.00100", "2019-07-31": "59.02300", "2019-04-30": "64.09100", "2019-01-31": "57.85600", "2018-10-31": "59.59900", "2018-07-31": "66.98100", "2018-04-30": "48.22700", "2018-01-31": "65.68800", "2017-10-31": "52.06600", "2017-07-31": "49.48900", "2017-04-30": "36.73200", "2017-01-31": "45.90500", "2016-10-31": "42.95500", "2016-07-31": "27.19100", "2016-04-30": "36.78900", "2016-01-31": "29.88600", "2015-10-31": "33.60300", "2015-07-31": "31.69700", "2015-04-30": "20.67900", "2015-01-31": "18.37200", "2014-10-31": "20.22900", "2014-07-31": "20.94400", "2014-04-30": "21.40200", "2014-01-31": "15.23900", "2013-10-31": "15.49900", "2013-07-31": "12.77100", "2013-04-30": "16.87800", "2013-01-31": "19.08900", "2012-10-31": "21.45100", "2012-07-31": "13.96500", "2012-04-30": "22.26200", "2012-01-31": "23.09100", "2011-10-31": "17.50000", "2011-07-31": "27.58800", "2011-04-30": "7.76000", "2011-01-31": "13.86500", "2010-10-31": "6.54300", "2010-07-31": "11.03700", "2010-04-30": "10.52500", "2010-01-31": "7.52400", "2009-10-31": "7.16700", "2009-07-31": "6.94800", "2009-04-30": "9.44800", "2009-01-31": "4.38300", "2008-10-31": "12.56200", "2008-07-31": "6.56500", "2008-04-30": "5.42700", "2008-01-31": "12.59500", "2007-10-31": "4.94700", "2007-07-31": "5.70800", "2007-04-30": "5.88900", "2007-01-31": "5.84300", "2006-10-31": "4.99900", "2006-07-31": "6.37100", "2006-04-30": "5.40100", "2006-01-31": "9.22600", "2005-10-31": "5.33000", "2005-07-31": "2.63500", "2005-04-30": "2.44900", "2005-01-31": "4.51700"}, "Receivables": {"2020-10-31": "210.43300", "2020-07-31": "181.13400", "2020-04-30": "230.88400", "2020-01-31": "252.05000", "2019-10-31": "274.32600", "2019-07-31": "259.32100", "2019-04-30": "259.47000", "2019-01-31": "237.80000", "2018-10-31": "237.28600", "2018-07-31": "249.32600", "2018-04-30": "238.23300", "2018-01-31": "210.27800", "2017-10-31": "222.45600", "2017-07-31": "206.40500", "2017-04-30": "213.10700", "2017-01-31": "176.02900", "2016-10-31": "202.22700", "2016-07-31": "189.61700", "2016-04-30": "179.20700", "2016-01-31": "173.91500", "2015-10-31": "181.59300", "2015-07-31": "150.93000", "2015-04-30": "152.66300", "2015-01-31": "152.86600", "2014-10-31": "149.66900", "2014-07-31": "149.16000", "2014-04-30": "165.05300", "2014-01-31": "150.21400", "2013-10-31": "157.02200", "2013-07-31": "139.40100", "2013-04-30": "126.85600", "2013-01-31": "110.25800", "2012-10-31": "122.21400", "2012-07-31": "113.74700", "2012-04-30": "114.42700", "2012-01-31": "108.01200", "2011-10-31": "106.41400", "2011-07-31": "100.42200", "2011-04-30": "100.56900", "2011-01-31": "92.04700", "2010-10-31": "91.81500", "2010-07-31": "84.07800", "2010-04-30": "79.23200", "2010-01-31": "74.49100", "2009-10-31": "77.86400", "2009-07-31": "72.16100", "2009-04-30": "71.98400", "2009-01-31": "74.59100", "2008-10-31": "88.40300", "2008-07-31": "76.39000", "2008-04-30": "83.61800", "2008-01-31": "74.51800", "2007-10-31": "82.39900", "2007-07-31": "74.86100", "2007-04-30": "68.01900", "2007-01-31": "66.36000", "2006-10-31": "65.01200", "2006-07-31": "61.83100", "2006-04-30": "56.91700", "2006-01-31": "51.04500", "2005-10-31": "47.66800", "2005-07-31": "41.66600", "2005-04-30": "42.89200", "2005-01-31": "35.29300"}, "Inventory": {"2020-10-31": "463.20500", "2020-07-31": "473.10400", "2020-04-30": "457.81900", "2020-01-31": "441.25000", "2019-10-31": "420.31900", "2019-07-31": "416.31400", "2019-04-30": "410.32800", "2019-01-31": "406.34800", "2018-10-31": "401.55300", "2018-07-31": "391.78800", "2018-04-30": "382.66900", "2018-01-31": "367.39500", "2017-10-31": "343.62800", "2017-07-31": "340.47100", "2017-04-30": "325.66100", "2017-01-31": "301.12000", "2016-10-31": "286.30200", "2016-07-31": "286.67900", "2016-04-30": "282.14000", "2016-01-31": "273.49400", "2015-10-31": "243.51700", "2015-07-31": "236.23500", "2015-04-30": "231.03500", "2015-01-31": "227.97000", "2014-10-31": "218.04200", "2014-07-31": "221.12900", "2014-04-30": "225.02100", "2014-01-31": "224.10900", "2013-10-31": "218.89300", "2013-07-31": "216.25600", "2013-04-30": "199.50100", "2013-01-31": "195.08900", "2012-10-31": "189.70400", "2012-07-31": "192.88700", "2012-04-30": "187.39500", "2012-01-31": "183.78600", "2011-10-31": "164.96700", "2011-07-31": "155.56900", "2011-04-30": "153.67600", "2011-01-31": "149.44500", "2010-10-31": "138.21500", "2010-07-31": "140.71200", "2010-04-30": "144.55700", "2010-01-31": "141.64000", "2009-10-31": "137.58500", "2009-07-31": "145.49600", "2009-04-30": "142.50800", "2009-01-31": "140.42800", "2008-10-31": "132.91000", "2008-07-31": "129.95200", "2008-04-30": "123.53200", "2008-01-31": "117.86600", "2007-10-31": "115.77000", "2007-07-31": "111.35500", "2007-04-30": "106.90600", "2007-01-31": "99.22800", "2006-10-31": "97.28300", "2006-07-31": "90.66800", "2006-04-30": "82.94700", "2006-01-31": "78.00800", "2005-10-31": "62.75800", "2005-07-31": "58.87300", "2005-04-30": "54.47000", "2005-01-31": "52.45000"}, "Pre-Paid Expenses": {"2020-10-31": "24.70600", "2020-07-31": "32.11500", "2020-04-30": "33.99100", "2020-01-31": "22.61600", "2019-10-31": "18.95300", "2019-07-31": "20.68800", "2019-04-30": "19.71000", "2019-01-31": "30.32800", "2018-10-31": "21.18700", "2018-07-31": "20.06300", "2018-04-30": "25.59700", "2018-01-31": "19.07100", "2017-10-31": "13.74200", "2017-07-31": "16.29400", "2017-04-30": "12.81000", "2017-01-31": "13.19700", "2016-10-31": "11.67400", "2016-07-31": "11.30800", "2016-04-30": "12.03000", "2016-01-31": "12.69100", "2015-10-31": "9.36900", "2015-07-31": "9.85000", "2015-04-30": "15.09900", "2015-01-31": "11.96400", "2014-10-31": "8.86800", "2014-07-31": "9.90500", "2014-04-30": "21.23700", "2014-01-31": "14.03300", "2013-10-31": "17.02200", "2013-07-31": "9.68700", "2013-04-30": "9.36500", "2013-01-31": "9.49300", "2012-10-31": "6.99700", "2012-07-31": "7.47800", "2012-04-30": "8.49100", "2012-01-31": "10.82000", "2011-10-31": "5.47100", "2011-07-31": "6.30700", "2011-04-30": "7.00600", "2011-01-31": "6.74400", "2010-10-31": "3.76900", "2010-07-31": "5.36400", "2010-04-30": "5.75300", "2010-01-31": "5.64100", "2009-10-31": "4.29000", "2009-07-31": "10.44600", "2009-04-30": "5.84800", "2009-01-31": "7.77800", "2008-10-31": "3.67800", "2008-07-31": "5.22800", "2008-04-30": "5.43000", "2008-01-31": "6.80000", "2007-10-31": "4.55700", "2007-07-31": "4.89700", "2007-04-30": "4.57000", "2007-01-31": "5.60500", "2006-10-31": "3.41800", "2006-07-31": "3.99000", "2006-04-30": "4.13000", "2006-01-31": "4.56900", "2005-10-31": "3.15900", "2005-07-31": "3.57200", "2005-04-30": "3.46000", "2005-01-31": "3.70300"}, "Other Current Assets": {"2020-10-31": "60.42900", "2020-07-31": "59.11300", "2020-04-30": "56.03300", "2020-01-31": "44.82300", "2019-10-31": "43.13200", "2019-07-31": "47.23800", "2019-04-30": "48.96800", "2019-01-31": "47.09300", "2018-10-31": "14.18300", "2018-07-31": "", "2018-04-30": "", "2018-01-31": "", "2017-10-31": "", "2017-07-31": "", "2017-04-30": "", "2017-01-31": "", "2016-10-31": "", "2016-07-31": "", "2016-04-30": "", "2016-01-31": "", "2015-10-31": "", "2015-07-31": "", "2015-04-30": "", "2015-01-31": "", "2014-10-31": "", "2014-07-31": "", "2014-04-30": "", "2014-01-31": "", "2013-10-31": "", "2013-07-31": "", "2013-04-30": "", "2013-01-31": "", "2012-10-31": "", "2012-07-31": "", "2012-04-30": "", "2012-01-31": "", "2011-10-31": "", "2011-07-31": "", "2011-04-30": "", "2011-01-31": "", "2010-10-31": "", "2010-07-31": "", "2010-04-30": "", "2010-01-31": "", "2009-10-31": "", "2009-07-31": "", "2009-04-30": "", "2009-01-31": "", "2008-10-31": "", "2008-07-31": "", "2008-04-30": "", "2008-01-31": "", "2007-10-31": "", "2007-07-31": "", "2007-04-30": "", "2007-01-31": "", "2006-10-31": "", "2006-07-31": "", "2006-04-30": "", "2006-01-31": "", "2005-10-31": "", "2005-07-31": "", "2005-04-30": "", "2005-01-31": ""}, "Total Current Assets": {"2020-10-31": "1165.62500", "2020-07-31": "1140.74400", "2020-04-30": "1125.51300", "2020-01-31": "824.71000", "2019-10-31": "813.73100", "2019-07-31": "802.58400", "2019-04-30": "802.56700", "2019-01-31": "779.42500", "2018-10-31": "733.80800", "2018-07-31": "728.15800", "2018-04-30": "694.72600", "2018-01-31": "662.43200", "2017-10-31": "631.89200", "2017-07-31": "655.92900", "2017-04-30": "629.83500", "2017-01-31": "575.20500", "2016-10-31": "543.15800", "2016-07-31": "553.66800", "2016-04-30": "545.99800", "2016-01-31": "523.42900", "2015-10-31": "503.61200", "2015-07-31": "462.86200", "2015-04-30": "452.48700", "2015-01-31": "443.43500", "2014-10-31": "431.29300", "2014-07-31": "433.28600", "2014-04-30": "462.71100", "2014-01-31": "434.59700", "2013-10-31": "441.47200", "2013-07-31": "408.11300", "2013-04-30": "380.11300", "2013-01-31": "359.69500", "2012-10-31": "367.91100", "2012-07-31": "355.15500", "2012-04-30": "357.21000", "2012-01-31": "348.48100", "2011-10-31": "316.63800", "2011-07-31": "309.88700", "2011-04-30": "288.22600", "2011-01-31": "280.36100", "2010-10-31": "259.24900", "2010-07-31": "259.72500", "2010-04-30": "257.25200", "2010-01-31": "245.79900", "2009-10-31": "243.57700", "2009-07-31": "250.35700", "2009-04-30": "243.23000", "2009-01-31": "241.04800", "2008-10-31": "251.51000", "2008-07-31": "234.09300", "2008-04-30": "232.68900", "2008-01-31": "226.10000", "2007-10-31": "217.80800", "2007-07-31": "206.28700", "2007-04-30": "195.16800", "2007-01-31": "188.76500", "2006-10-31": "180.02100", "2006-07-31": "171.89000", "2006-04-30": "157.41500", "2006-01-31": "150.17100", "2005-10-31": "126.13300", "2005-07-31": "113.16500", "2005-04-30": "109.48500", "2005-01-31": "101.64500"}, "Property, Plant, And Equipment": {"2020-10-31": "168.84800", "2020-07-31": "170.34000", "2020-04-30": "171.39900", "2020-01-31": "172.29900", "2019-10-31": "173.34500", "2019-07-31": "173.18200", "2019-04-30": "169.79200", "2019-01-31": "169.27900", "2018-10-31": "154.73900", "2018-07-31": "154.61400", "2018-04-30": "148.11400", "2018-01-31": "133.11500", "2017-10-31": "129.88300", "2017-07-31": "129.90500", "2017-04-30": "126.40200", "2017-01-31": "121.88100", "2016-10-31": "121.61100", "2016-07-31": "118.93500", "2016-04-30": "117.66300", "2016-01-31": "112.68600", "2015-10-31": "105.67000", "2015-07-31": "103.17500", "2015-04-30": "104.49300", "2015-01-31": "104.22300", "2014-10-31": "93.86500", "2014-07-31": "95.13000", "2014-04-30": "95.50200", "2014-01-31": "96.80200", "2013-10-31": "97.73700", "2013-07-31": "90.86300", "2013-04-30": "82.50900", "2013-01-31": "81.80000", "2012-10-31": "80.51800", "2012-07-31": "78.82800", "2012-04-30": "78.59500", "2012-01-31": "77.12600", "2011-10-31": "67.07400", "2011-07-31": "56.98700", "2011-04-30": "57.75900", "2011-01-31": "58.13400", "2010-10-31": "59.00300", "2010-07-31": "59.80300", "2010-04-30": "60.41100", "2010-01-31": "60.06300", "2009-10-31": "60.52800", "2009-07-31": "60.49600", "2009-04-30": "60.12700", "2009-01-31": "59.97000", "2008-10-31": "59.96600", "2008-07-31": "59.54800", "2008-04-30": "59.08800", "2008-01-31": "56.51200", "2007-10-31": "55.55400", "2007-07-31": "51.75000", "2007-04-30": "51.10500", "2007-01-31": "50.10500", "2006-10-31": "49.48900", "2006-07-31": "48.89400", "2006-04-30": "47.47300", "2006-01-31": "46.01000", "2005-10-31": "46.66300", "2005-07-31": "42.48200", "2005-04-30": "40.61400", "2005-01-31": "40.12400"}, "Long-Term Investments": {"2020-10-31": "", "2020-07-31": "", "2020-04-30": "", "2020-01-31": "", "2019-10-31": "", "2019-07-31": "", "2019-04-30": "", "2019-01-31": "", "2018-10-31": "", "2018-07-31": "", "2018-04-30": "", "2018-01-31": "", "2017-10-31": "", "2017-07-31": "", "2017-04-30": "", "2017-01-31": "", "2016-10-31": "", "2016-07-31": "", "2016-04-30": "", "2016-01-31": "", "2015-10-31": "", "2015-07-31": "", "2015-04-30": "", "2015-01-31": "", "2014-10-31": "", "2014-07-31": "", "2014-04-30": "", "2014-01-31": "", "2013-10-31": "", "2013-07-31": "", "2013-04-30": "", "2013-01-31": "", "2012-10-31": "", "2012-07-31": "", "2012-04-30": "", "2012-01-31": "", "2011-10-31": "", "2011-07-31": "", "2011-04-30": "", "2011-01-31": "", "2010-10-31": "", "2010-07-31": "", "2010-04-30": "", "2010-01-31": "", "2009-10-31": "", "2009-07-31": "", "2009-04-30": "", "2009-01-31": "", "2008-10-31": "", "2008-07-31": "", "2008-04-30": "", "2008-01-31": "", "2007-10-31": "", "2007-07-31": "", "2007-04-30": "", "2007-01-31": "", "2006-10-31": "", "2006-07-31": "", "2006-04-30": "", "2006-01-31": "", "2005-10-31": "", "2005-07-31": "", "2005-04-30": "", "2005-01-31": ""}, "Goodwill And Intangible Assets": {"2020-10-31": "1962.20800", "2020-07-31": "1862.72100", "2020-04-30": "1840.81000", "2020-01-31": "1858.03400", "2019-10-31": "1819.39600", "2019-07-31": "1825.02000", "2019-04-30": "1720.65100", "2019-01-31": "1699.59200", "2018-10-31": "1621.19200", "2018-07-31": "1618.80600", "2018-04-30": "1636.81800", "2018-01-31": "1621.85100", "2017-10-31": "1619.38700", "2017-07-31": "1312.90400", "2017-04-30": "1300.90500", "2017-01-31": "1221.78100", "2016-10-31": "1232.58000", "2016-07-31": "1242.36100", "2016-04-30": "1255.22000", "2016-01-31": "1255.82300", "2015-10-31": "1039.23200", "2015-07-31": "933.64100", "2015-04-30": "935.34700", "2015-01-31": "943.89300", "2014-10-31": "887.08100", "2014-07-31": "903.50200", "2014-04-30": "915.60500", "2014-01-31": "921.21400", "2013-10-31": "930.04700", "2013-07-31": "826.66900", "2013-04-30": "687.89400", "2013-01-31": "694.71800", "2012-10-31": "696.43800", "2012-07-31": "678.80400", "2012-04-30": "688.37000", "2012-01-31": "661.78800", "2011-10-31": "521.55900", "2011-07-31": "451.93500", "2011-04-30": "452.73400", "2011-01-31": "452.30200", "2010-10-31": "434.50300", "2010-07-31": "432.65800", "2010-04-30": "435.15900", "2010-01-31": "406.44300", "2009-10-31": "406.83100", "2009-07-31": "382.83900", "2009-04-30": "353.57100", "2009-01-31": "353.52100", "2008-10-31": "348.37600", "2008-07-31": "353.03500", "2008-04-30": "354.79200", "2008-01-31": "347.62100", "2007-10-31": "345.83500", "2007-07-31": "301.35600", "2007-04-30": "301.93200", "2007-01-31": "297.54800", "2006-10-31": "297.12700", "2006-07-31": "272.03700", "2006-04-30": "264.25700", "2006-01-31": "263.55500", "2005-10-31": "253.57500", "2005-07-31": "232.34900", "2005-04-30": "232.30300", "2005-01-31": "228.24800"}, "Other Long-Term Assets": {"2020-10-31": "251.03000", "2020-07-31": "249.44500", "2020-04-30": "227.11300", "2020-01-31": "242.07800", "2019-10-31": "162.73900", "2019-07-31": "159.50200", "2019-04-30": "160.63000", "2019-01-31": "148.71800", "2018-10-31": "143.65700", "2018-07-31": "153.26100", "2018-04-30": "148.22300", "2018-01-31": "153.04400", "2017-10-31": "131.26900", "2017-07-31": "124.98500", "2017-04-30": "120.19700", "2017-01-31": "112.28300", "2016-10-31": "100.65600", "2016-07-31": "101.76600", "2016-04-30": "97.55100", "2016-01-31": "88.90600", "2015-10-31": "87.02600", "2015-07-31": "87.76200", "2015-04-30": "87.06000", "2015-01-31": "82.89600", "2014-10-31": "75.91200", "2014-07-31": "73.84800", "2014-04-30": "72.13100", "2014-01-31": "69.42400", "2013-10-31": "61.96800", "2013-07-31": "58.70400", "2013-04-30": "56.19900", "2013-01-31": "53.70000", "2012-10-31": "45.48700", "2012-07-31": "43.87400", "2012-04-30": "44.87600", "2012-01-31": "42.83600", "2011-10-31": "33.42400", "2011-07-31": "35.93300", "2011-04-30": "36.18800", "2011-01-31": "34.70300", "2010-10-31": "28.88800", "2010-07-31": "25.85300", "2010-04-30": "27.07600", "2010-01-31": "25.52700", "2009-10-31": "21.97400", "2009-07-31": "19.75800", "2009-04-30": "17.56400", "2009-01-31": "17.83900", "2008-10-31": "16.69000", "2008-07-31": "18.99300", "2008-04-30": "17.85900", "2008-01-31": "18.11400", "2007-10-31": "12.10500", "2007-07-31": "11.92700", "2007-04-30": "11.09100", "2007-01-31": "10.54200", "2006-10-31": "8.17800", "2006-07-31": "21.51700", "2006-04-30": "21.35300", "2006-01-31": "21.75500", "2005-10-31": "9.25300", "2005-07-31": "11.00000", "2005-04-30": "10.92000", "2005-01-31": "10.95900"}, "Total Long-Term Assets": {"2020-10-31": "2382.08600", "2020-07-31": "2282.50600", "2020-04-30": "2239.32200", "2020-01-31": "2272.41100", "2019-10-31": "2155.48000", "2019-07-31": "2157.70400", "2019-04-30": "2051.07300", "2019-01-31": "2017.58900", "2018-10-31": "1919.58800", "2018-07-31": "1926.68100", "2018-04-30": "1933.15500", "2018-01-31": "1908.01000", "2017-10-31": "1880.53900", "2017-07-31": "1567.79400", "2017-04-30": "1547.50400", "2017-01-31": "1456.21700", "2016-10-31": "1455.25400", "2016-07-31": "1463.65200", "2016-04-30": "1471.11400", "2016-01-31": "1458.07100", "2015-10-31": "1232.77500", "2015-07-31": "1125.55200", "2015-04-30": "1128.10700", "2015-01-31": "1131.82500", "2014-10-31": "1057.92100", "2014-07-31": "1073.83700", "2014-04-30": "1084.73100", "2014-01-31": "1088.96900", "2013-10-31": "1091.54300", "2013-07-31": "978.55190", "2013-04-30": "829.10210", "2013-01-31": "832.82600", "2012-10-31": "824.93500", "2012-07-31": "804.04410", "2012-04-30": "814.30490", "2012-01-31": "784.01790", "2011-10-31": "624.43100", "2011-07-31": "544.85500", "2011-04-30": "546.68100", "2011-01-31": "545.13900", "2010-10-31": "522.39400", "2010-07-31": "518.31400", "2010-04-30": "522.64600", "2010-01-31": "492.03300", "2009-10-31": "489.33300", "2009-07-31": "463.09300", "2009-04-30": "431.26200", "2009-01-31": "431.33000", "2008-10-31": "425.03200", "2008-07-31": "431.57600", "2008-04-30": "431.73900", "2008-01-31": "422.24700", "2007-10-31": "413.49400", "2007-07-31": "365.03300", "2007-04-30": "364.12800", "2007-01-31": "358.19500", "2006-10-31": "354.79400", "2006-07-31": "342.44800", "2006-04-30": "333.08300", "2006-01-31": "331.32000", "2005-10-31": "309.49100", "2005-07-31": "285.83100", "2005-04-30": "283.83700", "2005-01-31": "279.33100"}, "Total Assets": {"2020-10-31": "3547.71100", "2020-07-31": "3423.25000", "2020-04-30": "3364.83500", "2020-01-31": "3097.12100", "2019-10-31": "2969.21100", "2019-07-31": "2960.28800", "2019-04-30": "2853.64000", "2019-01-31": "2797.01400", "2018-10-31": "2653.39600", "2018-07-31": "2654.83900", "2018-04-30": "2627.88100", "2018-01-31": "2570.44200", "2017-10-31": "2512.43100", "2017-07-31": "2223.72300", "2017-04-30": "2177.33900", "2017-01-31": "2031.42200", "2016-10-31": "1998.41200", "2016-07-31": "2017.32000", "2016-04-30": "2017.11200", "2016-01-31": "1981.50000", "2015-10-31": "1736.38700", "2015-07-31": "1588.41400", "2015-04-30": "1580.59400", "2015-01-31": "1575.26000", "2014-10-31": "1489.21400", "2014-07-31": "1507.12300", "2014-04-30": "1547.44200", "2014-01-31": "1523.56600", "2013-10-31": "1533.01500", "2013-07-31": "1386.66500", "2013-04-30": "1209.21500", "2013-01-31": "1192.52100", "2012-10-31": "1192.84600", "2012-07-31": "1159.19900", "2012-04-30": "1171.51500", "2012-01-31": "1132.49900", "2011-10-31": "941.06900", "2011-07-31": "854.74200", "2011-04-30": "834.90700", "2011-01-31": "825.50000", "2010-10-31": "781.64300", "2010-07-31": "778.03900", "2010-04-30": "779.89800", "2010-01-31": "737.83200", "2009-10-31": "732.91000", "2009-07-31": "713.45000", "2009-04-30": "674.49200", "2009-01-31": "672.37800", "2008-10-31": "676.54200", "2008-07-31": "665.66900", "2008-04-30": "664.42800", "2008-01-31": "648.34700", "2007-10-31": "631.30200", "2007-07-31": "571.32000", "2007-04-30": "559.29600", "2007-01-31": "546.96000", "2006-10-31": "534.81500", "2006-07-31": "514.33800", "2006-04-30": "490.49800", "2006-01-31": "481.49100", "2005-10-31": "435.62400", "2005-07-31": "398.99600", "2005-04-30": "393.32200", "2005-01-31": "380.97600"}, "Total Current Liabilities": {"2020-10-31": "241.16100", "2020-07-31": "229.64200", "2020-04-30": "256.35300", "2020-01-31": "243.53100", "2019-10-31": "289.13800", "2019-07-31": "269.13600", "2019-04-30": "250.87000", "2019-01-31": "224.11500", "2018-10-31": "282.42900", "2018-07-31": "254.75700", "2018-04-30": "230.05300", "2018-01-31": "229.05600", "2017-10-31": "249.43700", "2017-07-31": "227.10200", "2017-04-30": "211.97800", "2017-01-31": "196.72000", "2016-10-31": "214.42100", "2016-07-31": "186.25700", "2016-04-30": "161.82800", "2016-01-31": "155.45000", "2015-10-31": "168.38700", "2015-07-31": "146.83000", "2015-04-30": "140.99200", "2015-01-31": "145.15500", "2014-10-31": "152.22000", "2014-07-31": "135.70700", "2014-04-30": "136.87100", "2014-01-31": "144.60300", "2013-10-31": "161.28600", "2013-07-31": "141.89000", "2013-04-30": "118.42400", "2013-01-31": "102.57400", "2012-10-31": "131.51400", "2012-07-31": "114.40600", "2012-04-30": "125.34700", "2012-01-31": "99.72000", "2011-10-31": "123.39000", "2011-07-31": "93.93800", "2011-04-30": "90.35000", "2011-01-31": "81.18900", "2010-10-31": "81.83200", "2010-07-31": "67.97700", "2010-04-30": "65.53100", "2010-01-31": "65.40200", "2009-10-31": "65.51300", "2009-07-31": "60.01200", "2009-04-30": "61.54600", "2009-01-31": "59.96400", "2008-10-31": "81.22800", "2008-07-31": "72.42300", "2008-04-30": "74.11400", "2008-01-31": "64.94500", "2007-10-31": "87.33800", "2007-07-31": "66.53300", "2007-04-30": "60.41800", "2007-01-31": "52.19100", "2006-10-31": "65.50300", "2006-07-31": "52.83700", "2006-04-30": "45.10400", "2006-01-31": "50.90600", "2005-10-31": "49.95000", "2005-07-31": "35.80900", "2005-04-30": "34.47800", "2005-01-31": "26.12200"}, "Long Term Debt": {"2020-10-31": "738.78600", "2020-07-31": "739.01600", "2020-04-30": "739.18800", "2020-01-31": "567.86400", "2019-10-31": "561.04900", "2019-07-31": "639.30400", "2019-04-30": "555.52500", "2019-01-31": "607.65600", "2018-10-31": "531.61100", "2018-07-31": "622.88900", "2018-04-30": "683.36200", "2018-01-31": "668.52700", "2017-10-31": "673.52800", "2017-07-31": "434.31200", "2017-04-30": "460.46500", "2017-01-31": "416.93200", "2016-10-31": "457.81400", "2016-07-31": "509.57000", "2016-04-30": "562.57500", "2016-01-31": "594.57500", "2015-10-31": "367.24100", "2015-07-31": "299.12600", "2015-04-30": "326.47100", "2015-01-31": "354.55200", "2014-10-31": "328.69100", "2014-07-31": "385.86700", "2014-04-30": "436.07400", "2014-01-31": "378.13700", "2013-10-31": "376.81800", "2013-07-31": "318.87600", "2013-04-30": "227.93200", "2013-01-31": "254.22400", "2012-10-31": "131.19400", "2012-07-31": "152.61500", "2012-04-30": "174.40000", "2012-01-31": "190.46700", "2011-10-31": "39.82300", "2011-07-31": "0.05500", "2011-04-30": "7.05500", "2011-01-31": "24.07400", "2010-10-31": "14.07300", "2010-07-31": "47.09300", "2010-04-30": "64.10000", "2010-01-31": "43.15900", "2009-10-31": "55.19400", "2009-07-31": "56.25500", "2009-04-30": "37.27400", "2009-01-31": "40.32800", "2008-10-31": "37.38100", "2008-07-31": "42.51200", "2008-04-30": "55.62100", "2008-01-31": "64.66600", "2007-10-31": "53.76500", "2007-07-31": "39.03600", "2007-04-30": "49.03600", "2007-01-31": "60.01600", "2006-10-31": "55.02200", "2006-07-31": "60.03000", "2006-04-30": "61.02200", "2006-01-31": "61.04000", "2005-10-31": "34.06100", "2005-07-31": "22.02800", "2005-04-30": "27.04200", "2005-01-31": "31.05700"}, "Other Non-Current Liabilities": {"2020-10-31": "280.29100", "2020-07-31": "252.37200", "2020-04-30": "233.51800", "2020-01-31": "250.75100", "2019-10-31": "184.60400", "2019-07-31": "179.49400", "2019-04-30": "178.12000", "2019-01-31": "165.36000", "2018-10-31": "157.65800", "2018-07-31": "166.80300", "2018-04-30": "164.05000", "2018-01-31": "167.96400", "2017-10-31": "151.02500", "2017-07-31": "131.89300", "2017-04-30": "132.80400", "2017-01-31": "127.04300", "2016-10-31": "114.06100", "2016-07-31": "113.63000", "2016-04-30": "116.11000", "2016-01-31": "107.65200", "2015-10-31": "105.61800", "2015-07-31": "106.43700", "2015-04-30": "105.52800", "2015-01-31": "109.35100", "2014-10-31": "82.28900", "2014-07-31": "86.62300", "2014-04-30": "97.33800", "2014-01-31": "90.86300", "2013-10-31": "83.97600", "2013-07-31": "67.17700", "2013-04-30": "63.30100", "2013-01-31": "62.09800", "2012-10-31": "52.77700", "2012-07-31": "51.15200", "2012-04-30": "51.78200", "2012-01-31": "40.12900", "2011-10-31": "33.37300", "2011-07-31": "37.86400", "2011-04-30": "38.37000", "2011-01-31": "36.92400", "2010-10-31": "30.55600", "2010-07-31": "27.83600", "2010-04-30": "30.03100", "2010-01-31": "27.04000", "2009-10-31": "23.26800", "2009-07-31": "20.71300", "2009-04-30": "17.66400", "2009-01-31": "20.01900", "2008-10-31": "17.00300", "2008-07-31": "21.29300", "2008-04-30": "21.04900", "2008-01-31": "21.27000", "2007-10-31": "10.36400", "2007-07-31": "9.59300", "2007-04-30": "8.93600", "2007-01-31": "8.09900", "2006-10-31": "5.67900", "2006-07-31": "5.53700", "2006-04-30": "5.57100", "2006-01-31": "6.64000", "2005-10-31": "6.64400", "2005-07-31": "6.67200", "2005-04-30": "6.57300", "2005-01-31": "6.59700"}, "Total Long Term Liabilities": {"2020-10-31": "1295.94300", "2020-07-31": "1241.39600", "2020-04-30": "1218.96200", "2020-01-31": "1044.34300", "2019-10-31": "985.41300", "2019-07-31": "1048.77700", "2019-04-30": "940.60600", "2019-01-31": "971.14400", "2018-10-31": "867.95900", "2018-07-31": "969.75990", "2018-04-30": "1028.32100", "2018-01-31": "1011.37200", "2017-10-31": "1014.70200", "2017-07-31": "799.95200", "2017-04-30": "826.83000", "2017-01-31": "746.11000", "2016-10-31": "736.28600", "2016-07-31": "818.79300", "2016-04-30": "876.84300", "2016-01-31": "903.83200", "2015-10-31": "674.72890", "2015-07-31": "585.00200", "2015-04-30": "611.20100", "2015-01-31": "646.16800", "2014-10-31": "562.37500", "2014-07-31": "626.12200", "2014-04-30": "693.35400", "2014-01-31": "651.22200", "2013-10-31": "648.49400", "2013-07-31": "553.92300", "2013-04-30": "432.10900", "2013-01-31": "457.40300", "2012-10-31": "341.57300", "2012-07-31": "354.21400", "2012-04-30": "374.25900", "2012-01-31": "385.66600", "2011-10-31": "197.52500", "2011-07-31": "138.56800", "2011-04-30": "145.07500", "2011-01-31": "167.16100", "2010-10-31": "144.98500", "2010-07-31": "174.10800", "2010-04-30": "192.65700", "2010-01-31": "168.70600", "2009-10-31": "176.73900", "2009-07-31": "208.18700", "2009-04-30": "180.22200", "2009-01-31": "183.09700", "2008-10-31": "177.55400", "2008-07-31": "183.86100", "2008-04-30": "192.32300", "2008-01-31": "198.14900", "2007-10-31": "172.36300", "2007-07-31": "151.40500", "2007-04-30": "156.83800", "2007-01-31": "162.75900", "2006-10-31": "152.05400", "2006-07-31": "154.42600", "2006-04-30": "151.48800", "2006-01-31": "147.94000", "2005-10-31": "112.17100", "2005-07-31": "96.65600", "2005-04-30": "98.52900", "2005-01-31": "100.60400"}, "Total Liabilities": {"2020-10-31": "1537.10400", "2020-07-31": "1471.03800", "2020-04-30": "1475.31500", "2020-01-31": "1287.87400", "2019-10-31": "1274.55100", "2019-07-31": "1317.91300", "2019-04-30": "1191.47600", "2019-01-31": "1195.25900", "2018-10-31": "1150.38800", "2018-07-31": "1224.51700", "2018-04-30": "1258.37400", "2018-01-31": "1240.42800", "2017-10-31": "1264.13900", "2017-07-31": "1027.05400", "2017-04-30": "1038.80800", "2017-01-31": "942.83000", "2016-10-31": "950.70700", "2016-07-31": "1005.05000", "2016-04-30": "1038.67100", "2016-01-31": "1059.28200", "2015-10-31": "843.11600", "2015-07-31": "731.83200", "2015-04-30": "752.19300", "2015-01-31": "791.32300", "2014-10-31": "714.59500", "2014-07-31": "761.82900", "2014-04-30": "830.22500", "2014-01-31": "795.82500", "2013-10-31": "809.78000", "2013-07-31": "695.81300", "2013-04-30": "550.53300", "2013-01-31": "559.97700", "2012-10-31": "473.08700", "2012-07-31": "468.62000", "2012-04-30": "499.60600", "2012-01-31": "485.38600", "2011-10-31": "320.91500", "2011-07-31": "232.50600", "2011-04-30": "235.42500", "2011-01-31": "248.35000", "2010-10-31": "226.81700", "2010-07-31": "242.08500", "2010-04-30": "258.18800", "2010-01-31": "234.10800", "2009-10-31": "242.25200", "2009-07-31": "268.19900", "2009-04-30": "241.76800", "2009-01-31": "243.06100", "2008-10-31": "258.78200", "2008-07-31": "256.28400", "2008-04-30": "266.43700", "2008-01-31": "263.09400", "2007-10-31": "259.70100", "2007-07-31": "217.93800", "2007-04-30": "217.25600", "2007-01-31": "214.95000", "2006-10-31": "217.55700", "2006-07-31": "207.26300", "2006-04-30": "196.59200", "2006-01-31": "198.84600", "2005-10-31": "162.12100", "2005-07-31": "132.46500", "2005-04-30": "133.00700", "2005-01-31": "126.72600"}, "Common Stock Net": {"2020-10-31": "1.35100", "2020-07-31": "1.34900", "2020-04-30": "1.34800", "2020-01-31": "1.34600", "2019-10-31": "1.34500", "2019-07-31": "1.34100", "2019-04-30": "1.33800", "2019-01-31": "1.33000", "2018-10-31": "1.33000", "2018-07-31": "1.32900", "2018-04-30": "1.06200", "2018-01-31": "1.05700", "2017-10-31": "0.84500", "2017-07-31": "0.84400", "2017-04-30": "0.84400", "2017-01-31": "0.67400", "2016-10-31": "0.67300", "2016-07-31": "0.67300", "2016-04-30": "0.67100", "2016-01-31": "0.66900", "2015-10-31": "0.66900", "2015-07-31": "0.66800", "2015-04-30": "0.66800", "2015-01-31": "0.66700", "2014-10-31": "0.66500", "2014-07-31": "0.66500", "2014-04-30": "0.66500", "2014-01-31": "0.66400", "2013-10-31": "0.66400", "2013-07-31": "0.53100", "2013-04-30": "0.53000", "2013-01-31": "0.53000", "2012-10-31": "0.52800", "2012-07-31": "0.52700", "2012-04-30": "0.52600", "2012-01-31": "0.42100", "2011-10-31": "0.42100", "2011-07-31": "0.41700", "2011-04-30": "0.41700", "2011-01-31": "0.33200", "2010-10-31": "0.33000", "2010-07-31": "0.32900", "2010-04-30": "0.32900", "2010-01-31": "0.26100", "2009-10-31": "0.26100", "2009-07-31": "0.26100", "2009-04-30": "0.26100", "2009-01-31": "0.26500", "2008-10-31": "0.26400", "2008-07-31": "0.26400", "2008-04-30": "0.26400", "2008-01-31": "0.26300", "2007-10-31": "0.26100", "2007-07-31": "0.25800", "2007-04-30": "0.25600", "2007-01-31": "0.25500", "2006-10-31": "0.25400", "2006-07-31": "0.25300", "2006-04-30": "0.25300", "2006-01-31": "0.24800", "2005-10-31": "0.24600", "2005-07-31": "0.24500", "2005-04-30": "0.24500", "2005-01-31": "0.24500"}, "Retained Earnings (Accumulated Deficit)": {"2020-10-31": "1688.04500", "2020-07-31": "1623.28500", "2020-04-30": "1583.64600", "2020-01-31": "1508.78400", "2019-10-31": "1397.32700", "2019-07-31": "1322.38300", "2019-04-30": "1251.69900", "2019-01-31": "1174.81100", "2018-10-31": "1091.18300", "2018-07-31": "1024.73900", "2018-04-30": "964.57100", "2018-01-31": "904.03000", "2017-10-31": "844.24700", "2017-07-31": "797.62100", "2017-04-30": "756.40800", "2017-01-31": "717.76400", "2016-10-31": "681.70400", "2016-07-31": "649.13100", "2016-04-30": "613.07200", "2016-01-31": "574.23300", "2015-10-31": "548.05400", "2015-07-31": "516.00700", "2015-04-30": "486.53400", "2015-01-31": "451.20500", "2014-10-31": "437.75700", "2014-07-31": "408.14800", "2014-04-30": "378.87500", "2014-01-31": "349.74100", "2013-10-31": "349.64900", "2013-07-31": "326.00000", "2013-04-30": "301.08800", "2013-01-31": "277.59300", "2012-10-31": "375.08500", "2012-07-31": "355.16300", "2012-04-30": "334.58200", "2012-01-31": "315.08500", "2011-10-31": "299.49700", "2011-07-31": "292.24200", "2011-04-30": "273.36400", "2011-01-31": "256.12300", "2010-10-31": "240.91300", "2010-07-31": "225.20600", "2010-04-30": "212.52400", "2010-01-31": "199.40600", "2009-10-31": "189.48500", "2009-07-31": "222.71200", "2009-04-30": "213.14500", "2009-01-31": "202.60400", "2008-10-31": "192.87200", "2008-07-31": "179.22200", "2008-04-30": "167.71500", "2008-01-31": "155.76600", "2007-10-31": "147.63200", "2007-07-31": "136.86900", "2007-04-30": "126.98900", "2007-01-31": "117.58100", "2006-10-31": "110.68200", "2006-07-31": "101.36200", "2006-04-30": "94.09800", "2006-01-31": "86.55500", "2005-10-31": "80.79900", "2005-07-31": "74.17200", "2005-04-30": "68.74000", "2005-01-31": "63.03000"}, "Comprehensive Income": {"2020-10-31": "-9.14900", "2020-07-31": "-4.45100", "2020-04-30": "-23.80400", "2020-01-31": "-19.26300", "2019-10-31": "-16.73900", "2019-07-31": "-16.78300", "2019-04-30": "-16.35200", "2019-01-31": "-11.06900", "2018-10-31": "-15.25600", "2018-07-31": "-9.18700", "2018-04-30": "-1.51600", "2018-01-31": "4.41700", "2017-10-31": "-10.55600", "2017-07-31": "-8.56700", "2017-04-30": "-25.00200", "2017-01-31": "-26.54700", "2016-10-31": "-25.32600", "2016-07-31": "-22.37200", "2016-04-30": "-19.08600", "2016-01-31": "-27.54300", "2015-10-31": "-25.08000", "2015-07-31": "-24.56200", "2015-04-30": "-19.21400", "2015-01-31": "-19.23200", "2014-10-31": "-8.28900", "2014-07-31": "-2.57100", "2014-04-30": "-0.50700", "2014-01-31": "-2.31800", "2013-10-31": "0.14400", "2013-07-31": "-2.72700", "2013-04-30": "-3.32700", "2013-01-31": "-0.33800", "2012-10-31": "-3.57200", "2012-07-31": "-7.38000", "2012-04-30": "-1.35100", "2012-01-31": "-2.54300", "2011-10-31": "3.03300", "2011-07-31": "1.55600", "2011-04-30": "1.74300", "2011-01-31": "0.31200", "2010-10-31": "-0.12400", "2010-07-31": "-0.49800", "2010-04-30": "0.13500", "2010-01-31": "-1.40200", "2009-10-31": "-1.38100", "2009-07-31": "-1.79600", "2009-04-30": "-4.85000", "2009-01-31": "-5.45900", "2008-10-31": "-4.81900", "2008-07-31": "0.66800", "2008-04-30": "1.14700", "2008-01-31": "1.37400", "2007-10-31": "3.05000", "2007-07-31": "-0.03600", "2007-04-30": "0.14300", "2007-01-31": "0.10900", "2006-10-31": "0.06200", "2006-07-31": "0.03600", "2006-04-30": "-0.00900", "2006-01-31": "-0.04800", "2005-10-31": "-0.06500", "2005-07-31": "", "2005-04-30": "", "2005-01-31": ""}, "Other Share Holders Equity": {"2020-10-31": "-4.88600", "2020-07-31": "-4.23200", "2020-04-30": "-4.23200", "2020-01-31": "-4.23200", "2019-10-31": "-4.23200", "2019-07-31": "-3.42900", "2019-04-30": "-4.04300", "2019-01-31": "-4.04300", "2018-10-31": "-3.92800", "2018-07-31": "-3.11800", "2018-04-30": "-3.11800", "2018-01-31": "-3.11800", "2017-10-31": "-3.11800", "2017-07-31": "-2.32000", "2017-04-30": "-2.32000", "2017-01-31": "-2.32000", "2016-10-31": "-2.46000", "2016-07-31": "-1.63500", "2016-04-30": "-1.63500", "2016-01-31": "-1.63500", "2015-10-31": "-1.78300", "2015-07-31": "-1.29600", "2015-04-30": "-1.29600", "2015-01-31": "-1.29600", "2014-10-31": "-1.13800", "2014-07-31": "-1.13800", "2014-04-30": "-1.13800", "2014-01-31": "-1.13800", "2013-10-31": "-1.13800", "2013-07-31": "-0.92800", "2013-04-30": "-0.92800", "2013-01-31": "-0.92800", "2012-10-31": "-0.82300", "2012-07-31": "-0.52200", "2012-04-30": "-0.52200", "2012-01-31": "-0.52200", "2011-10-31": "-0.52200", "2011-07-31": "", "2011-04-30": "", "2011-01-31": "", "2010-10-31": "", "2010-07-31": "", "2010-04-30": "", "2010-01-31": "", "2009-10-31": "", "2009-07-31": "", "2009-04-30": "", "2009-01-31": "", "2008-10-31": "", "2008-07-31": "", "2008-04-30": "", "2008-01-31": "", "2007-10-31": "", "2007-07-31": "", "2007-04-30": "", "2007-01-31": "", "2006-10-31": "", "2006-07-31": "", "2006-04-30": "", "2006-01-31": "", "2005-10-31": "", "2005-07-31": "", "2005-04-30": "", "2005-01-31": ""}, "Share Holder Equity": {"2020-10-31": "2010.60700", "2020-07-31": "1952.21200", "2020-04-30": "1889.52000", "2020-01-31": "1809.24700", "2019-10-31": "1694.66000", "2019-07-31": "1642.37500", "2019-04-30": "1662.16400", "2019-01-31": "1601.75500", "2018-10-31": "1503.00800", "2018-07-31": "1430.32200", "2018-04-30": "1369.50700", "2018-01-31": "1330.01400", "2017-10-31": "1248.29200", "2017-07-31": "1196.66900", "2017-04-30": "1138.53100", "2017-01-31": "1088.59200", "2016-10-31": "1047.70500", "2016-07-31": "1012.27000", "2016-04-30": "978.44100", "2016-01-31": "922.21800", "2015-10-31": "893.27100", "2015-07-31": "856.58200", "2015-04-30": "828.40100", "2015-01-31": "783.93700", "2014-10-31": "774.61900", "2014-07-31": "745.29400", "2014-04-30": "717.21700", "2014-01-31": "727.74100", "2013-10-31": "723.23500", "2013-07-31": "690.85200", "2013-04-30": "658.68200", "2013-01-31": "632.54400", "2012-10-31": "719.75900", "2012-07-31": "690.57900", "2012-04-30": "671.90900", "2012-01-31": "647.11300", "2011-10-31": "620.15400", "2011-07-31": "622.23600", "2011-04-30": "599.48200", "2011-01-31": "577.15000", "2010-10-31": "554.82600", "2010-07-31": "535.95400", "2010-04-30": "521.71000", "2010-01-31": "503.72400", "2009-10-31": "490.65800", "2009-07-31": "445.25100", "2009-04-30": "432.72400", "2009-01-31": "429.31700", "2008-10-31": "417.76000", "2008-07-31": "409.38500", "2008-04-30": "397.99100", "2008-01-31": "385.25300", "2007-10-31": "371.60100", "2007-07-31": "353.38200", "2007-04-30": "342.04000", "2007-01-31": "332.01000", "2006-10-31": "317.25800", "2006-07-31": "307.07500", "2006-04-30": "293.90600", "2006-01-31": "282.64500", "2005-10-31": "273.50300", "2005-07-31": "266.53100", "2005-04-30": "260.31500", "2005-01-31": "254.25000"}, "Total Liabilities And Share Holders Equity": {"2020-10-31": "3547.71100", "2020-07-31": "3423.25000", "2020-04-30": "3364.83500", "2020-01-31": "3097.12100", "2019-10-31": "2969.21100", "2019-07-31": "2960.28800", "2019-04-30": "2853.64000", "2019-01-31": "2797.01400", "2018-10-31": "2653.39600", "2018-07-31": "2654.83900", "2018-04-30": "2627.88100", "2018-01-31": "2570.44200", "2017-10-31": "2512.43100", "2017-07-31": "2223.72300", "2017-04-30": "2177.33900", "2017-01-31": "2031.42200", "2016-10-31": "1998.41200", "2016-07-31": "2017.32000", "2016-04-30": "2017.11200", "2016-01-31": "1981.50000", "2015-10-31": "1736.38700", "2015-07-31": "1588.41400", "2015-04-30": "1580.59400", "2015-01-31": "1575.26000", "2014-10-31": "1489.21400", "2014-07-31": "1507.12300", "2014-04-30": "1547.44200", "2014-01-31": "1523.56600", "2013-10-31": "1533.01500", "2013-07-31": "1386.66500", "2013-04-30": "1209.21500", "2013-01-31": "1192.52100", "2012-10-31": "1192.84600", "2012-07-31": "1159.19900", "2012-04-30": "1171.51500", "2012-01-31": "1132.49900", "2011-10-31": "941.06900", "2011-07-31": "854.74200", "2011-04-30": "834.90700", "2011-01-31": "825.50000", "2010-10-31": "781.64300", "2010-07-31": "778.03900", "2010-04-30": "779.89800", "2010-01-31": "737.83200", "2009-10-31": "732.91000", "2009-07-31": "713.45000", "2009-04-30": "674.49200", "2009-01-31": "672.37800", "2008-10-31": "676.54200", "2008-07-31": "665.66900", "2008-04-30": "664.42800", "2008-01-31": "648.34700", "2007-10-31": "631.30200", "2007-07-31": "571.32000", "2007-04-30": "559.29600", "2007-01-31": "546.96000", "2006-10-31": "534.81500", "2006-07-31": "514.33800", "2006-04-30": "490.49800", "2006-01-31": "481.49100", "2005-10-31": "435.62400", "2005-07-31": "398.99600", "2005-04-30": "393.32200", "2005-01-31": "380.97600"}}, "cash flow statement": {"Net Income/Loss": {"2020-10-31": "335.85500", "2019-10-31": "359.74100", "2018-10-31": "285.68600", "2017-10-31": "207.66000", "2016-10-31": "176.15000", "2015-10-31": "153.56400", "2014-10-31": "138.77200", "2013-10-31": "124.56100", "2012-10-31": "106.67500", "2011-10-31": "95.45300", "2010-10-31": "72.35500", "2009-10-31": "59.84500", "2008-10-31": "67.38700", "2007-10-31": "39.00500", "2006-10-31": "31.88800", "2005-10-31": "22.81200"}, "Total Depreciation And Amortization - Cash Flow": {"2020-10-31": "88.56100", "2019-10-31": "83.49700", "2018-10-31": "77.19100", "2017-10-31": "64.82300", "2016-10-31": "60.27700", "2015-10-31": "47.90700", "2014-10-31": "47.75700", "2013-10-31": "36.79000", "2012-10-31": "30.65600", "2011-10-31": "18.54300", "2010-10-31": "17.59700", "2009-10-31": "14.96700", "2008-10-31": "15.05200", "2007-10-31": "12.16700", "2006-10-31": "10.56500", "2005-10-31": "7.40900"}, "Other Non-Cash Items": {"2020-10-31": "14.05200", "2019-10-31": "12.99500", "2018-10-31": "2.96000", "2017-10-31": "5.18700", "2016-10-31": "7.33600", "2015-10-31": "1.68200", "2014-10-31": "-17.14300", "2013-10-31": "0.74200", "2012-10-31": "2.28700", "2011-10-31": "7.87000", "2010-10-31": "4.89000", "2009-10-31": "-1.85300", "2008-10-31": "7.51800", "2007-10-31": "21.36900", "2006-10-31": "15.78500", "2005-10-31": "10.99200"}, "Total Non-Cash Items": {"2020-10-31": "102.61300", "2019-10-31": "96.49200", "2018-10-31": "80.15100", "2017-10-31": "70.01000", "2016-10-31": "67.61300", "2015-10-31": "49.58900", "2014-10-31": "30.61400", "2013-10-31": "37.53200", "2012-10-31": "32.94300", "2011-10-31": "26.41300", "2010-10-31": "22.48700", "2009-10-31": "13.11400", "2008-10-31": "22.57000", "2007-10-31": "33.53600", "2006-10-31": "26.35000", "2005-10-31": "18.40100"}, "Change In Accounts Receivable": {"2020-10-31": "71.51500", "2019-10-31": "-28.97600", "2018-10-31": "-23.76300", "2017-10-31": "7.38400", "2016-10-31": "-15.95500", "2015-10-31": "-22.57200", "2014-10-31": "6.99900", "2013-10-31": "-16.58500", "2012-10-31": "-5.78200", "2011-10-31": "-5.32700", "2010-10-31": "-10.68400", "2009-10-31": "15.21400", "2008-10-31": "-4.74900", "2007-10-31": "-13.79000", "2006-10-31": "-5.01800", "2005-10-31": "-6.85200"}, "Change In Inventories": {"2020-10-31": "-28.31500", "2019-10-31": "-30.07700", "2018-10-31": "-49.45500", "2017-10-31": "-21.20400", "2016-10-31": "-14.42100", "2015-10-31": "-10.18700", "2014-10-31": "0.12600", "2013-10-31": "-14.87700", "2012-10-31": "-7.48400", "2011-10-31": "-9.40500", "2010-10-31": "6.35900", "2009-10-31": "-0.08700", "2008-10-31": "-16.59700", "2007-10-31": "-14.70100", "2006-10-31": "-13.14800", "2005-10-31": "-10.11300"}, "Change In Accounts Payable": {"2020-10-31": "-30.32700", "2019-10-31": "-3.85100", "2018-10-31": "17.40300", "2017-10-31": "6.38600", "2016-10-31": "4.07400", "2015-10-31": "3.16900", "2014-10-31": "2.51100", "2013-10-31": "-0.02300", "2012-10-31": "4.26900", "2011-10-31": "7.25700", "2010-10-31": "0.12500", "2009-10-31": "-5.61900", "2008-10-31": "0.80800", "2007-10-31": "4.26500", "2006-10-31": "3.69600", "2005-10-31": "2.30100"}, "Change In Assets/Liabilities": {"2020-10-31": "0.90900", "2019-10-31": "25.11200", "2018-10-31": "7.20500", "2017-10-31": "8.43700", "2016-10-31": "6.17400", "2015-10-31": "-0.19000", "2014-10-31": "13.29500", "2013-10-31": "-4.26500", "2012-10-31": "1.02300", "2011-10-31": "-0.34300", "2010-10-31": "0.79700", "2009-10-31": "5.58200", "2008-10-31": "0.98000", "2007-10-31": "0.59900", "2006-10-31": "1.08000", "2005-10-31": "-0.15100"}, "Total Change In Assets/Liabilities": {"2020-10-31": "-33.70900", "2019-10-31": "-19.34500", "2018-10-31": "-39.01900", "2017-10-31": "8.86800", "2016-10-31": "16.59400", "2015-10-31": "-30.29000", "2014-10-31": "21.30300", "2013-10-31": "-30.25700", "2012-10-31": "-1.03300", "2011-10-31": "4.12300", "2010-10-31": "6.87500", "2009-10-31": "2.85800", "2008-10-31": "-16.79500", "2007-10-31": "-15.09100", "2006-10-31": "-11.33000", "2005-10-31": "-5.40500"}, "Cash Flow From Operating Activities": {"2020-10-31": "409.12500", "2019-10-31": "437.37800", "2018-10-31": "328.48700", "2017-10-31": "288.28500", "2016-10-31": "259.71300", "2015-10-31": "172.86300", "2014-10-31": "190.68900", "2013-10-31": "131.83600", "2012-10-31": "138.58500", "2011-10-31": "125.51800", "2010-10-31": "101.71700", "2009-10-31": "75.81700", "2008-10-31": "73.16200", "2007-10-31": "57.45000", "2006-10-31": "46.90800", "2005-10-31": "35.80800"}, "Net Change In Property, Plant, And Equipment": {"2020-10-31": "-22.94000", "2019-10-31": "-28.93800", "2018-10-31": "-41.87100", "2017-10-31": "-25.99800", "2016-10-31": "-30.86300", "2015-10-31": "-18.24900", "2014-10-31": "-16.41000", "2013-10-31": "-18.32800", "2012-10-31": "-15.26200", "2011-10-31": "-9.44600", "2010-10-31": "-8.87700", "2009-10-31": "-10.25300", "2008-10-31": "-13.45500", "2007-10-31": "-12.88600", "2006-10-31": "-9.96400", "2005-10-31": "-4.75300"}, "Net Change In Intangible Assets": {"2020-10-31": "", "2019-10-31": "", "2018-10-31": "", "2017-10-31": "", "2016-10-31": "", "2015-10-31": "", "2014-10-31": "", "2013-10-31": "", "2012-10-31": "", "2011-10-31": "", "2010-10-31": "", "2009-10-31": "", "2008-10-31": "", "2007-10-31": "", "2006-10-31": "", "2005-10-31": ""}, "Net Acquisitions/Divestitures": {"2020-10-31": "-163.93900", "2019-10-31": "-240.84100", "2018-10-31": "-59.77500", "2017-10-31": "-418.26500", "2016-10-31": "-263.81100", "2015-10-31": "-166.78400", "2014-10-31": "-8.73700", "2013-10-31": "-222.63800", "2012-10-31": "-197.28500", "2011-10-31": "-94.65500", "2010-10-31": "-39.06100", "2009-10-31": "-59.79800", "2008-10-31": "-24.76100", "2007-10-31": "-48.36700", "2006-10-31": "-58.11700", "2005-10-31": "-41.50000"}, "Net Change In Short-term Investments": {"2020-10-31": "", "2019-10-31": "", "2018-10-31": "", "2017-10-31": "", "2016-10-31": "", "2015-10-31": "", "2014-10-31": "", "2013-10-31": "", "2012-10-31": "", "2011-10-31": "", "2010-10-31": "", "2009-10-31": "", "2008-10-31": "", "2007-10-31": "", "2006-10-31": "", "2005-10-31": ""}, "Net Change In Long-Term Investments": {"2020-10-31": "-15.90000", "2019-10-31": "-13.70100", "2018-10-31": "-11.50000", "2017-10-31": "-13.40000", "2016-10-31": "-10.52900", "2015-10-31": "", "2014-10-31": "", "2013-10-31": "", "2012-10-31": "", "2011-10-31": "", "2010-10-31": "", "2009-10-31": "", "2008-10-31": "", "2007-10-31": "", "2006-10-31": "", "2005-10-31": ""}, "Net Change In Investments - Total": {"2020-10-31": "-15.90000", "2019-10-31": "-13.70100", "2018-10-31": "-11.50000", "2017-10-31": "-13.40000", "2016-10-31": "-10.52900", "2015-10-31": "", "2014-10-31": "", "2013-10-31": "", "2012-10-31": "", "2011-10-31": "", "2010-10-31": "", "2009-10-31": "", "2008-10-31": "", "2007-10-31": "", "2006-10-31": "", "2005-10-31": ""}, "Investing Activities - Other": {"2020-10-31": "3.73600", "2019-10-31": "2.83400", "2018-10-31": "-0.36500", "2017-10-31": "-0.55200", "2016-10-31": "-2.94200", "2015-10-31": "-0.97300", "2014-10-31": "-0.04000", "2013-10-31": "-0.34200", "2012-10-31": "-0.16100", "2011-10-31": "0.20100", "2010-10-31": "-0.32500", "2009-10-31": "0.02000", "2008-10-31": "0.16600", "2007-10-31": "0.05900", "2006-10-31": "0.52000", "2005-10-31": "0.35700"}, "Cash Flow From Investing Activities": {"2020-10-31": "-199.04300", "2019-10-31": "-280.64600", "2018-10-31": "-113.51100", "2017-10-31": "-458.21500", "2016-10-31": "-308.14500", "2015-10-31": "-186.00600", "2014-10-31": "-25.18700", "2013-10-31": "-241.30800", "2012-10-31": "-212.70800", "2011-10-31": "-103.90000", "2010-10-31": "-48.26300", "2009-10-31": "-70.03100", "2008-10-31": "-38.05000", "2007-10-31": "-61.19400", "2006-10-31": "-67.56100", "2005-10-31": "-45.89600"}, "Net Long-Term Debt": {"2020-10-31": "", "2019-10-31": "", "2018-10-31": "", "2017-10-31": "", "2016-10-31": "", "2015-10-31": "", "2014-10-31": "", "2013-10-31": "", "2012-10-31": "", "2011-10-31": "", "2010-10-31": "", "2009-10-31": "", "2008-10-31": "-1.98000", "2007-10-31": "", "2006-10-31": "", "2005-10-31": ""}, "Net Current Debt": {"2020-10-31": "177.00000", "2019-10-31": "30.00000", "2018-10-31": "-148.00000", "2017-10-31": "213.12300", "2016-10-31": "90.00000", "2015-10-31": "41.69600", "2014-10-31": "-47.00000", "2013-10-31": "246.00000", "2012-10-31": "91.00000", "2011-10-31": "22.00000", "2010-10-31": "-41.00000", "2009-10-31": "18.00000", "2008-10-31": "-16.00000", "2007-10-31": "", "2006-10-31": "19.00000", "2005-10-31": "16.00000"}, "Debt Issuance/Retirement Net - Total": {"2020-10-31": "177.00000", "2019-10-31": "30.00000", "2018-10-31": "-148.00000", "2017-10-31": "213.12300", "2016-10-31": "90.00000", "2015-10-31": "41.69600", "2014-10-31": "-47.00000", "2013-10-31": "246.00000", "2012-10-31": "91.00000", "2011-10-31": "22.00000", "2010-10-31": "-41.00000", "2009-10-31": "18.00000", "2008-10-31": "-17.98000", "2007-10-31": "", "2006-10-31": "19.00000", "2005-10-31": "16.00000"}, "Net Common Equity Issued/Repurchased": {"2020-10-31": "-5.16500", "2019-10-31": "-55.46700", "2018-10-31": "-20.95200", "2017-10-31": "5.45600", "2016-10-31": "5.92000", "2015-10-31": "3.67300", "2014-10-31": "0.70800", "2013-10-31": "-1.90100", "2012-10-31": "0.52600", "2011-10-31": "-12.13100", "2010-10-31": "1.13400", "2009-10-31": "-6.89100", "2008-10-31": "2.39800", "2007-10-31": "6.87500", "2006-10-31": "5.07100", "2005-10-31": "1.74600"}, "Net Total Equity Issued/Repurchased": {"2020-10-31": "-5.16500", "2019-10-31": "-55.46700", "2018-10-31": "-20.95200", "2017-10-31": "5.45600", "2016-10-31": "5.92000", "2015-10-31": "3.67300", "2014-10-31": "0.70800", "2013-10-31": "-1.90100", "2012-10-31": "0.52600", "2011-10-31": "-12.13100", "2010-10-31": "1.13400", "2009-10-31": "-6.89100", "2008-10-31": "2.39800", "2007-10-31": "6.87500", "2006-10-31": "5.07100", "2005-10-31": "1.74600"}, "Total Common And Preferred Stock Dividends Paid": {"2020-10-31": "-39.46000", "2019-10-31": "-129.56000", "2018-10-31": "-28.42200", "2017-10-31": "-31.20800", "2016-10-31": "-29.74100", "2015-10-31": "-19.04200", "2014-10-31": "-110.42700", "2013-10-31": "-127.94000", "2012-10-31": "-14.77900", "2011-10-31": "-19.38700", "2010-10-31": "-13.90600", "2009-10-31": "-12.74100", "2008-10-31": "-10.08700", "2007-10-31": "-8.50400", "2006-10-31": "-5.31000", "2005-10-31": "-1.87700"}, "Financial Activities - Other": {"2020-10-31": "5.36800", "2019-10-31": "-4.69300", "2018-10-31": "-10.16100", "2017-10-31": "-11.49900", "2016-10-31": "-9.40700", "2015-10-31": "1.00900", "2014-10-31": "-3.39600", "2013-10-31": "-12.95100", "2012-10-31": "1.68000", "2011-10-31": "-1.15100", "2010-10-31": "-0.42000", "2009-10-31": "-9.91400", "2008-10-31": "-1.11100", "2007-10-31": "5.20500", "2006-10-31": "1.52400", "2005-10-31": "-0.64700"}, "Cash Flow From Financial Activities": {"2020-10-31": "137.74300", "2019-10-31": "-159.72000", "2018-10-31": "-207.53500", "2017-10-31": "175.87200", "2016-10-31": "56.77200", "2015-10-31": "27.33600", "2014-10-31": "-160.11500", "2013-10-31": "103.20800", "2012-10-31": "78.42700", "2011-10-31": "-10.66900", "2010-10-31": "-54.19200", "2009-10-31": "-11.54600", "2008-10-31": "-26.78000", "2007-10-31": "3.57600", "2006-10-31": "20.28500", "2005-10-31": "15.22200"}, "Net Cash Flow": {"2020-10-31": "349.85100", "2019-10-31": "-2.59800", "2018-10-31": "7.53300", "2017-10-31": "9.11100", "2016-10-31": "9.35200", "2015-10-31": "13.37400", "2014-10-31": "4.73000", "2013-10-31": "-5.95200", "2012-10-31": "3.95100", "2011-10-31": "10.95700", "2010-10-31": "-0.62400", "2009-10-31": "-5.39500", "2008-10-31": "7.61500", "2007-10-31": "-0.05200", "2006-10-31": "-0.33100", "2005-10-31": "5.11600"}, "Stock-Based Compensation": {"2020-10-31": "10.13400", "2019-10-31": "10.33400", "2018-10-31": "9.28300", "2017-10-31": "7.41500", "2016-10-31": "6.43400", "2015-10-31": "6.04800", "2014-10-31": "6.42600", "2013-10-31": "5.11700", "2012-10-31": "3.94800", "2011-10-31": "2.64700", "2010-10-31": "1.35300", "2009-10-31": "0.18100", "2008-10-31": "0.14200", "2007-10-31": "0.65800", "2006-10-31": "1.37300", "2005-10-31": "0.00200"}, "Common Stock Dividends Paid": {"2020-10-31": "-39.46000", "2019-10-31": "-129.56000", "2018-10-31": "-28.42200", "2017-10-31": "-31.20800", "2016-10-31": "-29.74100", "2015-10-31": "-19.04200", "2014-10-31": "-110.42700", "2013-10-31": "-127.94000", "2012-10-31": "-14.77900", "2011-10-31": "-19.38700", "2010-10-31": "-13.90600", "2009-10-31": "-12.74100", "2008-10-31": "-10.08700", "2007-10-31": "-8.50400", "2006-10-31": "-5.31000", "2005-10-31": "-1.87700"}}, "cash flow statement, quarterly": {"Net Income/Loss": {"2020-10-31": 67.58, "2020-07-31": 57.564, "2020-04-30": 80.909, "2020-01-31": "129.80200", "2019-10-31": 92.573, "2019-07-31": 89.059, "2019-04-30": 90.083, "2019-01-31": "88.02600", "2018-10-31": 74.081, "2018-07-31": 73.899, "2018-04-30": 66.011, "2018-01-31": "71.69500", "2017-10-31": 59.087, "2017-07-31": 51.475, "2017-04-30": 50.833, "2017-01-31": "46.26500", "2016-10-31": 49.521, "2016-07-31": 46.976, "2016-04-30": 43.729, "2016-01-31": "35.92400", "2015-10-31": 44.031, "2015-07-31": 38.938, "2015-04-30": 38.504, "2015-01-31": "32.09100", "2014-10-31": 36.078, "2014-07-31": 37.352, "2014-04-30": 32.78, "2014-01-31": "32.56200", "2013-10-31": 35.763, "2013-07-31": 34.768, "2013-04-30": 29.046, "2013-01-31": "24.98400", "2012-10-31": 29.313, "2012-07-31": 28.672, "2012-04-30": 24.224, "2012-01-31": "24.46600", "2011-10-31": 24.412, "2011-07-31": 26.392, "2011-04-30": 22.126, "2011-01-31": "22.52300", "2010-10-31": 19.891, "2010-07-31": 19.526, "2010-04-30": 16.908, "2010-01-31": "16.03000", "2009-10-31": 15.28, "2009-07-31": 14.918, "2009-04-30": 14.296, "2009-01-31": "15.35100", "2008-10-31": 32.526, "2008-07-31": 12.827, "2008-04-30": 11.948, "2008-01-31": "10.08600", "2007-10-31": 10.763, "2007-07-31": 10.914, "2007-04-30": 9.407, "2007-01-31": "7.92100", "2006-10-31": 9.321, "2006-07-31": 8.276, "2006-04-30": 7.542, "2006-01-31": "6.74900", "2005-10-31": 6.625, "2005-07-31": 6.046, "2005-04-30": 5.713, "2005-01-31": "4.42800"}, "Total Depreciation And Amortization - Cash Flow": {"2020-10-31": 23.343, "2020-07-31": 21.942, "2020-04-30": 21.693, "2020-01-31": "21.58300", "2019-10-31": 21.811, "2019-07-31": 21.138, "2019-04-30": 20.511, "2019-01-31": "20.03700", "2018-10-31": 19.668, "2018-07-31": 19.434, "2018-04-30": 19.065, "2018-01-31": "19.02400", "2017-10-31": 17.911, "2017-07-31": 16.411, "2017-04-30": 15.253, "2017-01-31": "15.24800", "2016-10-31": 15.674, "2016-07-31": 15.42, "2016-04-30": 15.262, "2016-01-31": "13.92100", "2015-10-31": 12.841, "2015-07-31": 11.925, "2015-04-30": 12.237, "2015-01-31": "10.90400", "2014-10-31": 11.487, "2014-07-31": 12.131, "2014-04-30": 12.089, "2014-01-31": "12.05000", "2013-10-31": 10.89, "2013-07-31": 9.495, "2013-04-30": 8.265, "2013-01-31": "8.14000", "2012-10-31": 8.481, "2012-07-31": 7.737, "2012-04-30": 7.463, "2012-01-31": "6.97500", "2011-10-31": 5.117, "2011-07-31": 4.535, "2011-04-30": 4.584, "2011-01-31": "4.30700", "2010-10-31": 4.019, "2010-07-31": 4.7, "2010-04-30": 4.627, "2010-01-31": "4.25100", "2009-10-31": 4.016, "2009-07-31": 4.043, "2009-04-30": 3.437, "2009-01-31": "3.47100", "2008-10-31": 3.713, "2008-07-31": 4.031, "2008-04-30": 3.769, "2008-01-31": "3.53900", "2007-10-31": 3.208, "2007-07-31": 3.011, "2007-04-30": 3.003, "2007-01-31": "2.94500", "2006-10-31": 3.929, "2006-07-31": 2.313, "2006-04-30": 2.174, "2006-01-31": "2.14900", "2005-10-31": 2.142, "2005-07-31": 1.764, "2005-04-30": 1.779, "2005-01-31": "1.72400"}, "Other Non-Cash Items": {"2020-10-31": 8.156, "2020-07-31": -0.045, "2020-04-30": 26.167, "2020-01-31": "-20.22600", "2019-10-31": 0.857, "2019-07-31": -1.135, "2019-04-30": 3.088, "2019-01-31": "10.18500", "2018-10-31": 7.286, "2018-07-31": 3.701, "2018-04-30": 8.432, "2018-01-31": "-16.45900", "2017-10-31": -3.297, "2017-07-31": 3.736, "2017-04-30": 2.348, "2017-01-31": "2.40000", "2016-10-31": -0.233, "2016-07-31": -1.68, "2016-04-30": 3.868, "2016-01-31": "5.38100", "2015-10-31": 2.108, "2015-07-31": -0.644, "2015-04-30": -2.8, "2015-01-31": "3.01800", "2014-10-31": -5.001, "2014-07-31": -6.961, "2014-04-30": 0.581, "2014-01-31": "-5.76200", "2013-10-31": 0.81, "2013-07-31": -0.228, "2013-04-30": -1.643, "2013-01-31": "1.80300", "2012-10-31": -0.606, "2012-07-31": 1.014, "2012-04-30": -0.957, "2012-01-31": "2.83600", "2011-10-31": 4.278, "2011-07-31": 0.862, "2011-04-30": 0.504, "2011-01-31": "2.22600", "2010-10-31": 3.486, "2010-07-31": -0.379, "2010-04-30": 0.765, "2010-01-31": "1.01800", "2009-10-31": -0.809, "2009-07-31": -1.14, "2009-04-30": -0.338, "2009-01-31": "0.43400", "2008-10-31": -10.741, "2008-07-31": 4.75, "2008-04-30": 6.047, "2008-01-31": "7.46200", "2007-10-31": 4.037, "2007-07-31": 5.847, "2007-04-30": 7.549, "2007-01-31": "3.93600", "2006-10-31": -2.626, "2006-07-31": 9.069, "2006-04-30": 3.858, "2006-01-31": "5.48400", "2005-10-31": 1.389, "2005-07-31": 3.307, "2005-04-30": 1.543, "2005-01-31": "4.75300"}, "Total Non-Cash Items": {"2020-10-31": 31.499, "2020-07-31": 21.897, "2020-04-30": 47.86, "2020-01-31": "1.35700", "2019-10-31": 22.668, "2019-07-31": 20.003, "2019-04-30": 23.599, "2019-01-31": "30.22200", "2018-10-31": 26.954, "2018-07-31": 23.135, "2018-04-30": 27.497, "2018-01-31": "2.56500", "2017-10-31": 14.614, "2017-07-31": 20.147, "2017-04-30": 17.601, "2017-01-31": "17.64800", "2016-10-31": 15.441, "2016-07-31": 13.74, "2016-04-30": 19.13, "2016-01-31": "19.30200", "2015-10-31": 14.949, "2015-07-31": 11.281, "2015-04-30": 9.437, "2015-01-31": "13.92200", "2014-10-31": 6.486, "2014-07-31": 5.17, "2014-04-30": 12.67, "2014-01-31": "6.28800", "2013-10-31": 11.7, "2013-07-31": 9.267, "2013-04-30": 6.622, "2013-01-31": "9.94300", "2012-10-31": 7.875, "2012-07-31": 8.751, "2012-04-30": 6.506, "2012-01-31": "9.81100", "2011-10-31": 9.395, "2011-07-31": 5.397, "2011-04-30": 5.088, "2011-01-31": "6.53300", "2010-10-31": 7.505, "2010-07-31": 4.321, "2010-04-30": 5.392, "2010-01-31": "5.26900", "2009-10-31": 3.207, "2009-07-31": 2.903, "2009-04-30": 3.099, "2009-01-31": "3.90500", "2008-10-31": -7.028, "2008-07-31": 8.781, "2008-04-30": 9.816, "2008-01-31": "11.00100", "2007-10-31": 7.245, "2007-07-31": 8.858, "2007-04-30": 10.552, "2007-01-31": "6.88100", "2006-10-31": 1.303, "2006-07-31": 11.382, "2006-04-30": 6.032, "2006-01-31": "7.63300", "2005-10-31": 3.531, "2005-07-31": 5.071, "2005-04-30": 3.322, "2005-01-31": "6.47700"}, "Change In Accounts Receivable": {"2020-10-31": -24.743, "2020-07-31": 51.839, "2020-04-30": 20.685, "2020-01-31": "23.73400", "2019-10-31": -14.156, "2019-07-31": 0.964, "2019-04-30": -20.766, "2019-01-31": "4.98200", "2018-10-31": -2.72, "2018-07-31": -12.567, "2018-04-30": -26.748, "2018-01-31": "18.27200", "2017-10-31": -5.959, "2017-07-31": 11.985, "2017-04-30": -24.64, "2017-01-31": "25.99800", "2016-10-31": -12.981, "2016-07-31": -10.849, "2016-04-30": -4.473, "2016-01-31": "12.34800", "2015-10-31": -27.054, "2015-07-31": 2.443, "2015-04-30": -0.043, "2015-01-31": "2.08200", "2014-10-31": -0.91, "2014-07-31": 16.022, "2014-04-30": -14.699, "2014-01-31": "6.58600", "2013-10-31": -8.21, "2013-07-31": -3.702, "2013-04-30": -16.815, "2013-01-31": "12.14200", "2012-10-31": -6.994, "2012-07-31": 0.435, "2012-04-30": -3.412, "2012-01-31": "4.18900", "2011-10-31": -1.859, "2011-07-31": 0.129, "2011-04-30": -8.433, "2011-01-31": "4.83600", "2010-10-31": -7.696, "2010-07-31": -4.851, "2010-04-30": -1.538, "2010-01-31": "3.40100", "2009-10-31": -4.993, "2009-07-31": 4.142, "2009-04-30": 2.446, "2009-01-31": "13.61900", "2008-10-31": -12.616, "2008-07-31": 7.177, "2008-04-30": -8.746, "2008-01-31": "9.43600", "2007-10-31": -4.318, "2007-07-31": -6.735, "2007-04-30": -1.408, "2007-01-31": "-1.32900", "2006-10-31": 1.672, "2006-07-31": -2.171, "2006-04-30": -5.963, "2006-01-31": "1.44400", "2005-10-31": -4.092, "2005-07-31": 1.229, "2005-04-30": -6.882, "2005-01-31": "2.89300"}, "Change In Inventories": {"2020-10-31": 19.762, "2020-07-31": -10.287, "2020-04-30": -17.341, "2020-01-31": "-20.44900", "2019-10-31": -3.058, "2019-07-31": -0.295, "2019-04-30": -2.44, "2019-01-31": "-24.28400", "2018-10-31": -8.49, "2018-07-31": -11.151, "2018-04-30": -11.513, "2018-01-31": "-18.30100", "2017-10-31": 1.211, "2017-07-31": -8.164, "2017-04-30": 0.738, "2017-01-31": "-14.98900", "2016-10-31": -0.507, "2016-07-31": -4.059, "2016-04-30": -7.529, "2016-01-31": "-2.32600", "2015-10-31": 0.466, "2015-07-31": -5.691, "2015-04-30": -2.111, "2015-01-31": "-2.85100", "2014-10-31": 2.415, "2014-07-31": 3.91, "2014-04-30": -0.663, "2014-01-31": "-5.53600", "2013-10-31": 0.746, "2013-07-31": -5.927, "2013-04-30": -4.736, "2013-01-31": "-4.96000", "2012-10-31": 5.687, "2012-07-31": -6.19, "2012-04-30": -1.096, "2012-01-31": "-5.88500", "2011-10-31": -1.352, "2011-07-31": -1.9, "2011-04-30": -4.108, "2011-01-31": "-2.04500", "2010-10-31": 2.734, "2010-07-31": 3.809, "2010-04-30": 3.898, "2010-01-31": "-4.08200", "2009-10-31": 9.195, "2009-07-31": 0.36, "2009-04-30": -1.812, "2009-01-31": "-7.83000", "2008-10-31": -3.535, "2008-07-31": -6.47, "2008-04-30": -5.815, "2008-01-31": "-0.77700", "2007-10-31": -1.569, "2007-07-31": -4.104, "2007-04-30": -6.897, "2007-01-31": "-2.13100", "2006-10-31": -2.11, "2006-07-31": -2.101, "2006-04-30": -4.78, "2006-01-31": "-4.15700", "2005-10-31": -1.28, "2005-07-31": -4.362, "2005-04-30": -1.665, "2005-01-31": "-2.80600"}, "Change In Accounts Payable": {"2020-10-31": -4.893, "2020-07-31": -28.061, "2020-04-30": 13.305, "2020-01-31": "-10.67800", "2019-10-31": 7.932, "2019-07-31": -4.085, "2019-04-30": 12.134, "2019-01-31": "-19.83200", "2018-10-31": 17.403, "2018-07-31": -3.912, "2018-04-30": 13.646, "2018-01-31": "-9.73400", "2017-10-31": 9.947, "2017-07-31": 4.006, "2017-04-30": -1.245, "2017-01-31": "-6.32200", "2016-10-31": 6.703, "2016-07-31": 2.231, "2016-04-30": 2.836, "2016-01-31": "-7.69600", "2015-10-31": 9.739, "2015-07-31": -2.871, "2015-04-30": 1.6, "2015-01-31": "-5.29900", "2014-10-31": 8.64, "2014-07-31": -7.636, "2014-04-30": 4.456, "2014-01-31": "-2.94900", "2013-10-31": -0.023, "2013-07-31": 8.154, "2013-04-30": -0.039, "2013-01-31": "-8.11500", "2012-10-31": 7.872, "2012-07-31": -1.598, "2012-04-30": 2.37, "2012-01-31": "-4.37500", "2011-10-31": 5.073, "2011-07-31": 2.184, "2011-04-30": 0, "2011-01-31": "", "2010-10-31": 0.302, "2010-07-31": 0.437, "2010-04-30": -1.793, "2010-01-31": "1.17900", "2009-10-31": -2.624, "2009-07-31": 0.852, "2009-04-30": -0.912, "2009-01-31": "-2.93500", "2008-10-31": 0.352, "2008-07-31": 0.948, "2008-04-30": 4.796, "2008-01-31": "-5.28800", "2007-10-31": 0.64, "2007-07-31": -0.88, "2007-04-30": 5.449, "2007-01-31": "-0.94400", "2006-10-31": 0.831, "2006-07-31": 1.048, "2006-04-30": 1.53, "2006-01-31": "0.28700", "2005-10-31": -1.835, "2005-07-31": 3.346, "2005-04-30": 3.626, "2005-01-31": "-2.83600"}, "Change In Assets/Liabilities": {"2020-10-31": 19.006, "2020-07-31": -3.46, "2020-04-30": -20.93, "2020-01-31": "6.29300", "2019-10-31": 7.731, "2019-07-31": 1.051, "2019-04-30": 7.838, "2019-01-31": "8.49200", "2018-10-31": 1.382, "2018-07-31": 7.479, "2018-04-30": 0.86, "2018-01-31": "-2.51600", "2017-10-31": 13.571, "2017-07-31": -4.159, "2017-04-30": 0.588, "2017-01-31": "-1.56300", "2016-10-31": 10.447, "2016-07-31": -0.468, "2016-04-30": -0.356, "2016-01-31": "-3.44900", "2015-10-31": 1.575, "2015-07-31": 4.635, "2015-04-30": -3.759, "2015-01-31": "-2.64100", "2014-10-31": 0.339, "2014-07-31": 11.298, "2014-04-30": -1.348, "2014-01-31": "3.00600", "2013-10-31": -4.963, "2013-07-31": 1.727, "2013-04-30": 1.427, "2013-01-31": "-2.45600", "2012-10-31": 2.406, "2012-07-31": 1.303, "2012-04-30": 4.882, "2012-01-31": "-7.56800", "2011-10-31": 1.537, "2011-07-31": 0.694, "2011-04-30": -0.475, "2011-01-31": "-2.09900", "2010-10-31": 1.732, "2010-07-31": 0.528, "2010-04-30": -0.042, "2010-01-31": "-1.42100", "2009-10-31": 7.409, "2009-07-31": -2.257, "2009-04-30": 1.852, "2009-01-31": "-1.42200", "2008-10-31": 1.494, "2008-07-31": 0.368, "2008-04-30": 0.231, "2008-01-31": "-1.11300", "2007-10-31": 1.13, "2007-07-31": 0.252, "2007-04-30": 1.406, "2007-01-31": "-2.18900", "2006-10-31": 1.212, "2006-07-31": -0.034, "2006-04-30": 0.051, "2006-01-31": "-0.14900", "2005-10-31": 0.228, "2005-07-31": -0.344, "2005-04-30": 0.393, "2005-01-31": "-0.42800"}, "Total Change In Assets/Liabilities": {"2020-10-31": 10.1, "2020-07-31": 11.263, "2020-04-30": -4.319, "2020-01-31": "-50.75300", "2019-10-31": 7.327, "2019-07-31": 24.941, "2019-04-30": 17.202, "2019-01-31": "-68.81500", "2018-10-31": 12.519, "2018-07-31": 13.744, "2018-04-30": -42.156, "2018-01-31": "-23.12600", "2017-10-31": 33.534, "2017-07-31": 9.968, "2017-04-30": -26.08, "2017-01-31": "-8.55400", "2016-10-31": 22.979, "2016-07-31": 8.995, "2016-04-30": -5.321, "2016-01-31": "-10.05900", "2015-10-31": -7.406, "2015-07-31": 6.265, "2015-04-30": -12.591, "2015-01-31": "-16.55800", "2014-10-31": 20.892, "2014-07-31": 29.71, "2014-04-30": -23.998, "2014-01-31": "-5.30100", "2013-10-31": -7.919, "2013-07-31": 3.725, "2013-04-30": -3.676, "2013-01-31": "-22.38700", "2012-10-31": 23.094, "2012-07-31": -4.466, "2012-04-30": 16.866, "2012-01-31": "-36.52700", "2011-10-31": 7.184, "2011-07-31": 2.128, "2011-04-30": 0.32, "2011-01-31": "-5.50900", "2010-10-31": 6.4, "2010-07-31": 3.811, "2010-04-30": -2.314, "2010-01-31": "-1.02200", "2009-10-31": 13.611, "2009-07-31": -0.698, "2009-04-30": 3.995, "2009-01-31": "-14.05000", "2008-10-31": -8.962, "2008-07-31": -0.209, "2008-04-30": 3.619, "2008-01-31": "-11.24300", "2007-10-31": 2.178, "2007-07-31": -4.45, "2007-04-30": -1.118, "2007-01-31": "-11.70100", "2006-10-31": 9.124, "2006-07-31": 0.084, "2006-04-30": -12.504, "2006-01-31": "-8.03400", "2005-10-31": 4.688, "2005-07-31": -1.652, "2005-04-30": -1.493, "2005-01-31": "-6.94800"}, "Cash Flow From Operating Activities": {"2020-10-31": 110.154, "2020-07-31": 93.089, "2020-04-30": 124.746, "2020-01-31": "81.13600", "2019-10-31": 123.979, "2019-07-31": 135.146, "2019-04-30": 128.687, "2019-01-31": "49.56600", "2018-10-31": 113.734, "2018-07-31": 111.353, "2018-04-30": 51.495, "2018-01-31": "51.90500", "2017-10-31": 108.982, "2017-07-31": 81.59, "2017-04-30": 41.738, "2017-01-31": "55.97500", "2016-10-31": 87.297, "2016-07-31": 69.711, "2016-04-30": 57.538, "2016-01-31": "45.16700", "2015-10-31": 51.574, "2015-07-31": 56.484, "2015-04-30": 35.35, "2015-01-31": "29.45500", "2014-10-31": 63.456, "2014-07-31": 72.232, "2014-04-30": 21.452, "2014-01-31": "33.54900", "2013-10-31": 39.544, "2013-07-31": 47.76, "2013-04-30": 31.249, "2013-01-31": "13.28300", "2012-10-31": 60.282, "2012-07-31": 32.957, "2012-04-30": 47.596, "2012-01-31": "-2.25000", "2011-10-31": 40.52, "2011-07-31": 33.917, "2011-04-30": 27.534, "2011-01-31": "23.54700", "2010-10-31": 33.796, "2010-07-31": 27.658, "2010-04-30": 19.986, "2010-01-31": "20.27700", "2009-10-31": 32.098, "2009-07-31": 17.123, "2009-04-30": 21.39, "2009-01-31": "5.20600", "2008-10-31": 16.536, "2008-07-31": 21.399, "2008-04-30": 25.383, "2008-01-31": "9.84400", "2007-10-31": 20.186, "2007-07-31": 15.322, "2007-04-30": 18.841, "2007-01-31": "3.10100", "2006-10-31": 19.748, "2006-07-31": 19.742, "2006-04-30": 1.07, "2006-01-31": "6.34800", "2005-10-31": 14.844, "2005-07-31": 9.465, "2005-04-30": 7.542, "2005-01-31": "3.95700"}, "Net Change In Property, Plant, And Equipment": {"2020-10-31": -5.468, "2020-07-31": -5.037, "2020-04-30": -5.585, "2020-01-31": "-6.85000", "2019-10-31": -7.267, "2019-07-31": -9.075, "2019-04-30": -6.689, "2019-01-31": "-5.90700", "2018-10-31": -5.973, "2018-07-31": -6.441, "2018-04-30": -21.88, "2018-01-31": "-7.57700", "2017-10-31": -5.553, "2017-07-31": -6.907, "2017-04-30": -7.116, "2017-01-31": "-6.42200", "2016-10-31": -7.75, "2016-07-31": -7.567, "2016-04-30": -9.856, "2016-01-31": "-5.69000", "2015-10-31": -4.482, "2015-07-31": -4.307, "2015-04-30": -5.206, "2015-01-31": "-4.25400", "2014-10-31": -4.149, "2014-07-31": -4.776, "2014-04-30": -3.495, "2014-01-31": "-3.99000", "2013-10-31": -4.832, "2013-07-31": -4.231, "2013-04-30": -4.799, "2013-01-31": "-4.46600", "2012-10-31": -2.881, "2012-07-31": -4.233, "2012-04-30": -4.36, "2012-01-31": "-3.78800", "2011-10-31": -3.736, "2011-07-31": -1.865, "2011-04-30": -2.208, "2011-01-31": "-1.63700", "2010-10-31": -2.134, "2010-07-31": -2.143, "2010-04-30": -2.442, "2010-01-31": "-2.15800", "2009-10-31": -2.469, "2009-07-31": -2.387, "2009-04-30": -2.781, "2009-01-31": "-2.61600", "2008-10-31": -3.334, "2008-07-31": -3.173, "2008-04-30": -4.136, "2008-01-31": "-2.81200", "2007-10-31": -3.421, "2007-07-31": -3.744, "2007-04-30": -3.055, "2007-01-31": "-2.66600", "2006-10-31": -2.909, "2006-07-31": -2.433, "2006-04-30": -3.415, "2006-01-31": "-1.20700", "2005-10-31": -1.469, "2005-07-31": -3.775, "2005-04-30": -2.085, "2005-01-31": "2.57600"}, "Net Change In Intangible Assets": {"2020-10-31": 0, "2020-07-31": 0, "2020-04-30": 0, "2020-01-31": "", "2019-10-31": 0, "2019-07-31": 0, "2019-04-30": 0, "2019-01-31": "", "2018-10-31": 0, "2018-07-31": 0, "2018-04-30": 0, "2018-01-31": "", "2017-10-31": 0, "2017-07-31": 0, "2017-04-30": 0, "2017-01-31": "", "2016-10-31": 0, "2016-07-31": 0, "2016-04-30": 0, "2016-01-31": "", "2015-10-31": 0, "2015-07-31": 0, "2015-04-30": 0, "2015-01-31": "", "2014-10-31": 0, "2014-07-31": 0, "2014-04-30": 0, "2014-01-31": "", "2013-10-31": 0, "2013-07-31": 0, "2013-04-30": 0, "2013-01-31": "", "2012-10-31": 0, "2012-07-31": 0, "2012-04-30": 0, "2012-01-31": "", "2011-10-31": 0, "2011-07-31": 0, "2011-04-30": 0, "2011-01-31": "", "2010-10-31": 0, "2010-07-31": 0, "2010-04-30": 0, "2010-01-31": "", "2009-10-31": 0, "2009-07-31": 0, "2009-04-30": 0, "2009-01-31": "", "2008-10-31": 0, "2008-07-31": 0, "2008-04-30": 0, "2008-01-31": "", "2007-10-31": 0, "2007-07-31": 0, "2007-04-30": 0, "2007-01-31": "", "2006-10-31": 0, "2006-07-31": 0, "2006-04-30": 0, "2006-01-31": "", "2005-10-31": 0, "2005-07-31": 0, "2005-04-30": 0, "2005-01-31": ""}, "Net Acquisitions/Divestitures": {"2020-10-31": -97.619, "2020-07-31": -20.977, "2020-04-30": 0, "2020-01-31": "-45.34300", "2019-10-31": -5.667, "2019-07-31": -100.234, "2019-04-30": -33.901, "2019-01-31": "-101.03900", "2018-10-31": -19.176, "2018-07-31": -1.235, "2018-04-30": -33.238, "2018-01-31": "-6.12600", "2017-10-31": -322.506, "2017-07-31": -14.921, "2017-04-30": -80.838, "2017-01-31": "", "2016-10-31": 0, "2016-07-31": 0, "2016-04-30": 0.513, "2016-01-31": "-264.32400", "2015-10-31": -110.586, "2015-07-31": -6.716, "2015-04-30": -0.17, "2015-01-31": "-49.31200", "2014-10-31": 0, "2014-07-31": -8.168, "2014-04-30": 0, "2014-01-31": "-0.56900", "2013-10-31": -88.224, "2013-07-31": -133.172, "2013-04-30": 0, "2013-01-31": "-1.24200", "2012-10-31": -25.784, "2012-07-31": -10.144, "2012-04-30": -19.029, "2012-01-31": "-142.32800", "2011-10-31": -65.44, "2011-07-31": -1.279, "2011-04-30": -5.348, "2011-01-31": "-22.58800", "2010-10-31": 0, "2010-07-31": -2.872, "2010-04-30": -34.007, "2010-01-31": "-2.18200", "2009-10-31": -25.236, "2009-07-31": -32.346, "2009-04-30": 0, "2009-01-31": "-2.21600", "2008-10-31": 3.986, "2008-07-31": -0.526, "2008-04-30": -16.031, "2008-01-31": "-12.19000", "2007-10-31": -33.492, "2007-07-31": -1.008, "2007-04-30": -5.482, "2007-01-31": "-8.38500", "2006-10-31": -12.499, "2006-07-31": -12.662, "2006-04-30": -2.894, "2006-01-31": "-30.06200", "2005-10-31": -22.457, "2005-07-31": -0.624, "2005-04-30": -3.74, "2005-01-31": "-14.67900"}, "Net Change In Short-term Investments": {"2020-10-31": 0, "2020-07-31": 0, "2020-04-30": 0, "2020-01-31": "", "2019-10-31": 0, "2019-07-31": 0, "2019-04-30": 0, "2019-01-31": "", "2018-10-31": 0, "2018-07-31": 0, "2018-04-30": 0, "2018-01-31": "", "2017-10-31": 0, "2017-07-31": 0, "2017-04-30": 0, "2017-01-31": "", "2016-10-31": 0, "2016-07-31": 0, "2016-04-30": 0, "2016-01-31": "", "2015-10-31": 0, "2015-07-31": 0, "2015-04-30": 0, "2015-01-31": "", "2014-10-31": 0, "2014-07-31": 0, "2014-04-30": 0, "2014-01-31": "", "2013-10-31": 0, "2013-07-31": 0, "2013-04-30": 0, "2013-01-31": "", "2012-10-31": 0, "2012-07-31": 0, "2012-04-30": 0, "2012-01-31": "", "2011-10-31": 0, "2011-07-31": 0, "2011-04-30": 0, "2011-01-31": "", "2010-10-31": 0, "2010-07-31": 0, "2010-04-30": 0, "2010-01-31": "", "2009-10-31": 0, "2009-07-31": 0, "2009-04-30": 0, "2009-01-31": "", "2008-10-31": 0, "2008-07-31": 0, "2008-04-30": 0, "2008-01-31": "", "2007-10-31": 0, "2007-07-31": 0, "2007-04-30": 0, "2007-01-31": "", "2006-10-31": 0, "2006-07-31": 0, "2006-04-30": 0, "2006-01-31": "", "2005-10-31": 0, "2005-07-31": 0, "2005-04-30": 0, "2005-01-31": ""}, "Net Change In Long-Term Investments": {"2020-10-31": -1.3, "2020-07-31": -1, "2020-04-30": -1.8, "2020-01-31": "-11.80000", "2019-10-31": -2.901, "2019-07-31": 0, "2019-04-30": -2.1, "2019-01-31": "-8.70000", "2018-10-31": -1.45, "2018-07-31": -1.65, "2018-04-30": -1.5, "2018-01-31": "-6.90000", "2017-10-31": -13.4, "2017-07-31": 0, "2017-04-30": 0, "2017-01-31": "", "2016-10-31": -10.529, "2016-07-31": 0, "2016-04-30": 0, "2016-01-31": "", "2015-10-31": 0, "2015-07-31": 0, "2015-04-30": 0, "2015-01-31": "", "2014-10-31": 0, "2014-07-31": 0, "2014-04-30": 0, "2014-01-31": "", "2013-10-31": 0, "2013-07-31": 0, "2013-04-30": 0, "2013-01-31": "", "2012-10-31": 0, "2012-07-31": 0, "2012-04-30": 0, "2012-01-31": "", "2011-10-31": 0, "2011-07-31": 0, "2011-04-30": 0, "2011-01-31": "", "2010-10-31": 0, "2010-07-31": 0, "2010-04-30": 0, "2010-01-31": "", "2009-10-31": 0, "2009-07-31": 0, "2009-04-30": 0, "2009-01-31": "", "2008-10-31": 0, "2008-07-31": 0, "2008-04-30": 0, "2008-01-31": "", "2007-10-31": 0, "2007-07-31": 0, "2007-04-30": 0, "2007-01-31": "", "2006-10-31": 0, "2006-07-31": 0, "2006-04-30": 0, "2006-01-31": "", "2005-10-31": 0, "2005-07-31": 0, "2005-04-30": 0, "2005-01-31": ""}, "Net Change In Investments - Total": {"2020-10-31": -1.3, "2020-07-31": -1, "2020-04-30": -1.8, "2020-01-31": "-11.80000", "2019-10-31": -2.901, "2019-07-31": 0, "2019-04-30": -2.1, "2019-01-31": "-8.70000", "2018-10-31": -1.45, "2018-07-31": -1.65, "2018-04-30": -1.5, "2018-01-31": "-6.90000", "2017-10-31": -13.4, "2017-07-31": 0, "2017-04-30": 0, "2017-01-31": "", "2016-10-31": -10.529, "2016-07-31": 0, "2016-04-30": 0, "2016-01-31": "", "2015-10-31": 0, "2015-07-31": 0, "2015-04-30": 0, "2015-01-31": "", "2014-10-31": 0, "2014-07-31": 0, "2014-04-30": 0, "2014-01-31": "", "2013-10-31": 0, "2013-07-31": 0, "2013-04-30": 0, "2013-01-31": "", "2012-10-31": 0, "2012-07-31": 0, "2012-04-30": 0, "2012-01-31": "", "2011-10-31": 0, "2011-07-31": 0, "2011-04-30": 0, "2011-01-31": "", "2010-10-31": 0, "2010-07-31": 0, "2010-04-30": 0, "2010-01-31": "", "2009-10-31": 0, "2009-07-31": 0, "2009-04-30": 0, "2009-01-31": "", "2008-10-31": 0, "2008-07-31": 0, "2008-04-30": 0, "2008-01-31": "", "2007-10-31": 0, "2007-07-31": 0, "2007-04-30": 0, "2007-01-31": "", "2006-10-31": 0, "2006-07-31": 0, "2006-04-30": 0, "2006-01-31": "", "2005-10-31": 0, "2005-07-31": 0, "2005-04-30": 0, "2005-01-31": ""}, "Investing Activities - Other": {"2020-10-31": 3.351, "2020-07-31": -0.088, "2020-04-30": 0.034, "2020-01-31": "0.43900", "2019-10-31": 2.206, "2019-07-31": -0.008, "2019-04-30": 0.564, "2019-01-31": "0.07200", "2018-10-31": 2.371, "2018-07-31": 0.008, "2018-04-30": 0.046, "2018-01-31": "-2.79000", "2017-10-31": 0.133, "2017-07-31": 0.259, "2017-04-30": -1.363, "2017-01-31": "0.41900", "2016-10-31": 0.063, "2016-07-31": 0.236, "2016-04-30": -3.715, "2016-01-31": "0.47400", "2015-10-31": -1.144, "2015-07-31": 0.085, "2015-04-30": 0.01, "2015-01-31": "0.07600", "2014-10-31": -0.01, "2014-07-31": -0.022, "2014-04-30": 0.026, "2014-01-31": "-0.03400", "2013-10-31": -0.346, "2013-07-31": 0.01, "2013-04-30": -0.003, "2013-01-31": "-0.00300", "2012-10-31": -0.017, "2012-07-31": -0.008, "2012-04-30": -0.029, "2012-01-31": "-0.10700", "2011-10-31": 0.004, "2011-07-31": 0.194, "2011-04-30": -0.003, "2011-01-31": "0.00600", "2010-10-31": -0.307, "2010-07-31": -0.016, "2010-04-30": 0.001, "2010-01-31": "-0.00300", "2009-10-31": -0.053, "2009-07-31": 0.019, "2009-04-30": 0.04, "2009-01-31": "0.01400", "2008-10-31": 0.033, "2008-07-31": 0.046, "2008-04-30": 0.009, "2008-01-31": "0.07800", "2007-10-31": -0.076, "2007-07-31": 0.115, "2007-04-30": -0.052, "2007-01-31": "0.07200", "2006-10-31": -0.019, "2006-07-31": 0.072, "2006-04-30": 0.107, "2006-01-31": "0.36000", "2005-10-31": 0.133, "2005-07-31": 0.475, "2005-04-30": -0.016, "2005-01-31": "-0.23500"}, "Cash Flow From Investing Activities": {"2020-10-31": -101.036, "2020-07-31": -27.102, "2020-04-30": -7.351, "2020-01-31": "-63.55400", "2019-10-31": -13.629, "2019-07-31": -109.317, "2019-04-30": -42.126, "2019-01-31": "-115.57400", "2018-10-31": -24.228, "2018-07-31": -9.318, "2018-04-30": -56.572, "2018-01-31": "-23.39300", "2017-10-31": -341.326, "2017-07-31": -21.569, "2017-04-30": -89.317, "2017-01-31": "-6.00300", "2016-10-31": -18.216, "2016-07-31": -7.331, "2016-04-30": -13.058, "2016-01-31": "-269.54000", "2015-10-31": -116.212, "2015-07-31": -10.938, "2015-04-30": -5.366, "2015-01-31": "-53.49000", "2014-10-31": -4.159, "2014-07-31": -12.966, "2014-04-30": -3.469, "2014-01-31": "-4.59300", "2013-10-31": -93.402, "2013-07-31": -137.393, "2013-04-30": -4.802, "2013-01-31": "-5.71100", "2012-10-31": -28.682, "2012-07-31": -14.385, "2012-04-30": -23.418, "2012-01-31": "-146.22300", "2011-10-31": -69.172, "2011-07-31": -2.95, "2011-04-30": -7.559, "2011-01-31": "-24.21900", "2010-10-31": -2.441, "2010-07-31": -5.031, "2010-04-30": -36.448, "2010-01-31": "-4.34300", "2009-10-31": -27.758, "2009-07-31": -34.714, "2009-04-30": -2.741, "2009-01-31": "-4.81800", "2008-10-31": 0.685, "2008-07-31": -3.653, "2008-04-30": -20.158, "2008-01-31": "-14.92400", "2007-10-31": -36.989, "2007-07-31": -4.637, "2007-04-30": -8.589, "2007-01-31": "-10.97900", "2006-10-31": -15.427, "2006-07-31": -15.023, "2006-04-30": -6.202, "2006-01-31": "-30.90900", "2005-10-31": -23.793, "2005-07-31": -3.924, "2005-04-30": -5.841, "2005-01-31": "-12.33800"}, "Net Long-Term Debt": {"2020-10-31": 0, "2020-07-31": 0, "2020-04-30": 0, "2020-01-31": "", "2019-10-31": 0, "2019-07-31": 0, "2019-04-30": 0, "2019-01-31": "", "2018-10-31": 0, "2018-07-31": 0, "2018-04-30": 0, "2018-01-31": "", "2017-10-31": 0, "2017-07-31": 0, "2017-04-30": 0, "2017-01-31": "", "2016-10-31": 0, "2016-07-31": 0, "2016-04-30": 0, "2016-01-31": "", "2015-10-31": 0, "2015-07-31": 0, "2015-04-30": 0, "2015-01-31": "", "2014-10-31": 0, "2014-07-31": 0, "2014-04-30": 0, "2014-01-31": "", "2013-10-31": 0, "2013-07-31": 0, "2013-04-30": 0, "2013-01-31": "", "2012-10-31": 0, "2012-07-31": 0, "2012-04-30": 0, "2012-01-31": "", "2011-10-31": 0, "2011-07-31": 0, "2011-04-30": 0, "2011-01-31": "", "2010-10-31": 0, "2010-07-31": 0, "2010-04-30": 0, "2010-01-31": "", "2009-10-31": 0, "2009-07-31": 0, "2009-04-30": 0, "2009-01-31": "", "2008-10-31": 0, "2008-07-31": 0, "2008-04-30": -1.98, "2008-01-31": "", "2007-10-31": 0, "2007-07-31": 0, "2007-04-30": 0, "2007-01-31": "", "2006-10-31": 0, "2006-07-31": 0, "2006-04-30": 0, "2006-01-31": "", "2005-10-31": 0, "2005-07-31": 0, "2005-04-30": 0, "2005-01-31": ""}, "Net Current Debt": {"2020-10-31": 0, "2020-07-31": 0, "2020-04-30": 170, "2020-01-31": "7.00000", "2019-10-31": -78, "2019-07-31": 84, "2019-04-30": -52, "2019-01-31": "76.00000", "2018-10-31": -91, "2018-07-31": -67, "2018-04-30": 15, "2018-01-31": "-5.00000", "2017-10-31": 239.123, "2017-07-31": -29, "2017-04-30": 43, "2017-01-31": "-40.00000", "2016-10-31": -52, "2016-07-31": -52, "2016-04-30": -34, "2016-01-31": "228.00000", "2015-10-31": 68, "2015-07-31": -27, "2015-04-30": -27, "2015-01-31": "27.69600", "2014-10-31": -57, "2014-07-31": -50, "2014-04-30": 58, "2014-01-31": "2.00000", "2013-10-31": 58, "2013-07-31": 91, "2013-04-30": -26, "2013-01-31": "123.00000", "2012-10-31": -22, "2012-07-31": -22, "2012-04-30": -16, "2012-01-31": "151.00000", "2011-10-31": 36, "2011-07-31": -7, "2011-04-30": -17, "2011-01-31": "10.00000", "2010-10-31": -33, "2010-07-31": -17, "2010-04-30": 21, "2010-01-31": "-12.00000", "2009-10-31": -1, "2009-07-31": 19, "2009-04-30": -3, "2009-01-31": "3.00000", "2008-10-31": -5, "2008-07-31": -13, "2008-04-30": -9, "2008-01-31": "11.00000", "2007-10-31": 14, "2007-07-31": -10, "2007-04-30": -9, "2007-01-31": "5.00000", "2006-10-31": -5, "2006-07-31": -2.5, "2006-04-30": -1.5, "2006-01-31": "28.00000", "2005-10-31": 12, "2005-07-31": -5, "2005-04-30": -4, "2005-01-31": "13.00000"}, "Debt Issuance/Retirement Net - Total": {"2020-10-31": 0, "2020-07-31": 0, "2020-04-30": 170, "2020-01-31": "7.00000", "2019-10-31": -78, "2019-07-31": 84, "2019-04-30": -52, "2019-01-31": "76.00000", "2018-10-31": -91, "2018-07-31": -67, "2018-04-30": 15, "2018-01-31": "-5.00000", "2017-10-31": 239.123, "2017-07-31": -29, "2017-04-30": 43, "2017-01-31": "-40.00000", "2016-10-31": -52, "2016-07-31": -52, "2016-04-30": -34, "2016-01-31": "228.00000", "2015-10-31": 68, "2015-07-31": -27, "2015-04-30": -27, "2015-01-31": "27.69600", "2014-10-31": -57, "2014-07-31": -50, "2014-04-30": 58, "2014-01-31": "2.00000", "2013-10-31": 58, "2013-07-31": 91, "2013-04-30": -26, "2013-01-31": "123.00000", "2012-10-31": -22, "2012-07-31": -22, "2012-04-30": -16, "2012-01-31": "151.00000", "2011-10-31": 36, "2011-07-31": -7, "2011-04-30": -17, "2011-01-31": "10.00000", "2010-10-31": -33, "2010-07-31": -17, "2010-04-30": 21, "2010-01-31": "-12.00000", "2009-10-31": -1, "2009-07-31": 19, "2009-04-30": -3, "2009-01-31": "3.00000", "2008-10-31": -5, "2008-07-31": -13, "2008-04-30": -10.98, "2008-01-31": "11.00000", "2007-10-31": 14, "2007-07-31": -10, "2007-04-30": -9, "2007-01-31": "5.00000", "2006-10-31": -5, "2006-07-31": -2.5, "2006-04-30": -1.5, "2006-01-31": "28.00000", "2005-10-31": 12, "2005-07-31": -5, "2005-04-30": -4, "2005-01-31": "13.00000"}, "Net Common Equity Issued/Repurchased": {"2020-10-31": -5.18, "2020-07-31": 0.19, "2020-04-30": 0.859, "2020-01-31": "-1.03400", "2019-10-31": -28.137, "2019-07-31": -5.114, "2019-04-30": -22.132, "2019-01-31": "-0.08400", "2018-10-31": 0.953, "2018-07-31": 0.725, "2018-04-30": -24.055, "2018-01-31": "1.42500", "2017-10-31": 1.285, "2017-07-31": 1.874, "2017-04-30": 1.067, "2017-01-31": "1.23000", "2016-10-31": 1.089, "2016-07-31": 3.36, "2016-04-30": 1.377, "2016-01-31": "0.09400", "2015-10-31": 0.415, "2015-07-31": 0.304, "2015-04-30": 1.438, "2015-01-31": "1.51600", "2014-10-31": 0.387, "2014-07-31": 0.194, "2014-04-30": 0.242, "2014-01-31": "-0.11500", "2013-10-31": 0.117, "2013-07-31": 0.06, "2013-04-30": 0, "2013-01-31": "-2.07800", "2012-10-31": 0.446, "2012-07-31": -0.068, "2012-04-30": 0.069, "2012-01-31": "0.07900", "2011-10-31": -8.787, "2011-07-31": 0.282, "2011-04-30": 0.45, "2011-01-31": "-4.07600", "2010-10-31": 7.038, "2010-07-31": -6.936, "2010-04-30": 1.153, "2010-01-31": "-0.12100", "2009-10-31": 0.385, "2009-07-31": 0.144, "2009-04-30": -7.742, "2009-01-31": "0.32200", "2008-10-31": 0.241, "2008-07-31": 0.36, "2008-04-30": 0.973, "2008-01-31": "0.82400", "2007-10-31": 4.26, "2007-07-31": 1.542, "2007-04-30": 0.409, "2007-01-31": "0.66400", "2006-10-31": 0.6, "2006-07-31": 0.686, "2006-04-30": 3.209, "2006-01-31": "0.57600", "2005-10-31": 0.408, "2005-07-31": 0.537, "2005-04-30": 0.313, "2005-01-31": "0.48800"}, "Net Total Equity Issued/Repurchased": {"2020-10-31": -5.18, "2020-07-31": 0.19, "2020-04-30": 0.859, "2020-01-31": "-1.03400", "2019-10-31": -28.137, "2019-07-31": -5.114, "2019-04-30": -22.132, "2019-01-31": "-0.08400", "2018-10-31": 0.953, "2018-07-31": 0.725, "2018-04-30": -24.055, "2018-01-31": "1.42500", "2017-10-31": 1.285, "2017-07-31": 1.874, "2017-04-30": 1.067, "2017-01-31": "1.23000", "2016-10-31": 1.089, "2016-07-31": 3.36, "2016-04-30": 1.377, "2016-01-31": "0.09400", "2015-10-31": 0.415, "2015-07-31": 0.304, "2015-04-30": 1.438, "2015-01-31": "1.51600", "2014-10-31": 0.387, "2014-07-31": 0.194, "2014-04-30": 0.242, "2014-01-31": "-0.11500", "2013-10-31": 0.117, "2013-07-31": 0.06, "2013-04-30": 0, "2013-01-31": "-2.07800", "2012-10-31": 0.446, "2012-07-31": -0.068, "2012-04-30": 0.069, "2012-01-31": "0.07900", "2011-10-31": -8.787, "2011-07-31": 0.282, "2011-04-30": 0.45, "2011-01-31": "-4.07600", "2010-10-31": 7.038, "2010-07-31": -6.936, "2010-04-30": 1.153, "2010-01-31": "-0.12100", "2009-10-31": 0.385, "2009-07-31": 0.144, "2009-04-30": -7.742, "2009-01-31": "0.32200", "2008-10-31": 0.241, "2008-07-31": 0.36, "2008-04-30": 0.973, "2008-01-31": "0.82400", "2007-10-31": 4.26, "2007-07-31": 1.542, "2007-04-30": 0.409, "2007-01-31": "0.66400", "2006-10-31": 0.6, "2006-07-31": 0.686, "2006-04-30": 3.209, "2006-01-31": "0.57600", "2005-10-31": 0.408, "2005-07-31": 0.537, "2005-04-30": 0.313, "2005-01-31": "0.48800"}, "Total Common And Preferred Stock Dividends Paid": {"2020-10-31": -5.721, "2020-07-31": -13.235, "2020-04-30": -4.861, "2020-01-31": "-15.64300", "2019-10-31": -6.17, "2019-07-31": -105.895, "2019-04-30": -5.395, "2019-01-31": "-12.10000", "2018-10-31": -5.93, "2018-07-31": -10.648, "2018-04-30": -2.567, "2018-01-31": "-9.27700", "2017-10-31": -5.477, "2017-07-31": -15.775, "2017-04-30": -1.911, "2017-01-31": "-8.04500", "2016-10-31": -2.861, "2016-07-31": -16.023, "2016-04-30": -2.811, "2016-01-31": "-8.04600", "2015-10-31": -2.285, "2015-07-31": -7.358, "2015-04-30": -2.176, "2015-01-31": "-7.22300", "2014-10-31": -2.495, "2014-07-31": -9.595, "2014-04-30": -69.504, "2014-01-31": "-28.83300", "2013-10-31": -1.611, "2013-07-31": -5.227, "2013-04-30": -2.147, "2013-01-31": "-118.95500", "2012-10-31": -2.296, "2012-07-31": -4.907, "2012-04-30": -2.044, "2012-01-31": "-5.53200", "2011-10-31": -8.565, "2011-07-31": -4.28, "2011-04-30": -2.283, "2011-01-31": "-4.25900", "2010-10-31": -3.108, "2010-07-31": -4.714, "2010-04-30": -2.006, "2010-01-31": "-4.07800", "2009-10-31": -3.597, "2009-07-31": -4.032, "2009-04-30": -2.137, "2009-01-31": "-2.97500", "2008-10-31": -1.554, "2008-07-31": -2.9, "2008-04-30": -2.321, "2008-01-31": "-3.31200", "2007-10-31": -2.283, "2007-07-31": -2.402, "2007-04-30": -1.633, "2007-01-31": "-2.18600", "2006-10-31": -1.663, "2006-07-31": -1.961, "2006-04-30": -0.445, "2006-01-31": "-1.24100", "2005-10-31": -0.653, "2005-07-31": -0.614, "2005-04-30": 0, "2005-01-31": "-0.61000"}, "Financial Activities - Other": {"2020-10-31": 14.019, "2020-07-31": -7.882, "2020-04-30": -0.231, "2020-01-31": "-0.53800", "2019-10-31": -0.233, "2019-07-31": -4.001, "2019-04-30": -0.205, "2019-01-31": "-0.25400", "2018-10-31": -0.293, "2018-07-31": -5.269, "2018-04-30": -0.118, "2018-01-31": "-4.48100", "2017-10-31": -0.101, "2017-07-31": -6.909, "2017-04-30": -4.381, "2017-01-31": "-0.10800", "2016-10-31": 0.544, "2016-07-31": -7.041, "2016-04-30": -3.695, "2016-01-31": "0.78500", "2015-10-31": -0.1, "2015-07-31": -0.09, "2015-04-30": -0.096, "2015-01-31": "1.29500", "2014-10-31": -0.397, "2014-07-31": -0.146, "2014-04-30": -0.755, "2014-01-31": "-2.09800", "2013-10-31": -0.189, "2013-07-31": -0.369, "2013-04-30": -0.166, "2013-01-31": "-12.22700", "2012-10-31": -0.446, "2012-07-31": 0.378, "2012-04-30": -7.114, "2012-01-31": "8.86200", "2011-10-31": -0.024, "2011-07-31": -0.119, "2011-04-30": -7.308, "2011-01-31": "6.30000", "2010-10-31": -6.832, "2010-07-31": 6.571, "2010-04-30": -0.791, "2010-01-31": "0.63200", "2009-10-31": -0.06, "2009-07-31": -0.275, "2009-04-30": -0.762, "2009-01-31": "-8.81700", "2008-10-31": -4.371, "2008-07-31": -1.023, "2008-04-30": -0.047, "2008-01-31": "4.33000", "2007-10-31": -0.023, "2007-07-31": -0.015, "2007-04-30": 0.011, "2007-01-31": "5.23200", "2006-10-31": 0.38, "2006-07-31": -0.001, "2006-04-30": 0.028, "2006-01-31": "1.11700", "2005-10-31": -0.093, "2005-07-31": -0.278, "2005-04-30": -0.082, "2005-01-31": "-0.19400"}, "Cash Flow From Financial Activities": {"2020-10-31": 3.118, "2020-07-31": -20.927, "2020-04-30": 165.767, "2020-01-31": "-10.21500", "2019-10-31": -112.54, "2019-07-31": -31.01, "2019-04-30": -79.732, "2019-01-31": "63.56200", "2018-10-31": -96.27, "2018-07-31": -82.192, "2018-04-30": -11.74, "2018-01-31": "-17.33300", "2017-10-31": 234.83, "2017-07-31": -49.81, "2017-04-30": 37.775, "2017-01-31": "-46.92300", "2016-10-31": -53.228, "2016-07-31": -71.704, "2016-04-30": -39.129, "2016-01-31": "220.83300", "2015-10-31": 66.03, "2015-07-31": -34.144, "2015-04-30": -27.834, "2015-01-31": "23.28400", "2014-10-31": -59.505, "2014-07-31": -59.547, "2014-04-30": -12.017, "2014-01-31": "-29.04600", "2013-10-31": 56.317, "2013-07-31": 85.464, "2013-04-30": -28.313, "2013-01-31": "-10.26000", "2012-10-31": -24.296, "2012-07-31": -26.597, "2012-04-30": -25.089, "2012-01-31": "154.40900", "2011-10-31": 18.624, "2011-07-31": -11.117, "2011-04-30": -26.141, "2011-01-31": "7.96500", "2010-10-31": -35.902, "2010-07-31": -22.079, "2010-04-30": 19.356, "2010-01-31": "-15.56700", "2009-10-31": -4.272, "2009-07-31": 14.837, "2009-04-30": -13.641, "2009-01-31": "-8.47000", "2008-10-31": -10.684, "2008-07-31": -16.563, "2008-04-30": -12.375, "2008-01-31": "12.84200", "2007-10-31": 15.954, "2007-07-31": -10.875, "2007-04-30": -10.213, "2007-01-31": "8.71000", "2006-10-31": -5.683, "2006-07-31": -3.776, "2006-04-30": 1.292, "2006-01-31": "28.45200", "2005-10-31": 11.662, "2005-07-31": -5.355, "2005-04-30": -3.769, "2005-01-31": "12.68400"}, "Net Cash Flow": {"2020-10-31": 11.574, "2020-07-31": 48.492, "2020-04-30": 282.815, "2020-01-31": "6.97000", "2019-10-31": -2.022, "2019-07-31": -5.068, "2019-04-30": 6.235, "2019-01-31": "-1.74300", "2018-10-31": -7.382, "2018-07-31": 18.754, "2018-04-30": -17.461, "2018-01-31": "13.62200", "2017-10-31": 2.577, "2017-07-31": 12.757, "2017-04-30": -9.173, "2017-01-31": "2.95000", "2016-10-31": 15.764, "2016-07-31": -9.598, "2016-04-30": 6.903, "2016-01-31": "-3.71700", "2015-10-31": 1.906, "2015-07-31": 11.018, "2015-04-30": 2.307, "2015-01-31": "-1.85700", "2014-10-31": -0.715, "2014-07-31": -0.458, "2014-04-30": 6.163, "2014-01-31": "-0.26000", "2013-10-31": 2.728, "2013-07-31": -4.107, "2013-04-30": -2.211, "2013-01-31": "-2.36200", "2012-10-31": 7.486, "2012-07-31": -8.297, "2012-04-30": -0.829, "2012-01-31": "5.59100", "2011-10-31": -10.088, "2011-07-31": 19.828, "2011-04-30": -6.105, "2011-01-31": "7.32200", "2010-10-31": -4.494, "2010-07-31": 0.512, "2010-04-30": 3.001, "2010-01-31": "0.35700", "2009-10-31": 0.219, "2009-07-31": -2.5, "2009-04-30": 5.065, "2009-01-31": "-8.17900", "2008-10-31": 5.997, "2008-07-31": 1.138, "2008-04-30": -7.168, "2008-01-31": "7.64800", "2007-10-31": -0.761, "2007-07-31": -0.181, "2007-04-30": 0.046, "2007-01-31": "0.84400", "2006-10-31": -1.372, "2006-07-31": 0.97, "2006-04-30": -3.825, "2006-01-31": "3.89600", "2005-10-31": 2.695, "2005-07-31": 0.186, "2005-04-30": -2.068, "2005-01-31": "4.30300"}, "Stock-Based Compensation": {"2020-10-31": 2.359, "2020-07-31": 2.5, "2020-04-30": 2.629, "2020-01-31": "2.64600", "2019-10-31": 2.66, "2019-07-31": 2.687, "2019-04-30": 2.548, "2019-01-31": "2.43900", "2018-10-31": 2.35, "2018-07-31": 2.474, "2018-04-30": 2.291, "2018-01-31": "2.16800", "2017-10-31": 2.208, "2017-07-31": 2.097, "2017-04-30": 1.659, "2017-01-31": "1.45100", "2016-10-31": 1.529, "2016-07-31": 1.619, "2016-04-30": 1.606, "2016-01-31": "1.68000", "2015-10-31": 1.654, "2015-07-31": 1.616, "2015-04-30": 1.356, "2015-01-31": "1.42200", "2014-10-31": 0.552, "2014-07-31": 1.685, "2014-04-30": 1.589, "2014-01-31": "2.60000", "2013-10-31": 1.662, "2013-07-31": 1.301, "2013-04-30": 1.06, "2013-01-31": "1.09400", "2012-10-31": 1.06, "2012-07-31": 1.005, "2012-04-30": 0.941, "2012-01-31": "0.94200", "2011-10-31": 0.834, "2011-07-31": 0.685, "2011-04-30": 0.585, "2011-01-31": "0.54300", "2010-10-31": 0.432, "2010-07-31": 0.311, "2010-04-30": 0.302, "2010-01-31": "0.30800", "2009-10-31": 0.166, "2009-07-31": 0.008, "2009-04-30": 0.003, "2009-01-31": "0.00400", "2008-10-31": 0.004, "2008-07-31": 0.009, "2008-04-30": 0.044, "2008-01-31": "0.08500", "2007-10-31": 0.116, "2007-07-31": 0.12, "2007-04-30": 0.164, "2007-01-31": "0.25800", "2006-10-31": 0.186, "2006-07-31": 0.3, "2006-04-30": 0.459, "2006-01-31": "0.42800", "2005-10-31": 0.001, "2005-07-31": 0, "2005-04-30": 0.001, "2005-01-31": ""}, "Common Stock Dividends Paid": {"2020-10-31": -5.721, "2020-07-31": -13.235, "2020-04-30": -4.861, "2020-01-31": "-15.64300", "2019-10-31": -6.17, "2019-07-31": -105.895, "2019-04-30": -5.395, "2019-01-31": "-12.10000", "2018-10-31": -5.93, "2018-07-31": -10.648, "2018-04-30": -2.567, "2018-01-31": "-9.27700", "2017-10-31": -5.477, "2017-07-31": -15.775, "2017-04-30": -1.911, "2017-01-31": "-8.04500", "2016-10-31": -2.861, "2016-07-31": -16.023, "2016-04-30": -2.811, "2016-01-31": "-8.04600", "2015-10-31": -2.285, "2015-07-31": -7.358, "2015-04-30": -2.176, "2015-01-31": "-7.22300", "2014-10-31": -2.495, "2014-07-31": -9.595, "2014-04-30": -69.504, "2014-01-31": "-28.83300", "2013-10-31": -1.611, "2013-07-31": -5.227, "2013-04-30": -2.147, "2013-01-31": "-118.95500", "2012-10-31": -2.296, "2012-07-31": -4.907, "2012-04-30": -2.044, "2012-01-31": "-5.53200", "2011-10-31": -8.565, "2011-07-31": -4.28, "2011-04-30": -2.283, "2011-01-31": "-4.25900", "2010-10-31": -3.108, "2010-07-31": -4.714, "2010-04-30": -2.006, "2010-01-31": "-4.07800", "2009-10-31": -3.597, "2009-07-31": -4.032, "2009-04-30": -2.137, "2009-01-31": "-2.97500", "2008-10-31": -1.554, "2008-07-31": -2.9, "2008-04-30": -2.321, "2008-01-31": "-3.31200", "2007-10-31": -2.283, "2007-07-31": -2.402, "2007-04-30": -1.633, "2007-01-31": "-2.18600", "2006-10-31": -1.663, "2006-07-31": -1.961, "2006-04-30": -0.445, "2006-01-31": "-1.24100", "2005-10-31": -0.653, "2005-07-31": -0.614, "2005-04-30": 0, "2005-01-31": "-0.61000"}}, "financial ratios": {"Current Ratio": {"2020-10-31": "4.83340", "2019-10-31": "2.81430", "2018-10-31": "2.59820", "2017-10-31": "2.53330", "2016-10-31": "2.53310", "2015-10-31": "2.99080", "2014-10-31": "2.83340", "2013-10-31": "2.73720", "2012-10-31": "2.79750", "2011-10-31": "2.56620", "2010-10-31": "3.16810", "2009-10-31": "3.71800", "2008-10-31": "3.09630", "2007-10-31": "2.49390", "2006-10-31": "2.74830", "2005-10-31": "2.52520"}, "Long-term Debt / Capital": {"2020-10-31": "0.26870", "2019-10-31": "0.24870", "2018-10-31": "0.26130", "2017-10-31": "0.35050", "2016-10-31": "0.30410", "2015-10-31": "0.29130", "2014-10-31": "0.29790", "2013-10-31": "0.34250", "2012-10-31": "0.15420", "2011-10-31": "0.06030", "2010-10-31": "0.02470", "2009-10-31": "0.10110", "2008-10-31": "0.08210", "2007-10-31": "0.12640", "2006-10-31": "0.14780", "2005-10-31": "0.11070"}, "Debt/Equity Ratio": {"2020-10-31": "0.36800", "2019-10-31": "0.33160", "2018-10-31": "0.35430", "2017-10-31": "0.53990", "2016-10-31": "0.43740", "2015-10-31": "0.41150", "2014-10-31": "0.42490", "2013-10-31": "0.52200", "2012-10-31": "0.18310", "2011-10-31": "0.06480", "2010-10-31": "0.02560", "2009-10-31": "0.11300", "2008-10-31": "0.09000", "2007-10-31": "0.15060", "2006-10-31": "0.17360", "2005-10-31": "0.12480"}, "Gross Margin": {"2020-10-31": "38.17140", "2019-10-31": "39.59050", "2018-10-31": "38.85400", "2017-10-31": "37.69150", "2016-10-31": "37.45610", "2015-10-31": "36.52710", "2014-10-31": "35.17690", "2013-10-31": "36.79590", "2012-10-31": "36.48930", "2011-10-31": "35.87980", "2010-10-31": "36.03560", "2009-10-31": "33.62670", "2008-10-31": "36.14600", "2007-10-31": "34.93790", "2006-10-31": "36.33780", "2005-10-31": "37.45490"}, "Operating Margin": {"2020-10-31": "21.07700", "2019-10-31": "22.23620", "2018-10-31": "21.16450", "2017-10-31": "20.11120", "2016-10-31": "19.28020", "2015-10-31": "19.32080", "2014-10-31": "17.96220", "2013-10-31": "18.19960", "2012-10-31": "18.19740", "2011-10-31": "18.09810", "2010-10-31": "17.69360", "2009-10-31": "16.39530", "2008-10-31": "18.16580", "2007-10-31": "16.93440", "2006-10-31": "17.04960", "2005-10-31": "16.55830"}, "EBIT Margin": {"2020-10-31": "21.07700", "2019-10-31": "22.23620", "2018-10-31": "21.16450", "2017-10-31": "20.11120", "2016-10-31": "19.28020", "2015-10-31": "19.32080", "2014-10-31": "17.96220", "2013-10-31": "18.19960", "2012-10-31": "18.19740", "2011-10-31": "18.09810", "2010-10-31": "17.69360", "2009-10-31": "16.39530", "2008-10-31": "18.16580", "2007-10-31": "16.93440", "2006-10-31": "17.04960", "2005-10-31": "16.55830"}, "EBITDA Margin": {"2020-10-31": "26.03280", "2019-10-31": "26.29800", "2018-10-31": "25.50660", "2017-10-31": "24.36240", "2016-10-31": "23.66000", "2015-10-31": "23.35120", "2014-10-31": "22.17990", "2013-10-31": "21.84670", "2012-10-31": "21.61370", "2011-10-31": "20.52240", "2010-10-31": "20.54550", "2009-10-31": "19.17570", "2008-10-31": "20.75050", "2007-10-31": "19.32990", "2006-10-31": "19.74350", "2005-10-31": "19.30600"}, "Pre-Tax Profit Margin": {"2020-10-31": "20.41710", "2019-10-31": "21.29940", "2018-10-31": "20.04170", "2017-10-31": "19.54080", "2016-10-31": "18.67750", "2015-10-31": "18.92600", "2014-10-31": "17.53690", "2013-10-31": "17.91920", "2012-10-31": "17.96130", "2011-10-31": "18.08790", "2010-10-31": "17.67450", "2009-10-31": "16.31910", "2008-10-31": "17.65910", "2007-10-31": "16.30480", "2006-10-31": "16.31430", "2005-10-31": "16.33280"}, "Net Profit Margin": {"2020-10-31": "17.57040", "2019-10-31": "15.95100", "2018-10-31": "14.58230", "2017-10-31": "12.19720", "2016-10-31": "11.34900", "2015-10-31": "11.21980", "2014-10-31": "10.71200", "2013-10-31": "10.15070", "2012-10-31": "9.48870", "2011-10-31": "9.52030", "2010-10-31": "8.90380", "2009-10-31": "8.29020", "2008-10-31": "8.33030", "2007-10-31": "7.67930", "2006-10-31": "8.13080", "2005-10-31": "8.45990"}, "Asset Turnover": {"2020-10-31": "0.50370", "2019-10-31": "0.69230", "2018-10-31": "0.67000", "2017-10-31": "0.60690", "2016-10-31": "0.68870", "2015-10-31": "0.68460", "2014-10-31": "0.76030", "2013-10-31": "0.65800", "2012-10-31": "0.75230", "2011-10-31": "0.81280", "2010-10-31": "0.78940", "2009-10-31": "0.73450", "2008-10-31": "0.86080", "2007-10-31": "0.80460", "2006-10-31": "0.73330", "2005-10-31": "0.61900"}, "Inventory Turnover Ratio": {"2020-10-31": "2.38530", "2019-10-31": "2.95440", "2018-10-31": "2.70700", "2017-10-31": "2.76490", "2016-10-31": "3.00650", "2015-10-31": "3.09820", "2014-10-31": "3.36630", "2013-10-31": "2.91270", "2012-10-31": "3.00420", "2011-10-31": "2.97300", "2010-10-31": "2.85550", "2009-10-31": "2.59680", "2008-10-31": "2.79780", "2007-10-31": "2.85450", "2006-10-31": "2.56650", "2005-10-31": "2.68730"}, "Receiveable Turnover": {"2020-10-31": "8.49210", "2019-10-31": "7.49340", "2018-10-31": "7.49190", "2017-10-31": "6.85440", "2016-10-31": "6.80550", "2015-10-31": "6.54570", "2014-10-31": "7.56540", "2013-10-31": "6.42430", "2012-10-31": "7.34240", "2011-10-31": "7.18790", "2010-10-31": "6.72030", "2009-10-31": "6.91330", "2008-10-31": "6.58740", "2007-10-31": "6.16420", "2006-10-31": "6.03260", "2005-10-31": "5.65680"}, "Days Sales In Receivables": {"2020-10-31": "42.98130", "2019-10-31": "48.70920", "2018-10-31": "48.71930", "2017-10-31": "53.25010", "2016-10-31": "53.63300", "2015-10-31": "55.76210", "2014-10-31": "48.24570", "2013-10-31": "56.81550", "2012-10-31": "49.71110", "2011-10-31": "50.77990", "2010-10-31": "54.31340", "2009-10-31": "52.79690", "2008-10-31": "55.40870", "2007-10-31": "59.21290", "2006-10-31": "60.50480", "2005-10-31": "64.52440"}, "ROE - Return On Equity": {"2020-10-31": "16.70420", "2019-10-31": "21.22790", "2018-10-31": "19.00760", "2017-10-31": "16.63550", "2016-10-31": "16.81290", "2015-10-31": "17.19120", "2014-10-31": "17.91490", "2013-10-31": "17.22280", "2012-10-31": "14.82090", "2011-10-31": "15.39180", "2010-10-31": "13.04100", "2009-10-31": "12.19690", "2008-10-31": "16.13060", "2007-10-31": "10.49650", "2006-10-31": "10.05110", "2005-10-31": "8.34070"}, "Return On Tangible Equity": {"2020-10-31": "693.93070", "2019-10-31": "-288.40170", "2018-10-31": "-241.72990", "2017-10-31": "-55.95870", "2016-10-31": "-95.28070", "2015-10-31": "-105.20890", "2014-10-31": "-123.39460", "2013-10-31": "-60.22910", "2012-10-31": "457.42190", "2011-10-31": "96.81330", "2010-10-31": "60.13400", "2009-10-31": "71.39110", "2008-10-31": "97.12190", "2007-10-31": "151.38170", "2006-10-31": "158.40240", "2005-10-31": "114.47210"}, "ROA - Return On Assets": {"2020-10-31": "9.46680", "2019-10-31": "12.11570", "2018-10-31": "10.76680", "2017-10-31": "8.26530", "2016-10-31": "8.81450", "2015-10-31": "8.84390", "2014-10-31": "9.31850", "2013-10-31": "8.12520", "2012-10-31": "8.94290", "2011-10-31": "10.14300", "2010-10-31": "9.25680", "2009-10-31": "8.16540", "2008-10-31": "9.96050", "2007-10-31": "6.17850", "2006-10-31": "5.96240", "2005-10-31": "5.23660"}, "ROI - Return On Investment": {"2020-10-31": "12.21560", "2019-10-31": "15.94800", "2018-10-31": "14.04130", "2017-10-31": "10.80540", "2016-10-31": "11.70030", "2015-10-31": "12.18270", "2014-10-31": "12.57780", "2013-10-31": "11.32320", "2012-10-31": "12.53590", "2011-10-31": "14.46310", "2010-10-31": "12.71840", "2009-10-31": "10.96360", "2008-10-31": "14.80570", "2007-10-31": "9.16980", "2006-10-31": "8.56560", "2005-10-31": "7.41700"}, "Book Value Per Share": {"2020-10-31": "14.88040", "2019-10-31": "12.60010", "2018-10-31": "11.30670", "2017-10-31": "9.45650", "2016-10-31": "7.97200", "2015-10-31": "6.83920", "2014-10-31": "5.95990", "2013-10-31": "5.57880", "2012-10-31": "5.57690", "2011-10-31": "4.82960", "2010-10-31": "4.40880", "2009-10-31": "3.93910", "2008-10-31": "3.31820", "2007-10-31": "2.97990", "2006-10-31": "2.62210", "2005-10-31": "2.33390"}, "Operating Cash Flow Per Share": {"2020-10-31": -0.2047, "2019-10-31": 0.7814, "2018-10-31": 0.2768, "2017-10-31": 0.1756, "2016-10-31": 0.6454, "2015-10-31": -0.1422, "2014-10-31": 0.4397, "2013-10-31": -0.0573, "2012-10-31": 0.0973, "2011-10-31": 0.1781, "2010-10-31": 0.2012, "2009-10-31": 0.0252, "2008-10-31": 0.1158, "2007-10-31": 0.0775, "2006-10-31": 0.0846, "2005-10-31": 0.2853}, "Free Cash Flow Per Share": {"2020-10-31": -0.161, "2019-10-31": 0.877, "2018-10-31": 0.1623, "2017-10-31": 0.2156, "2016-10-31": 0.5514, "2015-10-31": -0.1555, "2014-10-31": 0.4553, "2013-10-31": -0.0801, "2012-10-31": 0.0528, "2011-10-31": 0.1742, "2010-10-31": 0.2119, "2009-10-31": 0.0492, "2008-10-31": 0.1126, "2007-10-31": 0.0557, "2006-10-31": 0.0439, "2005-10-31": 0.2474}}, "financial ratios, quarterly": {"Current Ratio": {"2020-10-31": "4.83340", "2020-07-31": "4.96750", "2020-04-30": "4.39050", "2020-01-31": "3.38650", "2019-10-31": "2.81430", "2019-07-31": "2.98210", "2019-04-30": "3.19910", "2019-01-31": "3.47780", "2018-10-31": "2.59820", "2018-07-31": "2.85820", "2018-04-30": "3.01990", "2018-01-31": "2.89200", "2017-10-31": "2.53330", "2017-07-31": "2.88830", "2017-04-30": "2.97120", "2017-01-31": "2.92400", "2016-10-31": "2.53310", "2016-07-31": "2.97260", "2016-04-30": "3.37390", "2016-01-31": "3.36720", "2015-10-31": "2.99080", "2015-07-31": "3.15240", "2015-04-30": "3.20930", "2015-01-31": "3.05490", "2014-10-31": "2.83340", "2014-07-31": "3.19280", "2014-04-30": "3.38060", "2014-01-31": "3.00540", "2013-10-31": "2.73720", "2013-07-31": "2.87630", "2013-04-30": "3.20980", "2013-01-31": "3.50670", "2012-10-31": "2.79750", "2012-07-31": "3.10430", "2012-04-30": "2.84980", "2012-01-31": "3.49460", "2011-10-31": "2.56620", "2011-07-31": "3.29880", "2011-04-30": "3.19010", "2011-01-31": "3.45320", "2010-10-31": "3.16810", "2010-07-31": "3.82080", "2010-04-30": "3.92570", "2010-01-31": "3.75830", "2009-10-31": "3.71800", "2009-07-31": "4.17180", "2009-04-30": "3.95200", "2009-01-31": "4.01990", "2008-10-31": "3.09630", "2008-07-31": "3.23230", "2008-04-30": "3.13960", "2008-01-31": "3.48140", "2007-10-31": "2.49390", "2007-07-31": "3.10050", "2007-04-30": "3.23030", "2007-01-31": "3.61680", "2006-10-31": "2.74830", "2006-07-31": "3.25320", "2006-04-30": "3.49000", "2006-01-31": "2.95000", "2005-10-31": "2.52520", "2005-07-31": "3.16020", "2005-04-30": "3.17550", "2005-01-31": "3.89120"}, "Long-term Debt / Capital": {"2020-10-31": "0.26870", "2020-07-31": "0.27460", "2020-04-30": "0.28120", "2020-01-31": "0.23890", "2019-10-31": "0.24870", "2019-07-31": "0.28020", "2019-04-30": "0.25050", "2019-01-31": "0.27500", "2018-10-31": "0.26130", "2018-07-31": "0.30340", "2018-04-30": "0.33290", "2018-01-31": "0.33450", "2017-10-31": "0.35050", "2017-07-31": "0.26630", "2017-04-30": "0.28800", "2017-01-31": "0.27690", "2016-10-31": "0.30410", "2016-07-31": "0.33480", "2016-04-30": "0.36510", "2016-01-31": "0.39200", "2015-10-31": "0.29130", "2015-07-31": "0.25880", "2015-04-30": "0.28270", "2015-01-31": "0.31140", "2014-10-31": "0.29790", "2014-07-31": "0.34110", "2014-04-30": "0.37810", "2014-01-31": "0.34190", "2013-10-31": "0.34250", "2013-07-31": "0.31580", "2013-04-30": "0.25710", "2013-01-31": "0.28670", "2012-10-31": "0.15420", "2012-07-31": "0.18100", "2012-04-30": "0.20610", "2012-01-31": "0.22740", "2011-10-31": "0.06030", "2011-07-31": "0.00010", "2011-04-30": "0.01160", "2011-01-31": "0.04000", "2010-10-31": "0.02470", "2010-07-31": "0.08080", "2010-04-30": "0.10940", "2010-01-31": "0.07890", "2009-10-31": "0.10110", "2009-07-31": "0.11220", "2009-04-30": "0.07930", "2009-01-31": "0.08590", "2008-10-31": "0.08210", "2008-07-31": "0.09410", "2008-04-30": "0.12260", "2008-01-31": "0.14370", "2007-10-31": "0.12640", "2007-07-31": "0.09950", "2007-04-30": "0.12540", "2007-01-31": "0.15310", "2006-10-31": "0.14780", "2006-07-31": "0.16350", "2006-04-30": "0.17190", "2006-01-31": "0.17760", "2005-10-31": "0.11070", "2005-07-31": "0.07630", "2005-04-30": "0.09410", "2005-01-31": "0.10890"}, "Debt/Equity Ratio": {"2020-10-31": "0.36800", "2020-07-31": "0.37910", "2020-04-30": "0.39170", "2020-01-31": "0.31440", "2019-10-31": "0.33160", "2019-07-31": "0.38980", "2019-04-30": "0.33470", "2019-01-31": "0.37990", "2018-10-31": "0.35430", "2018-07-31": "0.43610", "2018-04-30": "0.49930", "2018-01-31": "0.50300", "2017-10-31": "0.53990", "2017-07-31": "0.36330", "2017-04-30": "0.40480", "2017-01-31": "0.38340", "2016-10-31": "0.43740", "2016-07-31": "0.50370", "2016-04-30": "0.57530", "2016-01-31": "0.64510", "2015-10-31": "0.41150", "2015-07-31": "0.34960", "2015-04-30": "0.39450", "2015-01-31": "0.45270", "2014-10-31": "0.42490", "2014-07-31": "0.51840", "2014-04-30": "0.60870", "2014-01-31": "0.52120", "2013-10-31": "0.52200", "2013-07-31": "0.46250", "2013-04-30": "0.34700", "2013-01-31": "0.40290", "2012-10-31": "0.18310", "2012-07-31": "0.22140", "2012-04-30": "0.26000", "2012-01-31": "0.29480", "2011-10-31": "0.06480", "2011-07-31": "0.00020", "2011-04-30": "0.01190", "2011-01-31": "0.04190", "2010-10-31": "0.02560", "2010-07-31": "0.08820", "2010-04-30": "0.12330", "2010-01-31": "0.08620", "2009-10-31": "0.11300", "2009-07-31": "0.12690", "2009-04-30": "0.08670", "2009-01-31": "0.09440", "2008-10-31": "0.09000", "2008-07-31": "0.10450", "2008-04-30": "0.14030", "2008-01-31": "0.17350", "2007-10-31": "0.15060", "2007-07-31": "0.11610", "2007-04-30": "0.14920", "2007-01-31": "0.18080", "2006-10-31": "0.17360", "2006-07-31": "0.19570", "2006-04-30": "0.21300", "2006-01-31": "0.22680", "2005-10-31": "0.12480", "2005-07-31": "0.08290", "2005-04-30": "0.10410", "2005-01-31": "0.12240"}, "Gross Margin": {"2020-10-31": "37.94350", "2020-07-31": "37.13230", "2020-04-30": "38.21240", "2020-01-31": "39.11850", "2019-10-31": "38.66550", "2019-07-31": "39.98150", "2019-04-30": "40.60660", "2019-01-31": "39.09440", "2018-10-31": "39.09920", "2018-07-31": "38.98650", "2018-04-30": "38.98190", "2018-01-31": "38.27580", "2017-10-31": "37.99140", "2017-07-31": "38.03240", "2017-04-30": "38.07930", "2017-01-31": "36.51870", "2016-10-31": "37.34770", "2016-07-31": "37.51450", "2016-04-30": "38.22320", "2016-01-31": "36.63820", "2015-10-31": "38.57830", "2015-07-31": "35.98630", "2015-04-30": "36.19990", "2015-01-31": "34.97470", "2014-10-31": "35.22860", "2014-07-31": "35.50390", "2014-04-30": "35.40420", "2014-01-31": "34.52330", "2013-10-31": "37.08920", "2013-07-31": "36.51370", "2013-04-30": "37.62940", "2013-01-31": "35.83950", "2012-10-31": "37.01930", "2012-07-31": "37.28480", "2012-04-30": "34.76340", "2012-01-31": "36.79580", "2011-10-31": "35.57310", "2011-07-31": "35.39620", "2011-04-30": "35.97620", "2011-01-31": "36.69290", "2010-10-31": "36.04420", "2010-07-31": "36.36380", "2010-04-30": "34.85720", "2010-01-31": "36.97940", "2009-10-31": "33.96630", "2009-07-31": "34.16540", "2009-04-30": "32.66440", "2009-01-31": "33.65920", "2008-10-31": "36.66440", "2008-07-31": "36.55750", "2008-04-30": "36.34850", "2008-01-31": "34.87230", "2007-10-31": "34.74510", "2007-07-31": "35.82670", "2007-04-30": "36.02440", "2007-01-31": "32.97560", "2006-10-31": "35.82060", "2006-07-31": "36.78600", "2006-04-30": "36.41580", "2006-01-31": "36.38100", "2005-10-31": "38.77480", "2005-07-31": "37.58770", "2005-04-30": "37.39570", "2005-01-31": "35.59080"}, "Operating Margin": {"2020-10-31": "20.89810", "2020-07-31": "17.71020", "2020-04-30": "23.10410", "2020-01-31": "21.92290", "2019-10-31": "22.26160", "2019-07-31": "22.43260", "2019-04-30": "23.11330", "2019-01-31": "21.01210", "2018-10-31": "21.74470", "2018-07-31": "21.77280", "2018-04-30": "21.26440", "2018-01-31": "19.67310", "2017-10-31": "21.23430", "2017-07-31": "19.44370", "2017-04-30": "20.76240", "2017-01-31": "18.79560", "2016-10-31": "20.94040", "2016-07-31": "19.61730", "2016-04-30": "19.04870", "2016-01-31": "17.18370", "2015-10-31": "20.97890", "2015-07-31": "19.47930", "2015-04-30": "19.14340", "2015-01-31": "17.30370", "2014-10-31": "18.38290", "2014-07-31": "17.21920", "2014-04-30": "17.42220", "2014-01-31": "18.88310", "2013-10-31": "19.32920", "2013-07-31": "18.12060", "2013-04-30": "18.79950", "2013-01-31": "16.13890", "2012-10-31": "18.81370", "2012-07-31": "18.78800", "2012-04-30": "17.38260", "2012-01-31": "17.69630", "2011-10-31": "17.92080", "2011-07-31": "18.10030", "2011-04-30": "17.84040", "2011-01-31": "18.58120", "2010-10-31": "17.52320", "2010-07-31": "18.31870", "2010-04-30": "16.87220", "2010-01-31": "18.10900", "2009-10-31": "16.75480", "2009-07-31": "15.97630", "2009-04-30": "16.37830", "2009-01-31": "16.44700", "2008-10-31": "18.31980", "2008-07-31": "18.66130", "2008-04-30": "18.29990", "2008-01-31": "17.29880", "2007-10-31": "17.04940", "2007-07-31": "17.98210", "2007-04-30": "17.39310", "2007-01-31": "15.07690", "2006-10-31": "16.00090", "2006-07-31": "17.01840", "2006-04-30": "18.04720", "2006-01-31": "17.35050", "2005-10-31": "16.73460", "2005-07-31": "16.98590", "2005-04-30": "17.07110", "2005-01-31": "15.19980"}, "EBIT Margin": {"2020-10-31": "20.89810", "2020-07-31": "17.71020", "2020-04-30": "23.10410", "2020-01-31": "21.92290", "2019-10-31": "22.26160", "2019-07-31": "22.43260", "2019-04-30": "23.11330", "2019-01-31": "21.01210", "2018-10-31": "21.74470", "2018-07-31": "21.77280", "2018-04-30": "21.26440", "2018-01-31": "19.67310", "2017-10-31": "21.23430", "2017-07-31": "19.44370", "2017-04-30": "20.76240", "2017-01-31": "18.79560", "2016-10-31": "20.94040", "2016-07-31": "19.61730", "2016-04-30": "19.04870", "2016-01-31": "17.18370", "2015-10-31": "20.97900", "2015-07-31": "19.47930", "2015-04-30": "19.14340", "2015-01-31": "17.30370", "2014-10-31": "18.38290", "2014-07-31": "17.21920", "2014-04-30": "17.42220", "2014-01-31": "18.88310", "2013-10-31": "19.32920", "2013-07-31": "18.12060", "2013-04-30": "18.79950", "2013-01-31": "16.13890", "2012-10-31": "18.81370", "2012-07-31": "18.78800", "2012-04-30": "17.38260", "2012-01-31": "17.69630", "2011-10-31": "17.92080", "2011-07-31": "18.10030", "2011-04-30": "17.84040", "2011-01-31": "18.58120", "2010-10-31": "17.52320", "2010-07-31": "18.31870", "2010-04-30": "16.87220", "2010-01-31": "18.10900", "2009-10-31": "16.75480", "2009-07-31": "15.97630", "2009-04-30": "16.37830", "2009-01-31": "16.44700", "2008-10-31": "18.31980", "2008-07-31": "18.66130", "2008-04-30": "18.29990", "2008-01-31": "17.29880", "2007-10-31": "17.04940", "2007-07-31": "17.98210", "2007-04-30": "17.39310", "2007-01-31": "15.07690", "2006-10-31": "16.00090", "2006-07-31": "17.01840", "2006-04-30": "18.04720", "2006-01-31": "17.35050", "2005-10-31": "16.73460", "2005-07-31": "16.98590", "2005-04-30": "17.07110", "2005-01-31": "15.19980"}, "EBITDA Margin": {"2020-10-31": "", "2020-07-31": "", "2020-04-30": "", "2020-01-31": "", "2019-10-31": "", "2019-07-31": "", "2019-04-30": "", "2019-01-31": "", "2018-10-31": "", "2018-07-31": "", "2018-04-30": "", "2018-01-31": "", "2017-10-31": "", "2017-07-31": "", "2017-04-30": "", "2017-01-31": "", "2016-10-31": "", "2016-07-31": "", "2016-04-30": "", "2016-01-31": "", "2015-10-31": "", "2015-07-31": "", "2015-04-30": "", "2015-01-31": "", "2014-10-31": "", "2014-07-31": "", "2014-04-30": "", "2014-01-31": "", "2013-10-31": "", "2013-07-31": "", "2013-04-30": "", "2013-01-31": "", "2012-10-31": "", "2012-07-31": "", "2012-04-30": "", "2012-01-31": "", "2011-10-31": "", "2011-07-31": "", "2011-04-30": "", "2011-01-31": "", "2010-10-31": "", "2010-07-31": "", "2010-04-30": "", "2010-01-31": "", "2009-10-31": "", "2009-07-31": "", "2009-04-30": "", "2009-01-31": "", "2008-10-31": "", "2008-07-31": "", "2008-04-30": "", "2008-01-31": "", "2007-10-31": "", "2007-07-31": "", "2007-04-30": "", "2007-01-31": "", "2006-10-31": "", "2006-07-31": "", "2006-04-30": "", "2006-01-31": "", "2005-10-31": "", "2005-07-31": "", "2005-04-30": "", "2005-01-31": ""}, "Pre-Tax Profit Margin": {"2020-10-31": "20.40930", "2020-07-31": "17.20040", "2020-04-30": "22.32400", "2020-01-31": "21.11540", "2019-10-31": "21.30510", "2019-07-31": "21.44540", "2019-04-30": "22.53150", "2019-01-31": "19.76330", "2018-10-31": "20.67190", "2018-07-31": "20.62990", "2018-04-30": "20.06750", "2018-01-31": "18.59380", "2017-10-31": "20.48480", "2017-07-31": "18.86970", "2017-04-30": "20.27170", "2017-01-31": "18.36320", "2016-10-31": "20.31960", "2016-07-31": "18.97750", "2016-04-30": "18.54540", "2016-01-31": "16.53150", "2015-10-31": "20.45540", "2015-07-31": "19.05580", "2015-04-30": "18.87440", "2015-01-31": "16.96260", "2014-10-31": "17.95820", "2014-07-31": "16.75150", "2014-04-30": "17.03560", "2014-01-31": "18.46220", "2013-10-31": "19.05290", "2013-07-31": "17.73200", "2013-04-30": "18.52950", "2013-01-31": "15.97490", "2012-10-31": "18.61030", "2012-07-31": "18.48570", "2012-04-30": "17.16210", "2012-01-31": "17.47710", "2011-10-31": "17.85960", "2011-07-31": "18.06790", "2011-04-30": "17.90160", "2011-01-31": "18.58180", "2010-10-31": "17.47120", "2010-07-31": "18.21320", "2010-04-30": "16.93780", "2010-01-31": "18.13550", "2009-10-31": "16.67680", "2009-07-31": "15.98150", "2009-04-30": "16.32990", "2009-01-31": "16.26150", "2008-10-31": "17.82080", "2008-07-31": "18.26210", "2008-04-30": "17.88130", "2008-01-31": "16.57050", "2007-10-31": "16.34300", "2007-07-31": "17.37450", "2007-04-30": "16.78590", "2007-01-31": "14.49190", "2006-10-31": "15.43460", "2006-07-31": "16.18940", "2006-04-30": "17.44560", "2006-01-31": "16.37330", "2005-10-31": "16.41580", "2005-07-31": "17.11460", "2005-04-30": "16.68880", "2005-01-31": "14.85410"}, "Net Profit Margin": {"2020-10-31": "14.62460", "2020-07-31": "14.05660", "2020-04-30": "16.11740", "2020-01-31": "24.07550", "2019-10-31": "15.82260", "2019-07-31": "15.23470", "2019-04-30": "15.86000", "2019-01-31": "17.01870", "2018-10-31": "14.12860", "2018-07-31": "14.40150", "2018-04-30": "13.84530", "2018-01-31": "16.11040", "2017-10-31": "12.74240", "2017-07-31": "11.67250", "2017-04-30": "12.39260", "2017-01-31": "11.91710", "2016-10-31": "12.18340", "2016-07-31": "11.79550", "2016-04-30": "11.02450", "2016-01-31": "10.21170", "2015-10-31": "11.63770", "2015-07-31": "11.44220", "2015-04-30": "11.35990", "2015-01-31": "10.30630", "2014-10-31": "10.98650", "2014-07-31": "11.46480", "2014-04-30": "10.05100", "2014-01-31": "10.28950", "2013-10-31": "10.36480", "2013-07-31": "10.83620", "2013-04-30": "9.97020", "2013-01-31": "9.21890", "2012-10-31": "9.81440", "2012-07-31": "10.23500", "2012-04-30": "8.80340", "2012-01-31": "9.02170", "2011-10-31": "8.86180", "2011-07-31": "10.34230", "2011-04-30": "9.12260", "2011-01-31": "9.80030", "2010-10-31": "9.23540", "2010-07-31": "9.43320", "2010-04-30": "8.17250", "2010-01-31": "8.70110", "2009-10-31": "8.10270", "2009-07-31": "8.30210", "2009-04-30": "8.09810", "2009-01-31": "8.67620", "2008-10-31": "8.71000", "2008-07-31": "8.70780", "2008-04-30": "8.29500", "2008-01-31": "7.51080", "2007-10-31": "7.69500", "2007-07-31": "8.19650", "2007-04-30": "7.76060", "2007-01-31": "6.96760", "2006-10-31": "8.48710", "2006-07-31": "8.10010", "2006-04-30": "8.18960", "2006-01-31": "7.66050", "2005-10-31": "8.65740", "2005-07-31": "8.74090", "2005-04-30": "8.53030", "2005-01-31": "7.77100"}, "Asset Turnover": {"2020-10-31": "0.12010", "2020-07-31": "0.11290", "2020-04-30": "0.13910", "2020-01-31": "0.16350", "2019-10-31": "0.18240", "2019-07-31": "0.17980", "2019-04-30": "0.18070", "2019-01-31": "0.16670", "2018-10-31": "0.17970", "2018-07-31": "0.17550", "2018-04-30": "0.16390", "2018-01-31": "0.15730", "2017-10-31": "0.16770", "2017-07-31": "0.17610", "2017-04-30": "0.16930", "2017-01-31": "0.16910", "2016-10-31": "0.18180", "2016-07-31": "0.17650", "2016-04-30": "0.17380", "2016-01-31": "0.15450", "2015-10-31": "0.18930", "2015-07-31": "0.18910", "2015-04-30": "0.18440", "2015-01-31": "0.17020", "2014-10-31": "0.19620", "2014-07-31": "0.19310", "2014-04-30": "0.18240", "2014-01-31": "0.17510", "2013-10-31": "0.18750", "2013-07-31": "0.19260", "2013-04-30": "0.19660", "2013-01-31": "0.18150", "2012-10-31": "0.20320", "2012-07-31": "0.19490", "2012-04-30": "0.18460", "2012-01-31": "0.18780", "2011-10-31": "0.22200", "2011-07-31": "0.23080", "2011-04-30": "0.22100", "2011-01-31": "0.21100", "2010-10-31": "0.21670", "2010-07-31": "0.20340", "2010-04-30": "0.19730", "2010-01-31": "0.18370", "2009-10-31": "0.19590", "2009-07-31": "0.18790", "2009-04-30": "0.19300", "2009-01-31": "0.19400", "2008-10-31": "0.23160", "2008-07-31": "0.22130", "2008-04-30": "0.21680", "2008-01-31": "0.20710", "2007-10-31": "0.22160", "2007-07-31": "0.23310", "2007-04-30": "0.21670", "2007-01-31": "0.20780", "2006-10-31": "0.20540", "2006-07-31": "0.19860", "2006-04-30": "0.18780", "2006-01-31": "0.18300", "2005-10-31": "0.17570", "2005-07-31": "0.17340", "2005-04-30": "0.17030", "2005-01-31": "0.14960"}, "Inventory Turnover Ratio": {"2020-10-31": "0.57100", "2020-07-31": "0.51350", "2020-04-30": "0.63180", "2020-01-31": "0.69850", "2019-10-31": "0.79020", "2019-07-31": "0.76740", "2019-04-30": "0.74640", "2019-01-31": "0.69870", "2018-10-31": "0.72330", "2018-07-31": "0.72540", "2018-04-30": "0.68660", "2018-01-31": "0.67940", "2017-10-31": "0.76010", "2017-07-31": "0.71260", "2017-04-30": "0.70100", "2017-01-31": "0.72400", "2016-10-31": "0.79500", "2016-07-31": "0.77610", "2016-04-30": "0.76780", "2016-01-31": "0.70950", "2015-10-31": "0.82900", "2015-07-31": "0.81390", "2015-04-30": "0.80480", "2015-01-31": "0.76500", "2014-10-31": "0.86810", "2014-07-31": "0.84880", "2014-04-30": "0.81020", "2014-01-31": "0.77960", "2013-10-31": "0.82610", "2013-07-31": "0.78420", "2013-04-30": "0.74320", "2013-01-31": "0.71200", "2012-10-31": "0.80480", "2012-07-31": "0.73470", "2012-04-30": "0.75300", "2012-01-31": "0.73130", "2011-10-31": "0.81590", "2011-07-31": "0.81920", "2011-04-30": "0.76860", "2011-01-31": "0.73800", "2010-10-31": "0.78370", "2010-07-31": "0.71580", "2010-04-30": "0.69330", "2010-01-31": "0.60300", "2009-10-31": "0.68920", "2009-07-31": "0.60670", "2009-04-30": "0.61500", "2009-01-31": "0.61620", "2008-10-31": "0.74680", "2008-07-31": "0.71910", "2008-04-30": "0.74220", "2008-01-31": "0.74200", "2007-10-31": "0.78840", "2007-07-31": "0.76740", "2007-04-30": "0.72540", "2007-01-31": "0.76790", "2006-10-31": "0.72450", "2006-07-31": "0.71230", "2006-04-30": "0.70590", "2006-01-31": "0.71850", "2005-10-31": "0.74660", "2005-07-31": "0.73330", "2005-04-30": "0.76970", "2005-01-31": "0.69970"}, "Receiveable Turnover": {"2020-10-31": "2.02520", "2020-07-31": "2.13330", "2020-04-30": "2.02760", "2020-01-31": "2.00860", "2019-10-31": "1.97400", "2019-07-31": "2.05280", "2019-04-30": "1.98730", "2019-01-31": "1.96020", "2018-10-31": "2.00970", "2018-07-31": "1.86830", "2018-04-30": "1.80750", "2018-01-31": "1.92320", "2017-10-31": "1.89350", "2017-07-31": "1.89680", "2017-04-30": "1.72990", "2017-01-31": "1.95100", "2016-10-31": "1.79650", "2016-07-31": "1.87790", "2016-04-30": "1.95670", "2016-01-31": "1.76080", "2015-10-31": "1.80990", "2015-07-31": "1.99010", "2015-04-30": "1.90890", "2015-01-31": "1.75440", "2014-10-31": "1.95250", "2014-07-31": "1.95110", "2014-04-30": "1.70990", "2014-01-31": "1.77630", "2013-10-31": "1.83050", "2013-07-31": "1.91630", "2013-04-30": "1.87380", "2013-01-31": "1.96350", "2012-10-31": "1.98350", "2012-07-31": "1.98660", "2012-04-30": "1.89040", "2012-01-31": "1.96880", "2011-10-31": "1.96330", "2011-07-31": "1.96440", "2011-04-30": "1.83440", "2011-01-31": "1.89270", "2010-10-31": "1.84470", "2010-07-31": "1.88240", "2010-04-30": "1.94170", "2010-01-31": "1.81950", "2009-10-31": "1.84430", "2009-07-31": "1.85820", "2009-04-30": "1.80830", "2009-01-31": "1.74870", "2008-10-31": "1.77270", "2008-07-31": "1.92830", "2008-04-30": "1.72260", "2008-01-31": "1.80210", "2007-10-31": "1.69750", "2007-07-31": "1.77870", "2007-04-30": "1.78210", "2007-01-31": "1.71310", "2006-10-31": "1.68930", "2006-07-31": "1.65240", "2006-04-30": "1.61800", "2006-01-31": "1.72590", "2005-10-31": "1.60540", "2005-07-31": "1.66010", "2005-04-30": "1.56140", "2005-01-31": "1.61450"}, "Days Sales In Receivables": {"2020-10-31": "44.43910", "2020-07-31": "42.18850", "2020-04-30": "44.38690", "2020-01-31": "44.80670", "2019-10-31": "45.59190", "2019-07-31": "43.84340", "2019-04-30": "45.28730", "2019-01-31": "45.91270", "2018-10-31": "44.78180", "2018-07-31": "48.17120", "2018-04-30": "49.79300", "2018-01-31": "46.79660", "2017-10-31": "47.53060", "2017-07-31": "47.44940", "2017-04-30": "52.02570", "2017-01-31": "46.13030", "2016-10-31": "50.09770", "2016-07-31": "47.92560", "2016-04-30": "45.99660", "2016-01-31": "51.11360", "2015-10-31": "49.72550", "2015-07-31": "45.22320", "2015-04-30": "47.14720", "2015-01-31": "51.30020", "2014-10-31": "46.09570", "2014-07-31": "46.12720", "2014-04-30": "52.63320", "2014-01-31": "50.66700", "2013-10-31": "49.16740", "2013-07-31": "46.96570", "2013-04-30": "48.02970", "2013-01-31": "45.83690", "2012-10-31": "45.37480", "2012-07-31": "45.30370", "2012-04-30": "47.60870", "2012-01-31": "45.71290", "2011-10-31": "45.84200", "2011-07-31": "45.81600", "2011-04-30": "49.06180", "2011-01-31": "47.55070", "2010-10-31": "48.78880", "2010-07-31": "47.81080", "2010-04-30": "46.35110", "2010-01-31": "49.46460", "2009-10-31": "48.79820", "2009-07-31": "48.43530", "2009-04-30": "49.77150", "2009-01-31": "51.46690", "2008-10-31": "50.76870", "2008-07-31": "46.67260", "2008-04-30": "52.24710", "2008-01-31": "49.94240", "2007-10-31": "53.02000", "2007-07-31": "50.59890", "2007-04-30": "50.50290", "2007-01-31": "52.53510", "2006-10-31": "53.27640", "2006-07-31": "54.46490", "2006-04-30": "55.62410", "2006-01-31": "52.14530", "2005-10-31": "56.06240", "2005-07-31": "54.21420", "2005-04-30": "57.63930", "2005-01-31": "55.74440"}, "ROE - Return On Equity": {"2020-10-31": "3.36120", "2020-07-31": "2.94870", "2020-04-30": "4.28200", "2020-01-31": "7.17440", "2019-10-31": "5.46260", "2019-07-31": "5.42260", "2019-04-30": "5.41960", "2019-01-31": "5.49560", "2018-10-31": "4.92890", "2018-07-31": "5.16660", "2018-04-30": "4.82010", "2018-01-31": "5.39050", "2017-10-31": "4.73340", "2017-07-31": "4.30150", "2017-04-30": "4.46480", "2017-01-31": "4.25000", "2016-10-31": "4.72660", "2016-07-31": "4.64070", "2016-04-30": "4.46930", "2016-01-31": "3.89540", "2015-10-31": "4.92920", "2015-07-31": "4.54570", "2015-04-30": "4.64800", "2015-01-31": "4.09360", "2014-10-31": "4.65750", "2014-07-31": "5.01170", "2014-04-30": "4.57040", "2014-01-31": "4.47440", "2013-10-31": "4.94490", "2013-07-31": "5.03260", "2013-04-30": "4.40970", "2013-01-31": "3.94980", "2012-10-31": "4.07260", "2012-07-31": "4.15190", "2012-04-30": "3.60530", "2012-01-31": "3.78080", "2011-10-31": "3.93640", "2011-07-31": "4.24150", "2011-04-30": "3.69090", "2011-01-31": "3.90250", "2010-10-31": "3.58510", "2010-07-31": "3.64320", "2010-04-30": "3.24090", "2010-01-31": "3.18230", "2009-10-31": "3.11420", "2009-07-31": "3.35050", "2009-04-30": "3.30370", "2009-01-31": "3.57570", "2008-10-31": "7.78580", "2008-07-31": "3.13320", "2008-04-30": "3.00210", "2008-01-31": "2.61800", "2007-10-31": "2.89640", "2007-07-31": "3.08840", "2007-04-30": "2.75030", "2007-01-31": "2.38580", "2006-10-31": "2.93800", "2006-07-31": "2.69510", "2006-04-30": "2.56610", "2006-01-31": "2.38780", "2005-10-31": "2.42230", "2005-07-31": "2.26840", "2005-04-30": "2.19460", "2005-01-31": "1.74160"}, "Return On Tangible Equity": {"2020-10-31": "139.63120", "2020-07-31": "64.32370", "2020-04-30": "166.10360", "2020-01-31": "-266.05870", "2019-10-31": "-74.21510", "2019-07-31": "-48.76070", "2019-04-30": "-154.02210", "2019-01-31": "-89.97200", "2018-10-31": "-62.68280", "2018-07-31": "-39.20710", "2018-04-30": "-24.69450", "2018-01-31": "-24.56680", "2017-10-31": "-15.92230", "2017-07-31": "-44.28520", "2017-04-30": "-31.30610", "2017-01-31": "-34.73640", "2016-10-31": "-26.78620", "2016-07-31": "-20.41630", "2016-04-30": "-15.79930", "2016-01-31": "-10.76840", "2015-10-31": "-30.16630", "2015-07-31": "-50.53010", "2015-04-30": "-36.00320", "2015-01-31": "-20.06240", "2014-10-31": "-32.08020", "2014-07-31": "-23.60940", "2014-04-30": "-16.52320", "2014-01-31": "-16.83030", "2013-10-31": "-17.29250", "2013-07-31": "-25.59920", "2013-04-30": "-99.43140", "2013-01-31": "-40.18400", "2012-10-31": "125.69400", "2012-07-31": "243.49970", "2012-04-30": "-147.16050", "2012-01-31": "-166.71970", "2011-10-31": "24.75990", "2011-07-31": "15.49730", "2011-04-30": "15.07760", "2011-01-31": "18.04030", "2010-10-31": "16.53130", "2010-07-31": "18.90300", "2010-04-30": "19.53530", "2010-01-31": "16.47800", "2009-10-31": "18.22800", "2009-07-31": "23.90250", "2009-04-30": "18.06120", "2009-01-31": "20.25310", "2008-10-31": "46.87830", "2008-07-31": "22.76310", "2008-04-30": "27.65810", "2008-01-31": "26.80170", "2007-10-31": "41.77210", "2007-07-31": "20.97800", "2007-04-30": "23.45410", "2007-01-31": "22.98470", "2006-10-31": "46.30170", "2006-07-31": "23.62010", "2006-04-30": "25.43760", "2006-01-31": "35.35350", "2005-10-31": "33.24470", "2005-07-31": "17.68770", "2005-04-30": "20.39480", "2005-01-31": "17.02950"}, "ROA - Return On Assets": {"2020-10-31": "1.90490", "2020-07-31": "1.68160", "2020-04-30": "2.40450", "2020-01-31": "4.19110", "2019-10-31": "3.11780", "2019-07-31": "3.00850", "2019-04-30": "3.15680", "2019-01-31": "3.14710", "2018-10-31": "2.79190", "2018-07-31": "2.78360", "2018-04-30": "2.51190", "2018-01-31": "2.78920", "2017-10-31": "2.35180", "2017-07-31": "2.31480", "2017-04-30": "2.33460", "2017-01-31": "2.27750", "2016-10-31": "2.47800", "2016-07-31": "2.32860", "2016-04-30": "2.16790", "2016-01-31": "1.81300", "2015-10-31": "2.53580", "2015-07-31": "2.45140", "2015-04-30": "2.43600", "2015-01-31": "2.03720", "2014-10-31": "2.42260", "2014-07-31": "2.47840", "2014-04-30": "2.11830", "2014-01-31": "2.13720", "2013-10-31": "2.33290", "2013-07-31": "2.50730", "2013-04-30": "2.40210", "2013-01-31": "2.09510", "2012-10-31": "2.45740", "2012-07-31": "2.47340", "2012-04-30": "2.06780", "2012-01-31": "2.16040", "2011-10-31": "2.59410", "2011-07-31": "3.08770", "2011-04-30": "2.65010", "2011-01-31": "2.72840", "2010-10-31": "2.54480", "2010-07-31": "2.50960", "2010-04-30": "2.16800", "2010-01-31": "2.17260", "2009-10-31": "2.08480", "2009-07-31": "2.09100", "2009-04-30": "2.11950", "2009-01-31": "2.28310", "2008-10-31": "4.80770", "2008-07-31": "1.92690", "2008-04-30": "1.79820", "2008-01-31": "1.55560", "2007-10-31": "1.70490", "2007-07-31": "1.91030", "2007-04-30": "1.68190", "2007-01-31": "1.44820", "2006-10-31": "1.74280", "2006-07-31": "1.60910", "2006-04-30": "1.53760", "2006-01-31": "1.40170", "2005-10-31": "1.52080", "2005-07-31": "1.51530", "2005-04-30": "1.45250", "2005-01-31": "1.16230"}, "ROI - Return On Investment": {"2020-10-31": "2.45800", "2020-07-31": "2.13890", "2020-04-30": "3.07790", "2020-01-31": "5.46050", "2019-10-31": "4.10390", "2019-07-31": "3.90320", "2019-04-30": "4.06200", "2019-01-31": "3.98410", "2018-10-31": "3.64100", "2018-07-31": "3.59920", "2018-04-30": "3.21550", "2018-01-31": "3.58740", "2017-10-31": "3.07450", "2017-07-31": "3.15610", "2017-04-30": "3.17910", "2017-01-31": "3.07300", "2016-10-31": "3.28930", "2016-07-31": "3.08680", "2016-04-30": "2.83770", "2016-01-31": "2.36840", "2015-10-31": "3.49310", "2015-07-31": "3.36920", "2015-04-30": "3.33400", "2015-01-31": "2.81870", "2014-10-31": "3.27000", "2014-07-31": "3.30210", "2014-04-30": "2.84230", "2014-01-31": "2.94440", "2013-10-31": "3.25100", "2013-07-31": "3.44330", "2013-04-30": "3.27610", "2013-01-31": "2.81740", "2012-10-31": "3.44470", "2012-07-31": "3.40040", "2012-04-30": "2.86230", "2012-01-31": "2.92100", "2011-10-31": "3.69890", "2011-07-31": "4.24110", "2011-04-30": "3.64790", "2011-01-31": "3.74620", "2010-10-31": "3.49640", "2010-07-31": "3.34900", "2010-04-30": "2.88630", "2010-01-31": "2.93120", "2009-10-31": "2.79930", "2009-07-31": "2.97460", "2009-04-30": "3.04170", "2009-01-31": "3.26860", "2008-10-31": "7.14640", "2008-07-31": "2.83850", "2008-04-30": "2.63400", "2008-01-31": "2.24170", "2007-10-31": "2.53030", "2007-07-31": "2.78120", "2007-04-30": "2.40540", "2007-01-31": "2.02050", "2006-10-31": "2.50380", "2006-07-31": "2.25440", "2006-04-30": "2.12490", "2006-01-31": "1.96370", "2005-10-31": "2.15400", "2005-07-31": "2.09520", "2005-04-30": "1.98810", "2005-01-31": "1.55200"}, "Book Value Per Share": {"2020-10-31": "14.88040", "2020-07-31": "14.46830", "2020-04-30": "14.02380", "2020-01-31": "13.43840", "2019-10-31": "12.60010", "2019-07-31": "12.24340", "2019-04-30": "12.41990", "2019-01-31": "12.04730", "2018-10-31": "11.30670", "2018-07-31": "10.76470", "2018-04-30": "10.31760", "2018-01-31": "10.06800", "2017-10-31": "9.45650", "2017-07-31": "9.07330", "2017-04-30": "8.64190", "2017-01-31": "8.27560", "2016-10-31": "7.97200", "2016-07-31": "7.70820", "2016-04-30": "7.47320", "2016-01-31": "7.05850", "2015-10-31": "6.83920", "2015-07-31": "6.56200", "2015-04-30": "6.34930", "2015-01-31": "6.01990", "2014-10-31": "5.95990", "2014-07-31": "5.73790", "2014-04-30": "5.52390", "2014-01-31": "5.61010", "2013-10-31": "5.57880", "2013-07-31": "5.33000", "2013-04-30": "5.08560", "2013-01-31": "4.88660", "2012-10-31": "5.57690", "2012-07-31": "5.36640", "2012-04-30": "5.22550", "2012-01-31": "5.03730", "2011-10-31": "4.82960", "2011-07-31": "4.88370", "2011-04-30": "4.70910", "2011-01-31": "4.55880", "2010-10-31": "4.40880", "2010-07-31": "4.26510", "2010-04-30": "4.16100", "2010-01-31": "4.03680", "2009-10-31": "3.93910", "2009-07-31": "3.57940", "2009-04-30": "3.48030", "2009-01-31": "3.40740", "2008-10-31": "3.31820", "2008-07-31": "3.25340", "2008-04-30": "3.16800", "2008-01-31": "3.07840", "2007-10-31": "2.97990", "2007-07-31": "2.86570", "2007-04-30": "2.79980", "2007-01-31": "2.72530", "2006-10-31": "2.62210", "2006-07-31": "2.54420", "2006-04-30": "2.44200", "2006-01-31": "2.39060", "2005-10-31": "2.33390", "2005-07-31": "2.27810", "2005-04-30": "2.23230", "2005-01-31": "2.18440"}, "Operating Cash Flow Per Share": {"2020-10-31": 0.8012, "2020-07-31": 0.677, "2020-04-30": 0.9111, "2020-01-31": "0.59040", "2019-10-31": 0.9074, "2019-07-31": 0.9778, "2019-04-30": 0.9373, "2019-01-31": "0.36190", "2018-10-31": 0.8324, "2018-07-31": 0.8136, "2018-04-30": 0.3764, "2018-01-31": "0.38060", "2017-10-31": 0.8056, "2017-07-31": 0.5988, "2017-04-30": 0.3072, "2017-01-31": "0.41460", "2016-10-31": 0.6577, "2016-07-31": 0.5199, "2016-04-30": 0.4326, "2016-01-31": "0.34040", "2015-10-31": 0.3906, "2015-07-31": 0.4252, "2015-04-30": 0.2665, "2015-01-31": "0.22290", "2014-10-31": 0.4819, "2014-07-31": 0.548, "2014-04-30": 0.1625, "2014-01-31": "0.25500", "2013-10-31": 0.3026, "2013-07-31": 0.3641, "2013-04-30": 0.2392, "2013-01-31": "0.10180", "2012-10-31": 0.4631, "2012-07-31": 0.2534, "2012-04-30": 0.3658, "2012-01-31": "-0.01730", "2011-10-31": 0.3134, "2011-07-31": 0.2603, "2011-04-30": 0.212, "2011-01-31": "0.18200", "2010-10-31": 0.2628, "2010-07-31": 0.2142, "2010-04-30": 0.1549, "2010-01-31": "0.15770", "2009-10-31": 0.2476, "2009-07-31": 0.1343, "2009-04-30": 0.1664, "2009-01-31": "0.04010", "2008-10-31": 0.1278, "2008-07-31": 0.1643, "2008-04-30": 0.1952, "2008-01-31": "0.07590", "2007-10-31": 0.1575, "2007-07-31": 0.1185, "2007-04-30": 0.1471, "2007-01-31": "0.02430", "2006-10-31": 0.1567, "2006-07-31": 0.1548, "2006-04-30": 0.0076, "2006-01-31": "0.05080", "2005-10-31": 0.1186, "2005-07-31": 0.0749, "2005-04-30": 0.0601, "2005-01-31": "0.03170"}, "Free Cash Flow Per Share": {"2020-10-31": 0.7615, "2020-07-31": 0.6404, "2020-04-30": 0.8702, "2020-01-31": "0.54060", "2019-10-31": 0.8541, "2019-07-31": 0.9122, "2019-04-30": 0.8887, "2019-01-31": "0.31870", "2018-10-31": 0.7886, "2018-07-31": 0.7667, "2018-04-30": 0.2164, "2018-01-31": "0.32500", "2017-10-31": 0.7644, "2017-07-31": 0.5482, "2017-04-30": 0.2548, "2017-01-31": "0.36700", "2016-10-31": 0.5992, "2016-07-31": 0.4636, "2016-04-30": 0.3585, "2016-01-31": "0.29750", "2015-10-31": 0.3566, "2015-07-31": 0.3929, "2015-04-30": 0.2272, "2015-01-31": "0.19070", "2014-10-31": 0.4505, "2014-07-31": 0.5117, "2014-04-30": 0.136, "2014-01-31": "0.22470", "2013-10-31": 0.2656, "2013-07-31": 0.332, "2013-04-30": 0.2024, "2013-01-31": "0.06760", "2012-10-31": 0.441, "2012-07-31": 0.2208, "2012-04-30": 0.3323, "2012-01-31": "-0.04640", "2011-10-31": 0.2846, "2011-07-31": 0.246, "2011-04-30": 0.1949, "2011-01-31": "0.16940", "2010-10-31": 0.2462, "2010-07-31": 0.1976, "2010-04-30": 0.136, "2010-01-31": "0.14090", "2009-10-31": 0.2287, "2009-07-31": 0.1155, "2009-04-30": 0.1447, "2009-01-31": "0.01990", "2008-10-31": 0.102, "2008-07-31": 0.1399, "2008-04-30": 0.1635, "2008-01-31": "0.05420", "2007-10-31": 0.1308, "2007-07-31": 0.0895, "2007-04-30": 0.1233, "2007-01-31": "0.00340", "2006-10-31": 0.1334, "2006-07-31": 0.1359, "2006-04-30": -0.0191, "2006-01-31": "0.04110", "2005-10-31": 0.1068, "2005-07-31": 0.0448, "2005-04-30": 0.0435, "2005-01-31": "0.05230"}}, "revenue": {"Heico Annual Revenue (Millions of US $)": {"2020": "$1,787", "2019": "$2,056", "2018": "$1,778", "2017": "$1,525", "2016": "$1,376", "2015": "$1,189", "2014": "$1,132", "2013": "$1,009", "2012": "$897", "2011": "$765", "2010": "$617", "2009": "$538", "2008": "$582", "2007": "$508", "2006": "$392", "2005": "$270"}, "Heico Quarterly Revenue (Millions of US $)": {"2020-10-31": "$426", "2020-07-31": "$386", "2020-04-30": "$468", "2020-01-31": "$506", "2019-10-31": "$542", "2019-07-31": "$532", "2019-04-30": "$516", "2019-01-31": "$466", "2018-10-31": "$477", "2018-07-31": "$466", "2018-04-30": "$431", "2018-01-31": "$404", "2017-10-31": "$421", "2017-07-31": "$392", "2017-04-30": "$369", "2017-01-31": "$343", "2016-10-31": "$363", "2016-07-31": "$356", "2016-04-30": "$351", "2016-01-31": "$306", "2015-10-31": "$329", "2015-07-31": "$300", "2015-04-30": "$291", "2015-01-31": "$268", "2014-10-31": "$292", "2014-07-31": "$291", "2014-04-30": "$282", "2014-01-31": "$267", "2013-10-31": "$287", "2013-07-31": "$267", "2013-04-30": "$238", "2013-01-31": "$216", "2012-10-31": "$242", "2012-07-31": "$226", "2012-04-30": "$216", "2012-01-31": "$213", "2011-10-31": "$209", "2011-07-31": "$197", "2011-04-30": "$184", "2011-01-31": "$174", "2010-10-31": "$169", "2010-07-31": "$158", "2010-04-30": "$154", "2010-01-31": "$136", "2009-10-31": "$144", "2009-07-31": "$134", "2009-04-30": "$130", "2009-01-31": "$130", "2008-10-31": "$157", "2008-07-31": "$147", "2008-04-30": "$144", "2008-01-31": "$134", "2007-10-31": "$140", "2007-07-31": "$133", "2007-04-30": "$121", "2007-01-31": "$114", "2006-10-31": "$110", "2006-07-31": "$102", "2006-04-30": "$92", "2006-01-31": "$88", "2005-10-31": "$77", "2005-07-31": "$69", "2005-04-30": "$67", "2005-01-31": "$57"}}, "gross-profit": {"Heico Annual Gross Profit (Millions of US $)": {"2020": "$682", "2019": "$814", "2018": "$691", "2017": "$575", "2016": "$515", "2015": "$434", "2014": "$398", "2013": "$371", "2012": "$327", "2011": "$274", "2010": "$222", "2009": "$181", "2008": "$210", "2007": "$177", "2006": "$143", "2005": "$101"}, "Heico Quarterly Gross Profit (Millions of US $)": {"2020-10-31": "$162", "2020-07-31": "$143", "2020-04-30": "$179", "2020-01-31": "$198", "2019-10-31": "$209", "2019-07-31": "$213", "2019-04-30": "$209", "2019-01-31": "$182", "2018-10-31": "$186", "2018-07-31": "$182", "2018-04-30": "$168", "2018-01-31": "$155", "2017-10-31": "$160", "2017-07-31": "$149", "2017-04-30": "$140", "2017-01-31": "$125", "2016-10-31": "$136", "2016-07-31": "$134", "2016-04-30": "$134", "2016-01-31": "$112", "2015-10-31": "$127", "2015-07-31": "$108", "2015-04-30": "$105", "2015-01-31": "$94", "2014-10-31": "$103", "2014-07-31": "$103", "2014-04-30": "$100", "2014-01-31": "$92", "2013-10-31": "$107", "2013-07-31": "$98", "2013-04-30": "$89", "2013-01-31": "$78", "2012-10-31": "$90", "2012-07-31": "$84", "2012-04-30": "$75", "2012-01-31": "$78", "2011-10-31": "$74", "2011-07-31": "$70", "2011-04-30": "$66", "2011-01-31": "$64", "2010-10-31": "$61", "2010-07-31": "$58", "2010-04-30": "$54", "2010-01-31": "$50", "2009-10-31": "$49", "2009-07-31": "$46", "2009-04-30": "$43", "2009-01-31": "$44", "2008-10-31": "$57", "2008-07-31": "$54", "2008-04-30": "$52", "2008-01-31": "$47", "2007-10-31": "$49", "2007-07-31": "$48", "2007-04-30": "$44", "2007-01-31": "$37", "2006-10-31": "$39", "2006-07-31": "$38", "2006-04-30": "$34", "2006-01-31": "$32", "2005-10-31": "$30", "2005-07-31": "$26", "2005-04-30": "$25", "2005-01-31": "$20"}}, "operating-income": {"Heico Annual Operating Income (Millions of US $)": {"2020": "$377", "2019": "$457", "2018": "$376", "2017": "$307", "2016": "$265", "2015": "$230", "2014": "$203", "2013": "$184", "2012": "$163", "2011": "$138", "2010": "$109", "2009": "$88", "2008": "$106", "2007": "$86", "2006": "$67", "2005": "$45"}, "Heico Quarterly Operating Income (Millions of US $)": {"2020-10-31": "$89", "2020-07-31": "$68", "2020-04-30": "$108", "2020-01-31": "$111", "2019-10-31": "$121", "2019-07-31": "$119", "2019-04-30": "$119", "2019-01-31": "$98", "2018-10-31": "$104", "2018-07-31": "$101", "2018-04-30": "$92", "2018-01-31": "$80", "2017-10-31": "$89", "2017-07-31": "$76", "2017-04-30": "$77", "2017-01-31": "$65", "2016-10-31": "$76", "2016-07-31": "$70", "2016-04-30": "$67", "2016-01-31": "$53", "2015-10-31": "$69", "2015-07-31": "$59", "2015-04-30": "$56", "2015-01-31": "$46", "2014-10-31": "$54", "2014-07-31": "$50", "2014-04-30": "$49", "2014-01-31": "$50", "2013-10-31": "$56", "2013-07-31": "$48", "2013-04-30": "$45", "2013-01-31": "$35", "2012-10-31": "$46", "2012-07-31": "$42", "2012-04-30": "$38", "2012-01-31": "$38", "2011-10-31": "$37", "2011-07-31": "$36", "2011-04-30": "$33", "2011-01-31": "$32", "2010-10-31": "$30", "2010-07-31": "$29", "2010-04-30": "$26", "2010-01-31": "$25", "2009-10-31": "$24", "2009-07-31": "$21", "2009-04-30": "$21", "2009-01-31": "$21", "2008-10-31": "$29", "2008-07-31": "$27", "2008-04-30": "$26", "2008-01-31": "$23", "2007-10-31": "$24", "2007-07-31": "$24", "2007-04-30": "$21", "2007-01-31": "$17", "2006-10-31": "$18", "2006-07-31": "$17", "2006-04-30": "$17", "2006-01-31": "$15", "2005-10-31": "$13", "2005-07-31": "$12", "2005-04-30": "$11", "2005-01-31": "$9"}}, "ebitda": {"Heico Annual EBITDA (Millions of US $)": {"2020": "$465", "2019": "$541", "2018": "$453", "2017": "$371", "2016": "$326", "2015": "$278", "2014": "$251", "2013": "$220", "2012": "$194", "2011": "$157", "2010": "$127", "2009": "$103", "2008": "$121", "2007": "$98", "2006": "$77", "2005": "$52"}, "Heico Quarterly EBITDA (Millions of US $)": {"2020-10-31": "$112", "2020-07-31": "$90", "2020-04-30": "$130", "2020-01-31": "$133", "2019-10-31": "$142", "2019-07-31": "$141", "2019-04-30": "$140", "2019-01-31": "$118", "2018-10-31": "$123", "2018-07-31": "$121", "2018-04-30": "$111", "2018-01-31": "$99", "2017-10-31": "$107", "2017-07-31": "$93", "2017-04-30": "$92", "2017-01-31": "$80", "2016-10-31": "$92", "2016-07-31": "$85", "2016-04-30": "$82", "2016-01-31": "$67", "2015-10-31": "$82", "2015-07-31": "$70", "2015-04-30": "$68", "2015-01-31": "$57", "2014-10-31": "$65", "2014-07-31": "$62", "2014-04-30": "$61", "2014-01-31": "$62", "2013-10-31": "$66", "2013-07-31": "$58", "2013-04-30": "$53", "2013-01-31": "$43", "2012-10-31": "$54", "2012-07-31": "$50", "2012-04-30": "$45", "2012-01-31": "$45", "2011-10-31": "$43", "2011-07-31": "$40", "2011-04-30": "$37", "2011-01-31": "$37", "2010-10-31": "$34", "2010-07-31": "$34", "2010-04-30": "$31", "2010-01-31": "$29", "2009-10-31": "$28", "2009-07-31": "$25", "2009-04-30": "$25", "2009-01-31": "$25", "2008-10-31": "$32", "2008-07-31": "$32", "2008-04-30": "$30", "2008-01-31": "$27", "2007-10-31": "$27", "2007-07-31": "$27", "2007-04-30": "$24", "2007-01-31": "$20", "2006-10-31": "$22", "2006-07-31": "$20", "2006-04-30": "$19", "2006-01-31": "$17", "2005-10-31": "$15", "2005-07-31": "$14", "2005-04-30": "$13", "2005-01-31": "$10"}}, "net-income": {"Heico Annual Net Income (Millions of US $)": {"2020": "$314", "2019": "$328", "2018": "$259", "2017": "$186", "2016": "$156", "2015": "$133", "2014": "$121", "2013": "$102", "2012": "$85", "2011": "$73", "2010": "$55", "2009": "$45", "2008": "$49", "2007": "$39", "2006": "$32", "2005": "$23"}, "Heico Quarterly Net Income (Millions of US $)": {"2020-10-31": "$62", "2020-07-31": "$54", "2020-04-30": "$75", "2020-01-31": "$122", "2019-10-31": "$86", "2019-07-31": "$81", "2019-04-30": "$82", "2019-01-31": "$79", "2018-10-31": "$67", "2018-07-31": "$67", "2018-04-30": "$60", "2018-01-31": "$65", "2017-10-31": "$54", "2017-07-31": "$46", "2017-04-30": "$46", "2017-01-31": "$41", "2016-10-31": "$44", "2016-07-31": "$42", "2016-04-30": "$39", "2016-01-31": "$31", "2015-10-31": "$38", "2015-07-31": "$34", "2015-04-30": "$33", "2015-01-31": "$28", "2014-10-31": "$32", "2014-07-31": "$33", "2014-04-30": "$28", "2014-01-31": "$27", "2013-10-31": "$30", "2013-07-31": "$29", "2013-04-30": "$24", "2013-01-31": "$20", "2012-10-31": "$24", "2012-07-31": "$23", "2012-04-30": "$19", "2012-01-31": "$19", "2011-10-31": "$19", "2011-07-31": "$20", "2011-04-30": "$17", "2011-01-31": "$17", "2010-10-31": "$16", "2010-07-31": "$15", "2010-04-30": "$13", "2010-01-31": "$12", "2009-10-31": "$12", "2009-07-31": "$11", "2009-04-30": "$11", "2009-01-31": "$11", "2008-10-31": "$14", "2008-07-31": "$13", "2008-04-30": "$12", "2008-01-31": "$10", "2007-10-31": "$11", "2007-07-31": "$11", "2007-04-30": "$9", "2007-01-31": "$8", "2006-10-31": "$9", "2006-07-31": "$8", "2006-04-30": "$8", "2006-01-31": "$7", "2005-10-31": "$7", "2005-07-31": "$6", "2005-04-30": "$6", "2005-01-31": "$4"}}, "eps-earnings-per-share-diluted": {"Heico Annual EPS": {"2020": "$2.29", "2019": "$2.39", "2018": "$1.90", "2017": "$1.37", "2016": "$1.17", "2015": "$1.01", "2014": "$0.92", "2013": "$0.78", "2012": "$0.66", "2011": "$0.56", "2010": "$0.43", "2009": "$0.35", "2008": "$0.37", "2007": "$0.30", "2006": "$0.25", "2005": "$0.18"}, "Heico Quarterly EPS": {"2020-10-31": "$0.45", "2020-07-31": "$0.40", "2020-04-30": "$0.55", "2020-01-31": "$0.89", "2019-10-31": "$0.62", "2019-07-31": "$0.59", "2019-04-30": "$0.60", "2019-01-31": "$0.58", "2018-10-31": "$0.49", "2018-07-31": "$0.49", "2018-04-30": "$0.44", "2018-01-31": "$0.48", "2017-10-31": "$0.39", "2017-07-31": "$0.34", "2017-04-30": "$0.34", "2017-01-31": "$0.30", "2016-10-31": "$0.33", "2016-07-31": "$0.31", "2016-04-30": "$0.29", "2016-01-31": "$0.24", "2015-10-31": "$0.28", "2015-07-31": "$0.26", "2015-04-30": "$0.25", "2015-01-31": "$0.21", "2014-10-31": "$0.25", "2014-07-31": "$0.25", "2014-04-30": "$0.22", "2014-01-31": "$0.21", "2013-10-31": "$0.23", "2013-07-31": "$0.22", "2013-04-30": "$0.18", "2013-01-31": "$0.15", "2012-10-31": "$0.18", "2012-07-31": "$0.18", "2012-04-30": "$0.15", "2012-01-31": "$0.15", "2011-10-31": "$0.15", "2011-07-31": "$0.16", "2011-04-30": "$0.13", "2011-01-31": "$0.13", "2010-10-31": "$0.12", "2010-07-31": "$0.12", "2010-04-30": "$0.10", "2010-01-31": "$0.09", "2009-10-31": "$0.09", "2009-07-31": "$0.09", "2009-04-30": "$0.08", "2009-01-31": "$0.09", "2008-10-31": "$0.10", "2008-07-31": "$0.10", "2008-04-30": "$0.09", "2008-01-31": "$0.08", "2007-10-31": "$0.08", "2007-07-31": "$0.08", "2007-04-30": "$0.07", "2007-01-31": "$0.06", "2006-10-31": "$0.07", "2006-07-31": "$0.07", "2006-04-30": "$0.06", "2006-01-31": "$0.06", "2005-10-31": "$0.05", "2005-07-31": "$0.05", "2005-04-30": "$0.05", "2005-01-31": "$0.04"}}, "shares-outstanding": {"Heico Annual Shares Outstanding (Millions of Shares)": {"2020": "137", "2019": "137", "2018": "137", "2017": "136", "2016": "133", "2015": "132", "2014": "132", "2013": "131", "2012": "130", "2011": "130", "2010": "129", "2009": "129", "2008": "130", "2007": "128", "2006": "127", "2005": "126"}, "Heico Quarterly Shares Outstanding (Millions of Shares)": {"2020-10-31": "137", "2020-07-31": "137", "2020-04-30": "137", "2020-01-31": "137", "2019-10-31": "137", "2019-07-31": "138", "2019-04-30": "137", "2019-01-31": "137", "2018-10-31": "137", "2018-07-31": "137", "2018-04-30": "137", "2018-01-31": "136", "2017-10-31": "136", "2017-07-31": "136", "2017-04-30": "135", "2017-01-31": "135", "2016-10-31": "133", "2016-07-31": "133", "2016-04-30": "133", "2016-01-31": "133", "2015-10-31": "132", "2015-07-31": "133", "2015-04-30": "132", "2015-01-31": "132", "2014-10-31": "132", "2014-07-31": "132", "2014-04-30": "132", "2014-01-31": "132", "2013-10-31": "131", "2013-07-31": "131", "2013-04-30": "131", "2013-01-31": "130", "2012-10-31": "130", "2012-07-31": "130", "2012-04-30": "130", "2012-01-31": "130", "2011-10-31": "130", "2011-07-31": "130", "2011-04-30": "130", "2011-01-31": "129", "2010-10-31": "129", "2010-07-31": "129", "2010-04-30": "129", "2010-01-31": "129", "2009-10-31": "129", "2009-07-31": "128", "2009-04-30": "129", "2009-01-31": "130", "2008-10-31": "130", "2008-07-31": "130", "2008-04-30": "130", "2008-01-31": "130", "2007-10-31": "128", "2007-07-31": "129", "2007-04-30": "128", "2007-01-31": "128", "2006-10-31": "127", "2006-07-31": "127", "2006-04-30": "127", "2006-01-31": "125", "2005-10-31": "126", "2005-07-31": "126", "2005-04-30": "125", "2005-01-31": "125"}}, "total-assets": {"Heico Annual Total Assets (Millions of US $)": {"2020": "$3,548", "2019": "$2,969", "2018": "$2,653", "2017": "$2,512", "2016": "$1,998", "2015": "$1,736", "2014": "$1,489", "2013": "$1,533", "2012": "$1,193", "2011": "$941", "2010": "$782", "2009": "$733", "2008": "$677", "2007": "$631", "2006": "$535", "2005": "$436"}, "Heico Quarterly Total Assets (Millions of US $)": {"2020-10-31": "$3,548", "2020-07-31": "$3,423", "2020-04-30": "$3,365", "2020-01-31": "$3,097", "2019-10-31": "$2,969", "2019-07-31": "$2,960", "2019-04-30": "$2,854", "2019-01-31": "$2,797", "2018-10-31": "$2,653", "2018-07-31": "$2,655", "2018-04-30": "$2,628", "2018-01-31": "$2,570", "2017-10-31": "$2,512", "2017-07-31": "$2,224", "2017-04-30": "$2,177", "2017-01-31": "$2,031", "2016-10-31": "$1,998", "2016-07-31": "$2,017", "2016-04-30": "$2,017", "2016-01-31": "$1,982", "2015-10-31": "$1,736", "2015-07-31": "$1,588", "2015-04-30": "$1,581", "2015-01-31": "$1,575", "2014-10-31": "$1,489", "2014-07-31": "$1,507", "2014-04-30": "$1,547", "2014-01-31": "$1,524", "2013-10-31": "$1,533", "2013-07-31": "$1,387", "2013-04-30": "$1,209", "2013-01-31": "$1,193", "2012-10-31": "$1,193", "2012-07-31": "$1,159", "2012-04-30": "$1,172", "2012-01-31": "$1,132", "2011-10-31": "$941", "2011-07-31": "$855", "2011-04-30": "$835", "2011-01-31": "$826", "2010-10-31": "$782", "2010-07-31": "$778", "2010-04-30": "$780", "2010-01-31": "$738", "2009-10-31": "$733", "2009-07-31": "$713", "2009-04-30": "$674", "2009-01-31": "$672", "2008-10-31": "$677", "2008-07-31": "$666", "2008-04-30": "$664", "2008-01-31": "$648", "2007-10-31": "$631", "2007-07-31": "$571", "2007-04-30": "$559", "2007-01-31": "$547", "2006-10-31": "$535", "2006-07-31": "$514", "2006-04-30": "$490", "2006-01-31": "$481", "2005-10-31": "$436", "2005-07-31": "$399", "2005-04-30": "$393", "2005-01-31": "$381"}}, "cash-on-hand": {"Heico Annual Cash on Hand (Millions of US $)": {"2020": "$407", "2019": "$57", "2018": "$60", "2017": "$52", "2016": "$43", "2015": "$34", "2014": "$20", "2013": "$15", "2012": "$21", "2011": "$18", "2010": "$7", "2009": "$7", "2008": "$13", "2007": "$5", "2006": "$5", "2005": "$5"}, "Heico Quarterly Cash on Hand (Millions of US $)": {"2020-10-31": "$407", "2020-07-31": "$395", "2020-04-30": "$347", "2020-01-31": "$64", "2019-10-31": "$57", "2019-07-31": "$59", "2019-04-30": "$64", "2019-01-31": "$58", "2018-10-31": "$60", "2018-07-31": "$67", "2018-04-30": "$48", "2018-01-31": "$66", "2017-10-31": "$52", "2017-07-31": "$49", "2017-04-30": "$37", "2017-01-31": "$46", "2016-10-31": "$43", "2016-07-31": "$27", "2016-04-30": "$37", "2016-01-31": "$30", "2015-10-31": "$34", "2015-07-31": "$32", "2015-04-30": "$21", "2015-01-31": "$18", "2014-10-31": "$20", "2014-07-31": "$21", "2014-04-30": "$21", "2014-01-31": "$15", "2013-10-31": "$15", "2013-07-31": "$13", "2013-04-30": "$17", "2013-01-31": "$19", "2012-10-31": "$21", "2012-07-31": "$14", "2012-04-30": "$22", "2012-01-31": "$23", "2011-10-31": "$18", "2011-07-31": "$28", "2011-04-30": "$8", "2011-01-31": "$14", "2010-10-31": "$7", "2010-07-31": "$11", "2010-04-30": "$11", "2010-01-31": "$8", "2009-10-31": "$7", "2009-07-31": "$7", "2009-04-30": "$9", "2009-01-31": "$4", "2008-10-31": "$13", "2008-07-31": "$7", "2008-04-30": "$5", "2008-01-31": "$13", "2007-10-31": "$5", "2007-07-31": "$6", "2007-04-30": "$6", "2007-01-31": "$6", "2006-10-31": "$5", "2006-07-31": "$6", "2006-04-30": "$5", "2006-01-31": "$9", "2005-10-31": "$5", "2005-07-31": "$3", "2005-04-30": "$2", "2005-01-31": "$5"}}, "long-term-debt": {"Heico Annual Long Term Debt (Millions of US $)": {"2020": "$739", "2019": "$561", "2018": "$532", "2017": "$674", "2016": "$458", "2015": "$367", "2014": "$329", "2013": "$377", "2012": "$131", "2011": "$40", "2010": "$14", "2009": "$55", "2008": "$37", "2007": "$54", "2006": "$55", "2005": "$34"}, "Heico Quarterly Long Term Debt (Millions of US $)": {"2020-10-31": "$739", "2020-07-31": "$739", "2020-04-30": "$739", "2020-01-31": "$568", "2019-10-31": "$561", "2019-07-31": "$639", "2019-04-30": "$556", "2019-01-31": "$608", "2018-10-31": "$532", "2018-07-31": "$623", "2018-04-30": "$683", "2018-01-31": "$669", "2017-10-31": "$674", "2017-07-31": "$434", "2017-04-30": "$460", "2017-01-31": "$417", "2016-10-31": "$458", "2016-07-31": "$510", "2016-04-30": "$563", "2016-01-31": "$595", "2015-10-31": "$367", "2015-07-31": "$299", "2015-04-30": "$326", "2015-01-31": "$355", "2014-10-31": "$329", "2014-07-31": "$386", "2014-04-30": "$436", "2014-01-31": "$378", "2013-10-31": "$377", "2013-07-31": "$319", "2013-04-30": "$228", "2013-01-31": "$254", "2012-10-31": "$131", "2012-07-31": "$153", "2012-04-30": "$174", "2012-01-31": "$190", "2011-10-31": "$40", "2011-07-31": "$0", "2011-04-30": "$7", "2011-01-31": "$24", "2010-10-31": "$14", "2010-07-31": "$47", "2010-04-30": "$64", "2010-01-31": "$43", "2009-10-31": "$55", "2009-07-31": "$56", "2009-04-30": "$37", "2009-01-31": "$40", "2008-10-31": "$37", "2008-07-31": "$43", "2008-04-30": "$56", "2008-01-31": "$65", "2007-10-31": "$54", "2007-07-31": "$39", "2007-04-30": "$49", "2007-01-31": "$60", "2006-10-31": "$55", "2006-07-31": "$60", "2006-04-30": "$61", "2006-01-31": "$61", "2005-10-31": "$34", "2005-07-31": "$22", "2005-04-30": "$27", "2005-01-31": "$31"}}, "total-liabilities": {"Heico Annual Total Liabilities (Millions of US $)": {"2020": "$1,537", "2019": "$1,275", "2018": "$1,150", "2017": "$1,264", "2016": "$951", "2015": "$843", "2014": "$715", "2013": "$810", "2012": "$473", "2011": "$321", "2010": "$227", "2009": "$242", "2008": "$259", "2007": "$260", "2006": "$218", "2005": "$162"}, "Heico Quarterly Total Liabilities (Millions of US $)": {"2020-10-31": "$1,537", "2020-07-31": "$1,471", "2020-04-30": "$1,475", "2020-01-31": "$1,288", "2019-10-31": "$1,275", "2019-07-31": "$1,318", "2019-04-30": "$1,191", "2019-01-31": "$1,195", "2018-10-31": "$1,150", "2018-07-31": "$1,225", "2018-04-30": "$1,258", "2018-01-31": "$1,240", "2017-10-31": "$1,264", "2017-07-31": "$1,027", "2017-04-30": "$1,039", "2017-01-31": "$943", "2016-10-31": "$951", "2016-07-31": "$1,005", "2016-04-30": "$1,039", "2016-01-31": "$1,059", "2015-10-31": "$843", "2015-07-31": "$732", "2015-04-30": "$752", "2015-01-31": "$791", "2014-10-31": "$715", "2014-07-31": "$762", "2014-04-30": "$830", "2014-01-31": "$796", "2013-10-31": "$810", "2013-07-31": "$696", "2013-04-30": "$551", "2013-01-31": "$560", "2012-10-31": "$473", "2012-07-31": "$469", "2012-04-30": "$500", "2012-01-31": "$485", "2011-10-31": "$321", "2011-07-31": "$233", "2011-04-30": "$235", "2011-01-31": "$248", "2010-10-31": "$227", "2010-07-31": "$242", "2010-04-30": "$258", "2010-01-31": "$234", "2009-10-31": "$242", "2009-07-31": "$268", "2009-04-30": "$242", "2009-01-31": "$243", "2008-10-31": "$259", "2008-07-31": "$256", "2008-04-30": "$266", "2008-01-31": "$263", "2007-10-31": "$260", "2007-07-31": "$218", "2007-04-30": "$217", "2007-01-31": "$215", "2006-10-31": "$218", "2006-07-31": "$207", "2006-04-30": "$197", "2006-01-31": "$199", "2005-10-31": "$162", "2005-07-31": "$132", "2005-04-30": "$133", "2005-01-31": "$127"}}, "total-share-holder-equity": {"Heico Annual Share Holder Equity (Millions of US $)": {"2020": "$2,011", "2019": "$1,695", "2018": "$1,503", "2017": "$1,248", "2016": "$1,048", "2015": "$893", "2014": "$775", "2013": "$723", "2012": "$720", "2011": "$620", "2010": "$555", "2009": "$491", "2008": "$418", "2007": "$372", "2006": "$317", "2005": "$274"}, "Heico Quarterly Share Holder Equity (Millions of US $)": {"2020-10-31": "$2,011", "2020-07-31": "$1,952", "2020-04-30": "$1,890", "2020-01-31": "$1,809", "2019-10-31": "$1,695", "2019-07-31": "$1,642", "2019-04-30": "$1,662", "2019-01-31": "$1,602", "2018-10-31": "$1,503", "2018-07-31": "$1,430", "2018-04-30": "$1,370", "2018-01-31": "$1,330", "2017-10-31": "$1,248", "2017-07-31": "$1,197", "2017-04-30": "$1,139", "2017-01-31": "$1,089", "2016-10-31": "$1,048", "2016-07-31": "$1,012", "2016-04-30": "$978", "2016-01-31": "$922", "2015-10-31": "$893", "2015-07-31": "$857", "2015-04-30": "$828", "2015-01-31": "$784", "2014-10-31": "$775", "2014-07-31": "$745", "2014-04-30": "$717", "2014-01-31": "$728", "2013-10-31": "$723", "2013-07-31": "$691", "2013-04-30": "$659", "2013-01-31": "$633", "2012-10-31": "$720", "2012-07-31": "$691", "2012-04-30": "$672", "2012-01-31": "$647", "2011-10-31": "$620", "2011-07-31": "$622", "2011-04-30": "$599", "2011-01-31": "$577", "2010-10-31": "$555", "2010-07-31": "$536", "2010-04-30": "$522", "2010-01-31": "$504", "2009-10-31": "$491", "2009-07-31": "$445", "2009-04-30": "$433", "2009-01-31": "$429", "2008-10-31": "$418", "2008-07-31": "$409", "2008-04-30": "$398", "2008-01-31": "$385", "2007-10-31": "$372", "2007-07-31": "$353", "2007-04-30": "$342", "2007-01-31": "$332", "2006-10-31": "$317", "2006-07-31": "$307", "2006-04-30": "$294", "2006-01-31": "$283", "2005-10-31": "$274", "2005-07-31": "$267", "2005-04-30": "$260", "2005-01-31": "$254"}}, "profit-margins": {"current": "17.57%"}, "gross margin": {"2020-10-31": "38.19%", "2020-07-31": "38.33%", "2020-04-30": "39.01%", "2020-01-31": "39.55%", "2019-10-31": "39.54%", "2019-07-31": "39.68%", "2019-04-30": "39.43%", "2019-01-31": "39.02%", "2018-10-31": "38.86%", "2018-07-31": "38.62%", "2018-04-30": "38.35%", "2018-01-31": "38.08%", "2017-10-31": "37.64%", "2017-07-31": "37.49%", "2017-04-30": "37.39%", "2017-01-31": "37.44%", "2016-10-31": "37.50%", "2016-07-31": "37.78%", "2016-04-30": "37.40%", "2016-01-31": "36.87%", "2015-10-31": "36.53%", "2015-07-31": "35.62%", "2015-04-30": "35.46%", "2015-01-31": "35.30%", "2014-10-31": "35.16%", "2014-07-31": "35.67%", "2014-04-30": "35.99%", "2014-01-31": "36.45%", "2013-10-31": "36.90%", "2013-07-31": "36.86%", "2013-04-30": "36.98%", "2013-01-31": "36.33%", "2012-10-31": "36.45%", "2012-07-31": "36.00%", "2012-04-30": "35.57%", "2012-01-31": "35.87%", "2011-10-31": "35.86%", "2011-07-31": "36.05%", "2011-04-30": "36.35%", "2011-01-31": "36.18%", "2010-10-31": "36.14%", "2010-07-31": "35.64%", "2010-04-30": "35.04%", "2010-01-31": "34.56%", "2009-10-31": "33.83%", "2009-07-31": "34.48%", "2009-04-30": "35.11%", "2009-01-31": "35.81%", "2008-10-31": "36.08%", "2008-07-31": "35.75%", "2008-04-30": "35.57%", "2008-01-31": "35.61%", "2007-10-31": "35.04%", "2007-07-31": "35.15%", "2007-04-30": "35.35%", "2007-01-31": "35.41%", "2006-10-31": "36.48%", "2006-07-31": "37.33%", "2006-04-30": "37.42%", "2006-01-31": "37.54%", "2005-10-31": "37.41%"}, "operating margin": {"2020-10-31": "21.05%", "2020-07-31": "21.45%", "2020-04-30": "22.41%", "2020-01-31": "22.42%", "2019-10-31": "22.23%", "2019-07-31": "22.10%", "2019-04-30": "21.92%", "2019-01-31": "21.47%", "2018-10-31": "21.20%", "2018-07-31": "21.02%", "2018-04-30": "20.45%", "2018-01-31": "20.30%", "2017-10-31": "20.13%", "2017-07-31": "20.04%", "2017-04-30": "20.13%", "2017-01-31": "19.67%", "2016-10-31": "19.33%", "2016-07-31": "19.30%", "2016-04-30": "19.28%", "2016-01-31": "19.33%", "2015-10-31": "19.36%", "2015-07-31": "18.68%", "2015-04-30": "18.04%", "2015-01-31": "17.56%", "2014-10-31": "17.93%", "2014-07-31": "18.19%", "2014-04-30": "18.40%", "2014-01-31": "18.79%", "2013-10-31": "18.25%", "2013-07-31": "18.07%", "2013-04-30": "18.22%", "2013-01-31": "17.89%", "2012-10-31": "18.28%", "2012-07-31": "17.94%", "2012-04-30": "17.84%", "2012-01-31": "17.93%", "2011-10-31": "18.06%", "2011-07-31": "18.09%", "2011-04-30": "18.10%", "2011-01-31": "17.86%", "2010-10-31": "17.83%", "2010-07-31": "17.57%", "2010-04-30": "16.90%", "2010-01-31": "16.73%", "2009-10-31": "16.17%", "2009-07-31": "16.70%", "2009-04-30": "17.38%", "2009-01-31": "17.82%", "2008-10-31": "18.04%", "2008-07-31": "17.70%", "2008-04-30": "17.60%", "2008-01-31": "17.42%", "2007-10-31": "16.93%", "2007-07-31": "16.74%", "2007-04-30": "16.33%", "2007-01-31": "16.51%", "2006-10-31": "17.09%", "2006-07-31": "17.27%", "2006-04-30": "17.48%", "2006-01-31": "16.94%", "2005-10-31": "16.67%"}, "ebitda margin": {"2020-10-31": "26.04%", "2020-07-31": "26.03%", "2020-04-30": "26.66%", "2020-01-31": "26.53%", "2019-10-31": "26.31%", "2019-07-31": "26.22%", "2019-04-30": "26.08%", "2019-01-31": "25.71%", "2018-10-31": "25.53%", "2018-07-31": "25.44%", "2018-04-30": "24.88%", "2018-01-31": "24.65%", "2017-10-31": "24.39%", "2017-07-31": "24.34%", "2017-04-30": "24.39%", "2017-01-31": "23.99%", "2016-10-31": "23.69%", "2016-07-31": "23.55%", "2016-04-30": "23.41%", "2016-01-31": "23.41%", "2015-10-31": "23.32%", "2015-07-31": "22.59%", "2015-04-30": "22.07%", "2015-01-31": "21.62%", "2014-10-31": "22.08%", "2014-07-31": "22.27%", "2014-04-30": "22.39%", "2014-01-31": "22.57%", "2013-10-31": "21.83%", "2013-07-31": "21.60%", "2013-04-30": "21.69%", "2013-01-31": "21.33%", "2012-10-31": "21.63%", "2012-07-31": "21.18%", "2012-04-30": "20.72%", "2012-01-31": "20.55%", "2011-10-31": "20.55%", "2011-07-31": "20.44%", "2011-04-30": "20.73%", "2011-01-31": "20.76%", "2010-10-31": "20.75%", "2010-07-31": "20.61%", "2010-04-30": "19.89%", "2010-01-31": "19.67%", "2009-10-31": "19.14%", "2009-07-31": "19.42%", "2009-04-30": "20.21%", "2009-01-31": "20.59%", "2008-10-31": "20.79%", "2008-07-31": "20.53%", "2008-04-30": "20.15%", "2008-01-31": "19.89%", "2007-10-31": "19.29%", "2007-07-31": "19.46%", "2007-04-30": "19.24%", "2007-01-31": "19.38%", "2006-10-31": "19.90%", "2006-07-31": "19.78%", "2006-04-30": "19.94%", "2006-01-31": "19.60%", "2005-10-31": "19.26%"}, "pre tax profit margin": {"2020-10-31": "20.44%", "2020-07-31": "20.66%", "2020-04-30": "21.53%", "2020-01-31": "21.56%", "2019-10-31": "21.25%", "2019-07-31": "21.15%", "2019-04-30": "20.94%", "2019-01-31": "20.27%", "2018-10-31": "20.02%", "2018-07-31": "19.92%", "2018-04-30": "19.48%", "2018-01-31": "19.55%", "2017-10-31": "19.54%", "2017-07-31": "19.50%", "2017-04-30": "19.57%", "2017-01-31": "19.11%", "2016-10-31": "18.75%", "2016-07-31": "18.70%", "2016-04-30": "18.66%", "2016-01-31": "18.76%", "2015-10-31": "18.86%", "2015-07-31": "18.16%", "2015-04-30": "17.60%", "2015-01-31": "17.12%", "2014-10-31": "17.49%", "2014-07-31": "17.83%", "2014-04-30": "18.04%", "2014-01-31": "18.41%", "2013-10-31": "17.96%", "2013-07-31": "17.76%", "2013-04-30": "18.00%", "2013-01-31": "17.67%", "2012-10-31": "17.95%", "2012-07-31": "17.71%", "2012-04-30": "17.60%", "2012-01-31": "17.81%", "2011-10-31": "18.06%", "2011-07-31": "18.09%", "2011-04-30": "18.10%", "2011-01-31": "17.86%", "2010-10-31": "17.83%", "2010-07-31": "17.57%", "2010-04-30": "16.90%", "2010-01-31": "16.73%", "2009-10-31": "16.17%", "2009-07-31": "16.52%", "2009-04-30": "17.20%", "2009-01-31": "17.65%", "2008-10-31": "17.70%", "2008-07-31": "17.35%", "2008-04-30": "17.06%", "2008-01-31": "16.67%", "2007-10-31": "16.14%", "2007-07-31": "15.90%", "2007-04-30": "15.66%", "2007-01-31": "15.79%", "2006-10-31": "16.33%", "2006-07-31": "16.71%", "2006-04-30": "16.87%", "2006-01-31": "16.61%", "2005-10-31": "16.30%"}, "net profit margin": {"2020-10-31": "17.53%", "2020-07-31": "17.72%", "2020-04-30": "17.77%", "2020-01-31": "17.70%", "2019-10-31": "15.95%", "2019-07-31": "15.52%", "2019-04-30": "15.32%", "2019-01-31": "14.84%", "2018-10-31": "14.57%", "2018-07-31": "14.29%", "2018-04-30": "13.65%", "2018-01-31": "13.30%", "2017-10-31": "12.26%", "2017-07-31": "12.07%", "2017-04-30": "12.09%", "2017-01-31": "11.75%", "2016-10-31": "11.34%", "2016-07-31": "11.18%", "2016-04-30": "11.04%", "2016-01-31": "11.09%", "2015-10-31": "11.20%", "2015-07-31": "11.03%", "2015-04-30": "11.03%", "2015-01-31": "10.68%", "2014-10-31": "10.60%", "2014-07-31": "10.47%", "2014-04-30": "10.34%", "2014-01-31": "10.39%", "2013-10-31": "10.22%", "2013-07-31": "10.07%", "2013-04-30": "9.87%", "2013-01-31": "9.56%", "2012-10-31": "9.48%", "2012-07-31": "9.26%", "2012-04-30": "9.22%", "2012-01-31": "9.34%", "2011-10-31": "9.55%", "2011-07-31": "9.67%", "2011-04-30": "9.49%", "2011-01-31": "9.31%", "2010-10-31": "9.08%", "2010-07-31": "8.78%", "2010-04-30": "8.45%", "2010-01-31": "8.46%", "2009-10-31": "8.36%", "2009-07-31": "8.53%", "2009-04-30": "8.69%", "2009-01-31": "8.65%", "2008-10-31": "8.42%", "2008-07-31": "8.14%", "2008-04-30": "7.99%", "2008-01-31": "7.77%", "2007-10-31": "7.68%", "2007-07-31": "7.74%", "2007-04-30": "7.61%", "2007-01-31": "7.89%", "2006-10-31": "8.16%", "2006-07-31": "8.36%", "2006-04-30": "8.59%", "2006-01-31": "8.64%", "2005-10-31": "8.52%"}, "pe ratio": {"current": "56.32", "2021-02-05": "56.32", "2020-10-31": "45.85", "2020-07-31": "39.05", "2020-04-30": "33.01", "2020-01-31": "45.28", "2019-10-31": "51.50", "2019-07-31": "60.38", "2019-04-30": "48.73", "2019-01-31": "42.14", "2018-10-31": "43.97", "2018-07-31": "42.12", "2018-04-30": "42.26", "2018-01-31": "41.14", "2017-10-31": "41.96", "2017-07-31": "39.00", "2017-04-30": "35.03", "2017-01-31": "31.50", "2016-10-31": "29.18", "2016-07-31": "31.25", "2016-04-30": "28.97", "2016-01-31": "27.36", "2015-10-31": "25.37", "2015-07-31": "28.74", "2015-04-30": "29.55", "2015-01-31": "33.36", "2014-10-31": "29.79", "2014-07-31": "27.61", "2014-04-30": "32.09", "2014-01-31": "32.16", "2013-10-31": "34.59", "2013-07-31": "30.97", "2013-04-30": "25.60", "2013-01-31": "27.70", "2012-10-31": "21.93", "2012-07-31": "21.59", "2012-04-30": "25.04", "2012-01-31": "28.40", "2011-10-31": "29.94", "2011-07-31": "28.64", "2011-04-30": "28.59", "2011-01-31": "26.66", "2010-10-31": "27.66", "2010-07-31": "23.66", "2010-04-30": "27.80", "2010-01-31": "22.91", "2009-10-31": "20.71", "2009-07-31": "19.20", "2009-04-30": "14.40", "2009-01-31": "19.29", "2008-10-31": "19.27", "2008-07-31": "18.56", "2008-04-30": "28.61", "2008-01-31": "26.19", "2007-10-31": "33.55", "2007-07-31": "25.63", "2007-04-30": "24.64", "2007-01-31": "26.38", "2006-10-31": "26.97"}, "price sales": {"2021-02-05": "9.91", "2020-10-31": "8.06", "2020-07-31": "6.93", "2020-04-30": "5.87", "2020-01-31": "8.02", "2019-10-31": "8.22", "2019-07-31": "9.40", "2019-04-30": "7.49", "2019-01-31": "6.27", "2018-10-31": "6.42", "2018-07-31": "6.03", "2018-04-30": "5.78", "2018-01-31": "5.48", "2017-10-31": "5.13", "2017-07-31": "4.71", "2017-04-30": "4.24", "2017-01-31": "3.70", "2016-10-31": "3.32", "2016-07-31": "3.50", "2016-04-30": "3.21", "2016-01-31": "3.06", "2015-10-31": "2.85", "2015-07-31": "3.19", "2015-04-30": "3.27", "2015-01-31": "3.58", "2014-10-31": "3.19", "2014-07-31": "2.90", "2014-04-30": "3.33", "2014-01-31": "3.33", "2013-10-31": "3.49", "2013-07-31": "3.09", "2013-04-30": "2.50", "2013-01-31": "2.63", "2012-10-31": "2.08", "2012-07-31": "1.99", "2012-04-30": "2.32", "2012-01-31": "2.66", "2011-10-31": "2.86", "2011-07-31": "2.76", "2011-04-30": "2.68", "2011-01-31": "2.43", "2010-10-31": "2.46", "2010-07-31": "2.03", "2010-04-30": "2.30", "2010-01-31": "1.90", "2009-10-31": "1.72", "2009-07-31": "1.63", "2009-04-30": "1.24", "2009-01-31": "1.67", "2008-10-31": "1.61", "2008-07-31": "1.50", "2008-04-30": "2.26", "2008-01-31": "2.03", "2007-10-31": "2.58", "2007-07-31": "2.01", "2007-04-30": "1.93", "2007-01-31": "2.09", "2006-10-31": "2.19"}, "price book": {"current": "8.67", "2021-02-05": "8.67", "2020-10-31": "7.06", "2020-07-31": "6.64", "2020-04-30": "6.24", "2020-01-31": "9.10", "2019-10-31": "9.77", "2019-07-31": "11.15", "2019-04-30": "8.47", "2019-01-31": "7.00", "2018-10-31": "7.39", "2018-07-31": "7.07", "2018-04-30": "6.78", "2018-01-31": "6.35", "2017-10-31": "6.11", "2017-07-31": "5.64", "2017-04-30": "5.23", "2017-01-31": "4.74", "2016-10-31": "4.31", "2016-07-31": "4.59", "2016-04-30": "4.17", "2016-01-31": "4.01", "2015-10-31": "3.74", "2015-07-31": "4.24", "2015-04-30": "4.46", "2015-01-31": "5.11", "2014-10-31": "4.61", "2014-07-31": "4.34", "2014-04-30": "5.06", "2014-01-31": "4.80", "2013-10-31": "4.83", "2013-07-31": "4.28", "2013-04-30": "3.47", "2013-01-31": "3.73", "2012-10-31": "2.57", "2012-07-31": "2.47", "2012-04-30": "2.86", "2012-01-31": "3.27", "2011-10-31": "3.49", "2011-07-31": "3.17", "2011-04-30": "3.02", "2011-01-31": "2.71", "2010-10-31": "2.67", "2010-07-31": "2.19", "2010-04-30": "2.44", "2010-01-31": "1.99", "2009-10-31": "1.82", "2009-07-31": "1.94", "2009-04-30": "1.55", "2009-01-31": "2.18", "2008-10-31": "2.18", "2008-07-31": "2.01", "2008-04-30": "3.05", "2008-01-31": "2.71", "2007-10-31": "3.42", "2007-07-31": "2.63", "2007-04-30": "2.42", "2007-01-31": "2.52", "2006-10-31": "2.59", "2006-07-31": "2.27", "2006-04-30": "2.51", "2006-01-31": "1.97"}, "price fcf": {"2021-02-05": "", "2020-10-31": "$2.81", "2020-07-31": "$2.91", "2020-04-30": "$3.18", "2020-01-31": "$3.20", "2019-10-31": "$2.97", "2019-07-31": "$2.91", "2019-04-30": "$2.76", "2019-01-31": "$2.09", "2018-10-31": "$2.10", "2018-07-31": "$2.07", "2018-04-30": "$1.85", "2018-01-31": "$1.89", "2017-10-31": "$1.93", "2017-07-31": "$1.77", "2017-04-30": "$1.68", "2017-01-31": "$1.79", "2016-10-31": "$1.72", "2016-07-31": "$1.48", "2016-04-30": "$1.41", "2016-01-31": "$1.27", "2015-10-31": "$1.17", "2015-07-31": "$1.26", "2015-04-30": "$1.38", "2015-01-31": "$1.29", "2014-10-31": "$1.32", "2014-07-31": "$1.14", "2014-04-30": "$0.96", "2014-01-31": "$1.02", "2013-10-31": "$0.87", "2013-07-31": "$1.04", "2013-04-30": "$0.93", "2013-01-31": "$1.06", "2012-10-31": "$0.95", "2012-07-31": "$0.79", "2012-04-30": "$0.82", "2012-01-31": "$0.68", "2011-10-31": "$0.89", "2011-07-31": "$0.86", "2011-04-30": "$0.81", "2011-01-31": "$0.75", "2010-10-31": "$0.72", "2010-07-31": "$0.70", "2010-04-30": "$0.62", "2010-01-31": "$0.63", "2009-10-31": "$0.51", "2009-07-31": "$0.38", "2009-04-30": "$0.41", "2009-01-31": "$0.43", "2008-10-31": "$0.46", "2008-07-31": "$0.49", "2008-04-30": "$0.44", "2008-01-31": "$0.40", "2007-10-31": "$0.35", "2007-07-31": "$0.35", "2007-04-30": "$0.40", "2007-01-31": "$0.25", "2006-10-31": "$0.29"}, "net worth": {"value": "$17.44B"}, "current ratio": {"current": "4.83", "2020-10-31": "4.83", "2020-07-31": "4.97", "2020-04-30": "4.39", "2020-01-31": "3.39", "2019-10-31": "2.81", "2019-07-31": "2.98", "2019-04-30": "3.20", "2019-01-31": "3.48", "2018-10-31": "2.60", "2018-07-31": "2.86", "2018-04-30": "3.02", "2018-01-31": "2.89", "2017-10-31": "2.53", "2017-07-31": "2.89", "2017-04-30": "2.97", "2017-01-31": "2.92", "2016-10-31": "2.53", "2016-07-31": "2.97", "2016-04-30": "3.37", "2016-01-31": "3.37", "2015-10-31": "2.99", "2015-07-31": "3.15", "2015-04-30": "3.21", "2015-01-31": "3.06", "2014-10-31": "2.83", "2014-07-31": "3.19", "2014-04-30": "3.38", "2014-01-31": "3.01", "2013-10-31": "2.74", "2013-07-31": "2.88", "2013-04-30": "3.21", "2013-01-31": "3.51", "2012-10-31": "2.80", "2012-07-31": "3.10", "2012-04-30": "2.85", "2012-01-31": "3.50", "2011-10-31": "2.57", "2011-07-31": "3.30", "2011-04-30": "3.19", "2011-01-31": "3.45", "2010-10-31": "3.17", "2010-07-31": "3.82", "2010-04-30": "3.93", "2010-01-31": "3.76", "2009-10-31": "3.72", "2009-07-31": "4.17", "2009-04-30": "3.95", "2009-01-31": "4.02", "2008-10-31": "3.10", "2008-07-31": "3.23", "2008-04-30": "3.14", "2008-01-31": "3.48", "2007-10-31": "2.49", "2007-07-31": "3.10", "2007-04-30": "3.23", "2007-01-31": "3.62", "2006-10-31": "2.75", "2006-07-31": "3.25", "2006-04-30": "3.49", "2006-01-31": "2.95", "2005-10-31": "2.53", "2005-07-31": "3.16", "2005-04-30": "3.18", "2005-01-31": "3.89"}, "quick ratio": {"2020-10-31": "2.91", "2020-07-31": "2.91", "2020-04-30": "2.61", "2020-01-31": "1.58", "2019-10-31": "1.36", "2019-07-31": "1.44", "2019-04-30": "1.56", "2019-01-31": "1.67", "2018-10-31": "1.18", "2018-07-31": "1.32", "2018-04-30": "1.36", "2018-01-31": "1.29", "2017-10-31": "1.16", "2017-07-31": "1.39", "2017-04-30": "1.44", "2017-01-31": "1.39", "2016-10-31": "1.20", "2016-07-31": "1.43", "2016-04-30": "1.63", "2016-01-31": "1.61", "2015-10-31": "1.55", "2015-07-31": "1.54", "2015-04-30": "1.57", "2015-01-31": "1.48", "2014-10-31": "1.40", "2014-07-31": "1.56", "2014-04-30": "1.74", "2014-01-31": "1.46", "2013-10-31": "1.38", "2013-07-31": "1.35", "2013-04-30": "1.53", "2013-01-31": "1.61", "2012-10-31": "1.36", "2012-07-31": "1.42", "2012-04-30": "1.36", "2012-01-31": "1.65", "2011-10-31": "1.23", "2011-07-31": "1.64", "2011-04-30": "1.49", "2011-01-31": "1.61", "2010-10-31": "1.48", "2010-07-31": "1.75", "2010-04-30": "1.72", "2010-01-31": "1.59", "2009-10-31": "1.62", "2009-07-31": "1.75", "2009-04-30": "1.64", "2009-01-31": "1.68", "2008-10-31": "1.46", "2008-07-31": "1.44", "2008-04-30": "1.47", "2008-01-31": "1.67", "2007-10-31": "1.17", "2007-07-31": "1.43", "2007-04-30": "1.46", "2007-01-31": "1.72", "2006-10-31": "1.26", "2006-07-31": "1.54", "2006-04-30": "1.65", "2006-01-31": "1.42", "2005-10-31": "1.27", "2005-07-31": "1.52", "2005-04-30": "1.60", "2005-01-31": "1.88"}, "debt equity ratio": {"current": "0.37", "2020-10-31": "0.76", "2020-07-31": "0.75", "2020-04-30": "0.78", "2020-01-31": "0.71", "2019-10-31": "0.75", "2019-07-31": "0.80", "2019-04-30": "0.72", "2019-01-31": "0.75", "2018-10-31": "0.77", "2018-07-31": "0.86", "2018-04-30": "0.92", "2018-01-31": "0.93", "2017-10-31": "1.01", "2017-07-31": "0.86", "2017-04-30": "0.91", "2017-01-31": "0.87", "2016-10-31": "0.91", "2016-07-31": "0.99", "2016-04-30": "1.06", "2016-01-31": "1.15", "2015-10-31": "0.94", "2015-07-31": "0.85", "2015-04-30": "0.91", "2015-01-31": "1.01", "2014-10-31": "0.92", "2014-07-31": "1.02", "2014-04-30": "1.16", "2014-01-31": "1.09", "2013-10-31": "1.12", "2013-07-31": "1.01", "2013-04-30": "0.84", "2013-01-31": "0.89", "2012-10-31": "0.66", "2012-07-31": "0.68", "2012-04-30": "0.74", "2012-01-31": "0.75", "2011-10-31": "0.52", "2011-07-31": "0.37", "2011-04-30": "0.39", "2011-01-31": "0.43", "2010-10-31": "0.41", "2010-07-31": "0.45", "2010-04-30": "0.50", "2010-01-31": "0.47", "2009-10-31": "0.49", "2009-07-31": "0.60", "2009-04-30": "0.56", "2009-01-31": "0.57", "2008-10-31": "0.62", "2008-07-31": "0.63", "2008-04-30": "0.67", "2008-01-31": "0.68", "2007-10-31": "0.70", "2007-07-31": "0.62", "2007-04-30": "0.64", "2007-01-31": "0.65", "2006-10-31": "0.69", "2006-07-31": "0.68", "2006-04-30": "0.67", "2006-01-31": "0.70", "2005-10-31": "0.59", "2005-07-31": "0.50", "2005-04-30": "0.51", "2005-01-31": "0.50"}, "return on equity": {"2020-10-31": "16.34%", "2020-07-31": "18.35%", "2020-04-30": "20.69%", "2020-01-31": "21.80%", "2019-10-31": "19.88%", "2019-07-31": "19.29%", "2019-04-30": "19.04%", "2019-01-31": "18.49%", "2018-10-31": "18.39%", "2018-07-31": "18.30%", "2018-04-30": "17.49%", "2018-01-31": "17.18%", "2017-10-31": "16.01%", "2017-07-31": "15.83%", "2017-04-30": "16.14%", "2017-01-31": "16.09%", "2016-10-31": "15.76%", "2016-07-31": "15.77%", "2016-04-30": "15.56%", "2016-01-31": "15.54%", "2015-10-31": "15.82%", "2015-07-31": "15.66%", "2015-04-30": "16.09%", "2015-01-31": "16.02%", "2014-10-31": "16.19%", "2014-07-31": "16.20%", "2014-04-30": "15.95%", "2014-01-31": "15.71%", "2013-10-31": "15.23%", "2013-07-31": "14.35%", "2013-04-30": "13.47%", "2013-01-31": "12.67%", "2012-10-31": "12.45%", "2012-07-31": "12.17%", "2012-04-30": "12.03%", "2012-01-31": "12.06%", "2011-10-31": "12.08%", "2011-07-31": "11.90%", "2011-04-30": "11.47%", "2011-01-31": "11.14%", "2010-10-31": "10.58%", "2010-07-31": "10.13%", "2010-04-30": "9.79%", "2010-01-31": "9.82%", "2009-10-31": "10.01%", "2009-07-31": "10.90%", "2009-04-30": "11.60%", "2009-01-31": "12.09%", "2008-10-31": "12.17%", "2008-07-31": "11.76%", "2008-04-30": "11.67%", "2008-01-31": "11.29%", "2007-10-31": "11.15%", "2007-07-31": "11.01%", "2007-04-30": "10.48%", "2007-01-31": "10.56%", "2006-10-31": "10.66%", "2006-07-31": "10.36%", "2006-04-30": "10.02%", "2006-01-31": "9.59%", "2005-10-31": "8.72%"}, "return on assets": {"2020-10-31": "9.32%", "2020-07-31": "10.49%", "2020-04-30": "11.75%", "2020-01-31": "12.49%", "2019-10-31": "11.33%", "2019-07-31": "10.97%", "2019-04-30": "10.77%", "2019-01-31": "10.17%", "2018-10-31": "9.86%", "2018-07-31": "9.49%", "2018-04-30": "9.06%", "2018-01-31": "8.90%", "2017-10-31": "8.36%", "2017-07-31": "8.40%", "2017-04-30": "8.42%", "2017-01-31": "8.24%", "2016-10-31": "7.79%", "2016-07-31": "7.74%", "2016-04-30": "7.76%", "2016-01-31": "7.90%", "2015-10-31": "8.21%", "2015-07-31": "8.15%", "2015-04-30": "8.19%", "2015-01-31": "7.91%", "2014-10-31": "7.91%", "2014-07-31": "7.72%", "2014-04-30": "7.61%", "2014-01-31": "7.78%", "2013-10-31": "7.74%", "2013-07-31": "7.79%", "2013-04-30": "7.66%", "2013-01-31": "7.29%", "2012-10-31": "7.30%", "2012-07-31": "7.27%", "2012-04-30": "7.51%", "2012-01-31": "7.97%", "2011-10-31": "8.45%", "2011-07-31": "8.49%", "2011-04-30": "8.07%", "2011-01-31": "7.71%", "2010-10-31": "7.28%", "2010-07-31": "6.87%", "2010-04-30": "6.48%", "2010-01-31": "6.44%", "2009-10-31": "6.45%", "2009-07-31": "6.87%", "2009-04-30": "7.29%", "2009-01-31": "7.47%", "2008-10-31": "7.38%", "2008-07-31": "7.05%", "2008-04-30": "7.00%", "2008-01-31": "6.81%", "2007-10-31": "6.76%", "2007-07-31": "6.69%", "2007-04-30": "6.31%", "2007-01-31": "6.33%", "2006-10-31": "6.34%", "2006-07-31": "6.25%", "2006-04-30": "6.20%", "2006-01-31": "6.09%", "2005-10-31": "5.72%"}, "return on investments": {"2020-10-31": "14.40%", "2020-07-31": "16.40%", "2020-04-30": "19.24%", "2020-01-31": "20.58%", "2019-10-31": "20.39%", "2019-07-31": "20.13%", "2019-04-30": "19.82%", "2019-01-31": "18.92%", "2018-10-31": "18.53%", "2018-07-31": "18.04%", "2018-04-30": "17.73%", "2018-01-31": "18.01%", "2017-10-31": "18.44%", "2017-07-31": "18.84%", "2017-04-30": "18.78%", "2017-01-31": "18.30%", "2016-10-31": "17.48%", "2016-07-31": "17.74%", "2016-04-30": "18.12%", "2016-01-31": "18.63%", "2015-10-31": "19.53%", "2015-07-31": "18.89%", "2015-04-30": "18.20%", "2015-01-31": "17.59%", "2014-10-31": "18.07%", "2014-07-31": "18.26%", "2014-04-30": "18.59%", "2014-01-31": "19.40%", "2013-10-31": "18.95%", "2013-07-31": "19.15%", "2013-04-30": "19.38%", "2013-01-31": "18.79%", "2012-10-31": "19.42%", "2012-07-31": "19.45%", "2012-04-30": "20.09%", "2012-01-31": "21.12%", "2011-10-31": "22.17%", "2011-07-31": "21.84%", "2011-04-30": "21.02%", "2011-01-31": "20.01%", "2010-10-31": "19.26%", "2010-07-31": "18.39%", "2010-04-30": "17.61%", "2010-01-31": "17.63%", "2009-10-31": "17.51%", "2009-07-31": "19.40%", "2009-04-30": "21.22%", "2009-01-31": "22.50%", "2008-10-31": "23.19%", "2008-07-31": "22.46%", "2008-04-30": "22.55%", "2008-01-31": "22.20%", "2007-10-31": "21.50%", "2007-07-31": "20.69%", "2007-04-30": "19.19%", "2007-01-31": "18.57%", "2006-10-31": "18.64%", "2006-07-31": "18.05%", "2006-04-30": "17.59%", "2006-01-31": "16.61%", "2005-10-31": "15.40%"}, "return on tangible equity": {"2020-10-31": "913.87%", "2020-07-31": "-3744.44%", "2020-04-30": "-472.73%", "2020-01-31": "-357.59%", "2019-10-31": "-282.76%", "2019-07-31": "-270.46%", "2019-04-30": "-255.41%", "2019-01-31": "-162.74%", "2018-10-31": "-119.77%", "2018-07-31": "-88.01%", "2018-04-30": "-86.04%", "2018-01-31": "-89.69%", "2017-10-31": "-95.65%", "2017-07-31": "-118.79%", "2017-04-30": "-97.46%", "2017-01-31": "-80.48%", "2016-10-31": "-60.82%", "2016-07-31": "-60.79%", "2016-04-30": "-68.11%", "2016-01-31": "-81.93%", "2015-10-31": "-108.57%", "2015-07-31": "-111.40%", "2015-04-30": "-93.85%", "2015-01-31": "-77.07%", "2014-10-31": "-72.62%", "2014-07-31": "-62.43%", "2014-04-30": "-62.13%", "2014-01-31": "-77.88%", "2013-10-31": "-94.93%", "2013-07-31": "-190.20%", "2013-04-30": "-650.00%", "2013-01-31": "-800.00%", "2012-10-31": "8500.00%", "2012-07-31": "400.00%", "2012-04-30": "129.41%", "2012-01-31": "74.81%", "2011-10-31": "53.97%", "2011-07-31": "49.82%", "2011-04-30": "52.53%", "2011-01-31": "56.09%", "2010-10-31": "55.04%", "2010-07-31": "56.06%", "2010-04-30": "58.18%", "2010-01-31": "57.14%", "2009-10-31": "59.80%", "2009-07-31": "65.73%", "2009-04-30": "70.00%", "2009-01-31": "81.97%", "2008-10-31": "95.15%", "2008-07-31": "112.88%", "2008-04-30": "110.69%", "2008-01-31": "105.13%", "2007-10-31": "102.63%", "2007-07-31": "101.37%", "2007-04-30": "105.43%", "2007-01-31": "110.92%", "2006-10-31": "123.08%", "2006-07-31": "115.38%", "2006-04-30": "108.74%", "2006-01-31": "102.97%", "2005-10-31": "85.19%"}, "dividend yield history": {"last payout": "$0.16", "last yield": "0.12%"}}