{"ticker": "HP", "price": {"title": "Helmerich & Payne Historical Annual Stock Price Data", "value": 26.27, "historical": {"2021": {"Average Stock Price": "25.3125", "Year Open": "23.1400", "Year High": "27.5300", "Year Low": "23.1400", "Year Close": "26.2700", "Annual % Change": "13.43%"}, "2020": {"Average Stock Price": "22.7933", "Year Open": "45.2700", "Year High": "47.1500", "Year Low": "12.8000", "Year Close": "23.1600", "Annual % Change": "-49.02%"}, "2019": {"Average Stock Price": "48.3389", "Year Open": "48.0500", "Year High": "64.5100", "Year Low": "36.3600", "Year Close": "45.4300", "Annual % Change": "-5.24%"}, "2018": {"Average Stock Price": "65.1763", "Year Open": "65.3500", "Year High": "74.3300", "Year Low": "44.9500", "Year Close": "47.9400", "Annual % Change": "-25.84%"}, "2017": {"Average Stock Price": "58.7895", "Year Open": "78.7600", "Year High": "81.1100", "Year Low": "42.3400", "Year Close": "64.6400", "Annual % Change": "-16.49%"}, "2016": {"Average Stock Price": "62.1851", "Year Open": "54.1800", "Year High": "83.4600", "Year Low": "42.8500", "Year Close": "77.4000", "Annual % Change": "44.54%"}, "2015": {"Average Stock Price": "62.7384", "Year Open": "67.3400", "Year High": "78.4700", "Year Low": "46.5000", "Year Close": "53.5500", "Annual % Change": "-20.57%"}, "2014": {"Average Stock Price": "96.6637", "Year Open": "82.2500", "Year High": "118.2900", "Year Low": "60.3400", "Year Close": "67.4200", "Annual % Change": "-19.81%"}, "2013": {"Average Stock Price": "67.0744", "Year Open": "57.0500", "Year High": "84.0800", "Year Low": "56.2500", "Year Close": "84.0800", "Annual % Change": "50.12%"}, "2012": {"Average Stock Price": "51.2764", "Year Open": "61.7900", "Year High": "65.1300", "Year Low": "39.1800", "Year Close": "56.0100", "Annual % Change": "-4.03%"}, "2011": {"Average Stock Price": "58.2696", "Year Open": "49.0400", "Year High": "72.6000", "Year Low": "37.3900", "Year Close": "58.3600", "Annual % Change": "20.38%"}, "2010": {"Average Stock Price": "41.4072", "Year Open": "41.9800", "Year High": "49.0600", "Year Low": "33.4200", "Year Close": "48.4800", "Annual % Change": "21.56%"}, "2009": {"Average Stock Price": "32.3256", "Year Open": "25.0600", "Year High": "44.9000", "Year Low": "20.1200", "Year Close": "39.8800", "Annual % Change": "75.30%"}, "2008": {"Average Stock Price": "45.9174", "Year Open": "42.1500", "Year High": "76.9900", "Year Low": "18.1000", "Year Close": "22.7500", "Annual % Change": "-43.22%"}, "2007": {"Average Stock Price": "31.8255", "Year Open": "23.1400", "Year High": "40.2800", "Year Low": "23.0600", "Year Close": "40.0700", "Annual % Change": "63.75%"}, "2006": {"Average Stock Price": "29.4436", "Year Open": "32.6750", "Year High": "39.9050", "Year Low": "21.7500", "Year Close": "24.4700", "Annual % Change": "-20.95%"}, "2005": {"Average Stock Price": "24.0310", "Year Open": "16.1650", "Year High": "32.3750", "Year Low": "15.7850", "Year Close": "30.9550", "Annual % Change": "81.87%"}, "2004": {"Average Stock Price": "13.9993", "Year Open": "14.0500", "Year High": "17.0800", "Year Low": "12.0050", "Year Close": "17.0200", "Annual % Change": "21.88%"}, "2003": {"Average Stock Price": "13.5095", "Year Open": "14.3300", "Year High": "16.1700", "Year Low": "11.6150", "Year Close": "13.9650", "Annual % Change": "0.07%"}, "2002": {"Average Stock Price": "16.6732", "Year Open": "16.1000", "Year High": "21.4550", "Year Low": "12.1450", "Year Close": "13.9550", "Annual % Change": "-16.39%"}, "2001": {"Average Stock Price": "18.8550", "Year Open": "21.9400", "Year High": "29.2550", "Year Low": "11.8700", "Year Close": "16.6900", "Annual % Change": "-23.93%"}, "2000": {"Average Stock Price": "15.9894", "Year Open": "10.3100", "Year High": "22.0950", "Year Low": "9.9400", "Year Close": "21.9400", "Annual % Change": "101.75%"}, "1999": {"Average Stock Price": "11.6390", "Year Open": "9.6900", "Year High": "15.0950", "Year Low": "8.0300", "Year Close": "10.8750", "Annual % Change": "12.23%"}, "1998": {"Average Stock Price": "12.1449", "Year Open": "16.5950", "Year High": "16.6250", "Year Low": "8.1250", "Year Close": "9.6900", "Annual % Change": "-42.90%"}, "1997": {"Average Stock Price": "15.3922", "Year Open": "12.8750", "Year High": "22.5000", "Year Low": "10.5000", "Year Close": "16.9700", "Annual % Change": "30.24%"}, "1996": {"Average Stock Price": "9.8984", "Year Open": "7.4375", "Year High": "13.7813", "Year Low": "6.8125", "Year Close": "13.0300", "Annual % Change": "75.19%"}, "1995": {"Average Stock Price": "6.9615", "Year Open": "6.4375", "Year High": "7.7500", "Year Low": "6.1250", "Year Close": "7.4375", "Annual % Change": "16.07%"}, "1994": {"Average Stock Price": "6.8386", "Year Open": "7.1250", "Year High": "7.8125", "Year Low": "6.2825", "Year Close": "6.4075", "Annual % Change": "-8.07%"}, "1993": {"Average Stock Price": "7.6129", "Year Open": "6.0950", "Year High": "9.2825", "Year Low": "5.5950", "Year Close": "6.9700", "Annual % Change": "13.20%"}, "1992": {"Average Stock Price": "5.8361", "Year Open": "5.0625", "Year High": "6.9075", "Year Low": "4.9075", "Year Close": "6.1575", "Annual % Change": "27.09%"}, "1991": {"Average Stock Price": "5.9749", "Year Open": "6.4075", "Year High": "7.2825", "Year Low": "4.5625", "Year Close": "4.8450", "Annual % Change": "-26.54%"}, "1990": {"Average Stock Price": "7.8889", "Year Open": "8.6250", "Year High": "9.3750", "Year Low": "6.0625", "Year Close": "6.5950", "Annual % Change": "-23.27%"}, "1989": {"Average Stock Price": "6.8090", "Year Open": "5.1875", "Year High": "8.6250", "Year Low": "5.1875", "Year Close": "8.5950", "Annual % Change": "68.69%"}, "1988": {"Average Stock Price": "5.3984", "Year Open": "4.9700", "Year High": "6.4375", "Year Low": "4.7800", "Year Close": "5.0950", "Annual % Change": "8.69%"}, "1987": {"Average Stock Price": "6.5709", "Year Open": "5.1250", "Year High": "8.9375", "Year Low": "4.4375", "Year Close": "4.6875", "Annual % Change": "-9.64%"}, "1986": {"Average Stock Price": "4.9197", "Year Open": "5.2200", "Year High": "5.8125", "Year Low": "4.2200", "Year Close": "5.1875", "Annual % Change": "3.13%"}, "1985": {"Average Stock Price": "5.0213", "Year Open": "4.8125", "Year High": "6.1550", "Year Low": "4.6250", "Year Close": "5.0300", "Annual % Change": "0.60%"}, "1984": {"Average Stock Price": "5.4213", "Year Open": "4.9050", "Year High": "6.3750", "Year Low": "4.5000", "Year Close": "5.0000", "Annual % Change": "-0.60%"}, "1983": {"Average Stock Price": "5.3951", "Year Open": "4.7200", "Year High": "6.9700", "Year Low": "4.1550", "Year Close": "5.0300", "Annual % Change": "3.18%"}, "1982": {"Average Stock Price": "5.1852", "Year Open": "9.2200", "Year High": "9.2200", "Year Low": "3.5000", "Year Close": "4.8750", "Annual % Change": "-46.94%"}, "1981": {"Average Stock Price": "10.5589", "Year Open": "13.0300", "Year High": "13.0300", "Year Low": "7.9700", "Year Close": "9.1875", "Annual % Change": "-27.77%"}}}, "market cap": {"value": "$2.87B"}, "income statement": {"Revenue": {"2020-09-30": "1773.92700", "2019-09-30": "2798.49000", "2018-09-30": "2487.26800", "2017-09-30": "1804.74100", "2016-09-30": "1624.23200", "2015-09-30": "3161.70200", "2014-09-30": "3715.96800", "2013-09-30": "3387.61400", "2012-09-30": "3151.80200", "2011-09-30": "2543.89400", "2010-09-30": "1875.16200", "2009-09-30": "1843.74000", "2008-09-30": "1869.37100", "2007-09-30": "1629.65800", "2006-09-30": "1224.81300", "2005-09-30": "800.72600"}, "Cost Of Goods Sold": {"2020-09-30": "1190.56500", "2019-09-30": "1808.58600", "2018-09-30": "1652.61000", "2017-09-30": "1249.31700", "2016-09-30": "898.80500", "2015-09-30": "1703.47600", "2014-09-30": "2006.71500", "2013-09-30": "1852.76800", "2012-09-30": "1750.51000", "2011-09-30": "1432.60200", "2010-09-30": "1071.95900", "2009-09-30": "944.78000", "2008-09-30": "987.83800", "2007-09-30": "862.25400", "2006-09-30": "661.56300", "2005-09-30": "484.23100"}, "Gross Profit": {"2020-09-30": "583.36210", "2019-09-30": "989.90390", "2018-09-30": "834.65810", "2017-09-30": "555.42400", "2016-09-30": "725.42710", "2015-09-30": "1458.22600", "2014-09-30": "1709.25300", "2013-09-30": "1534.84600", "2012-09-30": "1401.29200", "2011-09-30": "1111.29200", "2010-09-30": "803.20300", "2009-09-30": "898.96000", "2008-09-30": "881.53300", "2007-09-30": "767.40390", "2006-09-30": "563.25000", "2005-09-30": "316.49500"}, "Research And Development Expenses": {"2020-09-30": "21.64500", "2019-09-30": "27.46700", "2018-09-30": "18.16700", "2017-09-30": "12.04700", "2016-09-30": "10.26900", "2015-09-30": "16.10400", "2014-09-30": "15.90500", "2013-09-30": "15.23500", "2012-09-30": "16.06000", "2011-09-30": "15.76400", "2010-09-30": "12.26200", "2009-09-30": "9.67100", "2008-09-30": "1.83300", "2007-09-30": "", "2006-09-30": "", "2005-09-30": ""}, "SG&A Expenses": {"2020-09-30": "167.51300", "2019-09-30": "194.41600", "2018-09-30": "199.25700", "2017-09-30": "147.54800", "2016-09-30": "146.18300", "2015-09-30": "134.71200", "2014-09-30": "135.27300", "2013-09-30": "126.25000", "2012-09-30": "107.30700", "2011-09-30": "91.45200", "2010-09-30": "81.47900", "2009-09-30": "58.82200", "2008-09-30": "56.42900", "2007-09-30": "47.40100", "2006-09-30": "51.87300", "2005-09-30": "41.01500"}, "Other Operating Income Or Expenses": {"2020-09-30": "-516.45900", "2019-09-30": "-184.63600", "2018-09-30": "-0.46800", "2017-09-30": "20.62700", "2016-09-30": "3.64600", "2015-09-30": "-27.40800", "2014-09-30": "19.08300", "2013-09-30": "18.92300", "2012-09-30": "19.22300", "2011-09-30": "13.90300", "2010-09-30": "4.99200", "2009-09-30": "5.94300", "2008-09-30": "23.28500", "2007-09-30": "58.35800", "2006-09-30": "7.49200", "2005-09-30": "13.55000"}, "Operating Expenses": {"2020-09-30": "2394.11400", "2019-09-30": "2777.90800", "2018-09-30": "2454.30400", "2017-09-30": "1973.82800", "2016-09-30": "1650.19800", "2015-09-30": "2489.73900", "2014-09-30": "2662.79400", "2013-09-30": "2430.95300", "2012-09-30": "2242.20300", "2011-09-30": "1841.38300", "2010-09-30": "1423.36600", "2009-09-30": "1234.86500", "2008-09-30": "1229.28700", "2007-09-30": "997.33910", "2006-09-30": "807.52700", "2005-09-30": "607.97000"}, "Operating Income": {"2020-09-30": "-620.18680", "2019-09-30": "20.58180", "2018-09-30": "32.96390", "2017-09-30": "-169.08720", "2016-09-30": "-25.96590", "2015-09-30": "671.96310", "2014-09-30": "1053.17400", "2013-09-30": "956.66110", "2012-09-30": "909.59890", "2011-09-30": "702.51090", "2010-09-30": "451.79600", "2009-09-30": "608.87490", "2008-09-30": "640.08400", "2007-09-30": "632.31890", "2006-09-30": "417.28600", "2005-09-30": "192.75600"}, "Total Non-Operating Income/Expense": {"2020-09-30": "-16.31100", "2019-09-30": "-71.80400", "2018-09-30": "-17.12300", "2017-09-30": "-15.51100", "2016-09-30": "-46.70100", "2015-09-30": "-10.08400", "2014-09-30": "41.48400", "2013-09-30": "157.63600", "2012-09-30": "-7.01900", "2011-09-30": "-15.44400", "2010-09-30": "-13.56000", "2009-09-30": "-10.59000", "2008-09-30": "5.40100", "2007-09-30": "58.03400", "2006-09-30": "23.69500", "2005-09-30": "19.90100"}, "Pre-Tax Income": {"2020-09-30": "-636.49800", "2019-09-30": "-51.22200", "2018-09-30": "15.84100", "2017-09-30": "-184.59800", "2016-09-30": "-72.66700", "2015-09-30": "661.87900", "2014-09-30": "1094.65800", "2013-09-30": "1114.29700", "2012-09-30": "902.58000", "2011-09-30": "687.06700", "2010-09-30": "438.23600", "2009-09-30": "598.28500", "2008-09-30": "645.48500", "2007-09-30": "690.35300", "2006-09-30": "440.98100", "2005-09-30": "212.65700"}, "Income Taxes": {"2020-09-30": "-140.10600", "2019-09-30": "-18.71200", "2018-09-30": "-477.16900", "2017-09-30": "-56.73500", "2016-09-30": "-19.67700", "2015-09-30": "241.40500", "2014-09-30": "388.04800", "2013-09-30": "392.84400", "2012-09-30": "328.97100", "2011-09-30": "252.39900", "2010-09-30": "152.15500", "2009-09-30": "227.85000", "2008-09-30": "242.59300", "2007-09-30": "250.98400", "2006-09-30": "154.39100", "2005-09-30": "87.46300"}, "Income After Taxes": {"2020-09-30": "-496.39200", "2019-09-30": "-32.51000", "2018-09-30": "493.01000", "2017-09-30": "-127.86300", "2016-09-30": "-52.99000", "2015-09-30": "420.47400", "2014-09-30": "706.61000", "2013-09-30": "721.45300", "2012-09-30": "573.60900", "2011-09-30": "434.66800", "2010-09-30": "286.08100", "2009-09-30": "370.43500", "2008-09-30": "402.89200", "2007-09-30": "439.36900", "2006-09-30": "286.59000", "2005-09-30": "125.19400"}, "Other Income": {"2020-09-30": "", "2019-09-30": "", "2018-09-30": "", "2017-09-30": "", "2016-09-30": "", "2015-09-30": "", "2014-09-30": "", "2013-09-30": "", "2012-09-30": "", "2011-09-30": "", "2010-09-30": "", "2009-09-30": "", "2008-09-30": "", "2007-09-30": "", "2006-09-30": "", "2005-09-30": ""}, "Income From Continuous Operations": {"2020-09-30": "-496.39200", "2019-09-30": "-32.51000", "2018-09-30": "493.01000", "2017-09-30": "-127.86300", "2016-09-30": "-52.99000", "2015-09-30": "420.47400", "2014-09-30": "706.61000", "2013-09-30": "721.45300", "2012-09-30": "573.60900", "2011-09-30": "434.66800", "2010-09-30": "286.08100", "2009-09-30": "380.54600", "2008-09-30": "420.25800", "2007-09-30": "449.26100", "2006-09-30": "293.85800", "2005-09-30": "127.60600"}, "Income From Discontinued Operations": {"2020-09-30": "1.89500", "2019-09-30": "-1.14600", "2018-09-30": "-10.33800", "2017-09-30": "-0.34900", "2016-09-30": "-3.83800", "2015-09-30": "-0.04700", "2014-09-30": "-0.04700", "2013-09-30": "15.18600", "2012-09-30": "7.43600", "2011-09-30": "-0.48200", "2010-09-30": "-129.76900", "2009-09-30": "-27.00100", "2008-09-30": "41.48000", "2007-09-30": "", "2006-09-30": "", "2005-09-30": ""}, "Net Income": {"2020-09-30": "-494.49700", "2019-09-30": "-33.65600", "2018-09-30": "482.67200", "2017-09-30": "-128.21200", "2016-09-30": "-56.82800", "2015-09-30": "420.42700", "2014-09-30": "706.56300", "2013-09-30": "736.63900", "2012-09-30": "581.04500", "2011-09-30": "434.18600", "2010-09-30": "155.90800", "2009-09-30": "353.54500", "2008-09-30": "461.73800", "2007-09-30": "449.26100", "2006-09-30": "293.85800", "2005-09-30": "127.60600"}, "EBITDA": {"2020-09-30": "-136.48480", "2019-09-30": "585.11680", "2018-09-30": "617.83290", "2017-09-30": "417.51090", "2016-09-30": "573.78910", "2015-09-30": "1280.75100", "2014-09-30": "1577.55800", "2013-09-30": "1412.69300", "2012-09-30": "1297.14800", "2011-09-30": "1017.97900", "2010-09-30": "714.45400", "2009-09-30": "836.40990", "2008-09-30": "835.42700", "2007-09-30": "778.36090", "2006-09-30": "518.86900", "2005-09-30": "289.03000"}, "EBIT": {"2020-09-30": "-620.18680", "2019-09-30": "20.58180", "2018-09-30": "32.96390", "2017-09-30": "-169.08720", "2016-09-30": "-25.96590", "2015-09-30": "671.96310", "2014-09-30": "1053.17400", "2013-09-30": "956.66110", "2012-09-30": "909.59890", "2011-09-30": "702.51090", "2010-09-30": "451.79600", "2009-09-30": "608.87490", "2008-09-30": "640.08400", "2007-09-30": "632.31890", "2006-09-30": "417.28600", "2005-09-30": "192.75600"}, "Basic Shares Outstanding": {"2020-09-30": "108.00900", "2019-09-30": "109.21600", "2018-09-30": "108.85100", "2017-09-30": "108.50000", "2016-09-30": "107.99600", "2015-09-30": "107.75400", "2014-09-30": "107.80000", "2013-09-30": "106.28600", "2012-09-30": "106.81900", "2011-09-30": "106.64300", "2010-09-30": "105.71100", "2009-09-30": "105.36400", "2008-09-30": "104.28400", "2007-09-30": "103.33800", "2006-09-30": "104.65800", "2005-09-30": "102.17400"}, "Shares Outstanding": {"2020-09-30": "108.00900", "2019-09-30": "109.21600", "2018-09-30": "109.38700", "2017-09-30": "108.50000", "2016-09-30": "107.99600", "2015-09-30": "108.57000", "2014-09-30": "109.14100", "2013-09-30": "107.87900", "2012-09-30": "108.37700", "2011-09-30": "108.63200", "2010-09-30": "107.40400", "2009-09-30": "106.60800", "2008-09-30": "106.58300", "2007-09-30": "105.12800", "2006-09-30": "106.09100", "2005-09-30": "104.06600"}, "Basic EPS": {"2020-09-30": "-4.60000", "2019-09-30": "-0.34000", "2018-09-30": "4.39000", "2017-09-30": "-1.20000", "2016-09-30": "-0.54000", "2015-09-30": "3.88000", "2014-09-30": "6.52000", "2013-09-30": "6.89000", "2012-09-30": "5.42000", "2011-09-30": "4.06000", "2010-09-30": "1.47000", "2009-09-30": "3.35000", "2008-09-30": "4.42000", "2007-09-30": "4.35000", "2006-09-30": "2.81000", "2005-09-30": "1.25000"}, "EPS - Earnings Per Share": {"2020-09-30": "-4.60000", "2019-09-30": "-0.34000", "2018-09-30": "4.37000", "2017-09-30": "-1.20000", "2016-09-30": "-0.54000", "2015-09-30": "3.85000", "2014-09-30": "6.44000", "2013-09-30": "6.79000", "2012-09-30": "5.34000", "2011-09-30": "3.99000", "2010-09-30": "1.45000", "2009-09-30": "3.31000", "2008-09-30": "4.32000", "2007-09-30": "4.27000", "2006-09-30": "2.77000", "2005-09-30": "1.23000"}}, "income statement, quarterly": {"Revenue": {"2020-09-30": "208.26700", "2020-06-30": "317.36400", "2020-03-31": "633.63900", "2019-12-31": "614.65700", "2019-09-30": "649.05020", "2019-06-30": "687.97400", "2019-03-31": "720.86800", "2018-12-31": "740.59800", "2018-09-30": "696.82500", "2018-06-30": "648.87200", "2018-03-31": "577.48400", "2017-12-31": "564.08700", "2017-09-30": "532.30410", "2017-06-30": "498.56400", "2017-03-31": "405.28300", "2016-12-31": "368.59000", "2016-09-30": "331.70810", "2016-06-30": "366.48600", "2016-03-31": "438.19100", "2015-12-31": "487.84700", "2015-09-30": "553.79990", "2015-06-30": "661.44500", "2015-03-31": "885.67000", "2014-12-31": "1060.78700", "2014-09-30": "981.29920", "2014-06-30": "952.08700", "2014-03-31": "893.43000", "2013-12-31": "889.15200", "2013-09-30": "864.53590", "2013-06-30": "840.19700", "2013-03-31": "838.30900", "2012-12-31": "844.57200", "2012-09-30": "829.44710", "2012-06-30": "819.78500", "2012-03-31": "769.98200", "2011-12-31": "732.58800", "2011-09-30": "700.75100", "2011-06-30": "644.09500", "2011-03-31": "604.40600", "2010-12-31": "594.64200", "2010-09-30": "558.95700", "2010-06-30": "483.38400", "2010-03-31": "436.57900", "2009-12-31": "396.24200", "2009-09-30": "315.32700", "2009-06-30": "384.35900", "2009-03-31": "520.30000", "2008-12-31": "623.75400", "2008-09-30": "416.54700", "2008-06-30": "522.51700", "2008-03-31": "473.64400", "2007-12-31": "456.66300", "2007-09-30": "449.44900", "2007-06-30": "421.27400", "2007-03-31": "372.53600", "2006-12-31": "386.39900", "2006-09-30": "358.79900", "2006-06-30": "319.79600", "2006-03-31": "290.83000", "2005-12-31": "255.38800", "2005-09-30": "233.21000", "2005-06-30": "207.38700", "2005-03-31": "185.45000"}, "Cost Of Goods Sold": {"2020-09-30": "165.32390", "2020-06-30": "206.74700", "2020-03-31": "417.74300", "2019-12-31": "400.75100", "2019-09-30": "433.47210", "2019-06-30": "444.52800", "2019-03-31": "441.71900", "2018-12-31": "488.86700", "2018-09-30": "450.59700", "2018-06-30": "444.51100", "2018-03-31": "384.41900", "2017-12-31": "373.08300", "2017-09-30": "367.34600", "2017-06-30": "337.46300", "2017-03-31": "296.82900", "2016-12-31": "247.67900", "2016-09-30": "214.40400", "2016-06-30": "186.14600", "2016-03-31": "221.61100", "2015-12-31": "276.64400", "2015-09-30": "326.27390", "2015-06-30": "350.64000", "2015-03-31": "467.09900", "2014-12-31": "559.46300", "2014-09-30": "537.26100", "2014-06-30": "515.23900", "2014-03-31": "480.16700", "2013-12-31": "474.04800", "2013-09-30": "473.17000", "2013-06-30": "450.99000", "2013-03-31": "461.73700", "2012-12-31": "466.87100", "2012-09-30": "447.33490", "2012-06-30": "463.93500", "2012-03-31": "448.20800", "2011-12-31": "391.03200", "2011-09-30": "396.93110", "2011-06-30": "365.58600", "2011-03-31": "340.03900", "2010-12-31": "330.04600", "2010-09-30": "329.19800", "2010-06-30": "285.58300", "2010-03-31": "248.48000", "2009-12-31": "208.69800", "2009-09-30": "146.03500", "2009-06-30": "204.52300", "2009-03-31": "263.29400", "2008-12-31": "330.92800", "2008-09-30": "223.91700", "2008-06-30": "274.16800", "2008-03-31": "253.95800", "2007-12-31": "235.79500", "2007-09-30": "234.30600", "2007-06-30": "229.02500", "2007-03-31": "199.45600", "2006-12-31": "199.46700", "2006-09-30": "194.73800", "2006-06-30": "169.42900", "2006-03-31": "156.80000", "2005-12-31": "140.59600", "2005-09-30": "137.18800", "2005-06-30": "121.47000", "2005-03-31": "114.32100"}, "Gross Profit": {"2020-09-30": "42.94310", "2020-06-30": "110.61700", "2020-03-31": "215.89600", "2019-12-31": "213.90600", "2019-09-30": "215.57810", "2019-06-30": "243.44600", "2019-03-31": "279.14900", "2018-12-31": "251.73100", "2018-09-30": "246.22800", "2018-06-30": "204.36100", "2018-03-31": "193.06500", "2017-12-31": "191.00400", "2017-09-30": "164.95810", "2017-06-30": "161.10100", "2017-03-31": "108.45400", "2016-12-31": "120.91100", "2016-09-30": "117.30410", "2016-06-30": "180.34000", "2016-03-31": "216.58000", "2015-12-31": "211.20300", "2015-09-30": "227.52600", "2015-06-30": "310.80500", "2015-03-31": "418.57100", "2014-12-31": "501.32400", "2014-09-30": "444.03820", "2014-06-30": "436.84800", "2014-03-31": "413.26300", "2013-12-31": "415.10400", "2013-09-30": "391.36590", "2013-06-30": "389.20700", "2013-03-31": "376.57200", "2012-12-31": "377.70100", "2012-09-30": "382.11220", "2012-06-30": "355.85000", "2012-03-31": "321.77400", "2011-12-31": "341.55600", "2011-09-30": "303.81990", "2011-06-30": "278.50900", "2011-03-31": "264.36700", "2010-12-31": "264.59600", "2010-09-30": "229.75900", "2010-06-30": "197.80100", "2010-03-31": "188.09900", "2009-12-31": "187.54400", "2009-09-30": "169.29200", "2009-06-30": "179.83600", "2009-03-31": "257.00600", "2008-12-31": "292.82600", "2008-09-30": "192.62990", "2008-06-30": "248.34900", "2008-03-31": "219.68600", "2007-12-31": "220.86800", "2007-09-30": "215.14300", "2007-06-30": "192.24900", "2007-03-31": "173.08000", "2006-12-31": "186.93200", "2006-09-30": "164.06100", "2006-06-30": "150.36700", "2006-03-31": "134.03000", "2005-12-31": "114.79200", "2005-09-30": "96.02200", "2005-06-30": "85.91700", "2005-03-31": "71.12900"}, "Research And Development Expenses": {"2020-09-30": "4.91500", "2020-06-30": "3.63800", "2020-03-31": "6.21400", "2019-12-31": "6.87800", "2019-09-30": "6.12000", "2019-06-30": "7.06600", "2019-03-31": "7.26200", "2018-12-31": "7.01900", "2018-09-30": "5.01800", "2018-06-30": "5.47900", "2018-03-31": "4.43600", "2017-12-31": "3.23400", "2017-09-30": "3.46200", "2017-06-30": "3.05800", "2017-03-31": "2.71900", "2016-12-31": "2.80800", "2016-09-30": "2.32800", "2016-06-30": "2.70700", "2016-03-31": "2.31500", "2015-12-31": "2.91900", "2015-09-30": "3.76000", "2015-06-30": "3.32900", "2015-03-31": "4.85700", "2014-12-31": "4.15800", "2014-09-30": "4.15900", "2014-06-30": "3.86400", "2014-03-31": "3.62500", "2013-12-31": "4.25700", "2013-09-30": "3.81300", "2013-06-30": "4.37300", "2013-03-31": "3.69600", "2012-12-31": "3.35300", "2012-09-30": "4.68200", "2012-06-30": "4.29900", "2012-03-31": "3.83000", "2011-12-31": "3.24900", "2011-09-30": "4.25500", "2011-06-30": "4.39900", "2011-03-31": "3.64000", "2010-12-31": "3.47000", "2010-09-30": "3.85100", "2010-06-30": "3.25400", "2010-03-31": "3.34200", "2009-12-31": "1.81500", "2009-09-30": "3.04100", "2009-06-30": "2.77700", "2009-03-31": "2.17600", "2008-12-31": "1.67700", "2008-09-30": "1.31100", "2008-06-30": "0.52200", "2008-03-31": "", "2007-12-31": "", "2007-09-30": "", "2007-06-30": "", "2007-03-31": "", "2006-12-31": "", "2006-09-30": "", "2006-06-30": "", "2006-03-31": "", "2005-12-31": "", "2005-09-30": "", "2005-06-30": "", "2005-03-31": ""}, "SG&A Expenses": {"2020-09-30": "32.61900", "2020-06-30": "43.10800", "2020-03-31": "41.97800", "2019-12-31": "49.80800", "2019-09-30": "49.81200", "2019-06-30": "46.59000", "2019-03-31": "43.50600", "2018-12-31": "54.50800", "2018-09-30": "52.25200", "2018-06-30": "52.31000", "2018-03-31": "48.23600", "2017-12-31": "46.45900", "2017-09-30": "36.87700", "2017-06-30": "42.89000", "2017-03-31": "33.51900", "2016-12-31": "34.26200", "2016-09-30": "33.80200", "2016-06-30": "46.49600", "2016-03-31": "33.81100", "2015-12-31": "32.07400", "2015-09-30": "37.72800", "2015-06-30": "29.25300", "2015-03-31": "34.99500", "2014-12-31": "32.73600", "2014-09-30": "34.37700", "2014-06-30": "34.22200", "2014-03-31": "34.43100", "2013-12-31": "32.24300", "2013-09-30": "29.90300", "2013-06-30": "31.09000", "2013-03-31": "32.83600", "2012-12-31": "32.42100", "2012-09-30": "27.76300", "2012-06-30": "25.57600", "2012-03-31": "27.80500", "2011-12-31": "26.16300", "2011-09-30": "23.08600", "2011-06-30": "24.07100", "2011-03-31": "24.40600", "2010-12-31": "19.88900", "2010-09-30": "20.18300", "2010-06-30": "20.11400", "2010-03-31": "20.54300", "2009-12-31": "20.63900", "2009-09-30": "13.06800", "2009-06-30": "14.17200", "2009-03-31": "16.43400", "2008-12-31": "15.14800", "2008-09-30": "13.71300", "2008-06-30": "14.72300", "2008-03-31": "14.09000", "2007-12-31": "13.90300", "2007-09-30": "11.90000", "2007-06-30": "11.53800", "2007-03-31": "13.35000", "2006-12-31": "10.61300", "2006-09-30": "12.92900", "2006-06-30": "13.04900", "2006-03-31": "13.95700", "2005-12-31": "11.93800", "2005-09-30": "10.49600", "2005-06-30": "11.68000", "2005-03-31": "9.59300"}, "Other Operating Income Or Expenses": {"2020-09-30": "29.30000", "2020-06-30": "4.20100", "2020-03-31": "-554.23900", "2019-12-31": "4.27900", "2019-09-30": "14.26000", "2019-06-30": "-214.36700", "2019-03-31": "9.92600", "2018-12-31": "5.54500", "2018-09-30": "-14.46400", "2018-06-30": "4.31300", "2018-03-31": "4.11800", "2017-12-31": "5.56500", "2017-09-30": "3.03400", "2017-06-30": "1.86200", "2017-03-31": "14.88900", "2016-12-31": "0.84200", "2016-09-30": "2.07600", "2016-06-30": "-5.70300", "2016-03-31": "2.68400", "2015-12-31": "4.58900", "2015-09-30": "-36.22700", "2015-06-30": "1.79100", "2015-03-31": "2.85500", "2014-12-31": "4.17300", "2014-09-30": "7.19300", "2014-06-30": "2.12800", "2014-03-31": "4.09800", "2013-12-31": "5.66400", "2013-09-30": "4.38500", "2013-06-30": "4.00600", "2013-03-31": "5.31300", "2012-12-31": "5.21900", "2012-09-30": "4.85800", "2012-06-30": "1.86200", "2012-03-31": "7.82000", "2011-12-31": "4.68300", "2011-09-30": "3.64100", "2011-06-30": "3.48800", "2011-03-31": "4.10500", "2010-12-31": "2.66900", "2010-09-30": "0.74700", "2010-06-30": "2.24900", "2010-03-31": "0.98500", "2009-12-31": "1.01100", "2009-09-30": "0.69200", "2009-06-30": "2.00500", "2009-03-31": "2.05500", "2008-12-31": "1.19100", "2008-09-30": "8.64500", "2008-06-30": "7.04200", "2008-03-31": "1.94600", "2007-12-31": "5.65200", "2007-09-30": "8.28000", "2007-06-30": "12.08600", "2007-03-31": "37.50600", "2006-12-31": "0.48600", "2006-09-30": "1.06100", "2006-06-30": "1.89500", "2006-03-31": "3.56300", "2005-12-31": "0.97300", "2005-09-30": "11.97600", "2005-06-30": "0.60300", "2005-03-31": "0.97100"}, "Operating Expenses": {"2020-09-30": "283.69670", "2020-06-30": "374.94800", "2020-03-31": "1152.18000", "2019-12-31": "583.28900", "2019-09-30": "610.02910", "2019-06-30": "855.84800", "2019-03-31": "625.72200", "2018-12-31": "686.30900", "2018-09-30": "672.61240", "2018-06-30": "642.56600", "2018-03-31": "578.64800", "2017-12-31": "560.47800", "2017-09-30": "558.52710", "2017-06-30": "526.59200", "2017-03-31": "470.95500", "2016-12-31": "417.75400", "2016-09-30": "424.70900", "2016-06-30": "379.74200", "2016-03-31": "396.57000", "2015-12-31": "449.17700", "2015-09-30": "578.58270", "2015-06-30": "526.39600", "2015-03-31": "654.34400", "2014-12-31": "730.41610", "2014-09-30": "719.40990", "2014-06-30": "680.17500", "2014-03-31": "638.08800", "2013-12-31": "625.12100", "2013-09-30": "621.30190", "2013-06-30": "600.23700", "2013-03-31": "605.38900", "2012-12-31": "604.02500", "2012-09-30": "590.06710", "2012-06-30": "587.13000", "2012-03-31": "562.95700", "2011-12-31": "502.04900", "2011-09-30": "507.64920", "2011-06-30": "469.67700", "2011-03-31": "440.14100", "2010-12-31": "423.91600", "2010-09-30": "425.72490", "2010-06-30": "371.91000", "2010-03-31": "334.87300", "2009-12-31": "290.85800", "2009-09-30": "218.36510", "2009-06-30": "278.20400", "2009-03-31": "336.96200", "2008-12-31": "401.33400", "2008-09-30": "278.57300", "2008-06-30": "344.71000", "2008-03-31": "317.97400", "2007-12-31": "288.03000", "2007-09-30": "282.74010", "2007-06-30": "266.60200", "2007-03-31": "208.25200", "2006-12-31": "239.74500", "2006-09-30": "236.80500", "2006-06-30": "205.65900", "2006-03-31": "190.57900", "2005-12-31": "174.48400", "2005-09-30": "161.35100", "2005-06-30": "155.96600", "2005-03-31": "146.89300"}, "Operating Income": {"2020-09-30": "-75.42970", "2020-06-30": "-57.58400", "2020-03-31": "-518.54110", "2019-12-31": "31.36800", "2019-09-30": "39.02110", "2019-06-30": "-167.87400", "2019-03-31": "95.14600", "2018-12-31": "54.28900", "2018-09-30": "24.21270", "2018-06-30": "6.30600", "2018-03-31": "-1.16400", "2017-12-31": "3.60900", "2017-09-30": "-26.22300", "2017-06-30": "-28.02810", "2017-03-31": "-65.67200", "2016-12-31": "-49.16400", "2016-09-30": "-93.00100", "2016-06-30": "-13.25600", "2016-03-31": "41.62100", "2015-12-31": "38.67000", "2015-09-30": "-24.78280", "2015-06-30": "135.04900", "2015-03-31": "231.32600", "2014-12-31": "330.37090", "2014-09-30": "261.88930", "2014-06-30": "271.91190", "2014-03-31": "255.34200", "2013-12-31": "264.03090", "2013-09-30": "243.23400", "2013-06-30": "239.96000", "2013-03-31": "232.92000", "2012-12-31": "240.54700", "2012-09-30": "239.38000", "2012-06-30": "232.65500", "2012-03-31": "207.02500", "2011-12-31": "230.53900", "2011-09-30": "193.10180", "2011-06-30": "174.41800", "2011-03-31": "164.26500", "2010-12-31": "170.72600", "2010-09-30": "133.23210", "2010-06-30": "111.47400", "2010-03-31": "101.70600", "2009-12-31": "105.38400", "2009-09-30": "96.96190", "2009-06-30": "106.15500", "2009-03-31": "183.33800", "2008-12-31": "222.42000", "2008-09-30": "137.97390", "2008-06-30": "177.80700", "2008-03-31": "155.67000", "2007-12-31": "168.63300", "2007-09-30": "166.70900", "2007-06-30": "154.67200", "2007-03-31": "164.28400", "2006-12-31": "146.65400", "2006-09-30": "121.99400", "2006-06-30": "114.13700", "2006-03-31": "100.25100", "2005-12-31": "80.90400", "2005-09-30": "71.85900", "2005-06-30": "51.42100", "2005-03-31": "38.55700"}, "Total Non-Operating Income/Expense": {"2020-09-30": "-8.46900", "2020-06-30": "-6.00100", "2020-03-31": "-15.34000", "2019-12-31": "13.49900", "2019-09-30": "-10.24200", "2019-06-30": "-18.77800", "2019-03-31": "1.78900", "2018-12-31": "-44.57300", "2018-09-30": "-5.17900", "2018-06-30": "-3.94500", "2018-03-31": "-4.39100", "2017-12-31": "-3.60800", "2017-09-30": "-1.68600", "2017-06-30": "-5.57500", "2017-03-31": "-4.57200", "2016-12-31": "-3.67800", "2016-09-30": "-33.28500", "2016-06-30": "-5.09500", "2016-03-31": "-4.26900", "2015-12-31": "-4.05200", "2015-09-30": "-5.29300", "2015-06-30": "-4.82900", "2015-03-31": "0.01900", "2014-12-31": "0.01900", "2014-09-30": "-0.68100", "2014-06-30": "23.16600", "2014-03-31": "20.08500", "2013-12-31": "-1.08600", "2013-09-30": "2.21300", "2013-06-30": "150.40500", "2013-03-31": "-0.76800", "2012-12-31": "5.78600", "2012-09-30": "-1.03500", "2012-06-30": "-1.77300", "2012-03-31": "-2.10700", "2011-12-31": "-2.10400", "2011-09-30": "-4.95300", "2011-06-30": "-1.59500", "2011-03-31": "-4.92500", "2010-12-31": "-3.97100", "2010-09-30": "-2.65600", "2010-06-30": "-2.80600", "2010-03-31": "-3.72800", "2009-12-31": "-4.37000", "2009-09-30": "-5.62900", "2009-06-30": "-2.74300", "2009-03-31": "-0.43200", "2008-12-31": "-1.78600", "2008-09-30": "-5.33700", "2008-06-30": "12.83700", "2008-03-31": "2.10300", "2007-12-31": "-4.20200", "2007-09-30": "8.82400", "2007-06-30": "23.12000", "2007-03-31": "-0.63600", "2006-12-31": "26.72600", "2006-09-30": "9.17400", "2006-06-30": "11.82700", "2006-03-31": "0.53700", "2005-12-31": "2.15700", "2005-09-30": "-11.74600", "2005-06-30": "-1.42700", "2005-03-31": "-1.74100"}, "Pre-Tax Income": {"2020-09-30": "-83.89900", "2020-06-30": "-63.58500", "2020-03-31": "-533.88100", "2019-12-31": "44.86700", "2019-09-30": "28.77900", "2019-06-30": "-186.65200", "2019-03-31": "96.93500", "2018-12-31": "9.71600", "2018-09-30": "19.03400", "2018-06-30": "2.36100", "2018-03-31": "-5.55500", "2017-12-31": "0.00100", "2017-09-30": "-27.90900", "2017-06-30": "-33.60300", "2017-03-31": "-70.24400", "2016-12-31": "-52.84200", "2016-09-30": "-126.28600", "2016-06-30": "-18.35100", "2016-03-31": "37.35200", "2015-12-31": "34.61800", "2015-09-30": "-30.07600", "2015-06-30": "130.22000", "2015-03-31": "231.34500", "2014-12-31": "330.39000", "2014-09-30": "261.20790", "2014-06-30": "295.07800", "2014-03-31": "275.42700", "2013-12-31": "262.94500", "2013-09-30": "245.44700", "2013-06-30": "390.36500", "2013-03-31": "232.15200", "2012-12-31": "246.33300", "2012-09-30": "238.34500", "2012-06-30": "230.88200", "2012-03-31": "204.91800", "2011-12-31": "228.43500", "2011-09-30": "188.14900", "2011-06-30": "172.82300", "2011-03-31": "159.34000", "2010-12-31": "166.75500", "2010-09-30": "130.57600", "2010-06-30": "108.66800", "2010-03-31": "97.97800", "2009-12-31": "101.01400", "2009-09-30": "91.33300", "2009-06-30": "103.41200", "2009-03-31": "182.90600", "2008-12-31": "220.63400", "2008-09-30": "132.63700", "2008-06-30": "190.64400", "2008-03-31": "157.77300", "2007-12-31": "164.43100", "2007-09-30": "175.53300", "2007-06-30": "177.79200", "2007-03-31": "163.64800", "2006-12-31": "173.38000", "2006-09-30": "131.16800", "2006-06-30": "125.96400", "2006-03-31": "100.78800", "2005-12-31": "83.06100", "2005-09-30": "60.11300", "2005-06-30": "49.99400", "2005-03-31": "36.81600"}, "Income Taxes": {"2020-09-30": "-23.25300", "2020-06-30": "-17.57800", "2020-03-31": "-113.41300", "2019-12-31": "14.13800", "2019-09-30": "-13.11100", "2019-06-30": "-32.03100", "2019-03-31": "25.07800", "2018-12-31": "1.35200", "2018-09-30": "16.85900", "2018-06-30": "10.53500", "2018-03-31": "-3.92200", "2017-12-31": "-500.64100", "2017-09-30": "-6.19800", "2017-06-30": "-10.47800", "2017-03-31": "-21.77100", "2016-12-31": "-18.28800", "2016-09-30": "-53.41700", "2016-06-30": "2.84200", "2016-03-31": "12.17800", "2015-12-31": "18.72000", "2015-09-30": "-2.48600", "2015-06-30": "39.32100", "2015-03-31": "77.80300", "2014-12-31": "126.76700", "2014-09-30": "94.65900", "2014-06-30": "102.78800", "2014-03-31": "100.83800", "2013-12-31": "89.76300", "2013-09-30": "85.65000", "2013-06-30": "139.38700", "2013-03-31": "81.08500", "2012-12-31": "86.72200", "2012-09-30": "88.73900", "2012-06-30": "80.93900", "2012-03-31": "75.15500", "2011-12-31": "84.13800", "2011-09-30": "66.63500", "2011-06-30": "62.99500", "2011-03-31": "60.37900", "2010-12-31": "62.39000", "2010-09-30": "47.28500", "2010-06-30": "43.78500", "2010-03-31": "23.87300", "2009-12-31": "37.21200", "2009-09-30": "27.82100", "2009-06-30": "35.39100", "2009-03-31": "83.39000", "2008-12-31": "81.24800", "2008-09-30": "53.47600", "2008-06-30": "70.18700", "2008-03-31": "58.78400", "2007-12-31": "60.14600", "2007-09-30": "62.58800", "2007-06-30": "64.96000", "2007-03-31": "59.33800", "2006-12-31": "64.09800", "2006-09-30": "35.71300", "2006-06-30": "47.63600", "2006-03-31": "38.24000", "2005-12-31": "32.80200", "2005-09-30": "24.55300", "2005-06-30": "20.62700", "2005-03-31": "15.15300"}, "Income After Taxes": {"2020-09-30": "-60.64600", "2020-06-30": "-46.00700", "2020-03-31": "-420.46800", "2019-12-31": "30.72900", "2019-09-30": "41.89000", "2019-06-30": "-154.62100", "2019-03-31": "71.85700", "2018-12-31": "8.36400", "2018-09-30": "2.17500", "2018-06-30": "-8.17400", "2018-03-31": "-1.63300", "2017-12-31": "500.64200", "2017-09-30": "-21.71100", "2017-06-30": "-23.12500", "2017-03-31": "-48.47300", "2016-12-31": "-34.55400", "2016-09-30": "-72.86900", "2016-06-30": "-21.19300", "2016-03-31": "25.17400", "2015-12-31": "15.89800", "2015-09-30": "-27.59000", "2015-06-30": "90.89900", "2015-03-31": "153.54200", "2014-12-31": "203.62300", "2014-09-30": "166.54900", "2014-06-30": "192.29000", "2014-03-31": "174.58900", "2013-12-31": "173.18200", "2013-09-30": "159.79700", "2013-06-30": "250.97800", "2013-03-31": "151.06700", "2012-12-31": "159.61100", "2012-09-30": "149.60600", "2012-06-30": "149.94300", "2012-03-31": "129.76300", "2011-12-31": "144.29700", "2011-09-30": "121.51400", "2011-06-30": "109.82800", "2011-03-31": "98.96100", "2010-12-31": "104.36500", "2010-09-30": "83.29100", "2010-06-30": "64.88300", "2010-03-31": "74.10500", "2009-12-31": "63.80200", "2009-09-30": "63.51200", "2009-06-30": "68.02100", "2009-03-31": "99.51600", "2008-12-31": "139.38600", "2008-09-30": "79.16100", "2008-06-30": "120.45700", "2008-03-31": "98.98900", "2007-12-31": "104.28500", "2007-09-30": "112.94500", "2007-06-30": "112.83200", "2007-03-31": "104.31000", "2006-12-31": "109.28200", "2006-09-30": "95.45500", "2006-06-30": "78.32800", "2006-03-31": "62.54800", "2005-12-31": "50.25900", "2005-09-30": "35.56000", "2005-06-30": "29.36700", "2005-03-31": "21.66300"}, "Other Income": {"2020-09-30": "", "2020-06-30": "", "2020-03-31": "", "2019-12-31": "", "2019-09-30": "", "2019-06-30": "", "2019-03-31": "", "2018-12-31": "", "2018-09-30": "", "2018-06-30": "", "2018-03-31": "", "2017-12-31": "", "2017-09-30": "", "2017-06-30": "", "2017-03-31": "", "2016-12-31": "", "2016-09-30": "", "2016-06-30": "", "2016-03-31": "", "2015-12-31": "", "2015-09-30": "", "2015-06-30": "", "2015-03-31": "", "2014-12-31": "", "2014-09-30": "", "2014-06-30": "", "2014-03-31": "", "2013-12-31": "", "2013-09-30": "", "2013-06-30": "", "2013-03-31": "", "2012-12-31": "", "2012-09-30": "", "2012-06-30": "", "2012-03-31": "", "2011-12-31": "", "2011-09-30": "", "2011-06-30": "", "2011-03-31": "", "2010-12-31": "", "2010-09-30": "", "2010-06-30": "", "2010-03-31": "", "2009-12-31": "", "2009-09-30": "", "2009-06-30": "", "2009-03-31": "", "2008-12-31": "", "2008-09-30": "", "2008-06-30": "", "2008-03-31": "", "2007-12-31": "", "2007-09-30": "", "2007-06-30": "", "2007-03-31": "", "2006-12-31": "", "2006-09-30": "", "2006-06-30": "", "2006-03-31": "", "2005-12-31": "", "2005-09-30": "", "2005-06-30": "", "2005-03-31": ""}, "Income From Continuous Operations": {"2020-09-30": "-60.64600", "2020-06-30": "-46.00700", "2020-03-31": "-420.46800", "2019-12-31": "30.72900", "2019-09-30": "41.89000", "2019-06-30": "-154.62100", "2019-03-31": "71.85700", "2018-12-31": "8.36400", "2018-09-30": "2.17500", "2018-06-30": "-8.17400", "2018-03-31": "-1.63300", "2017-12-31": "500.64200", "2017-09-30": "-21.71100", "2017-06-30": "-23.12500", "2017-03-31": "-48.47300", "2016-12-31": "-34.55400", "2016-09-30": "-72.86900", "2016-06-30": "-21.19300", "2016-03-31": "25.17400", "2015-12-31": "15.89800", "2015-09-30": "-27.59000", "2015-06-30": "90.89900", "2015-03-31": "153.54200", "2014-12-31": "203.62300", "2014-09-30": "166.54900", "2014-06-30": "192.29000", "2014-03-31": "174.58900", "2013-12-31": "173.18200", "2013-09-30": "159.79700", "2013-06-30": "250.97800", "2013-03-31": "151.06700", "2012-12-31": "159.61100", "2012-09-30": "149.60600", "2012-06-30": "149.94300", "2012-03-31": "129.76300", "2011-12-31": "144.29700", "2011-09-30": "121.51400", "2011-06-30": "109.82800", "2011-03-31": "98.96100", "2010-12-31": "104.36500", "2010-09-30": "83.29100", "2010-06-30": "64.88300", "2010-03-31": "74.10500", "2009-12-31": "63.80200", "2009-09-30": "63.51200", "2009-06-30": "68.02100", "2009-03-31": "103.73800", "2008-12-31": "145.27500", "2008-09-30": "85.00500", "2008-06-30": "125.36900", "2008-03-31": "102.05400", "2007-12-31": "107.83000", "2007-09-30": "116.41000", "2007-06-30": "115.20400", "2007-03-31": "106.86100", "2006-12-31": "110.78600", "2006-09-30": "98.49600", "2006-06-30": "79.97500", "2006-03-31": "64.57300", "2005-12-31": "50.81400", "2005-09-30": "36.12100", "2005-06-30": "29.82500", "2005-03-31": "22.35000"}, "Income From Discontinued Operations": {"2020-09-30": "1.68300", "2020-06-30": "0.40800", "2020-03-31": "-0.07200", "2019-12-31": "-0.12400", "2019-09-30": "-0.71300", "2019-06-30": "-0.06200", "2019-03-31": "-10.96600", "2018-12-31": "10.59500", "2018-09-30": "0.27800", "2018-06-30": "0.16600", "2018-03-31": "-10.24600", "2017-12-31": "-0.53600", "2017-09-30": "-0.82100", "2017-06-30": "1.32600", "2017-03-31": "-0.34500", "2016-12-31": "-0.50900", "2016-09-30": "0.03400", "2016-06-30": "-0.00700", "2016-03-31": "-3.96900", "2015-12-31": "0.10400", "2015-09-30": "-0.00600", "2015-06-30": "-0.02700", "2015-03-31": "0.00100", "2014-12-31": "-0.01500", "2014-09-30": "-0.01700", "2014-06-30": "-0.01100", "2014-03-31": "-0.01900", "2013-12-31": "0.00000", "2013-09-30": "0.00000", "2013-06-30": "15.18100", "2013-03-31": "0.01300", "2012-12-31": "-0.00800", "2012-09-30": "7.50900", "2012-06-30": "-0.01800", "2012-03-31": "-0.04400", "2011-12-31": "-0.01100", "2011-09-30": "-0.09400", "2011-06-30": "-0.00200", "2011-03-31": "-0.17100", "2010-12-31": "-0.21500", "2010-09-30": "-0.24600", "2010-06-30": "-101.59800", "2010-03-31": "-27.35800", "2009-12-31": "-0.56700", "2009-09-30": "-12.02400", "2009-06-30": "-14.97700", "2009-03-31": "", "2008-12-31": "", "2008-09-30": "", "2008-06-30": "", "2008-03-31": "", "2007-12-31": "", "2007-09-30": "", "2007-06-30": "", "2007-03-31": "", "2006-12-31": "", "2006-09-30": "", "2006-06-30": "", "2006-03-31": "", "2005-12-31": "", "2005-09-30": "", "2005-06-30": "", "2005-03-31": ""}, "Net Income": {"2020-09-30": "-58.96300", "2020-06-30": "-45.59900", "2020-03-31": "-420.54000", "2019-12-31": "30.60500", "2019-09-30": "41.17700", "2019-06-30": "-154.68300", "2019-03-31": "60.89100", "2018-12-31": "18.95900", "2018-09-30": "2.45300", "2018-06-30": "-8.00800", "2018-03-31": "-11.87900", "2017-12-31": "500.10600", "2017-09-30": "-22.53200", "2017-06-30": "-21.79900", "2017-03-31": "-48.81800", "2016-12-31": "-35.06300", "2016-09-30": "-72.83500", "2016-06-30": "-21.20000", "2016-03-31": "21.20500", "2015-12-31": "16.00200", "2015-09-30": "-26.33800", "2015-06-30": "90.87200", "2015-03-31": "153.54300", "2014-12-31": "202.35000", "2014-09-30": "166.53200", "2014-06-30": "192.27900", "2014-03-31": "174.57000", "2013-12-31": "173.18200", "2013-09-30": "159.79700", "2013-06-30": "266.15900", "2013-03-31": "151.08000", "2012-12-31": "159.60300", "2012-09-30": "158.11900", "2012-06-30": "149.92500", "2012-03-31": "129.18900", "2011-12-31": "143.81200", "2011-09-30": "121.42000", "2011-06-30": "109.82600", "2011-03-31": "98.79000", "2010-12-31": "104.15000", "2010-09-30": "82.64100", "2010-06-30": "-36.71500", "2010-03-31": "46.74700", "2009-12-31": "63.23500", "2009-09-30": "51.48800", "2009-06-30": "53.04400", "2009-03-31": "103.73800", "2008-12-31": "145.27500", "2008-09-30": "126.48500", "2008-06-30": "125.36900", "2008-03-31": "102.05400", "2007-12-31": "107.83000", "2007-09-30": "116.41000", "2007-06-30": "115.20400", "2007-03-31": "106.86100", "2006-12-31": "110.78600", "2006-09-30": "98.49600", "2006-06-30": "79.97500", "2006-03-31": "64.57300", "2005-12-31": "50.81400", "2005-09-30": "36.12100", "2005-06-30": "29.82500", "2005-03-31": "22.35000"}, "EBITDA": {"2020-09-30": "34.61630", "2020-06-30": "53.03500", "2020-03-31": "-386.07910", "2019-12-31": "161.94300", "2019-09-30": "174.46300", "2019-06-30": "-24.15310", "2019-03-31": "238.72900", "2018-12-31": "196.07800", "2018-09-30": "174.76270", "2018-06-30": "151.15200", "2018-03-31": "144.77600", "2017-12-31": "147.14200", "2017-09-30": "127.91900", "2017-06-30": "117.27900", "2017-03-31": "87.36700", "2016-12-31": "84.94600", "2016-09-30": "83.53910", "2016-06-30": "125.75500", "2016-03-31": "183.44100", "2015-12-31": "181.05400", "2015-09-30": "150.07530", "2015-06-30": "280.31200", "2015-03-31": "381.70300", "2014-12-31": "468.66090", "2014-09-30": "412.77540", "2014-06-30": "401.02390", "2014-03-31": "379.49100", "2013-12-31": "384.26790", "2013-09-30": "362.44400", "2013-06-30": "357.75000", "2013-03-31": "345.35300", "2012-12-31": "347.14600", "2012-09-30": "354.52500", "2012-06-30": "327.83700", "2012-03-31": "297.95900", "2011-12-31": "316.82700", "2011-09-30": "280.11980", "2011-06-30": "253.52700", "2011-03-31": "240.42600", "2010-12-31": "243.90600", "2010-09-30": "206.47210", "2010-06-30": "176.68200", "2010-03-31": "165.19900", "2009-12-31": "166.10100", "2009-09-30": "158.41490", "2009-06-30": "160.35200", "2009-03-31": "240.45100", "2008-12-31": "277.19200", "2008-09-30": "186.25090", "2008-06-30": "229.01700", "2008-03-31": "207.54210", "2007-12-31": "212.61700", "2007-09-30": "211.52300", "2007-06-30": "192.79700", "2007-03-31": "197.23600", "2006-12-31": "176.80500", "2006-09-30": "152.19300", "2006-06-30": "139.21300", "2006-03-31": "123.63600", "2005-12-31": "103.82700", "2005-09-30": "97.50200", "2005-06-30": "74.84000", "2005-03-31": "62.50700"}, "EBIT": {"2020-09-30": "-75.42970", "2020-06-30": "-57.58400", "2020-03-31": "-518.54110", "2019-12-31": "31.36800", "2019-09-30": "39.02080", "2019-06-30": "-167.87400", "2019-03-31": "95.14600", "2018-12-31": "54.28900", "2018-09-30": "24.21280", "2018-06-30": "6.30600", "2018-03-31": "-1.16400", "2017-12-31": "3.60900", "2017-09-30": "-26.22310", "2017-06-30": "-28.02810", "2017-03-31": "-65.67200", "2016-12-31": "-49.16400", "2016-09-30": "-93.00090", "2016-06-30": "-13.25600", "2016-03-31": "41.62100", "2015-12-31": "38.67000", "2015-09-30": "-24.78280", "2015-06-30": "135.04900", "2015-03-31": "231.32600", "2014-12-31": "330.37090", "2014-09-30": "261.88920", "2014-06-30": "271.91190", "2014-03-31": "255.34200", "2013-12-31": "264.03090", "2013-09-30": "243.23410", "2013-06-30": "239.96000", "2013-03-31": "232.92000", "2012-12-31": "240.54700", "2012-09-30": "239.37990", "2012-06-30": "232.65500", "2012-03-31": "207.02500", "2011-12-31": "230.53900", "2011-09-30": "193.10190", "2011-06-30": "174.41800", "2011-03-31": "164.26500", "2010-12-31": "170.72600", "2010-09-30": "133.23210", "2010-06-30": "111.47400", "2010-03-31": "101.70600", "2009-12-31": "105.38400", "2009-09-30": "96.96190", "2009-06-30": "106.15500", "2009-03-31": "183.33800", "2008-12-31": "222.42000", "2008-09-30": "137.97390", "2008-06-30": "177.80700", "2008-03-31": "155.67000", "2007-12-31": "168.63300", "2007-09-30": "166.70890", "2007-06-30": "154.67200", "2007-03-31": "164.28400", "2006-12-31": "146.65400", "2006-09-30": "121.99400", "2006-06-30": "114.13700", "2006-03-31": "100.25100", "2005-12-31": "80.90400", "2005-09-30": "71.85900", "2005-06-30": "51.42100", "2005-03-31": "38.55700"}, "Basic Shares Outstanding": {"2020-09-30": "108.00900", "2020-06-30": "107.43900", "2020-03-31": "108.55700", "2019-12-31": "108.55500", "2019-09-30": "109.21600", "2019-06-30": "109.42500", "2019-03-31": "109.40600", "2018-12-31": "109.14200", "2018-09-30": "108.85100", "2018-06-30": "108.90500", "2018-03-31": "108.86800", "2017-12-31": "108.68300", "2017-09-30": "108.50000", "2017-06-30": "108.57200", "2017-03-31": "108.56500", "2016-12-31": "108.27600", "2016-09-30": "107.99600", "2016-06-30": "108.04700", "2016-03-31": "108.01400", "2015-12-31": "107.85200", "2015-09-30": "107.75400", "2015-06-30": "107.65200", "2015-03-31": "107.64600", "2014-12-31": "107.97300", "2014-09-30": "107.80000", "2014-06-30": "108.13700", "2014-03-31": "107.69200", "2013-12-31": "107.14900", "2013-09-30": "106.28600", "2013-06-30": "106.43000", "2013-03-31": "106.32600", "2012-12-31": "105.86700", "2012-09-30": "106.81900", "2012-06-30": "107.01600", "2012-03-31": "107.38500", "2011-12-31": "107.18600", "2011-09-30": "106.64300", "2011-06-30": "106.96200", "2011-03-31": "106.51500", "2010-12-31": "106.03100", "2010-09-30": "105.71100", "2010-06-30": "105.74300", "2010-03-31": "105.71100", "2009-12-31": "105.57500", "2009-09-30": "105.36400", "2009-06-30": "105.42500", "2009-03-31": "105.31700", "2008-12-31": "105.24900", "2008-09-30": "104.28400", "2008-06-30": "104.53000", "2008-03-31": "103.88300", "2007-12-31": "103.50900", "2007-09-30": "103.33800", "2007-06-30": "103.32300", "2007-03-31": "103.23900", "2006-12-31": "103.31200", "2006-09-30": "104.65800", "2006-06-30": "105.01900", "2006-03-31": "104.62700", "2005-12-31": "103.98700", "2005-09-30": "102.17400", "2005-06-30": "102.46600", "2005-03-31": "101.91000"}, "Shares Outstanding": {"2020-09-30": "108.00900", "2020-06-30": "107.43900", "2020-03-31": "108.55700", "2019-12-31": "108.72400", "2019-09-30": "109.21600", "2019-06-30": "109.42500", "2019-03-31": "109.50300", "2018-12-31": "109.42500", "2018-09-30": "109.38700", "2018-06-30": "108.90500", "2018-03-31": "108.86800", "2017-12-31": "109.09500", "2017-09-30": "108.50000", "2017-06-30": "108.57200", "2017-03-31": "108.56500", "2016-12-31": "108.27600", "2016-09-30": "107.99600", "2016-06-30": "108.04700", "2016-03-31": "108.46600", "2015-12-31": "108.40900", "2015-09-30": "108.57000", "2015-06-30": "108.46900", "2015-03-31": "108.37000", "2014-12-31": "108.84300", "2014-09-30": "109.14100", "2014-06-30": "109.28500", "2014-03-31": "109.08100", "2013-12-31": "108.57700", "2013-09-30": "107.87900", "2013-06-30": "107.82600", "2013-03-31": "107.78600", "2012-12-31": "107.41200", "2012-09-30": "108.37700", "2012-06-30": "108.42500", "2012-03-31": "109.04200", "2011-12-31": "108.78800", "2011-09-30": "108.63200", "2011-06-30": "108.78400", "2011-03-31": "108.59500", "2010-12-31": "107.85200", "2010-09-30": "107.40400", "2010-06-30": "107.44400", "2010-03-31": "107.48400", "2009-12-31": "107.23800", "2009-09-30": "106.60800", "2009-06-30": "106.69500", "2009-03-31": "106.19700", "2008-12-31": "106.31000", "2008-09-30": "106.58300", "2008-06-30": "106.68900", "2008-03-31": "106.09000", "2007-12-31": "105.61500", "2007-09-30": "105.12800", "2007-06-30": "105.31300", "2007-03-31": "104.83200", "2006-12-31": "104.77600", "2006-09-30": "106.09100", "2006-06-30": "106.41900", "2006-03-31": "106.11400", "2005-12-31": "106.17300", "2005-09-30": "104.06600", "2005-06-30": "104.47200", "2005-03-31": "103.78200"}, "Basic EPS": {"2020-09-30": "-0.56000", "2020-06-30": "-0.43000", "2020-03-31": "-3.88000", "2019-12-31": "0.27000", "2019-09-30": "0.36000", "2019-06-30": "-1.42000", "2019-03-31": "0.55000", "2018-12-31": "0.17000", "2018-09-30": "0.02000", "2018-06-30": "-0.08000", "2018-03-31": "-0.12000", "2017-12-31": "4.57000", "2017-09-30": "-0.21000", "2017-06-30": "-0.21000", "2017-03-31": "-0.45000", "2016-12-31": "-0.33000", "2016-09-30": "-0.68000", "2016-06-30": "-0.20000", "2016-03-31": "0.19000", "2015-12-31": "0.15000", "2015-09-30": "-0.25000", "2015-06-30": "0.84000", "2015-03-31": "1.42000", "2014-12-31": "1.87000", "2014-09-30": "1.53000", "2014-06-30": "1.77000", "2014-03-31": "1.61000", "2013-12-31": "1.61000", "2013-09-30": "1.49000", "2013-06-30": "2.49000", "2013-03-31": "1.41000", "2012-12-31": "1.50000", "2012-09-30": "1.48000", "2012-06-30": "1.40000", "2012-03-31": "1.20000", "2011-12-31": "1.34000", "2011-09-30": "1.14000", "2011-06-30": "1.02000", "2011-03-31": "0.92000", "2010-12-31": "0.98000", "2010-09-30": "0.78000", "2010-06-30": "-0.35000", "2010-03-31": "0.44000", "2009-12-31": "0.60000", "2009-09-30": "0.49000", "2009-06-30": "0.50000", "2009-03-31": "0.98000", "2008-12-31": "1.38000", "2008-09-30": "1.20000", "2008-06-30": "1.20000", "2008-03-31": "0.98000", "2007-12-31": "1.04000", "2007-09-30": "1.13000", "2007-06-30": "1.11000", "2007-03-31": "1.04000", "2006-12-31": "1.07000", "2006-09-30": "0.94000", "2006-06-30": "0.76000", "2006-03-31": "0.62000", "2005-12-31": "0.49000", "2005-09-30": "0.35000", "2005-06-30": "0.29000", "2005-03-31": "0.22000"}, "EPS - Earnings Per Share": {"2020-09-30": "-0.56000", "2020-06-30": "-0.43000", "2020-03-31": "-3.88000", "2019-12-31": "0.27000", "2019-09-30": "0.36000", "2019-06-30": "-1.42000", "2019-03-31": "0.55000", "2018-12-31": "0.17000", "2018-09-30": "0.02000", "2018-06-30": "-0.08000", "2018-03-31": "-0.12000", "2017-12-31": "4.55000", "2017-09-30": "-0.21000", "2017-06-30": "-0.21000", "2017-03-31": "-0.45000", "2016-12-31": "-0.33000", "2016-09-30": "-0.68000", "2016-06-30": "-0.20000", "2016-03-31": "0.19000", "2015-12-31": "0.15000", "2015-09-30": "-0.25000", "2015-06-30": "0.83000", "2015-03-31": "1.41000", "2014-12-31": "1.86000", "2014-09-30": "1.51000", "2014-06-30": "1.75000", "2014-03-31": "1.59000", "2013-12-31": "1.59000", "2013-09-30": "1.46000", "2013-06-30": "2.46000", "2013-03-31": "1.39000", "2012-12-31": "1.48000", "2012-09-30": "1.46000", "2012-06-30": "1.38000", "2012-03-31": "1.18000", "2011-12-31": "1.32000", "2011-09-30": "1.11000", "2011-06-30": "1.01000", "2011-03-31": "0.91000", "2010-12-31": "0.96000", "2010-09-30": "0.77000", "2010-06-30": "-0.34000", "2010-03-31": "0.43000", "2009-12-31": "0.59000", "2009-09-30": "0.47000", "2009-06-30": "0.50000", "2009-03-31": "0.98000", "2008-12-31": "1.36000", "2008-09-30": "1.16000", "2008-06-30": "1.18000", "2008-03-31": "0.96000", "2007-12-31": "1.02000", "2007-09-30": "1.10000", "2007-06-30": "1.09000", "2007-03-31": "1.02000", "2006-12-31": "1.06000", "2006-09-30": "0.93000", "2006-06-30": "0.75000", "2006-03-31": "0.61000", "2005-12-31": "0.48000", "2005-09-30": "0.35000", "2005-06-30": "0.28000", "2005-03-31": "0.21500"}}, "balance sheet": {"Cash On Hand": {"2020-09-30": "577.21900", "2019-09-30": "400.90300", "2018-09-30": "325.81600", "2017-09-30": "565.86600", "2016-09-30": "949.70900", "2015-09-30": "774.92700", "2014-09-30": "360.90900", "2013-09-30": "447.86800", "2012-09-30": "96.09500", "2011-09-30": "364.24600", "2010-09-30": "63.02000", "2009-09-30": "108.64200", "2008-09-30": "121.51300", "2007-09-30": "89.21500", "2006-09-30": "82.52600", "2005-09-30": "289.14000"}, "Receivables": {"2020-09-30": "192.62300", "2019-09-30": "495.60200", "2018-09-30": "565.20200", "2017-09-30": "477.07400", "2016-09-30": "375.16900", "2015-09-30": "445.94800", "2014-09-30": "705.21400", "2013-09-30": "621.42000", "2012-09-30": "620.48900", "2011-09-30": "460.54000", "2010-09-30": "457.65900", "2009-09-30": "233.94900", "2008-09-30": "462.83300", "2007-09-30": "339.81900", "2006-09-30": "289.47900", "2005-09-30": "162.64600"}, "Inventory": {"2020-09-30": "104.18000", "2019-09-30": "149.65300", "2018-09-30": "158.13400", "2017-09-30": "137.20400", "2016-09-30": "124.32500", "2015-09-30": "128.54100", "2014-09-30": "106.24100", "2013-09-30": "88.86600", "2012-09-30": "78.77700", "2011-09-30": "54.40700", "2010-09-30": "43.40200", "2009-09-30": "39.54400", "2008-09-30": "33.09800", "2007-09-30": "29.14500", "2006-09-30": "26.16500", "2005-09-30": "21.31300"}, "Pre-Paid Expenses": {"2020-09-30": "89.30500", "2019-09-30": "68.92800", "2018-09-30": "66.39800", "2017-09-30": "55.12300", "2016-09-30": "78.06700", "2015-09-30": "64.47500", "2014-09-30": "80.91200", "2013-09-30": "79.93800", "2012-09-30": "74.69300", "2011-09-30": "49.73600", "2010-09-30": "64.17100", "2009-09-30": "52.49500", "2008-09-30": "51.26400", "2007-09-30": "29.22600", "2006-09-30": "16.11900", "2005-09-30": "17.93300"}, "Other Current Assets": {"2020-09-30": "", "2019-09-30": "", "2018-09-30": "", "2017-09-30": "", "2016-09-30": "45.35200", "2015-09-30": "", "2014-09-30": "", "2013-09-30": "", "2012-09-30": "", "2011-09-30": "", "2010-09-30": "", "2009-09-30": "1.02300", "2008-09-30": "", "2007-09-30": "", "2006-09-30": "4.23400", "2005-09-30": ""}, "Total Current Assets": {"2020-09-30": "963.32700", "2019-09-30": "1115.08600", "2018-09-30": "1115.55000", "2017-09-30": "1235.26700", "2016-09-30": "1572.68600", "2015-09-30": "1439.19400", "2014-09-30": "1277.00100", "2013-09-30": "1258.21100", "2012-09-30": "895.22800", "2011-09-30": "956.31300", "2010-09-30": "652.80400", "2009-09-30": "522.93200", "2008-09-30": "690.64700", "2007-09-30": "498.96400", "2006-09-30": "428.69100", "2005-09-30": "499.79700"}, "Property, Plant, And Equipment": {"2020-09-30": "3646.34100", "2019-09-30": "4502.08400", "2018-09-30": "4857.38200", "2017-09-30": "5001.05100", "2016-09-30": "5144.73300", "2015-09-30": "5563.17000", "2014-09-30": "5188.54400", "2013-09-30": "4676.10300", "2012-09-30": "4351.57100", "2011-09-30": "3677.07000", "2010-09-30": "3275.02000", "2009-09-30": "3194.27300", "2008-09-30": "2682.25100", "2007-09-30": "2152.61600", "2006-09-30": "1483.13400", "2005-09-30": "981.96500"}, "Long-Term Investments": {"2020-09-30": "31.58500", "2019-09-30": "31.99100", "2018-09-30": "98.69600", "2017-09-30": "84.02600", "2016-09-30": "84.95500", "2015-09-30": "104.35400", "2014-09-30": "236.64400", "2013-09-30": "316.15400", "2012-09-30": "451.14400", "2011-09-30": "347.92400", "2010-09-30": "320.71200", "2009-09-30": "356.40400", "2008-09-30": "199.26600", "2007-09-30": "223.36000", "2006-09-30": "218.30900", "2005-09-30": "178.45200"}, "Goodwill And Intangible Assets": {"2020-09-30": "126.68000", "2019-09-30": "169.50200", "2018-09-30": "137.98400", "2017-09-30": "102.49000", "2016-09-30": "5.63700", "2015-09-30": "", "2014-09-30": "", "2013-09-30": "", "2012-09-30": "", "2011-09-30": "", "2010-09-30": "", "2009-09-30": "", "2008-09-30": "", "2007-09-30": "", "2006-09-30": "", "2005-09-30": ""}, "Other Long-Term Assets": {"2020-09-30": "17.10500", "2019-09-30": "20.85200", "2018-09-30": "5.25500", "2017-09-30": "17.15400", "2016-09-30": "24.00800", "2015-09-30": "40.52400", "2014-09-30": "18.80900", "2013-09-30": "14.35900", "2012-09-30": "23.14200", "2011-09-30": "22.58400", "2010-09-30": "16.83400", "2009-09-30": "15.78100", "2008-09-30": "15.88100", "2007-09-30": "10.42900", "2006-09-30": "4.57800", "2005-09-30": "3.13600"}, "Total Long-Term Assets": {"2020-09-30": "3866.29400", "2019-09-30": "4724.42900", "2018-09-30": "5099.31600", "2017-09-30": "5204.72100", "2016-09-30": "5259.33300", "2015-09-30": "5708.04800", "2014-09-30": "5443.99700", "2013-09-30": "5006.61600", "2012-09-30": "4825.85700", "2011-09-30": "4047.57800", "2010-09-30": "3612.56600", "2009-09-30": "3638.09200", "2008-09-30": "2897.39800", "2007-09-30": "2386.40500", "2006-09-30": "1706.02100", "2005-09-30": "1163.55300"}, "Total Assets": {"2020-09-30": "4829.62100", "2019-09-30": "5839.51500", "2018-09-30": "6214.86700", "2017-09-30": "6439.98800", "2016-09-30": "6832.01900", "2015-09-30": "7147.24200", "2014-09-30": "6720.99800", "2013-09-30": "6264.82700", "2012-09-30": "5721.08500", "2011-09-30": "5003.89100", "2010-09-30": "4265.37000", "2009-09-30": "4161.02400", "2008-09-30": "3588.04500", "2007-09-30": "2885.36900", "2006-09-30": "2134.71200", "2005-09-30": "1663.35000"}, "Total Current Liabilities": {"2020-09-30": "219.13600", "2019-09-30": "410.23800", "2018-09-30": "377.16800", "2017-09-30": "344.38500", "2016-09-30": "330.12000", "2015-09-30": "348.19700", "2014-09-30": "507.16100", "2013-09-30": "452.27300", "2012-09-30": "381.16400", "2011-09-30": "416.72900", "2010-09-30": "232.63800", "2009-09-30": "301.90600", "2008-09-30": "308.95700", "2007-09-30": "226.61200", "2006-09-30": "264.54800", "2005-09-30": "89.48100"}, "Long Term Debt": {"2020-09-30": "480.72700", "2019-09-30": "479.35600", "2018-09-30": "493.96800", "2017-09-30": "492.90200", "2016-09-30": "491.84700", "2015-09-30": "492.44300", "2014-09-30": "39.50200", "2013-09-30": "80.00000", "2012-09-30": "195.00000", "2011-09-30": "235.00000", "2010-09-30": "360.00000", "2009-09-30": "420.00000", "2008-09-30": "475.00000", "2007-09-30": "445.00000", "2006-09-30": "175.00000", "2005-09-30": "200.00000"}, "Other Non-Current Liabilities": {"2020-09-30": "160.56900", "2019-09-30": "131.08700", "2018-09-30": "93.60600", "2017-09-30": "105.42100", "2016-09-30": "102.78100", "2015-09-30": "110.12000", "2014-09-30": "64.11000", "2013-09-30": "65.35100", "2012-09-30": "98.39300", "2011-09-30": "104.28500", "2010-09-30": "91.60600", "2009-09-30": "73.54600", "2008-09-30": "58.65100", "2007-09-30": "34.70700", "2006-09-30": "43.35300", "2005-09-30": "47.65600"}, "Total Long Term Liabilities": {"2020-09-30": "1291.97100", "2019-09-30": "1417.05400", "2018-09-30": "1454.96400", "2017-09-30": "1931.01200", "2016-09-30": "1940.97400", "2015-09-30": "1903.19900", "2014-09-30": "1322.86000", "2013-09-30": "1368.82700", "2012-09-30": "1504.92300", "2011-09-30": "1317.11500", "2010-09-30": "1225.26700", "2009-09-30": "1176.10900", "2008-09-30": "1013.61400", "2007-09-30": "843.24100", "2006-09-30": "488.27200", "2005-09-30": "494.63100"}, "Total Liabilities": {"2020-09-30": "1511.10700", "2019-09-30": "1827.29200", "2018-09-30": "1832.13200", "2017-09-30": "2275.39700", "2016-09-30": "2271.09400", "2015-09-30": "2251.39600", "2014-09-30": "1830.02100", "2013-09-30": "1821.10000", "2012-09-30": "1886.08700", "2011-09-30": "1733.84400", "2010-09-30": "1457.90500", "2009-09-30": "1478.01500", "2008-09-30": "1322.57100", "2007-09-30": "1069.85300", "2006-09-30": "752.82000", "2005-09-30": "584.11200"}, "Common Stock Net": {"2020-09-30": "11.21500", "2019-09-30": "11.20800", "2018-09-30": "11.20100", "2017-09-30": "11.19600", "2016-09-30": "11.14000", "2015-09-30": "11.09900", "2014-09-30": "11.05100", "2013-09-30": "10.87400", "2012-09-30": "10.76000", "2011-09-30": "10.72400", "2010-09-30": "10.70600", "2009-09-30": "10.70600", "2008-09-30": "10.70600", "2007-09-30": "10.70600", "2006-09-30": "10.70600", "2005-09-30": "10.70600"}, "Retained Earnings (Accumulated Deficit)": {"2020-09-30": "3010.01200", "2019-09-30": "3714.30700", "2018-09-30": "4027.77900", "2017-09-30": "3855.68600", "2016-09-30": "4289.80700", "2015-09-30": "4648.34600", "2014-09-30": "4525.79700", "2013-09-30": "4102.66300", "2012-09-30": "3505.29500", "2011-09-30": "2954.21000", "2010-09-30": "2547.91700", "2009-09-30": "2414.94200", "2008-09-30": "2082.51800", "2007-09-30": "1645.76600", "2006-09-30": "1215.12700", "2005-09-30": "939.38000"}, "Comprehensive Income": {"2020-09-30": "-26.18800", "2019-09-30": "-28.63500", "2018-09-30": "16.55000", "2017-09-30": "2.30000", "2016-09-30": "-0.20400", "2015-09-30": "-1.37700", "2014-09-30": "83.12600", "2013-09-30": "132.53000", "2012-09-30": "166.80700", "2011-09-30": "98.90800", "2010-09-30": "84.10700", "2009-09-30": "112.45100", "2008-09-30": "38.40700", "2007-09-30": "75.88500", "2006-09-30": "69.64500", "2005-09-30": "47.54400"}, "Other Share Holders Equity": {"2020-09-30": "", "2019-09-30": "", "2018-09-30": "", "2017-09-30": "", "2016-09-30": "", "2015-09-30": "", "2014-09-30": "", "2013-09-30": "", "2012-09-30": "", "2011-09-30": "", "2010-09-30": "", "2009-09-30": "", "2008-09-30": "", "2007-09-30": "", "2006-09-30": "", "2005-09-30": ""}, "Share Holder Equity": {"2020-09-30": "3318.51400", "2019-09-30": "4012.22300", "2018-09-30": "4382.73500", "2017-09-30": "4164.59100", "2016-09-30": "4560.92500", "2015-09-30": "4895.84600", "2014-09-30": "4890.97700", "2013-09-30": "4443.72700", "2012-09-30": "3834.99800", "2011-09-30": "3270.04700", "2010-09-30": "2807.46500", "2009-09-30": "2683.00900", "2008-09-30": "2265.47400", "2007-09-30": "1815.51600", "2006-09-30": "1381.89200", "2005-09-30": "1079.23800"}, "Total Liabilities And Share Holders Equity": {"2020-09-30": "4829.62100", "2019-09-30": "5839.51500", "2018-09-30": "6214.86700", "2017-09-30": "6439.98800", "2016-09-30": "6832.01900", "2015-09-30": "7147.24200", "2014-09-30": "6720.99800", "2013-09-30": "6264.82700", "2012-09-30": "5721.08500", "2011-09-30": "5003.89100", "2010-09-30": "4265.37000", "2009-09-30": "4161.02400", "2008-09-30": "3588.04500", "2007-09-30": "2885.36900", "2006-09-30": "2134.71200", "2005-09-30": "1663.35000"}}, "balance sheet, quarterly": {"Cash On Hand": {"2020-09-30": "577.21900", "2020-06-30": "492.03200", "2020-03-31": "381.74400", "2019-12-31": "412.05400", "2019-09-30": "400.90300", "2019-06-30": "380.52300", "2019-03-31": "270.03000", "2018-12-31": "269.53400", "2018-09-30": "325.81600", "2018-06-30": "350.70500", "2018-03-31": "380.03400", "2017-12-31": "426.20500", "2017-09-30": "565.86600", "2017-06-30": "612.68100", "2017-03-31": "789.75800", "2016-12-31": "871.15600", "2016-09-30": "949.70900", "2016-06-30": "956.59700", "2016-03-31": "943.53900", "2015-12-31": "895.93800", "2015-09-30": "774.92700", "2015-06-30": "770.91800", "2015-03-31": "719.12700", "2014-12-31": "251.63600", "2014-09-30": "360.90900", "2014-06-30": "549.92800", "2014-03-31": "584.97900", "2013-12-31": "581.41400", "2013-09-30": "447.86800", "2013-06-30": "480.48000", "2013-03-31": "172.99300", "2012-12-31": "241.14600", "2012-09-30": "96.09500", "2012-06-30": "148.86600", "2012-03-31": "324.38500", "2011-12-31": "347.85900", "2011-09-30": "364.24600", "2011-06-30": "288.06500", "2011-03-31": "240.68500", "2010-12-31": "173.82400", "2010-09-30": "63.02000", "2010-06-30": "77.71700", "2010-03-31": "125.71200", "2009-12-31": "165.56900", "2009-09-30": "108.64200", "2009-06-30": "154.20500", "2009-03-31": "138.87800", "2008-12-31": "138.02400", "2008-09-30": "121.51300", "2008-06-30": "99.01800", "2008-03-31": "90.73600", "2007-12-31": "97.50700", "2007-09-30": "89.21500", "2007-06-30": "70.95800", "2007-03-31": "89.48400", "2006-12-31": "73.42100", "2006-09-30": "82.52600", "2006-06-30": "216.93600", "2006-03-31": "276.55300", "2005-12-31": "301.57800", "2005-09-30": "289.14000", "2005-06-30": "236.28500", "2005-03-31": "208.45300"}, "Receivables": {"2020-09-30": "192.62300", "2020-06-30": "302.19400", "2020-03-31": "531.55600", "2019-12-31": "500.94700", "2019-09-30": "495.60200", "2019-06-30": "508.18300", "2019-03-31": "552.73700", "2018-12-31": "545.73100", "2018-09-30": "565.20200", "2018-06-30": "565.32100", "2018-03-31": "545.34800", "2017-12-31": "535.27100", "2017-09-30": "477.07400", "2017-06-30": "440.87200", "2017-03-31": "345.54600", "2016-12-31": "326.77100", "2016-09-30": "375.16900", "2016-06-30": "351.31700", "2016-03-31": "330.72600", "2015-12-31": "373.89600", "2015-09-30": "445.94800", "2015-06-30": "490.22400", "2015-03-31": "623.70600", "2014-12-31": "734.32900", "2014-09-30": "705.21400", "2014-06-30": "705.78700", "2014-03-31": "624.10800", "2013-12-31": "630.24000", "2013-09-30": "621.42000", "2013-06-30": "622.40500", "2013-03-31": "603.23800", "2012-12-31": "580.17300", "2012-09-30": "620.48900", "2012-06-30": "604.34700", "2012-03-31": "511.20300", "2011-12-31": "495.38900", "2011-09-30": "460.54000", "2011-06-30": "444.21400", "2011-03-31": "433.18000", "2010-12-31": "412.39900", "2010-09-30": "457.65900", "2010-06-30": "335.00000", "2010-03-31": "288.64700", "2009-12-31": "270.50900", "2009-09-30": "233.94900", "2009-06-30": "319.82700", "2009-03-31": "460.99900", "2008-12-31": "460.56600", "2008-09-30": "462.83300", "2008-06-30": "396.62300", "2008-03-31": "361.25300", "2007-12-31": "365.73200", "2007-09-30": "339.81900", "2007-06-30": "320.54700", "2007-03-31": "304.48600", "2006-12-31": "329.15000", "2006-09-30": "289.47900", "2006-06-30": "240.80100", "2006-03-31": "193.44200", "2005-12-31": "186.57100", "2005-09-30": "162.64600", "2005-06-30": "150.86100", "2005-03-31": "133.18400"}, "Inventory": {"2020-09-30": "104.18000", "2020-06-30": "113.03400", "2020-03-31": "112.47400", "2019-12-31": "148.68800", "2019-09-30": "149.65300", "2019-06-30": "150.12600", "2019-03-31": "161.52600", "2018-12-31": "159.99200", "2018-09-30": "158.13400", "2018-06-30": "152.10900", "2018-03-31": "143.17700", "2017-12-31": "139.06600", "2017-09-30": "137.20400", "2017-06-30": "138.40300", "2017-03-31": "131.67900", "2016-12-31": "126.08200", "2016-09-30": "124.32500", "2016-06-30": "128.88500", "2016-03-31": "129.64900", "2015-12-31": "127.24200", "2015-09-30": "128.54100", "2015-06-30": "128.21700", "2015-03-31": "124.26900", "2014-12-31": "110.77300", "2014-09-30": "106.24100", "2014-06-30": "106.25000", "2014-03-31": "99.82900", "2013-12-31": "97.33500", "2013-09-30": "88.86600", "2013-06-30": "86.58600", "2013-03-31": "82.72500", "2012-12-31": "78.55000", "2012-09-30": "78.77700", "2012-06-30": "70.41900", "2012-03-31": "61.41000", "2011-12-31": "58.90700", "2011-09-30": "54.40700", "2011-06-30": "48.91100", "2011-03-31": "45.84300", "2010-12-31": "43.76400", "2010-09-30": "43.40200", "2010-06-30": "43.50500", "2010-03-31": "45.90400", "2009-12-31": "46.37000", "2009-09-30": "39.54400", "2009-06-30": "45.68500", "2009-03-31": "41.67500", "2008-12-31": "41.99400", "2008-09-30": "33.09800", "2008-06-30": "31.88000", "2008-03-31": "33.49900", "2007-12-31": "29.24700", "2007-09-30": "29.14500", "2007-06-30": "28.39800", "2007-03-31": "26.02500", "2006-12-31": "26.42200", "2006-09-30": "26.16500", "2006-06-30": "24.44200", "2006-03-31": "23.99700", "2005-12-31": "21.65800", "2005-09-30": "21.31300", "2005-06-30": "20.10800", "2005-03-31": "20.75900"}, "Pre-Paid Expenses": {"2020-09-30": "89.30500", "2020-06-30": "83.28400", "2020-03-31": "94.34200", "2019-12-31": "92.95500", "2019-09-30": "68.92800", "2019-06-30": "77.40600", "2019-03-31": "63.71100", "2018-12-31": "67.49000", "2018-09-30": "66.39800", "2018-06-30": "65.34300", "2018-03-31": "62.42400", "2017-12-31": "65.80200", "2017-09-30": "55.12300", "2017-06-30": "58.42500", "2017-03-31": "70.06700", "2016-12-31": "75.92600", "2016-09-30": "78.06700", "2016-06-30": "79.02100", "2016-03-31": "56.23300", "2015-12-31": "71.15100", "2015-09-30": "64.47500", "2015-06-30": "95.32700", "2015-03-31": "79.13200", "2014-12-31": "90.11800", "2014-09-30": "80.91200", "2014-06-30": "69.32400", "2014-03-31": "59.09100", "2013-12-31": "61.22200", "2013-09-30": "79.93800", "2013-06-30": "68.27700", "2013-03-31": "50.45000", "2012-12-31": "48.55700", "2012-09-30": "74.69300", "2012-06-30": "90.68100", "2012-03-31": "72.91000", "2011-12-31": "77.70700", "2011-09-30": "49.73600", "2011-06-30": "74.25300", "2011-03-31": "61.40600", "2010-12-31": "62.05100", "2010-09-30": "64.17100", "2010-06-30": "66.04100", "2010-03-31": "71.45500", "2009-12-31": "77.48800", "2009-09-30": "52.49500", "2009-06-30": "64.10700", "2009-03-31": "49.33100", "2008-12-31": "60.15100", "2008-09-30": "51.26400", "2008-06-30": "59.80400", "2008-03-31": "40.96300", "2007-12-31": "36.22400", "2007-09-30": "29.22600", "2007-06-30": "29.45300", "2007-03-31": "32.72600", "2006-12-31": "30.82900", "2006-09-30": "16.11900", "2006-06-30": "17.19600", "2006-03-31": "26.63000", "2005-12-31": "30.40600", "2005-09-30": "17.93300", "2005-06-30": "22.68500", "2005-03-31": "25.78500"}, "Other Current Assets": {"2020-09-30": "", "2020-06-30": "", "2020-03-31": "", "2019-12-31": "", "2019-09-30": "", "2019-06-30": "", "2019-03-31": "", "2018-12-31": "", "2018-09-30": "", "2018-06-30": "", "2018-03-31": "", "2017-12-31": "", "2017-09-30": "", "2017-06-30": "", "2017-03-31": "26.80100", "2016-12-31": "45.29700", "2016-09-30": "45.35200", "2016-06-30": "21.77200", "2016-03-31": "", "2015-12-31": "", "2015-09-30": "", "2015-06-30": "", "2015-03-31": "", "2014-12-31": "", "2014-09-30": "", "2014-06-30": "", "2014-03-31": "", "2013-12-31": "", "2013-09-30": "", "2013-06-30": "", "2013-03-31": "", "2012-12-31": "", "2012-09-30": "", "2012-06-30": "", "2012-03-31": "", "2011-12-31": "", "2011-09-30": "", "2011-06-30": "", "2011-03-31": "", "2010-12-31": "", "2010-09-30": "", "2010-06-30": "", "2010-03-31": "", "2009-12-31": "", "2009-09-30": "1.02300", "2009-06-30": "", "2009-03-31": "", "2008-12-31": "", "2008-09-30": "", "2008-06-30": "5.72400", "2008-03-31": "", "2007-12-31": "", "2007-09-30": "", "2007-06-30": "0.63300", "2007-03-31": "", "2006-12-31": "3.87900", "2006-09-30": "4.23400", "2006-06-30": "", "2006-03-31": "", "2005-12-31": "", "2005-09-30": "", "2005-06-30": "", "2005-03-31": ""}, "Total Current Assets": {"2020-09-30": "963.32700", "2020-06-30": "990.54400", "2020-03-31": "1120.11600", "2019-12-31": "1154.64400", "2019-09-30": "1115.08600", "2019-06-30": "1116.23800", "2019-03-31": "1048.00400", "2018-12-31": "1042.74700", "2018-09-30": "1115.55000", "2018-06-30": "1133.47800", "2018-03-31": "1130.98300", "2017-12-31": "1166.34600", "2017-09-30": "1235.26700", "2017-06-30": "1250.38800", "2017-03-31": "1363.88700", "2016-12-31": "1445.28300", "2016-09-30": "1572.68600", "2016-06-30": "1537.67200", "2016-03-31": "1460.37700", "2015-12-31": "1476.67600", "2015-09-30": "1439.19400", "2015-06-30": "1501.69100", "2015-03-31": "1568.36900", "2014-12-31": "1209.99200", "2014-09-30": "1277.00100", "2014-06-30": "1450.42100", "2014-03-31": "1388.98400", "2013-12-31": "1391.29000", "2013-09-30": "1258.21100", "2013-06-30": "1280.49000", "2013-03-31": "931.97600", "2012-12-31": "979.43200", "2012-09-30": "895.22800", "2012-06-30": "942.57700", "2012-03-31": "999.36000", "2011-12-31": "1003.42800", "2011-09-30": "956.31300", "2011-06-30": "882.60900", "2011-03-31": "803.58700", "2010-12-31": "710.42400", "2010-09-30": "652.80400", "2010-06-30": "549.25000", "2010-03-31": "550.37000", "2009-12-31": "580.49600", "2009-09-30": "522.93200", "2009-06-30": "592.07400", "2009-03-31": "704.86800", "2008-12-31": "716.34100", "2008-09-30": "690.64700", "2008-06-30": "611.39900", "2008-03-31": "543.98500", "2007-12-31": "541.28200", "2007-09-30": "498.96400", "2007-06-30": "463.62700", "2007-03-31": "464.02200", "2006-12-31": "472.32500", "2006-09-30": "428.69100", "2006-06-30": "509.35300", "2006-03-31": "528.15700", "2005-12-31": "547.25100", "2005-09-30": "499.79700", "2005-06-30": "435.28300", "2005-03-31": "392.93200"}, "Property, Plant, And Equipment": {"2020-09-30": "3646.34100", "2020-06-30": "3754.20600", "2020-03-31": "3840.21300", "2019-12-31": "4412.35900", "2019-09-30": "4502.08400", "2019-06-30": "4583.67300", "2019-03-31": "4886.94800", "2018-12-31": "4900.33900", "2018-09-30": "4857.38200", "2018-06-30": "4883.37800", "2018-03-31": "4898.52500", "2017-12-31": "4950.40000", "2017-09-30": "5001.05100", "2017-06-30": "5062.91400", "2017-03-31": "5061.36800", "2016-12-31": "5102.67900", "2016-09-30": "5144.73300", "2016-06-30": "5306.43400", "2016-03-31": "5446.35200", "2015-12-31": "5530.81700", "2015-09-30": "5563.17000", "2015-06-30": "5630.31100", "2015-03-31": "5572.81800", "2014-12-31": "5400.01600", "2014-09-30": "5188.54400", "2014-06-30": "4943.66000", "2014-03-31": "4801.23600", "2013-12-31": "4693.77000", "2013-09-30": "4676.10300", "2013-06-30": "4613.30100", "2013-03-31": "4560.56200", "2012-12-31": "4491.05100", "2012-09-30": "4351.57100", "2012-06-30": "4170.30300", "2012-03-31": "3975.23900", "2011-12-31": "3832.00100", "2011-09-30": "3677.07000", "2011-06-30": "3553.74300", "2011-03-31": "3420.63500", "2010-12-31": "3336.62400", "2010-09-30": "3275.02000", "2010-06-30": "3235.86300", "2010-03-31": "3285.13900", "2009-12-31": "3273.64300", "2009-09-30": "3194.27300", "2009-06-30": "3209.34400", "2009-03-31": "3086.71400", "2008-12-31": "2885.45400", "2008-09-30": "2682.25100", "2008-06-30": "2534.93100", "2008-03-31": "2395.86200", "2007-12-31": "2283.98200", "2007-09-30": "2152.61600", "2007-06-30": "2009.18200", "2007-03-31": "1807.96500", "2006-12-31": "1603.97800", "2006-09-30": "1483.13400", "2006-06-30": "1242.76900", "2006-03-31": "1118.52900", "2005-12-31": "1018.97100", "2005-09-30": "981.96500", "2005-06-30": "967.15300", "2005-03-31": "959.48700"}, "Long-Term Investments": {"2020-09-30": "31.58500", "2020-06-30": "25.28000", "2020-03-31": "20.30000", "2019-12-31": "35.14900", "2019-09-30": "31.99100", "2019-06-30": "48.29100", "2019-03-31": "60.24700", "2018-12-31": "54.73100", "2018-09-30": "98.69600", "2018-06-30": "92.70200", "2018-03-31": "73.35600", "2017-12-31": "83.94300", "2017-09-30": "84.02600", "2017-06-30": "76.98600", "2017-03-31": "88.29900", "2016-12-31": "105.17700", "2016-09-30": "84.95500", "2016-06-30": "99.89800", "2016-03-31": "83.36300", "2015-12-31": "85.27600", "2015-09-30": "104.35400", "2015-06-30": "159.97600", "2015-03-31": "164.64800", "2014-12-31": "165.58100", "2014-09-30": "236.64400", "2014-06-30": "279.42800", "2014-03-31": "284.67000", "2013-12-31": "312.45500", "2013-09-30": "316.15400", "2013-06-30": "287.63400", "2013-03-31": "501.38300", "2012-12-31": "441.79400", "2012-09-30": "451.14400", "2012-06-30": "382.52700", "2012-03-31": "444.36500", "2011-12-31": "399.99500", "2011-09-30": "347.92400", "2011-06-30": "453.04600", "2011-03-31": "480.93900", "2010-12-31": "397.79300", "2010-09-30": "320.71200", "2010-06-30": "274.62000", "2010-03-31": "355.65400", "2009-12-31": "366.67200", "2009-09-30": "356.40400", "2009-06-30": "267.55400", "2009-03-31": "176.15600", "2008-12-31": "173.54900", "2008-09-30": "199.26600", "2008-06-30": "218.86900", "2008-03-31": "205.66000", "2007-12-31": "222.97100", "2007-09-30": "223.36000", "2007-06-30": "206.43700", "2007-03-31": "206.01300", "2006-12-31": "191.11900", "2006-09-30": "218.30900", "2006-06-30": "229.59900", "2006-03-31": "234.04600", "2005-12-31": "192.16600", "2005-09-30": "178.45200", "2005-06-30": "165.50000", "2005-03-31": "157.07600"}, "Goodwill And Intangible Assets": {"2020-09-30": "126.68000", "2020-06-30": "128.39300", "2020-03-31": "130.18600", "2019-12-31": "169.11500", "2019-09-30": "169.50200", "2019-06-30": "136.99500", "2019-03-31": "138.43300", "2018-12-31": "139.87100", "2018-09-30": "137.98400", "2018-06-30": "145.06000", "2018-03-31": "146.49700", "2017-12-31": "147.98300", "2017-09-30": "102.49000", "2017-06-30": "103.53600", "2017-03-31": "", "2016-12-31": "", "2016-09-30": "5.63700", "2016-06-30": "", "2016-03-31": "", "2015-12-31": "", "2015-09-30": "", "2015-06-30": "", "2015-03-31": "", "2014-12-31": "", "2014-09-30": "", "2014-06-30": "", "2014-03-31": "", "2013-12-31": "", "2013-09-30": "", "2013-06-30": "", "2013-03-31": "", "2012-12-31": "", "2012-09-30": "", "2012-06-30": "", "2012-03-31": "", "2011-12-31": "", "2011-09-30": "", "2011-06-30": "", "2011-03-31": "", "2010-12-31": "", "2010-09-30": "", "2010-06-30": "", "2010-03-31": "", "2009-12-31": "", "2009-09-30": "", "2009-06-30": "", "2009-03-31": "", "2008-12-31": "", "2008-09-30": "", "2008-06-30": "", "2008-03-31": "", "2007-12-31": "", "2007-09-30": "", "2007-06-30": "", "2007-03-31": "", "2006-12-31": "", "2006-09-30": "", "2006-06-30": "", "2006-03-31": "", "2005-12-31": "", "2005-09-30": "", "2005-06-30": "", "2005-03-31": ""}, "Other Long-Term Assets": {"2020-09-30": "17.10500", "2020-06-30": "16.36900", "2020-03-31": "17.20900", "2019-12-31": "18.05300", "2019-09-30": "20.85200", "2019-06-30": "12.18200", "2019-03-31": "10.93000", "2018-12-31": "6.65300", "2018-09-30": "5.25500", "2018-06-30": "11.25400", "2018-03-31": "12.43100", "2017-12-31": "13.42400", "2017-09-30": "17.15400", "2017-06-30": "20.06700", "2017-03-31": "24.63000", "2016-12-31": "24.49800", "2016-09-30": "24.00800", "2016-06-30": "32.51500", "2016-03-31": "35.01300", "2015-12-31": "37.50500", "2015-09-30": "40.52400", "2015-06-30": "43.83900", "2015-03-31": "38.31500", "2014-12-31": "25.93000", "2014-09-30": "18.80900", "2014-06-30": "19.57300", "2014-03-31": "13.39100", "2013-12-31": "13.07200", "2013-09-30": "14.35900", "2013-06-30": "16.18600", "2013-03-31": "18.53100", "2012-12-31": "22.01100", "2012-09-30": "23.14200", "2012-06-30": "22.89400", "2012-03-31": "22.10800", "2011-12-31": "22.46300", "2011-09-30": "22.58400", "2011-06-30": "21.63800", "2011-03-31": "20.55100", "2010-12-31": "20.77800", "2010-09-30": "16.83400", "2010-06-30": "13.92100", "2010-03-31": "14.47600", "2009-12-31": "14.80300", "2009-09-30": "15.78100", "2009-06-30": "10.88200", "2009-03-31": "12.07800", "2008-12-31": "12.66700", "2008-09-30": "15.88100", "2008-06-30": "13.32200", "2008-03-31": "10.61100", "2007-12-31": "10.55400", "2007-09-30": "10.42900", "2007-06-30": "8.07600", "2007-03-31": "6.53700", "2006-12-31": "4.58400", "2006-09-30": "4.57800", "2006-06-30": "3.17300", "2006-03-31": "3.28800", "2005-12-31": "3.38700", "2005-09-30": "3.13600", "2005-06-30": "2.65200", "2005-03-31": "0.66200"}, "Total Long-Term Assets": {"2020-09-30": "3866.29400", "2020-06-30": "3971.78200", "2020-03-31": "4056.63800", "2019-12-31": "4686.86600", "2019-09-30": "4724.42900", "2019-06-30": "4781.14100", "2019-03-31": "5096.55900", "2018-12-31": "5101.59400", "2018-09-30": "5099.31600", "2018-06-30": "5132.39400", "2018-03-31": "5130.80900", "2017-12-31": "5195.75000", "2017-09-30": "5204.72100", "2017-06-30": "5263.50300", "2017-03-31": "5174.29700", "2016-12-31": "5232.35400", "2016-09-30": "5259.33300", "2016-06-30": "5438.84700", "2016-03-31": "5564.72800", "2015-12-31": "5653.59800", "2015-09-30": "5708.04800", "2015-06-30": "5834.12600", "2015-03-31": "5775.78100", "2014-12-31": "5591.52700", "2014-09-30": "5443.99700", "2014-06-30": "5242.66200", "2014-03-31": "5099.29700", "2013-12-31": "5019.29700", "2013-09-30": "5006.61600", "2013-06-30": "4917.12100", "2013-03-31": "5080.47600", "2012-12-31": "4954.85600", "2012-09-30": "4825.85700", "2012-06-30": "4575.72400", "2012-03-31": "4441.71200", "2011-12-31": "4254.45900", "2011-09-30": "4047.57800", "2011-06-30": "4028.42700", "2011-03-31": "3922.12500", "2010-12-31": "3755.19500", "2010-09-30": "3612.56600", "2010-06-30": "3524.40400", "2010-03-31": "3655.26900", "2009-12-31": "3655.11800", "2009-09-30": "3638.09200", "2009-06-30": "3487.78000", "2009-03-31": "3274.94800", "2008-12-31": "3071.67000", "2008-09-30": "2897.39800", "2008-06-30": "2767.12200", "2008-03-31": "2612.13300", "2007-12-31": "2517.50700", "2007-09-30": "2386.40500", "2007-06-30": "2223.69500", "2007-03-31": "2020.51500", "2006-12-31": "1799.68100", "2006-09-30": "1706.02100", "2006-06-30": "1475.54100", "2006-03-31": "1355.86300", "2005-12-31": "1214.52400", "2005-09-30": "1163.55300", "2005-06-30": "1135.30500", "2005-03-31": "1117.22500"}, "Total Assets": {"2020-09-30": "4829.62100", "2020-06-30": "4962.32600", "2020-03-31": "5176.75400", "2019-12-31": "5841.51000", "2019-09-30": "5839.51500", "2019-06-30": "5897.37900", "2019-03-31": "6144.56200", "2018-12-31": "6144.34100", "2018-09-30": "6214.86700", "2018-06-30": "6265.87200", "2018-03-31": "6261.79200", "2017-12-31": "6362.09600", "2017-09-30": "6439.98800", "2017-06-30": "6513.89100", "2017-03-31": "6538.18400", "2016-12-31": "6677.63700", "2016-09-30": "6832.01900", "2016-06-30": "6976.51900", "2016-03-31": "7025.10500", "2015-12-31": "7130.27400", "2015-09-30": "7147.24200", "2015-06-30": "7335.81700", "2015-03-31": "7344.15000", "2014-12-31": "6801.51900", "2014-09-30": "6720.99800", "2014-06-30": "6693.08200", "2014-03-31": "6488.28100", "2013-12-31": "6410.58700", "2013-09-30": "6264.82700", "2013-06-30": "6197.61100", "2013-03-31": "6012.45200", "2012-12-31": "5934.28800", "2012-09-30": "5721.08500", "2012-06-30": "5518.30100", "2012-03-31": "5441.07200", "2011-12-31": "5257.88700", "2011-09-30": "5003.89100", "2011-06-30": "4911.03600", "2011-03-31": "4725.71200", "2010-12-31": "4465.61900", "2010-09-30": "4265.37000", "2010-06-30": "4073.65400", "2010-03-31": "4205.63900", "2009-12-31": "4235.61400", "2009-09-30": "4161.02400", "2009-06-30": "4079.85400", "2009-03-31": "3979.81600", "2008-12-31": "3788.01100", "2008-09-30": "3588.04500", "2008-06-30": "3378.52100", "2008-03-31": "3156.11800", "2007-12-31": "3058.78900", "2007-09-30": "2885.36900", "2007-06-30": "2687.32200", "2007-03-31": "2484.53700", "2006-12-31": "2272.00600", "2006-09-30": "2134.71200", "2006-06-30": "1984.89400", "2006-03-31": "1884.02000", "2005-12-31": "1761.77500", "2005-09-30": "1663.35000", "2005-06-30": "1570.58800", "2005-03-31": "1510.15700"}, "Total Current Liabilities": {"2020-09-30": "219.13600", "2020-06-30": "242.16700", "2020-03-31": "377.41900", "2019-12-31": "419.34700", "2019-09-30": "410.23800", "2019-06-30": "390.52600", "2019-03-31": "373.70700", "2018-12-31": "385.91300", "2018-09-30": "377.16800", "2018-06-30": "381.66800", "2018-03-31": "340.18500", "2017-12-31": "355.76200", "2017-09-30": "344.38500", "2017-06-30": "333.92900", "2017-03-31": "301.41700", "2016-12-31": "286.62800", "2016-09-30": "330.12000", "2016-06-30": "326.60900", "2016-03-31": "371.32800", "2015-12-31": "408.79000", "2015-09-30": "348.19700", "2015-06-30": "346.50300", "2015-03-31": "391.14500", "2014-12-31": "447.45600", "2014-09-30": "507.16100", "2014-06-30": "502.11100", "2014-03-31": "438.48800", "2013-12-31": "478.73700", "2013-09-30": "452.27300", "2013-06-30": "432.85400", "2013-03-31": "304.53700", "2012-12-31": "427.23300", "2012-09-30": "381.16400", "2012-06-30": "413.58900", "2012-03-31": "385.72400", "2011-12-31": "428.84900", "2011-09-30": "416.72900", "2011-06-30": "261.90900", "2011-03-31": "215.74800", "2010-12-31": "211.82000", "2010-09-30": "232.63800", "2010-06-30": "210.97800", "2010-03-31": "182.93300", "2009-12-31": "320.34700", "2009-09-30": "301.90600", "2009-06-30": "358.79200", "2009-03-31": "428.57000", "2008-12-31": "360.07300", "2008-09-30": "308.95700", "2008-06-30": "272.10800", "2008-03-31": "210.99600", "2007-12-31": "231.19900", "2007-09-30": "226.61200", "2007-06-30": "254.01000", "2007-03-31": "247.73200", "2006-12-31": "295.92800", "2006-09-30": "264.54800", "2006-06-30": "136.36200", "2006-03-31": "115.61300", "2005-12-31": "116.22700", "2005-09-30": "89.48100", "2005-06-30": "65.58400", "2005-03-31": "55.72100"}, "Long Term Debt": {"2020-09-30": "480.72700", "2020-06-30": "480.26900", "2020-03-31": "479.81100", "2019-12-31": "479.35500", "2019-09-30": "479.35600", "2019-06-30": "491.65100", "2019-03-31": "491.22700", "2018-12-31": "490.80500", "2018-09-30": "493.96800", "2018-06-30": "493.70000", "2018-03-31": "493.43300", "2017-12-31": "493.16800", "2017-09-30": "492.90200", "2017-06-30": "492.63700", "2017-03-31": "492.37300", "2016-12-31": "492.11000", "2016-09-30": "491.84700", "2016-06-30": "493.15000", "2016-03-31": "492.91900", "2015-12-31": "492.66800", "2015-09-30": "492.44300", "2015-06-30": "532.38800", "2015-03-31": "532.90800", "2014-12-31": "40.00000", "2014-09-30": "39.50200", "2014-06-30": "80.00000", "2014-03-31": "80.00000", "2013-12-31": "80.00000", "2013-09-30": "80.00000", "2013-06-30": "195.00000", "2013-03-31": "195.00000", "2012-12-31": "195.00000", "2012-09-30": "195.00000", "2012-06-30": "235.00000", "2012-03-31": "235.00000", "2011-12-31": "235.00000", "2011-09-30": "235.00000", "2011-06-30": "350.00000", "2011-03-31": "350.00000", "2010-12-31": "350.00000", "2010-09-30": "360.00000", "2010-06-30": "390.00000", "2010-03-31": "440.00000", "2009-12-31": "380.00000", "2009-09-30": "420.00000", "2009-06-30": "430.00000", "2009-03-31": "430.00000", "2008-12-31": "490.00000", "2008-09-30": "475.00000", "2008-06-30": "455.00000", "2008-03-31": "480.00000", "2007-12-31": "485.00000", "2007-09-30": "445.00000", "2007-06-30": "380.00000", "2007-03-31": "330.00000", "2006-12-31": "205.00000", "2006-09-30": "175.00000", "2006-06-30": "200.00000", "2006-03-31": "200.00000", "2005-12-31": "200.00000", "2005-09-30": "200.00000", "2005-06-30": "200.00000", "2005-03-31": "200.00000"}, "Other Non-Current Liabilities": {"2020-09-30": "160.56900", "2020-06-30": "158.24400", "2020-03-31": "158.15800", "2019-12-31": "153.02600", "2019-09-30": "131.08700", "2019-06-30": "93.12100", "2019-03-31": "99.56800", "2018-12-31": "84.56500", "2018-09-30": "93.60600", "2018-06-30": "99.72700", "2018-03-31": "93.66100", "2017-12-31": "87.85200", "2017-09-30": "105.42100", "2017-06-30": "108.94600", "2017-03-31": "83.55200", "2016-12-31": "86.35900", "2016-09-30": "102.78100", "2016-06-30": "93.22100", "2016-03-31": "95.98400", "2015-12-31": "97.78300", "2015-09-30": "110.12000", "2015-06-30": "105.06900", "2015-03-31": "93.18000", "2014-12-31": "71.35600", "2014-09-30": "64.11000", "2014-06-30": "57.46500", "2014-03-31": "57.45800", "2013-12-31": "60.07800", "2013-09-30": "65.35100", "2013-06-30": "80.60800", "2013-03-31": "85.56000", "2012-12-31": "92.86100", "2012-09-30": "98.39300", "2012-06-30": "99.39400", "2012-03-31": "102.60300", "2011-12-31": "97.49400", "2011-09-30": "104.28500", "2011-06-30": "91.66100", "2011-03-31": "102.27000", "2010-12-31": "99.66500", "2010-09-30": "91.60600", "2010-06-30": "73.22700", "2010-03-31": "77.24000", "2009-12-31": "78.02800", "2009-09-30": "73.54600", "2009-06-30": "49.14500", "2009-03-31": "54.39900", "2008-12-31": "58.60800", "2008-09-30": "58.65100", "2008-06-30": "49.32900", "2008-03-31": "46.50800", "2007-12-31": "42.89600", "2007-09-30": "34.70700", "2007-06-30": "46.30800", "2007-03-31": "42.91900", "2006-12-31": "41.30700", "2006-09-30": "43.35300", "2006-06-30": "47.92100", "2006-03-31": "51.02500", "2005-12-31": "49.68800", "2005-09-30": "47.65600", "2005-06-30": "45.40500", "2005-03-31": "43.58800"}, "Total Long Term Liabilities": {"2020-09-30": "1291.97100", "2020-06-30": "1324.10200", "2020-03-31": "1338.32900", "2019-12-31": "1446.62600", "2019-09-30": "1417.05400", "2019-06-30": "1411.79900", "2019-03-31": "1452.23500", "2018-12-31": "1432.19000", "2018-09-30": "1454.96400", "2018-06-30": "1441.71300", "2018-03-31": "1418.45400", "2017-12-31": "1415.98400", "2017-09-30": "1931.01200", "2017-06-30": "1930.05800", "2017-03-31": "1889.37300", "2016-12-31": "1915.09400", "2016-09-30": "1940.97400", "2016-06-30": "1948.44800", "2016-03-31": "1871.67700", "2015-12-31": "1891.19100", "2015-09-30": "1903.19900", "2015-06-30": "1967.80500", "2015-03-31": "1950.62900", "2014-12-31": "1432.84100", "2014-09-30": "1322.86000", "2014-06-30": "1371.88400", "2014-03-31": "1361.72000", "2013-12-31": "1363.23800", "2013-09-30": "1368.82700", "2013-06-30": "1469.73300", "2013-03-31": "1533.28300", "2012-12-31": "1516.66000", "2012-09-30": "1504.92300", "2012-06-30": "1470.12200", "2012-03-31": "1453.25200", "2011-12-31": "1383.23000", "2011-09-30": "1317.11500", "2011-06-30": "1428.88900", "2011-03-31": "1382.97000", "2010-12-31": "1290.45700", "2010-09-30": "1225.26700", "2010-06-30": "1157.14900", "2010-03-31": "1227.91100", "2009-12-31": "1159.28500", "2009-09-30": "1176.10900", "2009-06-30": "1127.12000", "2009-03-31": "1065.18900", "2008-12-31": "1041.49300", "2008-09-30": "1013.61400", "2008-06-30": "940.24100", "2008-03-31": "931.04200", "2007-12-31": "913.57100", "2007-09-30": "843.24100", "2007-06-30": "748.78890", "2007-03-31": "667.67400", "2006-12-31": "517.76000", "2006-09-30": "488.27200", "2006-06-30": "526.95600", "2006-03-31": "524.74500", "2005-12-31": "503.07600", "2005-09-30": "494.63100", "2005-06-30": "478.72400", "2005-03-31": "464.73600"}, "Total Liabilities": {"2020-09-30": "1511.10700", "2020-06-30": "1566.26900", "2020-03-31": "1715.74800", "2019-12-31": "1865.97300", "2019-09-30": "1827.29200", "2019-06-30": "1802.32500", "2019-03-31": "1825.94200", "2018-12-31": "1818.10300", "2018-09-30": "1832.13200", "2018-06-30": "1823.38100", "2018-03-31": "1758.63900", "2017-12-31": "1771.74600", "2017-09-30": "2275.39700", "2017-06-30": "2263.98700", "2017-03-31": "2190.79000", "2016-12-31": "2201.72200", "2016-09-30": "2271.09400", "2016-06-30": "2275.05700", "2016-03-31": "2243.00500", "2015-12-31": "2299.98100", "2015-09-30": "2251.39600", "2015-06-30": "2314.30800", "2015-03-31": "2341.77400", "2014-12-31": "1880.29700", "2014-09-30": "1830.02100", "2014-06-30": "1873.99500", "2014-03-31": "1800.20800", "2013-12-31": "1841.97500", "2013-09-30": "1821.10000", "2013-06-30": "1902.58700", "2013-03-31": "1837.82000", "2012-12-31": "1943.89300", "2012-09-30": "1886.08700", "2012-06-30": "1883.71100", "2012-03-31": "1838.97600", "2011-12-31": "1812.07900", "2011-09-30": "1733.84400", "2011-06-30": "1690.79800", "2011-03-31": "1598.71800", "2010-12-31": "1502.27700", "2010-09-30": "1457.90500", "2010-06-30": "1368.12700", "2010-03-31": "1410.84400", "2009-12-31": "1479.63200", "2009-09-30": "1478.01500", "2009-06-30": "1485.91200", "2009-03-31": "1493.75900", "2008-12-31": "1401.56600", "2008-09-30": "1322.57100", "2008-06-30": "1212.34900", "2008-03-31": "1142.03800", "2007-12-31": "1144.77000", "2007-09-30": "1069.85300", "2007-06-30": "1002.79900", "2007-03-31": "915.40600", "2006-12-31": "813.68800", "2006-09-30": "752.82000", "2006-06-30": "663.31800", "2006-03-31": "640.35800", "2005-12-31": "619.30300", "2005-09-30": "584.11200", "2005-06-30": "544.30800", "2005-03-31": "520.45700"}, "Common Stock Net": {"2020-09-30": "11.21500", "2020-06-30": "11.21500", "2020-03-31": "11.21500", "2019-12-31": "11.21500", "2019-09-30": "11.20800", "2019-06-30": "11.20800", "2019-03-31": "11.20800", "2018-12-31": "11.20800", "2018-09-30": "11.20100", "2018-06-30": "11.20100", "2018-03-31": "11.20100", "2017-12-31": "11.20100", "2017-09-30": "11.19600", "2017-06-30": "11.19000", "2017-03-31": "11.18800", "2016-12-31": "11.18800", "2016-09-30": "11.14000", "2016-06-30": "11.13800", "2016-03-31": "11.13600", "2015-12-31": "11.13000", "2015-09-30": "11.09900", "2015-06-30": "11.08600", "2015-03-31": "11.08500", "2014-12-31": "11.08300", "2014-09-30": "11.05100", "2014-06-30": "11.04800", "2014-03-31": "11.03200", "2013-12-31": "10.96200", "2013-09-30": "10.87400", "2013-06-30": "10.84800", "2013-03-31": "10.84300", "2012-12-31": "10.82600", "2012-09-30": "10.76000", "2012-06-30": "10.75900", "2012-03-31": "10.75600", "2011-12-31": "10.74900", "2011-09-30": "10.72400", "2011-06-30": "10.71400", "2011-03-31": "10.70600", "2010-12-31": "10.70600", "2010-09-30": "10.70600", "2010-06-30": "10.70600", "2010-03-31": "10.70600", "2009-12-31": "10.70600", "2009-09-30": "10.70600", "2009-06-30": "10.70600", "2009-03-31": "10.70600", "2008-12-31": "10.70600", "2008-09-30": "10.70600", "2008-06-30": "10.70600", "2008-03-31": "10.70600", "2007-12-31": "10.70600", "2007-09-30": "10.70600", "2007-06-30": "10.70600", "2007-03-31": "10.70600", "2006-12-31": "10.70600", "2006-09-30": "10.70600", "2006-06-30": "10.70600", "2006-03-31": "5.35300", "2005-12-31": "5.35300", "2005-09-30": "10.70600", "2005-06-30": "5.35300", "2005-03-31": "5.35300"}, "Retained Earnings (Accumulated Deficit)": {"2020-09-30": "3010.01200", "2020-06-30": "3096.16800", "2020-03-31": "3168.96600", "2019-12-31": "3666.26000", "2019-09-30": "3714.30700", "2019-06-30": "3750.78500", "2019-03-31": "3979.70800", "2018-12-31": "3997.28300", "2018-09-30": "4027.77900", "2018-06-30": "4103.41800", "2018-03-31": "4189.49700", "2017-12-31": "4278.32600", "2017-09-30": "3855.68600", "2017-06-30": "3954.70500", "2017-03-31": "4052.97400", "2016-12-31": "4178.23500", "2016-09-30": "4289.80700", "2016-06-30": "4438.74800", "2016-03-31": "4536.04700", "2015-12-31": "4589.59700", "2015-09-30": "4648.34600", "2015-06-30": "4745.77100", "2015-03-31": "4729.39000", "2014-12-31": "4654.34900", "2014-09-30": "4525.79700", "2014-06-30": "4431.97400", "2014-03-31": "4314.57100", "2013-12-31": "4208.07400", "2013-09-30": "4102.66300", "2013-06-30": "3996.53000", "2013-03-31": "3783.89000", "2012-12-31": "3648.87200", "2012-09-30": "3505.29500", "2012-06-30": "3355.60300", "2012-03-31": "3213.11300", "2011-12-31": "3090.94600", "2011-09-30": "2954.21000", "2011-06-30": "2840.31500", "2011-03-31": "2738.00800", "2010-12-31": "2645.66200", "2010-09-30": "2547.91700", "2010-06-30": "2471.23800", "2010-03-31": "2514.32000", "2009-12-31": "2472.87500", "2009-09-30": "2414.94200", "2009-06-30": "2368.73700", "2009-03-31": "2320.98100", "2008-12-31": "2222.51500", "2008-09-30": "2082.51800", "2008-06-30": "1961.30600", "2008-03-31": "1841.21800", "2007-12-31": "1743.87400", "2007-09-30": "1645.76600", "2007-06-30": "1534.02500", "2007-03-31": "1423.48900", "2006-12-31": "1321.28600", "2006-09-30": "1215.12700", "2006-06-30": "1121.33300", "2006-03-31": "1046.10300", "2005-12-31": "985.88100", "2005-09-30": "939.38000", "2005-06-30": "907.56300", "2005-03-31": "881.98400"}, "Comprehensive Income": {"2020-09-30": "-26.18800", "2020-06-30": "-27.08200", "2020-03-31": "-27.60300", "2019-12-31": "-28.11900", "2019-09-30": "-28.63500", "2019-06-30": "-16.08500", "2019-03-31": "-12.07200", "2018-12-31": "-12.29600", "2018-09-30": "16.55000", "2018-06-30": "8.94200", "2018-03-31": "-5.22100", "2017-12-31": "2.03900", "2017-09-30": "2.30000", "2017-06-30": "-4.10100", "2017-03-31": "2.43300", "2016-12-31": "12.57400", "2016-09-30": "-0.20400", "2016-06-30": "-3.15600", "2016-03-31": "-13.21400", "2015-12-31": "-12.07400", "2015-09-30": "-1.37700", "2015-06-30": "36.96200", "2015-03-31": "40.07200", "2014-12-31": "41.07800", "2014-09-30": "83.12600", "2014-06-30": "112.44500", "2014-03-31": "113.42500", "2013-12-31": "129.71600", "2013-09-30": "132.53000", "2013-06-30": "105.45700", "2013-03-31": "205.05400", "2012-12-31": "167.10600", "2012-09-30": "166.80700", "2012-06-30": "121.28800", "2012-03-31": "158.80400", "2011-12-31": "131.78500", "2011-09-30": "98.90800", "2011-06-30": "168.90400", "2011-03-31": "184.08300", "2010-12-31": "132.41200", "2010-09-30": "84.10700", "2010-06-30": "62.13000", "2010-03-31": "112.25500", "2009-12-31": "119.00500", "2009-09-30": "112.45100", "2009-06-30": "72.24700", "2009-03-31": "15.93000", "2008-12-31": "16.95600", "2008-09-30": "38.40700", "2008-06-30": "62.61500", "2008-03-31": "58.69500", "2007-12-31": "70.59800", "2007-09-30": "75.88500", "2007-06-30": "59.13700", "2007-03-31": "59.74800", "2006-12-31": "53.40800", "2006-09-30": "69.64500", "2006-06-30": "74.60600", "2006-03-31": "78.80000", "2005-12-31": "55.78800", "2005-09-30": "47.54400", "2005-06-30": "43.72400", "2005-03-31": "39.10900"}, "Other Share Holders Equity": {"2020-09-30": "", "2020-06-30": "", "2020-03-31": "", "2019-12-31": "", "2019-09-30": "", "2019-06-30": "", "2019-03-31": "", "2018-12-31": "", "2018-09-30": "", "2018-06-30": "", "2018-03-31": "", "2017-12-31": "", "2017-09-30": "", "2017-06-30": "", "2017-03-31": "", "2016-12-31": "", "2016-09-30": "", "2016-06-30": "", "2016-03-31": "", "2015-12-31": "", "2015-09-30": "", "2015-06-30": "", "2015-03-31": "", "2014-12-31": "", "2014-09-30": "", "2014-06-30": "", "2014-03-31": "", "2013-12-31": "", "2013-09-30": "", "2013-06-30": "", "2013-03-31": "", "2012-12-31": "", "2012-09-30": "", "2012-06-30": "", "2012-03-31": "", "2011-12-31": "", "2011-09-30": "", "2011-06-30": "", "2011-03-31": "", "2010-12-31": "", "2010-09-30": "", "2010-06-30": "", "2010-03-31": "", "2009-12-31": "", "2009-09-30": "", "2009-06-30": "", "2009-03-31": "", "2008-12-31": "", "2008-09-30": "", "2008-06-30": "", "2008-03-31": "", "2007-12-31": "", "2007-09-30": "", "2007-06-30": "", "2007-03-31": "", "2006-12-31": "", "2006-09-30": "", "2006-06-30": "", "2006-03-31": "", "2005-12-31": "", "2005-09-30": "", "2005-06-30": "", "2005-03-31": ""}, "Share Holder Equity": {"2020-09-30": "3318.51400", "2020-06-30": "3396.05700", "2020-03-31": "3461.00600", "2019-12-31": "3975.53700", "2019-09-30": "4012.22300", "2019-06-30": "4095.05400", "2019-03-31": "4318.62000", "2018-12-31": "4326.23800", "2018-09-30": "4382.73500", "2018-06-30": "4442.49100", "2018-03-31": "4503.15300", "2017-12-31": "4590.35000", "2017-09-30": "4164.59100", "2017-06-30": "4249.90400", "2017-03-31": "4347.39400", "2016-12-31": "4475.91500", "2016-09-30": "4560.92500", "2016-06-30": "4701.46200", "2016-03-31": "4782.10000", "2015-12-31": "4830.29300", "2015-09-30": "4895.84600", "2015-06-30": "5021.50900", "2015-03-31": "5002.37600", "2014-12-31": "4921.22200", "2014-09-30": "4890.97700", "2014-06-30": "4819.08700", "2014-03-31": "4688.07300", "2013-12-31": "4568.61200", "2013-09-30": "4443.72700", "2013-06-30": "4295.02400", "2013-03-31": "4174.63200", "2012-12-31": "3990.39500", "2012-09-30": "3834.99800", "2012-06-30": "3634.59000", "2012-03-31": "3602.09600", "2011-12-31": "3445.80800", "2011-09-30": "3270.04700", "2011-06-30": "3220.23800", "2011-03-31": "3126.99400", "2010-12-31": "2963.34200", "2010-09-30": "2807.46500", "2010-06-30": "2705.52700", "2010-03-31": "2794.79500", "2009-12-31": "2755.98200", "2009-09-30": "2683.00900", "2009-06-30": "2593.94200", "2009-03-31": "2486.05700", "2008-12-31": "2386.44500", "2008-09-30": "2265.47400", "2008-06-30": "2166.17200", "2008-03-31": "2014.08000", "2007-12-31": "1914.01900", "2007-09-30": "1815.51600", "2007-06-30": "1684.52300", "2007-03-31": "1569.13100", "2006-12-31": "1458.31800", "2006-09-30": "1381.89200", "2006-06-30": "1321.57600", "2006-03-31": "1243.66200", "2005-12-31": "1142.47200", "2005-09-30": "1079.23800", "2005-06-30": "1026.28000", "2005-03-31": "989.70000"}, "Total Liabilities And Share Holders Equity": {"2020-09-30": "4829.62100", "2020-06-30": "4962.32600", "2020-03-31": "5176.75400", "2019-12-31": "5841.51000", "2019-09-30": "5839.51500", "2019-06-30": "5897.37900", "2019-03-31": "6144.56200", "2018-12-31": "6144.34100", "2018-09-30": "6214.86700", "2018-06-30": "6265.87200", "2018-03-31": "6261.79200", "2017-12-31": "6362.09600", "2017-09-30": "6439.98800", "2017-06-30": "6513.89100", "2017-03-31": "6538.18400", "2016-12-31": "6677.63700", "2016-09-30": "6832.01900", "2016-06-30": "6976.51900", "2016-03-31": "7025.10500", "2015-12-31": "7130.27400", "2015-09-30": "7147.24200", "2015-06-30": "7335.81700", "2015-03-31": "7344.15000", "2014-12-31": "6801.51900", "2014-09-30": "6720.99800", "2014-06-30": "6693.08200", "2014-03-31": "6488.28100", "2013-12-31": "6410.58700", "2013-09-30": "6264.82700", "2013-06-30": "6197.61100", "2013-03-31": "6012.45200", "2012-12-31": "5934.28800", "2012-09-30": "5721.08500", "2012-06-30": "5518.30100", "2012-03-31": "5441.07200", "2011-12-31": "5257.88700", "2011-09-30": "5003.89100", "2011-06-30": "4911.03600", "2011-03-31": "4725.71200", "2010-12-31": "4465.61900", "2010-09-30": "4265.37000", "2010-06-30": "4073.65400", "2010-03-31": "4205.63900", "2009-12-31": "4235.61400", "2009-09-30": "4161.02400", "2009-06-30": "4079.85400", "2009-03-31": "3979.81600", "2008-12-31": "3788.01100", "2008-09-30": "3588.04500", "2008-06-30": "3378.52100", "2008-03-31": "3156.11800", "2007-12-31": "3058.78900", "2007-09-30": "2885.36900", "2007-06-30": "2687.32200", "2007-03-31": "2484.53700", "2006-12-31": "2272.00600", "2006-09-30": "2134.71200", "2006-06-30": "1984.89400", "2006-03-31": "1884.02000", "2005-12-31": "1761.77500", "2005-09-30": "1663.35000", "2005-06-30": "1570.58800", "2005-03-31": "1510.15700"}}, "cash flow statement": {"Net Income/Loss": {"2020-09-30": "-494.49700", "2019-09-30": "-33.65600", "2018-09-30": "482.67200", "2017-09-30": "-128.21200", "2016-09-30": "-56.82800", "2015-09-30": "420.42700", "2014-09-30": "706.56300", "2013-09-30": "736.63900", "2012-09-30": "581.04500", "2011-09-30": "434.18600", "2010-09-30": "156.31200", "2009-09-30": "353.54500", "2008-09-30": "461.73800", "2007-09-30": "449.26100", "2006-09-30": "293.85800", "2005-09-30": "127.60600"}, "Total Depreciation And Amortization - Cash Flow": {"2020-09-30": "483.70200", "2019-09-30": "564.53500", "2018-09-30": "584.86900", "2017-09-30": "586.59800", "2016-09-30": "599.75500", "2015-09-30": "608.78800", "2014-09-30": "524.38400", "2013-09-30": "456.03200", "2012-09-30": "387.54900", "2011-09-30": "315.46800", "2010-09-30": "262.65800", "2009-09-30": "227.53500", "2008-09-30": "195.34300", "2007-09-30": "146.04200", "2006-09-30": "101.58300", "2005-09-30": "96.27400"}, "Other Non-Cash Items": {"2020-09-30": "389.05100", "2019-09-30": "228.97200", "2018-09-30": "-434.61900", "2017-09-30": "-14.15700", "2016-09-30": "113.80100", "2015-09-30": "192.57300", "2014-09-30": "-10.30500", "2013-09-30": "-136.85100", "2012-09-30": "188.49100", "2011-09-30": "185.04200", "2010-09-30": "242.24600", "2009-09-30": "194.03400", "2008-09-30": "34.88300", "2007-09-30": "-48.29800", "2006-09-30": "-26.42600", "2005-09-30": "-6.71900"}, "Total Non-Cash Items": {"2020-09-30": "872.75300", "2019-09-30": "793.50700", "2018-09-30": "150.25000", "2017-09-30": "572.44090", "2016-09-30": "713.55600", "2015-09-30": "801.36110", "2014-09-30": "514.07900", "2013-09-30": "319.18100", "2012-09-30": "576.04000", "2011-09-30": "500.50990", "2010-09-30": "504.90400", "2009-09-30": "421.56900", "2008-09-30": "230.22600", "2007-09-30": "97.74400", "2006-09-30": "75.15700", "2005-09-30": "89.55500"}, "Change In Accounts Receivable": {"2020-09-30": "300.80700", "2019-09-30": "70.32300", "2018-09-30": "-85.20200", "2017-09-30": "-97.11400", "2016-09-30": "72.79200", "2015-09-30": "259.02400", "2014-09-30": "-70.45800", "2013-09-30": "-4.80600", "2012-09-30": "-160.15400", "2011-09-30": "-2.98700", "2010-09-30": "-223.91600", "2009-09-30": "156.86300", "2008-09-30": "-107.94900", "2007-09-30": "-53.77300", "2006-09-30": "-120.74000", "2005-09-30": "-46.22300"}, "Change In Inventories": {"2020-09-30": "7.19700", "2019-09-30": "1.82100", "2018-09-30": "-22.42700", "2017-09-30": "-10.60700", "2016-09-30": "1.94400", "2015-09-30": "-23.05200", "2014-09-30": "-16.62300", "2013-09-30": "-12.28900", "2012-09-30": "-22.17000", "2011-09-30": "-11.00500", "2010-09-30": "-3.85800", "2009-09-30": "-10.98100", "2008-09-30": "-3.53400", "2007-09-30": "-2.98000", "2006-09-30": "-4.85200", "2005-09-30": "-0.48700"}, "Change In Accounts Payable": {"2020-09-30": "-9.41400", "2019-09-30": "-9.14700", "2018-09-30": "-4.46100", "2017-09-30": "39.41200", "2016-09-30": "-10.90700", "2015-09-30": "-38.98300", "2014-09-30": "-16.10400", "2013-09-30": "-52.07600", "2012-09-30": "54.90600", "2011-09-30": "17.36200", "2010-09-30": "16.76000", "2009-09-30": "-24.99600", "2008-09-30": "-15.64300", "2007-09-30": "73.78000", "2006-09-30": "-11.06400", "2005-09-30": "8.51700"}, "Change In Assets/Liabilities": {"2020-09-30": "-0.45900", "2019-09-30": "-8.35500", "2018-09-30": "-9.04600", "2017-09-30": "27.92700", "2016-09-30": "-19.29100", "2015-09-30": "33.86500", "2014-09-30": "-23.00400", "2013-09-30": "-12.05000", "2012-09-30": "-29.35000", "2011-09-30": "18.75200", "2010-09-30": "-4.39800", "2009-09-30": "-10.96700", "2008-09-30": "-17.72400", "2007-09-30": "-14.37100", "2006-09-30": "4.42900", "2005-09-30": "3.97700"}, "Total Change In Assets/Liabilities": {"2020-09-30": "160.62500", "2019-09-30": "95.90000", "2018-09-30": "-75.07000", "2017-09-30": "-73.03000", "2016-09-30": "97.80300", "2015-09-30": "206.78600", "2014-09-30": "-91.56000", "2013-09-30": "-58.63500", "2012-09-30": "-156.75300", "2011-09-30": "42.85600", "2010-09-30": "-198.92800", "2009-09-30": "120.82500", "2008-09-30": "-103.33000", "2007-09-30": "14.06200", "2006-09-30": "-72.62500", "2005-09-30": "-4.92300"}, "Cash Flow From Operating Activities": {"2020-09-30": "538.88100", "2019-09-30": "855.75100", "2018-09-30": "557.85200", "2017-09-30": "371.19900", "2016-09-30": "754.53100", "2015-09-30": "1428.57400", "2014-09-30": "1129.08200", "2013-09-30": "997.18500", "2012-09-30": "1000.33200", "2011-09-30": "977.55200", "2010-09-30": "462.28800", "2009-09-30": "895.93900", "2008-09-30": "588.63400", "2007-09-30": "561.06700", "2006-09-30": "296.39000", "2005-09-30": "212.23800"}, "Net Change In Property, Plant, And Equipment": {"2020-09-30": "-62.39600", "2019-09-30": "-407.58500", "2018-09-30": "-422.20300", "2017-09-30": "-374.15500", "2016-09-30": "-235.32400", "2015-09-30": "-1108.80200", "2014-09-30": "-921.36000", "2013-09-30": "-781.04000", "2012-09-30": "-1057.78600", "2011-09-30": "-667.46900", "2010-09-30": "-321.70500", "2009-09-30": "-868.77000", "2008-09-30": "-675.43600", "2007-09-30": "-842.64600", "2006-09-30": "-517.12700", "2005-09-30": "-57.81300"}, "Net Change In Intangible Assets": {"2020-09-30": "", "2019-09-30": "", "2018-09-30": "", "2017-09-30": "", "2016-09-30": "", "2015-09-30": "", "2014-09-30": "", "2013-09-30": "", "2012-09-30": "", "2011-09-30": "", "2010-09-30": "", "2009-09-30": "", "2008-09-30": "", "2007-09-30": "", "2006-09-30": "", "2005-09-30": ""}, "Net Acquisitions/Divestitures": {"2020-09-30": "15.05600", "2019-09-30": "-16.16300", "2018-09-30": "-47.88600", "2017-09-30": "-70.41600", "2016-09-30": "", "2015-09-30": "", "2014-09-30": "", "2013-09-30": "", "2012-09-30": "", "2011-09-30": "-4.00000", "2010-09-30": "", "2009-09-30": "-0.01600", "2008-09-30": "-12.04100", "2007-09-30": "", "2006-09-30": "", "2005-09-30": ""}, "Net Change In Short-term Investments": {"2020-09-30": "-39.99500", "2019-09-30": "1.11200", "2018-09-30": "-2.27300", "2017-09-30": "-0.41700", "2016-09-30": "1.10500", "2015-09-30": "-45.60700", "2014-09-30": "0.00000", "2013-09-30": "0.00000", "2012-09-30": "", "2011-09-30": "", "2010-09-30": "-0.01600", "2009-09-30": "-12.50000", "2008-09-30": "", "2007-09-30": "", "2006-09-30": "", "2005-09-30": ""}, "Net Change In Long-Term Investments": {"2020-09-30": "", "2019-09-30": "", "2018-09-30": "", "2017-09-30": "", "2016-09-30": "", "2015-09-30": "", "2014-09-30": "49.20500", "2013-09-30": "232.22100", "2012-09-30": "", "2011-09-30": "3.93200", "2010-09-30": "12.51600", "2009-09-30": "", "2008-09-30": "25.50700", "2007-09-30": "127.81900", "2006-09-30": "-34.72500", "2005-09-30": "60.53900"}, "Net Change In Investments - Total": {"2020-09-30": "-39.99500", "2019-09-30": "1.11200", "2018-09-30": "-2.27300", "2017-09-30": "-0.41700", "2016-09-30": "1.10500", "2015-09-30": "-45.60700", "2014-09-30": "49.20500", "2013-09-30": "232.22100", "2012-09-30": "", "2011-09-30": "3.93200", "2010-09-30": "12.50000", "2009-09-30": "-12.50000", "2008-09-30": "25.50700", "2007-09-30": "127.81900", "2006-09-30": "-34.72500", "2005-09-30": "60.53900"}, "Investing Activities - Other": {"2020-09-30": "-0.55000", "2019-09-30": "", "2018-09-30": "", "2017-09-30": "", "2016-09-30": "", "2015-09-30": "", "2014-09-30": "", "2013-09-30": "15.00000", "2012-09-30": "7.50000", "2011-09-30": "", "2010-09-30": "-0.05500", "2009-09-30": "-2.74300", "2008-09-30": "6.63500", "2007-09-30": "16.25700", "2006-09-30": "2.97000", "2005-09-30": ""}, "Cash Flow From Investing Activities": {"2020-09-30": "-87.88500", "2019-09-30": "-422.63600", "2018-09-30": "-472.36200", "2017-09-30": "-444.98800", "2016-09-30": "-234.21900", "2015-09-30": "-1154.40900", "2014-09-30": "-872.15500", "2013-09-30": "-533.81900", "2012-09-30": "-1050.28600", "2011-09-30": "-667.53700", "2010-09-30": "-309.26000", "2009-09-30": "-884.02900", "2008-09-30": "-655.33500", "2007-09-30": "-698.57000", "2006-09-30": "-548.88200", "2005-09-30": "2.72600"}, "Net Long-Term Debt": {"2020-09-30": "", "2019-09-30": "", "2018-09-30": "", "2017-09-30": "", "2016-09-30": "-40.00000", "2015-09-30": "457.12500", "2014-09-30": "-115.00000", "2013-09-30": "-40.00000", "2012-09-30": "-115.00000", "2011-09-30": "", "2010-09-30": "", "2009-09-30": "-25.00000", "2008-09-30": "", "2007-09-30": "-25.00000", "2006-09-30": "", "2005-09-30": ""}, "Net Current Debt": {"2020-09-30": "", "2019-09-30": "", "2018-09-30": "", "2017-09-30": "", "2016-09-30": "", "2015-09-30": "", "2014-09-30": "", "2013-09-30": "", "2012-09-30": "", "2011-09-30": "-10.00000", "2010-09-30": "-167.03800", "2009-09-30": "50.30520", "2008-09-30": "56.73290", "2007-09-30": "248.84900", "2006-09-30": "21.15100", "2005-09-30": ""}, "Debt Issuance/Retirement Net - Total": {"2020-09-30": "", "2019-09-30": "", "2018-09-30": "", "2017-09-30": "", "2016-09-30": "-40.00000", "2015-09-30": "457.12500", "2014-09-30": "-115.00000", "2013-09-30": "-40.00000", "2012-09-30": "-115.00000", "2011-09-30": "-10.00000", "2010-09-30": "-167.03800", "2009-09-30": "25.30520", "2008-09-30": "56.73290", "2007-09-30": "223.84900", "2006-09-30": "21.15100", "2005-09-30": ""}, "Net Common Equity Issued/Repurchased": {"2020-09-30": "-24.40500", "2019-09-30": "-39.72600", "2018-09-30": "6.35500", "2017-09-30": "11.28500", "2016-09-30": "2.77400", "2015-09-30": "-57.00400", "2014-09-30": "23.25000", "2013-09-30": "13.31700", "2012-09-30": "-74.93700", "2011-09-30": "15.44100", "2010-09-30": "-0.20200", "2009-09-30": "1.27200", "2008-09-30": "14.53700", "2007-09-30": "-13.81900", "2006-09-30": "-16.03500", "2005-09-30": "25.35800"}, "Net Total Equity Issued/Repurchased": {"2020-09-30": "-24.40500", "2019-09-30": "-39.72600", "2018-09-30": "6.35500", "2017-09-30": "11.28500", "2016-09-30": "2.77400", "2015-09-30": "-57.00400", "2014-09-30": "23.25000", "2013-09-30": "13.31700", "2012-09-30": "-74.93700", "2011-09-30": "15.44100", "2010-09-30": "-0.20200", "2009-09-30": "1.27200", "2008-09-30": "14.53700", "2007-09-30": "-13.81900", "2006-09-30": "-16.03500", "2005-09-30": "25.35800"}, "Total Common And Preferred Stock Dividends Paid": {"2020-09-30": "-260.33500", "2019-09-30": "-313.42100", "2018-09-30": "-308.43000", "2017-09-30": "-305.51500", "2016-09-30": "-300.15200", "2015-09-30": "-298.36700", "2014-09-30": "-264.38600", "2013-09-30": "-93.05300", "2012-09-30": "-30.04900", "2011-09-30": "-26.74100", "2010-09-30": "-22.25400", "2009-09-30": "-21.11100", "2008-09-30": "-19.33300", "2007-09-30": "-18.63800", "2006-09-30": "-17.71200", "2005-09-30": "-16.86600"}, "Financial Activities - Other": {"2020-09-30": "-12.48000", "2019-09-30": "-23.18200", "2018-09-30": "-17.73900", "2017-09-30": "-6.59900", "2016-09-30": "-6.75700", "2015-09-30": "-6.84200", "2014-09-30": "23.56700", "2013-09-30": "8.14300", "2012-09-30": "1.78900", "2011-09-30": "12.51100", "2010-09-30": "3.34400", "2009-09-30": "1.21700", "2008-09-30": "24.86800", "2007-09-30": "1.47300", "2006-09-30": "10.18900", "2005-09-30": ""}, "Cash Flow From Financial Activities": {"2020-09-30": "-297.22000", "2019-09-30": "-376.32900", "2018-09-30": "-319.81400", "2017-09-30": "-300.82900", "2016-09-30": "-344.13500", "2015-09-30": "94.91200", "2014-09-30": "-332.56900", "2013-09-30": "-111.59300", "2012-09-30": "-218.19700", "2011-09-30": "-8.78900", "2010-09-30": "-186.15000", "2009-09-30": "6.68300", "2008-09-30": "76.80500", "2007-09-30": "192.86500", "2006-09-30": "-2.40700", "2005-09-30": "8.49200"}, "Net Cash Flow": {"2020-09-30": "153.77600", "2019-09-30": "56.78600", "2018-09-30": "-234.32400", "2017-09-30": "-374.61800", "2016-09-30": "176.17700", "2015-09-30": "369.07700", "2014-09-30": "-75.64200", "2013-09-30": "351.77300", "2012-09-30": "-268.15100", "2011-09-30": "301.22600", "2010-09-30": "-33.12200", "2009-09-30": "18.59300", "2008-09-30": "10.10400", "2007-09-30": "55.36200", "2006-09-30": "-254.89900", "2005-09-30": "223.45600"}, "Stock-Based Compensation": {"2020-09-30": "36.32900", "2019-09-30": "34.29200", "2018-09-30": "31.68700", "2017-09-30": "26.18300", "2016-09-30": "24.38300", "2015-09-30": "25.19500", "2014-09-30": "26.70300", "2013-09-30": "23.27100", "2012-09-30": "18.07800", "2011-09-30": "12.10100", "2010-09-30": "15.85500", "2009-09-30": "8.34800", "2008-09-30": "7.45600", "2007-09-30": "7.01000", "2006-09-30": "9.75200", "2005-09-30": "0.02600"}, "Common Stock Dividends Paid": {"2020-09-30": "-260.33500", "2019-09-30": "-313.42100", "2018-09-30": "-308.43000", "2017-09-30": "-305.51500", "2016-09-30": "-300.15200", "2015-09-30": "-298.36700", "2014-09-30": "-264.38600", "2013-09-30": "-93.05300", "2012-09-30": "-30.04900", "2011-09-30": "-26.74100", "2010-09-30": "-22.25400", "2009-09-30": "-21.11100", "2008-09-30": "-19.33300", "2007-09-30": "-18.63800", "2006-09-30": "-17.71200", "2005-09-30": "-16.86600"}}, "cash flow statement, quarterly": {"Net Income/Loss": {"2020-09-30": -58.963, "2020-06-30": -45.599, "2020-03-31": -420.54, "2019-12-31": "30.60500", "2019-09-30": 41.177, "2019-06-30": -154.683, "2019-03-31": 60.891, "2018-12-31": "18.95900", "2018-09-30": 2.453, "2018-06-30": -8.008, "2018-03-31": -11.879, "2017-12-31": "500.10600", "2017-09-30": -22.532, "2017-06-30": -21.799, "2017-03-31": -48.818, "2016-12-31": "-35.06300", "2016-09-30": -72.835, "2016-06-30": -21.2, "2016-03-31": 21.205, "2015-12-31": "16.00200", "2015-09-30": -27.596, "2015-06-30": 90.872, "2015-03-31": 153.543, "2014-12-31": "203.60800", "2014-09-30": 166.532, "2014-06-30": 192.279, "2014-03-31": 174.57, "2013-12-31": "173.18200", "2013-09-30": 159.797, "2013-06-30": 266.159, "2013-03-31": 151.08, "2012-12-31": "159.60300", "2012-09-30": 157.115, "2012-06-30": 149.925, "2012-03-31": 129.719, "2011-12-31": "144.28600", "2011-09-30": 121.42, "2011-06-30": 109.826, "2011-03-31": 98.79, "2010-12-31": "104.15000", "2010-09-30": 83.045, "2010-06-30": -36.715, "2010-03-31": 46.747, "2009-12-31": "63.23500", "2009-09-30": 51.488, "2009-06-30": 53.044, "2009-03-31": 103.738, "2008-12-31": "145.27500", "2008-09-30": 126.485, "2008-06-30": 125.369, "2008-03-31": 102.054, "2007-12-31": "107.83000", "2007-09-30": 116.41, "2007-06-30": 115.204, "2007-03-31": 106.861, "2006-12-31": "110.78600", "2006-09-30": 98.496, "2006-06-30": 79.975, "2006-03-31": 64.573, "2005-12-31": "50.81400", "2005-09-30": 36.121, "2005-06-30": 29.825, "2005-03-31": 61.66}, "Total Depreciation And Amortization - Cash Flow": {"2020-09-30": 110.046, "2020-06-30": 110.619, "2020-03-31": 132.462, "2019-12-31": "130.57500", "2019-09-30": 135.442, "2019-06-30": 143.721, "2019-03-31": 143.583, "2018-12-31": "141.78900", "2018-09-30": 150.55, "2018-06-30": 144.846, "2018-03-31": 145.94, "2017-12-31": "143.53300", "2017-09-30": 154.142, "2017-06-30": 145.307, "2017-03-31": 153.039, "2016-12-31": "134.11000", "2016-09-30": 176.54, "2016-06-30": 139.011, "2016-03-31": 141.82, "2015-12-31": "142.38400", "2015-09-30": 174.858, "2015-06-30": 145.263, "2015-03-31": 150.377, "2014-12-31": "138.29000", "2014-09-30": 150.886, "2014-06-30": 129.112, "2014-03-31": 124.149, "2013-12-31": "120.23700", "2013-09-30": 119.21, "2013-06-30": 117.79, "2013-03-31": 112.433, "2012-12-31": "106.59900", "2012-09-30": 115.145, "2012-06-30": 95.182, "2012-03-31": 90.934, "2011-12-31": "86.28800", "2011-09-30": 87.018, "2011-06-30": 79.109, "2011-03-31": 76.161, "2010-12-31": "73.18000", "2010-09-30": 73.24, "2010-06-30": 65.208, "2010-03-31": 63.493, "2009-12-31": "60.71700", "2009-09-30": 61.453, "2009-06-30": 54.197, "2009-03-31": 57.113, "2008-12-31": "54.77200", "2008-09-30": 48.277, "2008-06-30": 51.21, "2008-03-31": 51.872, "2007-12-31": "43.98400", "2007-09-30": 44.814, "2007-06-30": 38.125, "2007-03-31": 32.952, "2006-12-31": "30.15100", "2006-09-30": 30.199, "2006-06-30": 25.076, "2006-03-31": 23.385, "2005-12-31": "22.92300", "2005-09-30": 25.643, "2005-06-30": 23.419, "2005-03-31": 47.212}, "Other Non-Cash Items": {"2020-09-30": -61.994, "2020-06-30": -4.471, "2020-03-31": 477.428, "2019-12-31": "-21.91200", "2019-09-30": -24.774, "2019-06-30": 211.421, "2019-03-31": 6.341, "2018-12-31": "35.98400", "2018-09-30": 40.734, "2018-06-30": 9.478, "2018-03-31": 13.06, "2017-12-31": "-497.89100", "2017-09-30": 7.243, "2017-06-30": 11.264, "2017-03-31": -23.5, "2016-12-31": "-9.16400", "2016-09-30": 13.351, "2016-06-30": 83.337, "2016-03-31": -6.627, "2015-12-31": "23.74000", "2015-09-30": 35.086, "2015-06-30": 17.725, "2015-03-31": 12.19, "2014-12-31": "127.57200", "2014-09-30": -2.742, "2014-06-30": -2.81, "2014-03-31": -8.042, "2013-12-31": "3.28900", "2013-09-30": 16.578, "2013-06-30": -170.562, "2013-03-31": 13.435, "2012-12-31": "3.69800", "2012-09-30": 44.691, "2012-06-30": 47.398, "2012-03-31": 39.576, "2011-12-31": "56.82600", "2011-09-30": 31.467, "2011-06-30": 58.584, "2011-03-31": 52.393, "2010-12-31": "42.59800", "2010-09-30": 68.804, "2010-06-30": 114.874, "2010-03-31": 44.694, "2009-12-31": "13.87400", "2009-09-30": 30.411, "2009-06-30": 63.687, "2009-03-31": 80.277, "2008-12-31": "19.65900", "2008-09-30": 5.944, "2008-06-30": 6.246, "2008-03-31": 8.38, "2007-12-31": "14.31300", "2007-09-30": 6.751, "2007-06-30": -15.154, "2007-03-31": -24.792, "2006-12-31": "-15.10300", "2006-09-30": -20.147, "2006-06-30": -8.133, "2006-03-31": 0.876, "2005-12-31": "0.97800", "2005-09-30": 4.883, "2005-06-30": 7.135, "2005-03-31": -18.737}, "Total Non-Cash Items": {"2020-09-30": 48.052, "2020-06-30": 106.148, "2020-03-31": 609.89, "2019-12-31": "108.66300", "2019-09-30": 110.6679, "2019-06-30": 355.1421, "2019-03-31": 149.924, "2018-12-31": "177.77300", "2018-09-30": 191.284, "2018-06-30": 154.324, "2018-03-31": 159, "2017-12-31": "-354.35800", "2017-09-30": 161.3849, "2017-06-30": 156.571, "2017-03-31": 129.539, "2016-12-31": "124.94600", "2016-09-30": 189.891, "2016-06-30": 222.348, "2016-03-31": 135.193, "2015-12-31": "166.12400", "2015-09-30": 209.944, "2015-06-30": 162.9881, "2015-03-31": 162.567, "2014-12-31": "265.86200", "2014-09-30": 148.144, "2014-06-30": 126.302, "2014-03-31": 116.107, "2013-12-31": "123.52600", "2013-09-30": 135.788, "2013-06-30": -52.772, "2013-03-31": 125.868, "2012-12-31": "110.29700", "2012-09-30": 159.836, "2012-06-30": 142.58, "2012-03-31": 130.51, "2011-12-31": "143.11400", "2011-09-30": 118.4849, "2011-06-30": 137.693, "2011-03-31": 128.554, "2010-12-31": "115.77800", "2010-09-30": 142.044, "2010-06-30": 180.082, "2010-03-31": 108.187, "2009-12-31": "74.59100", "2009-09-30": 91.864, "2009-06-30": 117.884, "2009-03-31": 137.39, "2008-12-31": "74.43100", "2008-09-30": 54.221, "2008-06-30": 57.456, "2008-03-31": 60.252, "2007-12-31": "58.29700", "2007-09-30": 51.565, "2007-06-30": 22.971, "2007-03-31": 8.16, "2006-12-31": "15.04800", "2006-09-30": 10.052, "2006-06-30": 16.943, "2006-03-31": 24.261, "2005-12-31": "23.90100", "2005-09-30": 30.526, "2005-06-30": 30.554, "2005-03-31": 28.475}, "Change In Accounts Receivable": {"2020-09-30": 111.527, "2020-06-30": 226.997, "2020-03-31": -34.448, "2019-12-31": "-3.26900", "2019-09-30": 7.321, "2019-06-30": 49.36, "2019-03-31": -6.058, "2018-12-31": "19.70000", "2018-09-30": 2.306, "2018-06-30": -25.717, "2018-03-31": -8.013, "2017-12-31": "-53.77800", "2017-09-30": -34.172, "2017-06-30": -93.22, "2017-03-31": -15.77, "2016-12-31": "46.04800", "2016-09-30": -24.906, "2016-06-30": -17.524, "2016-03-31": 43.139, "2015-12-31": "72.08300", "2015-09-30": 29.187, "2015-06-30": 157.956, "2015-03-31": 116.647, "2014-12-31": "-44.76600", "2014-09-30": 13.715, "2014-06-30": -81.679, "2014-03-31": 6.326, "2013-12-31": "-8.82000", "2013-09-30": 0.891, "2013-06-30": -19.156, "2013-03-31": -26.855, "2012-12-31": "40.31400", "2012-09-30": -16.345, "2012-06-30": -93.144, "2012-03-31": -15.814, "2011-12-31": "-34.85100", "2011-09-30": -16.429, "2011-06-30": -11.034, "2011-03-31": -20.783, "2010-12-31": "45.25900", "2010-09-30": -122.861, "2010-06-30": -54.39, "2010-03-31": -20.748, "2009-12-31": "-25.91700", "2009-09-30": 12.059, "2009-06-30": 142.985, "2009-03-31": -0.44, "2008-12-31": "2.25900", "2008-09-30": -46.162, "2008-06-30": -35.978, "2008-03-31": 4.472, "2007-12-31": "-30.28100", "2007-09-30": -16.589, "2007-06-30": -16.069, "2007-03-31": 24.649, "2006-12-31": "-45.76400", "2006-09-30": -42.585, "2006-06-30": -47.359, "2006-03-31": -6.871, "2005-12-31": "-23.92500", "2005-09-30": -11.785, "2005-06-30": -17.677, "2005-03-31": -16.761}, "Change In Inventories": {"2020-09-30": 8.854, "2020-06-30": -0.277, "2020-03-31": -2.345, "2019-12-31": "0.96500", "2019-09-30": 0.348, "2019-06-30": 4.741, "2019-03-31": -1.41, "2018-12-31": "-1.85800", "2018-09-30": -7.522, "2018-06-30": -8.932, "2018-03-31": -4.111, "2017-12-31": "-1.86200", "2017-09-30": 1.199, "2017-06-30": -4.533, "2017-03-31": -5.552, "2016-12-31": "-1.72100", "2016-09-30": 2.288, "2016-06-30": 0.764, "2016-03-31": -2.407, "2015-12-31": "1.29900", "2015-09-30": -1.026, "2015-06-30": -3.617, "2015-03-31": -13.683, "2014-12-31": "-4.72600", "2014-09-30": 0.761, "2014-06-30": -6.421, "2014-03-31": -2.494, "2013-12-31": "-8.46900", "2013-09-30": -2.28, "2013-06-30": -3.861, "2013-03-31": -4.175, "2012-12-31": "-1.97300", "2012-09-30": -6.158, "2012-06-30": -9.009, "2012-03-31": -2.503, "2011-12-31": "-4.50000", "2011-09-30": -4.801, "2011-06-30": -3.763, "2011-03-31": -2.156, "2010-12-31": "-0.28500", "2010-09-30": 0.103, "2010-06-30": -2.768, "2010-03-31": 0.452, "2009-12-31": "-1.64500", "2009-09-30": 0.901, "2009-06-30": -3.305, "2009-03-31": 0.319, "2008-12-31": "-8.89600", "2008-09-30": -0.799, "2008-06-30": 1.619, "2008-03-31": -4.252, "2007-12-31": "-0.10200", "2007-09-30": -0.747, "2007-06-30": -2.373, "2007-03-31": 0.397, "2006-12-31": "-0.25700", "2006-09-30": -1.723, "2006-06-30": -0.445, "2006-03-31": -2.339, "2005-12-31": "-0.34500", "2005-09-30": -1.205, "2005-06-30": 0.651, "2005-03-31": 0.067}, "Change In Accounts Payable": {"2020-09-30": 6.756, "2020-06-30": -37.934, "2020-03-31": 23.344, "2019-12-31": "-1.58000", "2019-09-30": -9.423, "2019-06-30": 2.915, "2019-03-31": -10.651, "2018-12-31": "8.01200", "2018-09-30": -10.974, "2018-06-30": 19.632, "2018-03-31": -4.122, "2017-12-31": "-8.99700", "2017-09-30": -1.986, "2017-06-30": 10.039, "2017-03-31": 15.476, "2016-12-31": "15.88300", "2016-09-30": 2.736, "2016-06-30": -0.069, "2016-03-31": -3.02, "2015-12-31": "-10.55400", "2015-09-30": 2.151, "2015-06-30": -44.393, "2015-03-31": -1.525, "2014-12-31": "4.78400", "2014-09-30": 15.136, "2014-06-30": -5.903, "2014-03-31": 0.364, "2013-12-31": "-25.70100", "2013-09-30": 10.754, "2013-06-30": 7.17, "2013-03-31": -15.684, "2012-12-31": "-54.31600", "2012-09-30": 68.805, "2012-06-30": -1.646, "2012-03-31": -30.636, "2011-12-31": "18.38300", "2011-09-30": 31.741, "2011-06-30": 2.908, "2011-03-31": 7.296, "2010-12-31": "-24.58300", "2010-09-30": 23.545, "2010-06-30": -1.13, "2010-03-31": 12.1, "2009-12-31": "-17.75500", "2009-09-30": -10.048, "2009-06-30": -29.956, "2009-03-31": -5.603, "2008-12-31": "20.61100", "2008-09-30": -14.669, "2008-06-30": 31.02, "2008-03-31": 10.539, "2007-12-31": "-42.53300", "2007-09-30": 22.073, "2007-06-30": 16.787, "2007-03-31": 4.147, "2006-12-31": "30.77300", "2006-09-30": -15.226, "2006-06-30": -0.587, "2006-03-31": 11.082, "2005-12-31": "-6.33300", "2005-09-30": 11.031, "2005-06-30": 1.231, "2005-03-31": -3.745}, "Change In Assets/Liabilities": {"2020-09-30": -3.378, "2020-06-30": 13.738, "2020-03-31": 4.697, "2019-12-31": "-15.51600", "2019-09-30": 13.152, "2019-06-30": -15.539, "2019-03-31": 3.911, "2018-12-31": "-9.87900", "2018-09-30": 0.968, "2018-06-30": 1.259, "2018-03-31": 9.044, "2017-12-31": "-20.31700", "2017-09-30": 9.312, "2017-06-30": 19.101, "2017-03-31": 8.053, "2016-12-31": "-8.53900", "2016-09-30": 5.987, "2016-06-30": -25.092, "2016-03-31": 14.229, "2015-12-31": "-14.41500", "2015-09-30": 23.768, "2015-06-30": -11.76, "2015-03-31": 15.935, "2014-12-31": "5.92200", "2014-09-30": -17.024, "2014-06-30": -17.526, "2014-03-31": -2.206, "2013-12-31": "13.75200", "2013-09-30": -9.995, "2013-06-30": -21.246, "2013-03-31": -5.209, "2012-12-31": "24.40000", "2012-09-30": 15.992, "2012-06-30": -20.334, "2012-03-31": 5.69, "2011-12-31": "-30.69800", "2011-09-30": 25.415, "2011-06-30": -21.099, "2011-03-31": 1.259, "2010-12-31": "13.17700", "2010-09-30": 6.389, "2010-06-30": 2.325, "2010-03-31": -4.756, "2009-12-31": "-8.35600", "2009-09-30": 4.248, "2009-06-30": -20.125, "2009-03-31": 9.729, "2008-12-31": "-4.81900", "2008-09-30": 5.344, "2008-06-30": -16.998, "2008-03-31": -0.421, "2007-12-31": "-5.64900", "2007-09-30": 1.109, "2007-06-30": 4.663, "2007-03-31": -2.836, "2006-12-31": "-17.30700", "2006-09-30": 2.106, "2006-06-30": 8.53, "2006-03-31": 4.097, "2005-12-31": "-10.30400", "2005-09-30": 0.207, "2005-06-30": 0.686, "2005-03-31": 3.084}, "Total Change In Assets/Liabilities": {"2020-09-30": 103.539, "2020-06-30": 153.062, "2020-03-31": -68.489, "2019-12-31": "-27.48700", "2019-09-30": 44.535, "2019-06-30": 49.894, "2019-03-31": -11.279, "2018-12-31": "12.75000", "2018-09-30": -7.313, "2018-06-30": 17.461, "2018-03-31": -19.075, "2017-12-31": "-66.14300", "2017-09-30": -7.909, "2017-06-30": -44.795, "2017-03-31": -4.814, "2016-12-31": "-15.51200", "2016-09-30": 22.065, "2016-06-30": -78.255, "2016-03-31": 27.923, "2015-12-31": "126.07000", "2015-09-30": 94.67, "2015-06-30": 81.128, "2015-03-31": 107.149, "2014-12-31": "-76.16100", "2014-09-30": 16.511, "2014-06-30": -60.697, "2014-03-31": -55.524, "2013-12-31": "8.15000", "2013-09-30": -60.043, "2013-06-30": 53.943, "2013-03-31": -124.557, "2012-12-31": "72.02200", "2012-09-30": 70.403, "2012-06-30": -118.349, "2012-03-31": -58.045, "2011-12-31": "-50.76200", "2011-09-30": 41.204, "2011-06-30": -2.823, "2011-03-31": -14.252, "2010-12-31": "18.72700", "2010-09-30": -95.838, "2010-06-30": -35.839, "2010-03-31": -51.741, "2009-12-31": "-15.51000", "2009-09-30": 18.132, "2009-06-30": 73.039, "2009-03-31": -5.219, "2008-12-31": "34.87300", "2008-09-30": -35.66, "2008-06-30": -2.492, "2008-03-31": -9.942, "2007-12-31": "-55.23600", "2007-09-30": 7.693, "2007-06-30": 1.359, "2007-03-31": -6.974, "2006-12-31": "11.98400", "2006-09-30": -30.073, "2006-06-30": -16.803, "2006-03-31": -11.508, "2005-12-31": "-14.24100", "2005-09-30": 15.589, "2005-06-30": -8.292, "2005-03-31": -12.22}, "Cash Flow From Operating Activities": {"2020-09-30": 92.628, "2020-06-30": 213.611, "2020-03-31": 120.861, "2019-12-31": "111.78100", "2019-09-30": 196.38, "2019-06-30": 250.353, "2019-03-31": 199.536, "2018-12-31": "209.48200", "2018-09-30": 186.424, "2018-06-30": 163.777, "2018-03-31": 128.046, "2017-12-31": "79.60500", "2017-09-30": 130.944, "2017-06-30": 89.977, "2017-03-31": 75.907, "2016-12-31": "74.37100", "2016-09-30": 139.121, "2016-06-30": 122.893, "2016-03-31": 184.321, "2015-12-31": "308.19600", "2015-09-30": 277.018, "2015-06-30": 334.988, "2015-03-31": 423.259, "2014-12-31": "393.30900", "2014-09-30": 331.187, "2014-06-30": 257.884, "2014-03-31": 235.153, "2013-12-31": "304.85800", "2013-09-30": 235.542, "2013-06-30": 267.33, "2013-03-31": 152.391, "2012-12-31": "341.92200", "2012-09-30": 387.354, "2012-06-30": 174.156, "2012-03-31": 202.184, "2011-12-31": "236.63800", "2011-09-30": 281.109, "2011-06-30": 244.696, "2011-03-31": 213.092, "2010-12-31": "238.65500", "2010-09-30": 129.251, "2010-06-30": 107.528, "2010-03-31": 103.193, "2009-12-31": "122.31600", "2009-09-30": 161.484, "2009-06-30": 243.967, "2009-03-31": 235.909, "2008-12-31": "254.57900", "2008-09-30": 145.046, "2008-06-30": 180.333, "2008-03-31": 152.364, "2007-12-31": "110.89100", "2007-09-30": 175.668, "2007-06-30": 139.534, "2007-03-31": 108.047, "2006-12-31": "137.81800", "2006-09-30": 78.475, "2006-06-30": 80.115, "2006-03-31": 77.326, "2005-12-31": "60.47400", "2005-09-30": 82.236, "2005-06-30": 52.087, "2005-03-31": 77.915}, "Net Change In Property, Plant, And Equipment": {"2020-09-30": 27.364, "2020-06-30": -20.247, "2020-03-31": -35.37, "2019-12-31": "-34.14300", "2019-09-30": -40.242, "2019-06-30": -61.922, "2019-03-31": -120.936, "2018-12-31": "-184.48500", "2018-09-30": -127.594, "2018-06-30": -121.233, "2018-03-31": -90.427, "2017-12-31": "-82.94900", "2017-09-30": -91.801, "2017-06-30": -120.51, "2017-03-31": -80.926, "2016-12-31": "-80.91800", "2016-09-30": -28.579, "2016-06-30": -35.979, "2016-03-31": -62.354, "2015-12-31": "-108.41200", "2015-09-30": -154.957, "2015-06-30": -202.971, "2015-03-31": -388.053, "2014-12-31": "-362.82100", "2014-09-30": -320.817, "2014-06-30": -257.111, "2014-03-31": -210.702, "2013-12-31": "-132.73000", "2013-09-30": -184.219, "2013-06-30": -174.499, "2013-03-31": -210.292, "2012-12-31": "-212.03000", "2012-09-30": -315.381, "2012-06-30": -275.247, "2012-03-31": -220.37, "2011-12-31": "-246.78800", "2011-09-30": -195.431, "2011-06-30": -202.809, "2011-03-31": -156.033, "2010-12-31": "-113.19600", "2010-09-30": -107.802, "2010-06-30": -75.202, "2010-03-31": -76.396, "2009-12-31": "-62.30500", "2009-09-30": -140.922, "2009-06-30": -206.297, "2009-03-31": -272.581, "2008-12-31": "-248.97000", "2008-09-30": -172.495, "2008-06-30": -184.898, "2008-03-31": -169.585, "2007-12-31": "-148.45800", "2007-09-30": -207.023, "2007-06-30": -239.67, "2007-03-31": -209.15, "2006-12-31": "-186.80300", "2006-09-30": -204.576, "2006-06-30": -149.574, "2006-03-31": -110.791, "2005-12-31": "-52.18600", "2005-09-30": -34.768, "2005-06-30": -26.981, "2005-03-31": 3.936}, "Net Change In Intangible Assets": {"2020-09-30": 0, "2020-06-30": 0, "2020-03-31": 0, "2019-12-31": "", "2019-09-30": 0, "2019-06-30": 0, "2019-03-31": 0, "2018-12-31": "", "2018-09-30": 0, "2018-06-30": 0, "2018-03-31": 0, "2017-12-31": "", "2017-09-30": 0, "2017-06-30": 0, "2017-03-31": 0, "2016-12-31": "", "2016-09-30": 0, "2016-06-30": 0, "2016-03-31": 0, "2015-12-31": "", "2015-09-30": 0, "2015-06-30": 0, "2015-03-31": 0, "2014-12-31": "", "2014-09-30": 0, "2014-06-30": 0, "2014-03-31": 0, "2013-12-31": "", "2013-09-30": 0, "2013-06-30": 0, "2013-03-31": 0, "2012-12-31": "", "2012-09-30": 0, "2012-06-30": 0, "2012-03-31": 0, "2011-12-31": "", "2011-09-30": 0, "2011-06-30": 0, "2011-03-31": 0, "2010-12-31": "", "2010-09-30": 0, "2010-06-30": 0, "2010-03-31": 0, "2009-12-31": "", "2009-09-30": 0, "2009-06-30": 0, "2009-03-31": 0, "2008-12-31": "", "2008-09-30": 0, "2008-06-30": 0, "2008-03-31": 0, "2007-12-31": "", "2007-09-30": 0, "2007-06-30": 0, "2007-03-31": 0, "2006-12-31": "", "2006-09-30": 0, "2006-06-30": 0, "2006-03-31": 0, "2005-12-31": "", "2005-09-30": 0, "2005-06-30": 0, "2005-03-31": 0}, "Net Acquisitions/Divestitures": {"2020-09-30": 0, "2020-06-30": 0, "2020-03-31": 0, "2019-12-31": "15.05600", "2019-09-30": -13.382, "2019-06-30": 0, "2019-03-31": 0, "2018-12-31": "-2.78100", "2018-09-30": 0, "2018-06-30": 0, "2018-03-31": -0.054, "2017-12-31": "-47.83200", "2017-09-30": 0, "2017-06-30": -70.416, "2017-03-31": 0, "2016-12-31": "", "2016-09-30": 0, "2016-06-30": 0, "2016-03-31": 0, "2015-12-31": "", "2015-09-30": 0, "2015-06-30": 0, "2015-03-31": 0, "2014-12-31": "", "2014-09-30": 0, "2014-06-30": 0, "2014-03-31": 0, "2013-12-31": "", "2013-09-30": 0, "2013-06-30": 0, "2013-03-31": 0, "2012-12-31": "", "2012-09-30": 0, "2012-06-30": 0, "2012-03-31": 0, "2011-12-31": "", "2011-09-30": 0, "2011-06-30": 0, "2011-03-31": 0, "2010-12-31": "-4.00000", "2010-09-30": 0, "2010-06-30": 0, "2010-03-31": 0, "2009-12-31": "", "2009-09-30": -0.016, "2009-06-30": 0, "2009-03-31": 0, "2008-12-31": "", "2008-09-30": -0.017, "2008-06-30": -12.024, "2008-03-31": 0, "2007-12-31": "", "2007-09-30": 0, "2007-06-30": 0, "2007-03-31": 0, "2006-12-31": "", "2006-09-30": 0, "2006-06-30": 0, "2006-03-31": 0, "2005-12-31": "", "2005-09-30": 0, "2005-06-30": 0, "2005-03-31": 0}, "Net Change In Short-term Investments": {"2020-09-30": -27.725, "2020-06-30": -19.828, "2020-03-31": 11.506, "2019-12-31": "-3.94800", "2019-09-30": 4.949, "2019-06-30": -19.446, "2019-03-31": 15.073, "2018-12-31": "0.53600", "2018-09-30": -2.584, "2018-06-30": 5.075, "2018-03-31": -6.701, "2017-12-31": "1.93700", "2017-09-30": -4.609, "2017-06-30": 8.091, "2017-03-31": -2.774, "2016-12-31": "-1.12500", "2016-09-30": 5.382, "2016-06-30": -4.084, "2016-03-31": 2.125, "2015-12-31": "-2.31800", "2015-09-30": -45.607, "2015-06-30": 0, "2015-03-31": 0, "2014-12-31": "0.00000", "2014-09-30": 0, "2014-06-30": 0, "2014-03-31": 0, "2013-12-31": "", "2013-09-30": 0, "2013-06-30": 0, "2013-03-31": 0, "2012-12-31": "", "2012-09-30": 0, "2012-06-30": 0, "2012-03-31": 0, "2011-12-31": "", "2011-09-30": 0, "2011-06-30": 0, "2011-03-31": 0, "2010-12-31": "", "2010-09-30": 0, "2010-06-30": 0, "2010-03-31": 0, "2009-12-31": "-0.01600", "2009-09-30": 0, "2009-06-30": 0, "2009-03-31": -12.5, "2008-12-31": "", "2008-09-30": 0, "2008-06-30": 0, "2008-03-31": 0, "2007-12-31": "", "2007-09-30": 0, "2007-06-30": 0, "2007-03-31": 0, "2006-12-31": "", "2006-09-30": 0, "2006-06-30": 0, "2006-03-31": 0, "2005-12-31": "", "2005-09-30": 0, "2005-06-30": 0, "2005-03-31": 0}, "Net Change In Long-Term Investments": {"2020-09-30": 0, "2020-06-30": 0, "2020-03-31": 0, "2019-12-31": "", "2019-09-30": 0, "2019-06-30": 0, "2019-03-31": 0, "2018-12-31": "", "2018-09-30": 0, "2018-06-30": 0, "2018-03-31": 0, "2017-12-31": "", "2017-09-30": 0, "2017-06-30": 0, "2017-03-31": 0, "2016-12-31": "", "2016-09-30": 0, "2016-06-30": 0, "2016-03-31": 0, "2015-12-31": "", "2015-09-30": 0, "2015-06-30": 0, "2015-03-31": 0, "2014-12-31": "", "2014-09-30": 0, "2014-06-30": 25.867, "2014-03-31": 23.338, "2013-12-31": "", "2013-09-30": 0, "2013-06-30": 214.119, "2013-03-31": 0, "2012-12-31": "18.10200", "2012-09-30": 0, "2012-06-30": 0, "2012-03-31": 0, "2011-12-31": "", "2011-09-30": 0, "2011-06-30": 3.932, "2011-03-31": 0, "2010-12-31": "", "2010-09-30": 0, "2010-06-30": 0, "2010-03-31": 12.516, "2009-12-31": "", "2009-09-30": 0, "2009-06-30": 0, "2009-03-31": 0, "2008-12-31": "", "2008-09-30": 0, "2008-06-30": 17.738, "2008-03-31": 7.769, "2007-12-31": "", "2007-09-30": 14.881, "2007-06-30": 28.126, "2007-03-31": 0.207, "2006-12-31": "84.60500", "2006-09-30": 57.016, "2006-06-30": -13.791, "2006-03-31": -81.01, "2005-12-31": "3.06000", "2005-09-30": 0.696, "2005-06-30": 2, "2005-03-31": 57.843}, "Net Change In Investments - Total": {"2020-09-30": -27.725, "2020-06-30": -19.828, "2020-03-31": 11.506, "2019-12-31": "-3.94800", "2019-09-30": 4.949, "2019-06-30": -19.446, "2019-03-31": 15.073, "2018-12-31": "0.53600", "2018-09-30": -2.584, "2018-06-30": 5.075, "2018-03-31": -6.701, "2017-12-31": "1.93700", "2017-09-30": -4.609, "2017-06-30": 8.091, "2017-03-31": -2.774, "2016-12-31": "-1.12500", "2016-09-30": 5.382, "2016-06-30": -4.084, "2016-03-31": 2.125, "2015-12-31": "-2.31800", "2015-09-30": -45.607, "2015-06-30": 0, "2015-03-31": 0, "2014-12-31": "", "2014-09-30": 0, "2014-06-30": 25.867, "2014-03-31": 23.338, "2013-12-31": "", "2013-09-30": 0, "2013-06-30": 214.119, "2013-03-31": 0, "2012-12-31": "18.10200", "2012-09-30": 0, "2012-06-30": 0, "2012-03-31": 0, "2011-12-31": "", "2011-09-30": 0, "2011-06-30": 3.932, "2011-03-31": 0, "2010-12-31": "", "2010-09-30": 0, "2010-06-30": 0, "2010-03-31": 12.516, "2009-12-31": "-0.01600", "2009-09-30": 0, "2009-06-30": 0, "2009-03-31": -12.5, "2008-12-31": "", "2008-09-30": 0, "2008-06-30": 17.738, "2008-03-31": 7.769, "2007-12-31": "", "2007-09-30": 14.881, "2007-06-30": 28.126, "2007-03-31": 0.207, "2006-12-31": "84.60500", "2006-09-30": 57.016, "2006-06-30": -13.791, "2006-03-31": -81.01, "2005-12-31": "3.06000", "2005-09-30": 0.696, "2005-06-30": 2, "2005-03-31": 57.843}, "Investing Activities - Other": {"2020-09-30": -0.5, "2020-06-30": 0.001, "2020-03-31": -0.051, "2019-12-31": "", "2019-09-30": 0, "2019-06-30": 0, "2019-03-31": 0, "2018-12-31": "", "2018-09-30": 0, "2018-06-30": 0, "2018-03-31": 0, "2017-12-31": "", "2017-09-30": 0, "2017-06-30": 0, "2017-03-31": 0, "2016-12-31": "", "2016-09-30": 0, "2016-06-30": 0, "2016-03-31": 0, "2015-12-31": "", "2015-09-30": 0, "2015-06-30": 0, "2015-03-31": 0, "2014-12-31": "", "2014-09-30": 0, "2014-06-30": 0, "2014-03-31": 0, "2013-12-31": "", "2013-09-30": 0, "2013-06-30": 15, "2013-03-31": 0, "2012-12-31": "", "2012-09-30": 7.5, "2012-06-30": 0, "2012-03-31": 0, "2011-12-31": "", "2011-09-30": 0, "2011-06-30": 0, "2011-03-31": 0, "2010-12-31": "", "2010-09-30": 0, "2010-06-30": 0.031, "2010-03-31": -0.123, "2009-12-31": "0.03700", "2009-09-30": 0.589, "2009-06-30": -3.593, "2009-03-31": 0, "2008-12-31": "0.26100", "2008-09-30": -7.291, "2008-06-30": 5.426, "2008-03-31": 0, "2007-12-31": "8.50000", "2007-09-30": 5.187, "2007-06-30": 5.686, "2007-03-31": 5.054, "2006-12-31": "0.33000", "2006-09-30": 2.97, "2006-06-30": 0, "2006-03-31": 0, "2005-12-31": "", "2005-09-30": 0, "2005-06-30": 0, "2005-03-31": 0}, "Cash Flow From Investing Activities": {"2020-09-30": -0.861, "2020-06-30": -40.074, "2020-03-31": -23.915, "2019-12-31": "-23.03500", "2019-09-30": -48.675, "2019-06-30": -81.368, "2019-03-31": -105.863, "2018-12-31": "-186.73000", "2018-09-30": -130.178, "2018-06-30": -116.158, "2018-03-31": -97.182, "2017-12-31": "-128.84400", "2017-09-30": -96.41, "2017-06-30": -182.835, "2017-03-31": -83.7, "2016-12-31": "-82.04300", "2016-09-30": -23.197, "2016-06-30": -40.063, "2016-03-31": -60.229, "2015-12-31": "-110.73000", "2015-09-30": -200.564, "2015-06-30": -202.971, "2015-03-31": -388.053, "2014-12-31": "-362.82100", "2014-09-30": -320.817, "2014-06-30": -231.244, "2014-03-31": -187.364, "2013-12-31": "-132.73000", "2013-09-30": -184.219, "2013-06-30": 54.62, "2013-03-31": -210.292, "2012-12-31": "-193.92800", "2012-09-30": -307.881, "2012-06-30": -275.247, "2012-03-31": -220.37, "2011-12-31": "-246.78800", "2011-09-30": -195.431, "2011-06-30": -198.877, "2011-03-31": -156.033, "2010-12-31": "-117.19600", "2010-09-30": -107.802, "2010-06-30": -75.171, "2010-03-31": -64.003, "2009-12-31": "-62.28400", "2009-09-30": -140.349, "2009-06-30": -209.89, "2009-03-31": -285.081, "2008-12-31": "-248.70900", "2008-09-30": -179.803, "2008-06-30": -173.758, "2008-03-31": -161.816, "2007-12-31": "-139.95800", "2007-09-30": -186.955, "2007-06-30": -205.858, "2007-03-31": -203.889, "2006-12-31": "-101.86800", "2006-09-30": -144.59, "2006-06-30": -163.365, "2006-03-31": -191.801, "2005-12-31": "-49.12600", "2005-09-30": -34.072, "2005-06-30": -24.981, "2005-03-31": 61.779}, "Net Long-Term Debt": {"2020-09-30": 0, "2020-06-30": 0, "2020-03-31": 0, "2019-12-31": "", "2019-09-30": 0, "2019-06-30": 0, "2019-03-31": 0, "2018-12-31": "", "2018-09-30": 0, "2018-06-30": 0, "2018-03-31": 0, "2017-12-31": "", "2017-09-30": 0, "2017-06-30": 0, "2017-03-31": 0, "2016-12-31": "", "2016-09-30": -40, "2016-06-30": 0, "2016-03-31": 0, "2015-12-31": "", "2015-09-30": -40, "2015-06-30": 0, "2015-03-31": 497.125, "2014-12-31": "", "2014-09-30": -115, "2014-06-30": 0, "2014-03-31": 0, "2013-12-31": "", "2013-09-30": -40, "2013-06-30": 0, "2013-03-31": 0, "2012-12-31": "", "2012-09-30": -115, "2012-06-30": 0, "2012-03-31": 0, "2011-12-31": "", "2011-09-30": 0, "2011-06-30": 0, "2011-03-31": 0, "2010-12-31": "", "2010-09-30": 0, "2010-06-30": 0, "2010-03-31": 0, "2009-12-31": "", "2009-09-30": -25, "2009-06-30": 0, "2009-03-31": 0, "2008-12-31": "", "2008-09-30": 0, "2008-06-30": 0, "2008-03-31": 0, "2007-12-31": "", "2007-09-30": -25, "2007-06-30": 0, "2007-03-31": 0, "2006-12-31": "", "2006-09-30": 0, "2006-06-30": 0, "2006-03-31": 0, "2005-12-31": "", "2005-09-30": 0, "2005-06-30": 0, "2005-03-31": 0}, "Net Current Debt": {"2020-09-30": 0, "2020-06-30": 0, "2020-03-31": 0, "2019-12-31": "", "2019-09-30": 0, "2019-06-30": 0, "2019-03-31": 0, "2018-12-31": "", "2018-09-30": 0, "2018-06-30": 0, "2018-03-31": 0, "2017-12-31": "", "2017-09-30": 0, "2017-06-30": 0, "2017-03-31": 0, "2016-12-31": "", "2016-09-30": 0, "2016-06-30": 0, "2016-03-31": 0, "2015-12-31": "", "2015-09-30": -10.824, "2015-06-30": -1.736, "2015-03-31": 12.56, "2014-12-31": "", "2014-09-30": 0, "2014-06-30": 0, "2014-03-31": 0, "2013-12-31": "", "2013-09-30": 0, "2013-06-30": 0, "2013-03-31": 0, "2012-12-31": "", "2012-09-30": -3.955, "2012-06-30": 3.955, "2012-03-31": 0, "2011-12-31": "", "2011-09-30": -4.844, "2011-06-30": 4.844, "2011-03-31": 0, "2010-12-31": "-10.00000", "2010-09-30": -30, "2010-06-30": -50, "2010-03-31": -45, "2009-12-31": "-42.03800", "2009-09-30": -16.9538, "2009-06-30": 8.992, "2009-03-31": 42.6699, "2008-12-31": "15.59710", "2008-09-30": 40.0088, "2008-06-30": -18.2759, "2008-03-31": -5, "2007-12-31": "40.00000", "2007-09-30": 58.863, "2007-06-30": 48.902, "2007-03-31": 116.027, "2006-12-31": "25.05700", "2006-09-30": 18.825, "2006-06-30": 2.326, "2006-03-31": 0, "2005-12-31": "", "2005-09-30": -0.379, "2005-06-30": 0.379, "2005-03-31": 0}, "Debt Issuance/Retirement Net - Total": {"2020-09-30": 0, "2020-06-30": 0, "2020-03-31": 0, "2019-12-31": "", "2019-09-30": 0, "2019-06-30": 0, "2019-03-31": 0, "2018-12-31": "", "2018-09-30": 0, "2018-06-30": 0, "2018-03-31": 0, "2017-12-31": "", "2017-09-30": 0, "2017-06-30": 0, "2017-03-31": 0, "2016-12-31": "", "2016-09-30": -40, "2016-06-30": 0, "2016-03-31": 0, "2015-12-31": "", "2015-09-30": -50.824, "2015-06-30": -1.736, "2015-03-31": 509.685, "2014-12-31": "", "2014-09-30": -115, "2014-06-30": 0, "2014-03-31": 0, "2013-12-31": "", "2013-09-30": -40, "2013-06-30": 0, "2013-03-31": 0, "2012-12-31": "", "2012-09-30": -118.955, "2012-06-30": 3.955, "2012-03-31": 0, "2011-12-31": "", "2011-09-30": -4.844, "2011-06-30": 4.844, "2011-03-31": 0, "2010-12-31": "-10.00000", "2010-09-30": -30, "2010-06-30": -50, "2010-03-31": -45, "2009-12-31": "-42.03800", "2009-09-30": -41.9538, "2009-06-30": 8.992, "2009-03-31": 42.6699, "2008-12-31": "15.59710", "2008-09-30": 40.0088, "2008-06-30": -18.2759, "2008-03-31": -5, "2007-12-31": "40.00000", "2007-09-30": 33.863, "2007-06-30": 48.902, "2007-03-31": 116.027, "2006-12-31": "25.05700", "2006-09-30": 18.825, "2006-06-30": 2.326, "2006-03-31": 0, "2005-12-31": "", "2005-09-30": -0.379, "2005-06-30": 0.379, "2005-03-31": 0}, "Net Common Equity Issued/Repurchased": {"2020-09-30": -0.001, "2020-06-30": 0, "2020-03-31": -28.504, "2019-12-31": "4.10000", "2019-09-30": -42.627, "2019-06-30": 0.644, "2019-03-31": 0.303, "2018-12-31": "1.95400", "2018-09-30": 1.195, "2018-06-30": 3.515, "2018-03-31": 0.753, "2017-12-31": "0.89200", "2017-09-30": 0.401, "2017-06-30": 0.512, "2017-03-31": 0.119, "2016-12-31": "10.25300", "2016-09-30": 2.291, "2016-06-30": 0.682, "2016-03-31": -0.14, "2015-12-31": "-0.05900", "2015-09-30": 3.259, "2015-06-30": 0.47, "2015-03-31": 0.983, "2014-12-31": "-61.71600", "2014-09-30": 0.88, "2014-06-30": 2.669, "2014-03-31": 11.5, "2013-12-31": "8.20100", "2013-09-30": 7.199, "2013-06-30": 1.212, "2013-03-31": 4.433, "2012-12-31": "0.47300", "2012-09-30": -5.907, "2012-06-30": -70.925, "2012-03-31": 1.522, "2011-12-31": "0.37300", "2011-09-30": 1.707, "2011-06-30": 2.619, "2011-03-31": 8.127, "2010-12-31": "2.98800", "2010-09-30": 0.189, "2010-06-30": -0.7, "2010-03-31": 0.932, "2009-12-31": "-0.62300", "2009-09-30": 0.562, "2009-06-30": 0.281, "2009-03-31": 0.129, "2008-12-31": "0.30000", "2008-09-30": 0.27, "2008-06-30": 5.983, "2008-03-31": 6.919, "2007-12-31": "1.36500", "2007-09-30": 0.525, "2007-06-30": 2.405, "2007-03-31": 0.401, "2006-12-31": "-17.15000", "2006-09-30": -28.376, "2006-06-30": 0.481, "2006-03-31": 8.142, "2005-12-31": "3.71800", "2005-09-30": 8.941, "2005-06-30": 4.574, "2005-03-31": 11.843}, "Net Total Equity Issued/Repurchased": {"2020-09-30": -0.001, "2020-06-30": 0, "2020-03-31": -28.504, "2019-12-31": "4.10000", "2019-09-30": -42.627, "2019-06-30": 0.644, "2019-03-31": 0.303, "2018-12-31": "1.95400", "2018-09-30": 1.195, "2018-06-30": 3.515, "2018-03-31": 0.753, "2017-12-31": "0.89200", "2017-09-30": 0.401, "2017-06-30": 0.512, "2017-03-31": 0.119, "2016-12-31": "10.25300", "2016-09-30": 2.291, "2016-06-30": 0.682, "2016-03-31": -0.14, "2015-12-31": "-0.05900", "2015-09-30": 3.259, "2015-06-30": 0.47, "2015-03-31": 0.983, "2014-12-31": "-61.71600", "2014-09-30": 0.88, "2014-06-30": 2.669, "2014-03-31": 11.5, "2013-12-31": "8.20100", "2013-09-30": 7.199, "2013-06-30": 1.212, "2013-03-31": 4.433, "2012-12-31": "0.47300", "2012-09-30": -5.907, "2012-06-30": -70.925, "2012-03-31": 1.522, "2011-12-31": "0.37300", "2011-09-30": 1.707, "2011-06-30": 2.619, "2011-03-31": 8.127, "2010-12-31": "2.98800", "2010-09-30": 0.189, "2010-06-30": -0.7, "2010-03-31": 0.932, "2009-12-31": "-0.62300", "2009-09-30": 0.562, "2009-06-30": 0.281, "2009-03-31": 0.129, "2008-12-31": "0.30000", "2008-09-30": 0.27, "2008-06-30": 5.983, "2008-03-31": 6.919, "2007-12-31": "1.36500", "2007-09-30": 0.525, "2007-06-30": 2.405, "2007-03-31": 0.401, "2006-12-31": "-17.15000", "2006-09-30": -28.376, "2006-06-30": 0.481, "2006-03-31": 8.142, "2005-12-31": "3.71800", "2005-09-30": 8.941, "2005-06-30": 4.574, "2005-03-31": 11.843}, "Total Common And Preferred Stock Dividends Paid": {"2020-09-30": -27.211, "2020-06-30": -77.234, "2020-03-31": -78.288, "2019-12-31": "-77.60200", "2019-09-30": -78.363, "2019-06-30": -78.478, "2019-03-31": -78.458, "2018-12-31": "-78.12200", "2018-09-30": -78.062, "2018-06-30": -76.935, "2018-03-31": -76.93, "2017-12-31": "-76.50300", "2017-09-30": -76.454, "2017-06-30": -76.444, "2017-03-31": -76.441, "2016-12-31": "-76.17600", "2016-09-30": -76.112, "2016-06-30": -74.74, "2016-03-31": -74.74, "2015-12-31": "-74.56000", "2015-09-30": -74.54, "2015-06-30": -74.48, "2015-03-31": -74.525, "2014-12-31": "-74.82200", "2014-09-30": -74.844, "2014-06-30": -67.997, "2014-03-31": -67.685, "2013-12-31": "-53.86000", "2013-09-30": -53.534, "2013-06-30": -16.05, "2013-03-31": -16.037, "2012-12-31": "-7.43200", "2012-09-30": -7.429, "2012-06-30": -7.55, "2012-03-31": -7.548, "2011-12-31": "-7.52200", "2011-09-30": -7.519, "2011-06-30": -6.438, "2011-03-31": -6.408, "2010-12-31": "-6.37600", "2010-09-30": -6.363, "2010-06-30": -5.304, "2010-03-31": -5.3, "2009-12-31": "-5.28700", "2009-09-30": -5.282, "2009-06-30": -5.281, "2009-03-31": -5.275, "2008-12-31": "-5.27300", "2008-09-30": -5.273, "2008-06-30": -4.706, "2008-03-31": -4.686, "2007-12-31": "-4.66800", "2007-09-30": -4.667, "2007-06-30": -4.66, "2007-03-31": -4.656, "2006-12-31": "-4.65500", "2006-09-30": -4.752, "2006-06-30": -4.336, "2006-03-31": -4.333, "2005-12-31": "-4.29100", "2005-09-30": -4.259, "2005-06-30": -4.227, "2005-03-31": -8.38}, "Financial Activities - Other": {"2020-09-30": -4.032, "2020-06-30": -0.298, "2020-03-31": -4.25, "2019-12-31": "-3.90000", "2019-09-30": -12.85, "2019-06-30": -0.152, "2019-03-31": -0.001, "2018-12-31": "-10.17900", "2018-09-30": -1.136, "2018-06-30": -6.312, "2018-03-31": -3.32, "2017-12-31": "-6.97100", "2017-09-30": -0.325, "2017-06-30": -0.169, "2017-03-31": -0.032, "2016-12-31": "-6.07300", "2016-09-30": -3.574, "2016-06-30": 0.247, "2016-03-31": 0.571, "2015-12-31": "-4.00100", "2015-09-30": 0.495, "2015-06-30": -1.516, "2015-03-31": -4.296, "2014-12-31": "-1.52500", "2014-09-30": 0.892, "2014-06-30": 3.637, "2014-03-31": 11.961, "2013-12-31": "7.07700", "2013-09-30": 2.4, "2013-06-30": 0.375, "2013-03-31": 1.352, "2012-12-31": "4.01600", "2012-09-30": 0.047, "2012-06-30": 0.092, "2012-03-31": 0.738, "2011-12-31": "0.91200", "2011-09-30": 1.159, "2011-06-30": 0.536, "2011-03-31": 8.083, "2010-12-31": "2.73300", "2010-09-30": 0.028, "2010-06-30": 1.419, "2010-03-31": 0.248, "2009-12-31": "1.64900", "2009-09-30": 0.028, "2009-06-30": 1.17, "2009-03-31": 0.002, "2008-12-31": "0.01700", "2008-09-30": 0.052, "2008-06-30": 18.706, "2008-03-31": 5.448, "2007-12-31": "0.66200", "2007-09-30": 0.219, "2007-06-30": 1.099, "2007-03-31": 0.122, "2006-12-31": "0.03300", "2006-09-30": 0.17, "2006-06-30": 3.725, "2006-03-31": 4.243, "2005-12-31": "2.05100", "2005-09-30": 0, "2005-06-30": 0, "2005-03-31": 0}, "Cash Flow From Financial Activities": {"2020-09-30": -31.244, "2020-06-30": -77.532, "2020-03-31": -111.042, "2019-12-31": "-77.40200", "2019-09-30": -133.84, "2019-06-30": -77.986, "2019-03-31": -78.156, "2018-12-31": "-86.34700", "2018-09-30": -78.003, "2018-06-30": -79.732, "2018-03-31": -79.497, "2017-12-31": "-82.58200", "2017-09-30": -76.378, "2017-06-30": -76.101, "2017-03-31": -76.354, "2016-12-31": "-71.99600", "2016-09-30": -117.395, "2016-06-30": -73.811, "2016-03-31": -74.309, "2015-12-31": "-78.62000", "2015-09-30": -121.61, "2015-06-30": -77.262, "2015-03-31": 431.847, "2014-12-31": "-138.06300", "2014-09-30": -188.072, "2014-06-30": -61.691, "2014-03-31": -44.224, "2013-12-31": "-38.58200", "2013-09-30": -83.935, "2013-06-30": -14.463, "2013-03-31": -10.252, "2012-12-31": "-2.94300", "2012-09-30": -132.244, "2012-06-30": -74.428, "2012-03-31": -5.288, "2011-12-31": "-6.23700", "2011-09-30": -9.497, "2011-06-30": 1.561, "2011-03-31": 9.802, "2010-12-31": "-10.65500", "2010-09-30": -36.146, "2010-06-30": -54.585, "2010-03-31": -49.12, "2009-12-31": "-46.29900", "2009-09-30": -46.646, "2009-06-30": 5.162, "2009-03-31": 37.526, "2008-12-31": "10.64100", "2008-09-30": 35.058, "2008-06-30": 1.707, "2008-03-31": 2.681, "2007-12-31": "37.35900", "2007-09-30": 29.94, "2007-06-30": 47.746, "2007-03-31": 111.894, "2006-12-31": "3.28500", "2006-09-30": -14.133, "2006-06-30": 2.196, "2006-03-31": 8.052, "2005-12-31": "1.47800", "2005-09-30": 4.303, "2005-06-30": 0.726, "2005-03-31": 3.463}, "Net Cash Flow": {"2020-09-30": 60.523, "2020-06-30": 96.005, "2020-03-31": -14.096, "2019-12-31": "11.34400", "2019-09-30": 13.865, "2019-06-30": 90.999, "2019-03-31": 15.517, "2018-12-31": "-63.59500", "2018-09-30": -21.757, "2018-06-30": -32.113, "2018-03-31": -48.633, "2017-12-31": "-131.82100", "2017-09-30": -41.844, "2017-06-30": -168.959, "2017-03-31": -84.147, "2016-12-31": "-79.66800", "2016-09-30": -1.471, "2016-06-30": 9.019, "2016-03-31": 49.783, "2015-12-31": "118.84600", "2015-09-30": -45.156, "2015-06-30": 54.755, "2015-03-31": 467.053, "2014-12-31": "-107.57500", "2014-09-30": -177.702, "2014-06-30": -35.051, "2014-03-31": 3.565, "2013-12-31": "133.54600", "2013-09-30": -32.612, "2013-06-30": 307.487, "2013-03-31": -68.153, "2012-12-31": "145.05100", "2012-09-30": -52.771, "2012-06-30": -175.519, "2012-03-31": -23.474, "2011-12-31": "-16.38700", "2011-09-30": 76.181, "2011-06-30": 47.38, "2011-03-31": 66.861, "2010-12-31": "110.80400", "2010-09-30": -14.697, "2010-06-30": -22.228, "2010-03-31": -9.93, "2009-12-31": "13.73300", "2009-09-30": -25.511, "2009-06-30": 39.239, "2009-03-31": -11.646, "2008-12-31": "16.51100", "2008-09-30": 0.301, "2008-06-30": 8.282, "2008-03-31": -6.771, "2007-12-31": "8.29200", "2007-09-30": 18.653, "2007-06-30": -18.578, "2007-03-31": 16.052, "2006-12-31": "39.23500", "2006-09-30": -80.248, "2006-06-30": -81.054, "2006-03-31": -106.423, "2005-12-31": "12.82600", "2005-09-30": 52.467, "2005-06-30": 27.832, "2005-03-31": 143.157}, "Stock-Based Compensation": {"2020-09-30": 4.27, "2020-06-30": 11.107, "2020-03-31": 10.751, "2019-12-31": "10.20100", "2019-09-30": 8.825, "2019-06-30": 8.878, "2019-03-31": 9.431, "2018-12-31": "7.15800", "2018-09-30": 8.215, "2018-06-30": 7.926, "2018-03-31": 8.459, "2017-12-31": "7.08700", "2017-09-30": 6.936, "2017-06-30": 6.768, "2017-03-31": 6.578, "2016-12-31": "5.90100", "2016-09-30": 4.722, "2016-06-30": 5.674, "2016-03-31": 6.066, "2015-12-31": "7.92100", "2015-09-30": 6.075, "2015-06-30": 6.041, "2015-03-31": 6.097, "2014-12-31": "6.98200", "2014-09-30": 5.614, "2014-06-30": 8.285, "2014-03-31": 5.794, "2013-12-31": "7.01000", "2013-09-30": 5.8, "2013-06-30": 5.745, "2013-03-31": 5.698, "2012-12-31": "6.02800", "2012-09-30": 4.778, "2012-06-30": 4.542, "2012-03-31": 4.836, "2011-12-31": "3.92200", "2011-09-30": 2.987, "2011-06-30": 2.97, "2011-03-31": 2.957, "2010-12-31": "3.18700", "2010-09-30": 2.981, "2010-06-30": 2.949, "2010-03-31": 2.917, "2009-12-31": "7.00800", "2009-09-30": 2.056, "2009-06-30": 2.054, "2009-03-31": 2.038, "2008-12-31": "2.20000", "2008-09-30": 1.846, "2008-06-30": 1.898, "2008-03-31": 1.653, "2007-12-31": "2.05900", "2007-09-30": 1.731, "2007-06-30": 1.719, "2007-03-31": 1.725, "2006-12-31": "1.83500", "2006-09-30": 1.621, "2006-06-30": 1.544, "2006-03-31": 3.867, "2005-12-31": "2.72000", "2005-09-30": 0.007, "2005-06-30": 0.008, "2005-03-31": 0.011}, "Common Stock Dividends Paid": {"2020-09-30": -27.211, "2020-06-30": -77.234, "2020-03-31": -78.288, "2019-12-31": "-77.60200", "2019-09-30": -78.363, "2019-06-30": -78.478, "2019-03-31": -78.458, "2018-12-31": "-78.12200", "2018-09-30": -78.062, "2018-06-30": -76.935, "2018-03-31": -76.93, "2017-12-31": "-76.50300", "2017-09-30": -76.454, "2017-06-30": -76.444, "2017-03-31": -76.441, "2016-12-31": "-76.17600", "2016-09-30": -76.112, "2016-06-30": -74.74, "2016-03-31": -74.74, "2015-12-31": "-74.56000", "2015-09-30": -74.54, "2015-06-30": -74.48, "2015-03-31": -74.525, "2014-12-31": "-74.82200", "2014-09-30": -74.844, "2014-06-30": -67.997, "2014-03-31": -67.685, "2013-12-31": "-53.86000", "2013-09-30": -53.534, "2013-06-30": -16.05, "2013-03-31": -16.037, "2012-12-31": "-7.43200", "2012-09-30": -7.429, "2012-06-30": -7.55, "2012-03-31": -7.548, "2011-12-31": "-7.52200", "2011-09-30": -7.519, "2011-06-30": -6.438, "2011-03-31": -6.408, "2010-12-31": "-6.37600", "2010-09-30": -6.363, "2010-06-30": -5.304, "2010-03-31": -5.3, "2009-12-31": "-5.28700", "2009-09-30": -5.282, "2009-06-30": -5.281, "2009-03-31": -5.275, "2008-12-31": "-5.27300", "2008-09-30": -5.273, "2008-06-30": -4.706, "2008-03-31": -4.686, "2007-12-31": "-4.66800", "2007-09-30": -4.667, "2007-06-30": -4.66, "2007-03-31": -4.656, "2006-12-31": "-4.65500", "2006-09-30": -4.752, "2006-06-30": -4.336, "2006-03-31": -4.333, "2005-12-31": "-4.29100", "2005-09-30": -4.259, "2005-06-30": -4.227, "2005-03-31": -8.38}}, "financial ratios": {"Current Ratio": {"2020-09-30": "4.39600", "2019-09-30": "2.71810", "2018-09-30": "2.95770", "2017-09-30": "3.58690", "2016-09-30": "4.76400", "2015-09-30": "4.13330", "2014-09-30": "2.51790", "2013-09-30": "2.78200", "2012-09-30": "2.34870", "2011-09-30": "2.29480", "2010-09-30": "2.80610", "2009-09-30": "1.73210", "2008-09-30": "2.23540", "2007-09-30": "2.20180", "2006-09-30": "1.62050", "2005-09-30": "5.58550"}, "Long-term Debt / Capital": {"2020-09-30": "0.12650", "2019-09-30": "0.10670", "2018-09-30": "0.10130", "2017-09-30": "0.10580", "2016-09-30": "0.09730", "2015-09-30": "0.09140", "2014-09-30": "0.00800", "2013-09-30": "0.01770", "2012-09-30": "0.04840", "2011-09-30": "0.06700", "2010-09-30": "0.11370", "2009-09-30": "0.13540", "2008-09-30": "0.17330", "2007-09-30": "0.19690", "2006-09-30": "0.11240", "2005-09-30": "0.15630"}, "Debt/Equity Ratio": {"2020-09-30": "0.14490", "2019-09-30": "0.11950", "2018-09-30": "0.11270", "2017-09-30": "0.11840", "2016-09-30": "0.10780", "2015-09-30": "0.10860", "2014-09-30": "0.01620", "2013-09-30": "0.04390", "2012-09-30": "0.06130", "2011-09-30": "0.10700", "2010-09-30": "0.12820", "2009-09-30": "0.19570", "2008-09-30": "0.22150", "2007-09-30": "0.24510", "2006-09-30": "0.14740", "2005-09-30": "0.18530"}, "Gross Margin": {"2020-09-30": "32.88540", "2019-09-30": "35.37280", "2018-09-30": "33.55720", "2017-09-30": "30.77580", "2016-09-30": "44.66280", "2015-09-30": "46.12160", "2014-09-30": "45.99750", "2013-09-30": "45.30760", "2012-09-30": "44.46000", "2011-09-30": "43.68470", "2010-09-30": "42.83380", "2009-09-30": "48.75740", "2008-09-30": "47.15670", "2007-09-30": "47.08990", "2006-09-30": "45.98660", "2005-09-30": "39.52600"}, "Operating Margin": {"2020-09-30": "-34.96120", "2019-09-30": "0.73550", "2018-09-30": "1.32530", "2017-09-30": "-9.36910", "2016-09-30": "-1.59870", "2015-09-30": "21.25320", "2014-09-30": "28.34190", "2013-09-30": "28.24000", "2012-09-30": "28.85970", "2011-09-30": "27.61560", "2010-09-30": "24.09370", "2009-09-30": "33.02390", "2008-09-30": "34.24060", "2007-09-30": "38.80070", "2006-09-30": "34.06940", "2005-09-30": "24.07270"}, "EBIT Margin": {"2020-09-30": "-34.96120", "2019-09-30": "0.73550", "2018-09-30": "1.32530", "2017-09-30": "-9.36910", "2016-09-30": "-1.59870", "2015-09-30": "21.25320", "2014-09-30": "28.34190", "2013-09-30": "28.24000", "2012-09-30": "28.85970", "2011-09-30": "27.61560", "2010-09-30": "24.09370", "2009-09-30": "33.02390", "2008-09-30": "34.24060", "2007-09-30": "38.80070", "2006-09-30": "34.06940", "2005-09-30": "24.07270"}, "EBITDA Margin": {"2020-09-30": "-7.69390", "2019-09-30": "20.90830", "2018-09-30": "24.83980", "2017-09-30": "23.13410", "2016-09-30": "35.32680", "2015-09-30": "40.50830", "2014-09-30": "42.45350", "2013-09-30": "41.70170", "2012-09-30": "41.15580", "2011-09-30": "40.01660", "2010-09-30": "38.10090", "2009-09-30": "45.36490", "2008-09-30": "44.69030", "2007-09-30": "47.76220", "2006-09-30": "42.36310", "2005-09-30": "36.09600"}, "Pre-Tax Profit Margin": {"2020-09-30": "-35.88070", "2019-09-30": "-1.83030", "2018-09-30": "0.63690", "2017-09-30": "-10.22850", "2016-09-30": "-4.47390", "2015-09-30": "20.93430", "2014-09-30": "29.45820", "2013-09-30": "32.89330", "2012-09-30": "28.63700", "2011-09-30": "27.00850", "2010-09-30": "23.37060", "2009-09-30": "32.44950", "2008-09-30": "34.52950", "2007-09-30": "42.36180", "2006-09-30": "36.00390", "2005-09-30": "26.55800"}, "Net Profit Margin": {"2020-09-30": "-27.87580", "2019-09-30": "-1.20260", "2018-09-30": "19.40570", "2017-09-30": "-7.10420", "2016-09-30": "-3.49880", "2015-09-30": "13.29750", "2014-09-30": "19.01420", "2013-09-30": "21.74510", "2012-09-30": "18.43530", "2011-09-30": "17.06780", "2010-09-30": "8.31440", "2009-09-30": "19.17540", "2008-09-30": "24.70020", "2007-09-30": "27.56780", "2006-09-30": "23.99210", "2005-09-30": "15.93630"}, "Asset Turnover": {"2020-09-30": "0.36730", "2019-09-30": "0.47920", "2018-09-30": "0.40020", "2017-09-30": "0.28020", "2016-09-30": "0.23770", "2015-09-30": "0.44240", "2014-09-30": "0.55290", "2013-09-30": "0.54070", "2012-09-30": "0.55090", "2011-09-30": "0.50840", "2010-09-30": "0.43960", "2009-09-30": "0.44310", "2008-09-30": "0.52100", "2007-09-30": "0.56480", "2006-09-30": "0.57380", "2005-09-30": "0.48140"}, "Inventory Turnover Ratio": {"2020-09-30": "11.42800", "2019-09-30": "12.08520", "2018-09-30": "10.45070", "2017-09-30": "9.10550", "2016-09-30": "7.22950", "2015-09-30": "13.25240", "2014-09-30": "18.88830", "2013-09-30": "20.84900", "2012-09-30": "22.22110", "2011-09-30": "26.33120", "2010-09-30": "24.69840", "2009-09-30": "23.89190", "2008-09-30": "29.84590", "2007-09-30": "29.58500", "2006-09-30": "25.28430", "2005-09-30": "22.72000"}, "Receiveable Turnover": {"2020-09-30": "9.20930", "2019-09-30": "5.64660", "2018-09-30": "4.40070", "2017-09-30": "3.78290", "2016-09-30": "4.32930", "2015-09-30": "7.08980", "2014-09-30": "5.26930", "2013-09-30": "5.45140", "2012-09-30": "5.07950", "2011-09-30": "5.52370", "2010-09-30": "4.09730", "2009-09-30": "7.88090", "2008-09-30": "4.03900", "2007-09-30": "4.79570", "2006-09-30": "4.23110", "2005-09-30": "4.92310"}, "Days Sales In Receivables": {"2020-09-30": "39.63380", "2019-09-30": "64.64010", "2018-09-30": "82.94190", "2017-09-30": "96.48590", "2016-09-30": "84.30860", "2015-09-30": "51.48210", "2014-09-30": "69.26950", "2013-09-30": "66.95520", "2012-09-30": "71.85680", "2011-09-30": "66.07870", "2010-09-30": "89.08330", "2009-09-30": "46.31420", "2008-09-30": "90.36950", "2007-09-30": "76.11040", "2006-09-30": "86.26610", "2005-09-30": "74.14000"}, "ROE - Return On Equity": {"2020-09-30": "-14.95830", "2019-09-30": "-0.81030", "2018-09-30": "11.24890", "2017-09-30": "-3.07020", "2016-09-30": "-1.16180", "2015-09-30": "8.58840", "2014-09-30": "14.44720", "2013-09-30": "16.23530", "2012-09-30": "14.95720", "2011-09-30": "13.29240", "2010-09-30": "10.19000", "2009-09-30": "14.18360", "2008-09-30": "18.55060", "2007-09-30": "24.74560", "2006-09-30": "21.26490", "2005-09-30": "11.82370"}, "Return On Tangible Equity": {"2020-09-30": "-15.55190", "2019-09-30": "-0.84600", "2018-09-30": "11.61460", "2017-09-30": "-3.14770", "2016-09-30": "-1.16330", "2015-09-30": "8.58840", "2014-09-30": "14.44720", "2013-09-30": "16.23530", "2012-09-30": "14.95720", "2011-09-30": "13.29240", "2010-09-30": "10.19000", "2009-09-30": "14.18360", "2008-09-30": "18.55060", "2007-09-30": "24.74560", "2006-09-30": "21.26490", "2005-09-30": "11.82370"}, "ROA - Return On Assets": {"2020-09-30": "-10.27810", "2019-09-30": "-0.55670", "2018-09-30": "7.93280", "2017-09-30": "-1.98550", "2016-09-30": "-0.77560", "2015-09-30": "5.88300", "2014-09-30": "10.51350", "2013-09-30": "11.51590", "2012-09-30": "10.02620", "2011-09-30": "8.68660", "2010-09-30": "6.70710", "2009-09-30": "9.14550", "2008-09-30": "11.71270", "2007-09-30": "15.57030", "2006-09-30": "13.76570", "2005-09-30": "7.67160"}, "ROI - Return On Investment": {"2020-09-30": "-13.06560", "2019-09-30": "-0.72380", "2018-09-30": "10.10950", "2017-09-30": "-2.74530", "2016-09-30": "-1.04870", "2015-09-30": "7.80350", "2014-09-30": "14.33150", "2013-09-30": "15.94820", "2012-09-30": "14.23350", "2011-09-30": "12.40120", "2010-09-30": "9.03190", "2009-09-30": "12.26380", "2008-09-30": "15.33520", "2007-09-30": "19.87430", "2006-09-30": "18.87470", "2005-09-30": "9.97520"}, "Book Value Per Share": {"2020-09-30": "30.87330", "2019-09-30": "37.00020", "2018-09-30": "40.21080", "2017-09-30": "38.34660", "2016-09-30": "42.20030", "2015-09-30": "45.42950", "2014-09-30": "45.18980", "2013-09-30": "41.64030", "2012-09-30": "36.28260", "2011-09-30": "30.53670", "2010-09-30": "26.53080", "2009-09-30": "25.43470", "2008-09-30": "21.53040", "2007-09-30": "16.95830", "2006-09-30": "12.90790", "2005-09-30": "10.08090"}, "Operating Cash Flow Per Share": {"2020-09-30": -2.8462, "2019-09-30": 2.7356, "2018-09-30": 1.6786, "2017-09-30": -3.5655, "2016-09-30": -6.1714, "2015-09-30": 2.8129, "2014-09-30": 1.1016, "2013-09-30": 0.0135, "2012-09-30": 0.2314, "2011-09-30": 4.6945, "2010-09-30": -4.0999, "2009-09-30": 2.8813, "2008-09-30": 0.1858, "2007-09-30": 2.5433, "2006-09-30": 0.7542, "2005-09-30": 2.0395}, "Free Cash Flow Per Share": {"2020-09-30": 0.308, "2019-09-30": 2.8634, "2018-09-30": 1.2673, "2017-09-30": -4.8349, "2016-09-30": 1.8624, "2015-09-30": 1.0421, "2014-09-30": -0.1004, "2013-09-30": 2.5337, "2012-09-30": -3.3845, "2011-09-30": 1.5455, "2010-09-30": 1.0541, "2009-09-30": 1.0692, "2008-09-30": 1.864, "2007-09-30": -0.5978, "2006-09-30": -3.5645, "2005-09-30": 1.4839}}, "financial ratios, quarterly": {"Current Ratio": {"2020-09-30": "4.39600", "2020-06-30": "4.09030", "2020-03-31": "2.96780", "2019-12-31": "2.75340", "2019-09-30": "2.71810", "2019-06-30": "2.85830", "2019-03-31": "2.80430", "2018-12-31": "2.70200", "2018-09-30": "2.95770", "2018-06-30": "2.96980", "2018-03-31": "3.32460", "2017-12-31": "3.27840", "2017-09-30": "3.58690", "2017-06-30": "3.74450", "2017-03-31": "4.52490", "2016-12-31": "5.04240", "2016-09-30": "4.76400", "2016-06-30": "4.70800", "2016-03-31": "3.93280", "2015-12-31": "3.61230", "2015-09-30": "4.13330", "2015-06-30": "4.33380", "2015-03-31": "4.00970", "2014-12-31": "2.70420", "2014-09-30": "2.51790", "2014-06-30": "2.88860", "2014-03-31": "3.16770", "2013-12-31": "2.90620", "2013-09-30": "2.78200", "2013-06-30": "2.95820", "2013-03-31": "3.06030", "2012-12-31": "2.29250", "2012-09-30": "2.34870", "2012-06-30": "2.27900", "2012-03-31": "2.59090", "2011-12-31": "2.33980", "2011-09-30": "2.29480", "2011-06-30": "3.36990", "2011-03-31": "3.72470", "2010-12-31": "3.35390", "2010-09-30": "2.80610", "2010-06-30": "2.60340", "2010-03-31": "3.00860", "2009-12-31": "1.81210", "2009-09-30": "1.73210", "2009-06-30": "1.65020", "2009-03-31": "1.64470", "2008-12-31": "1.98940", "2008-09-30": "2.23540", "2008-06-30": "2.24690", "2008-03-31": "2.57820", "2007-12-31": "2.34120", "2007-09-30": "2.20180", "2007-06-30": "1.82520", "2007-03-31": "1.87310", "2006-12-31": "1.59610", "2006-09-30": "1.62050", "2006-06-30": "3.73530", "2006-03-31": "4.56830", "2005-12-31": "4.70850", "2005-09-30": "5.58550", "2005-06-30": "6.63700", "2005-03-31": "7.05180"}, "Long-term Debt / Capital": {"2020-09-30": "0.12650", "2020-06-30": "0.12390", "2020-03-31": "0.12180", "2019-12-31": "0.10760", "2019-09-30": "0.10670", "2019-06-30": "0.10720", "2019-03-31": "0.10210", "2018-12-31": "0.10190", "2018-09-30": "0.10130", "2018-06-30": "0.10000", "2018-03-31": "0.09880", "2017-12-31": "0.09700", "2017-09-30": "0.10580", "2017-06-30": "0.10390", "2017-03-31": "0.10170", "2016-12-31": "0.09910", "2016-09-30": "0.09730", "2016-06-30": "0.09490", "2016-03-31": "0.09340", "2015-12-31": "0.09260", "2015-09-30": "0.09140", "2015-06-30": "0.09590", "2015-03-31": "0.09630", "2014-12-31": "0.00810", "2014-09-30": "0.00800", "2014-06-30": "0.01630", "2014-03-31": "0.01680", "2013-12-31": "0.01720", "2013-09-30": "0.01770", "2013-06-30": "0.04340", "2013-03-31": "0.04460", "2012-12-31": "0.04660", "2012-09-30": "0.04840", "2012-06-30": "0.06070", "2012-03-31": "0.06120", "2011-12-31": "0.06380", "2011-09-30": "0.06700", "2011-06-30": "0.09800", "2011-03-31": "0.10070", "2010-12-31": "0.10560", "2010-09-30": "0.11370", "2010-06-30": "0.12600", "2010-03-31": "0.13600", "2009-12-31": "0.12120", "2009-09-30": "0.13540", "2009-06-30": "0.14220", "2009-03-31": "0.14750", "2008-12-31": "0.17030", "2008-09-30": "0.17330", "2008-06-30": "0.17360", "2008-03-31": "0.19250", "2007-12-31": "0.20220", "2007-09-30": "0.19690", "2007-06-30": "0.18410", "2007-03-31": "0.17380", "2006-12-31": "0.12320", "2006-09-30": "0.11240", "2006-06-30": "0.13140", "2006-03-31": "0.13850", "2005-12-31": "0.14900", "2005-09-30": "0.15630", "2005-06-30": "0.16310", "2005-03-31": "0.16810"}, "Debt/Equity Ratio": {"2020-09-30": "0.14490", "2020-06-30": "0.14140", "2020-03-31": "0.13860", "2019-12-31": "0.12060", "2019-09-30": "0.11950", "2019-06-30": "0.12010", "2019-03-31": "0.11370", "2018-12-31": "0.11340", "2018-09-30": "0.11270", "2018-06-30": "0.11110", "2018-03-31": "0.10960", "2017-12-31": "0.10740", "2017-09-30": "0.11840", "2017-06-30": "0.11590", "2017-03-31": "0.11330", "2016-12-31": "0.10990", "2016-09-30": "0.10780", "2016-06-30": "0.11320", "2016-03-31": "0.11130", "2015-12-31": "0.11010", "2015-09-30": "0.10860", "2015-06-30": "0.11380", "2015-03-31": "0.11440", "2014-12-31": "0.01650", "2014-09-30": "0.01620", "2014-06-30": "0.04050", "2014-03-31": "0.04160", "2013-12-31": "0.04270", "2013-09-30": "0.04390", "2013-06-30": "0.05470", "2013-03-31": "0.05630", "2012-12-31": "0.05890", "2012-09-30": "0.06130", "2012-06-30": "0.09630", "2012-03-31": "0.09720", "2011-12-31": "0.10160", "2011-09-30": "0.10700", "2011-06-30": "0.10870", "2011-03-31": "0.11190", "2010-12-31": "0.11810", "2010-09-30": "0.12820", "2010-06-30": "0.14410", "2010-03-31": "0.15740", "2009-12-31": "0.23270", "2009-09-30": "0.19570", "2009-06-30": "0.21590", "2009-03-31": "0.22530", "2008-12-31": "0.21580", "2008-09-30": "0.22150", "2008-06-30": "0.21110", "2008-03-31": "0.23830", "2007-12-31": "0.25340", "2007-09-30": "0.24510", "2007-06-30": "0.24040", "2007-03-31": "0.22620", "2006-12-31": "0.16710", "2006-09-30": "0.14740", "2006-06-30": "0.15310", "2006-03-31": "0.16080", "2005-12-31": "0.17510", "2005-09-30": "0.18530", "2005-06-30": "0.19520", "2005-03-31": "0.20210"}, "Gross Margin": {"2020-09-30": "20.61930", "2020-06-30": "34.85490", "2020-03-31": "34.07240", "2019-12-31": "34.80090", "2019-09-30": "33.21440", "2019-06-30": "35.38590", "2019-03-31": "38.72400", "2018-12-31": "33.99020", "2018-09-30": "35.33570", "2018-06-30": "31.49480", "2018-03-31": "33.43210", "2017-12-31": "33.86070", "2017-09-30": "30.98940", "2017-06-30": "32.31300", "2017-03-31": "26.76010", "2016-12-31": "32.80370", "2016-09-30": "35.36360", "2016-06-30": "49.20790", "2016-03-31": "49.42590", "2015-12-31": "43.29290", "2015-09-30": "41.08450", "2015-06-30": "46.98880", "2015-03-31": "47.26040", "2014-12-31": "47.25960", "2014-09-30": "45.25000", "2014-06-30": "45.88320", "2014-03-31": "46.25580", "2013-12-31": "46.68540", "2013-09-30": "45.26890", "2013-06-30": "46.32330", "2013-03-31": "44.92040", "2012-12-31": "44.72100", "2012-09-30": "46.06830", "2012-06-30": "43.40770", "2012-03-31": "41.78980", "2011-12-31": "46.62320", "2011-09-30": "43.35630", "2011-06-30": "43.24040", "2011-03-31": "43.74000", "2010-12-31": "44.49670", "2010-09-30": "41.10500", "2010-06-30": "40.92010", "2010-03-31": "43.08480", "2009-12-31": "47.33070", "2009-09-30": "53.68780", "2009-06-30": "46.78860", "2009-03-31": "49.39570", "2008-12-31": "46.94580", "2008-09-30": "46.24450", "2008-06-30": "47.52940", "2008-03-31": "46.38210", "2007-12-31": "48.36560", "2007-09-30": "47.86810", "2007-06-30": "45.63520", "2007-03-31": "46.45990", "2006-12-31": "48.37800", "2006-09-30": "45.72510", "2006-06-30": "47.01970", "2006-03-31": "46.08530", "2005-12-31": "44.94810", "2005-09-30": "41.17410", "2005-06-30": "41.42830", "2005-03-31": "38.35480"}, "Operating Margin": {"2020-09-30": "-36.21780", "2020-06-30": "-18.14450", "2020-03-31": "-81.83540", "2019-12-31": "5.10330", "2019-09-30": "6.01200", "2019-06-30": "-24.40120", "2019-03-31": "13.19880", "2018-12-31": "7.33040", "2018-09-30": "3.47470", "2018-06-30": "0.97180", "2018-03-31": "-0.20160", "2017-12-31": "0.63980", "2017-09-30": "-4.92630", "2017-06-30": "-5.62180", "2017-03-31": "-16.20400", "2016-12-31": "-13.33840", "2016-09-30": "-28.03700", "2016-06-30": "-3.61710", "2016-03-31": "9.49840", "2015-12-31": "7.92670", "2015-09-30": "-4.47500", "2015-06-30": "20.41730", "2015-03-31": "26.11880", "2014-12-31": "31.14400", "2014-09-30": "26.68800", "2014-06-30": "28.55960", "2014-03-31": "28.58000", "2013-12-31": "29.69470", "2013-09-30": "28.13460", "2013-06-30": "28.56000", "2013-03-31": "27.78450", "2012-12-31": "28.48150", "2012-09-30": "28.86020", "2012-06-30": "28.38000", "2012-03-31": "26.88700", "2011-12-31": "31.46910", "2011-09-30": "27.55640", "2011-06-30": "27.07960", "2011-03-31": "27.17790", "2010-12-31": "28.71070", "2010-09-30": "23.83590", "2010-06-30": "23.06120", "2010-03-31": "23.29610", "2009-12-31": "26.59590", "2009-09-30": "30.74960", "2009-06-30": "27.61870", "2009-03-31": "35.23700", "2008-12-31": "35.65830", "2008-09-30": "33.12330", "2008-06-30": "34.02900", "2008-03-31": "32.86650", "2007-12-31": "36.92720", "2007-09-30": "37.09190", "2007-06-30": "36.71530", "2007-03-31": "44.09880", "2006-12-31": "37.95400", "2006-09-30": "34.00070", "2006-06-30": "35.69060", "2006-03-31": "34.47070", "2005-12-31": "31.67890", "2005-09-30": "30.81300", "2005-06-30": "24.79470", "2005-03-31": "20.79100"}, "EBIT Margin": {"2020-09-30": "-36.21780", "2020-06-30": "-18.14450", "2020-03-31": "-81.83540", "2019-12-31": "5.10330", "2019-09-30": "6.01200", "2019-06-30": "-24.40120", "2019-03-31": "13.19880", "2018-12-31": "7.33040", "2018-09-30": "3.47470", "2018-06-30": "0.97180", "2018-03-31": "-0.20160", "2017-12-31": "0.63980", "2017-09-30": "-4.92630", "2017-06-30": "-5.62180", "2017-03-31": "-16.20400", "2016-12-31": "-13.33840", "2016-09-30": "-28.03700", "2016-06-30": "-3.61710", "2016-03-31": "9.49840", "2015-12-31": "7.92670", "2015-09-30": "-4.47500", "2015-06-30": "20.41730", "2015-03-31": "26.11880", "2014-12-31": "31.14400", "2014-09-30": "26.68800", "2014-06-30": "28.55960", "2014-03-31": "28.58000", "2013-12-31": "29.69470", "2013-09-30": "28.13460", "2013-06-30": "28.56000", "2013-03-31": "27.78450", "2012-12-31": "28.48150", "2012-09-30": "28.86020", "2012-06-30": "28.38000", "2012-03-31": "26.88700", "2011-12-31": "31.46910", "2011-09-30": "27.55640", "2011-06-30": "27.07960", "2011-03-31": "27.17790", "2010-12-31": "28.71070", "2010-09-30": "23.83580", "2010-06-30": "23.06120", "2010-03-31": "23.29610", "2009-12-31": "26.59590", "2009-09-30": "30.74960", "2009-06-30": "27.61870", "2009-03-31": "35.23700", "2008-12-31": "35.65830", "2008-09-30": "33.12330", "2008-06-30": "34.02900", "2008-03-31": "32.86650", "2007-12-31": "36.92720", "2007-09-30": "37.09190", "2007-06-30": "36.71530", "2007-03-31": "44.09880", "2006-12-31": "37.95400", "2006-09-30": "34.00070", "2006-06-30": "35.69060", "2006-03-31": "34.47070", "2005-12-31": "31.67890", "2005-09-30": "30.81300", "2005-06-30": "24.79470", "2005-03-31": "20.79100"}, "EBITDA Margin": {"2020-09-30": "", "2020-06-30": "", "2020-03-31": "", "2019-12-31": "", "2019-09-30": "", "2019-06-30": "", "2019-03-31": "", "2018-12-31": "", "2018-09-30": "", "2018-06-30": "", "2018-03-31": "", "2017-12-31": "", "2017-09-30": "", "2017-06-30": "", "2017-03-31": "", "2016-12-31": "", "2016-09-30": "", "2016-06-30": "", "2016-03-31": "", "2015-12-31": "", "2015-09-30": "", "2015-06-30": "", "2015-03-31": "", "2014-12-31": "", "2014-09-30": "", "2014-06-30": "", "2014-03-31": "", "2013-12-31": "", "2013-09-30": "", "2013-06-30": "", "2013-03-31": "", "2012-12-31": "", "2012-09-30": "", "2012-06-30": "", "2012-03-31": "", "2011-12-31": "", "2011-09-30": "", "2011-06-30": "", "2011-03-31": "", "2010-12-31": "", "2010-09-30": "", "2010-06-30": "", "2010-03-31": "", "2009-12-31": "", "2009-09-30": "", "2009-06-30": "", "2009-03-31": "", "2008-12-31": "", "2008-09-30": "", "2008-06-30": "", "2008-03-31": "", "2007-12-31": "", "2007-09-30": "", "2007-06-30": "", "2007-03-31": "", "2006-12-31": "", "2006-09-30": "", "2006-06-30": "", "2006-03-31": "", "2005-12-31": "", "2005-09-30": "", "2005-06-30": "", "2005-03-31": ""}, "Pre-Tax Profit Margin": {"2020-09-30": "-40.28430", "2020-06-30": "-20.03540", "2020-03-31": "-84.25630", "2019-12-31": "7.29950", "2019-09-30": "4.43400", "2019-06-30": "-27.13070", "2019-03-31": "13.44700", "2018-12-31": "1.31190", "2018-09-30": "2.73150", "2018-06-30": "0.36390", "2018-03-31": "-0.96190", "2017-12-31": "0.00020", "2017-09-30": "-5.24310", "2017-06-30": "-6.74000", "2017-03-31": "-17.33210", "2016-12-31": "-14.33630", "2016-09-30": "-38.07140", "2016-06-30": "-5.00730", "2016-03-31": "8.52410", "2015-12-31": "7.09610", "2015-09-30": "-5.43080", "2015-06-30": "19.68720", "2015-03-31": "26.12090", "2014-12-31": "31.14580", "2014-09-30": "26.61860", "2014-06-30": "30.99280", "2014-03-31": "30.82800", "2013-12-31": "29.57260", "2013-09-30": "28.39060", "2013-06-30": "46.46110", "2013-03-31": "27.69290", "2012-12-31": "29.16660", "2012-09-30": "28.73540", "2012-06-30": "28.16370", "2012-03-31": "26.61340", "2011-12-31": "31.18190", "2011-09-30": "26.84960", "2011-06-30": "26.83190", "2011-03-31": "26.36310", "2010-12-31": "28.04290", "2010-09-30": "23.36070", "2010-06-30": "22.48070", "2010-03-31": "22.44220", "2009-12-31": "25.49300", "2009-09-30": "28.96450", "2009-06-30": "26.90510", "2009-03-31": "35.15400", "2008-12-31": "35.37200", "2008-09-30": "31.84200", "2008-06-30": "36.48570", "2008-03-31": "33.31050", "2007-12-31": "36.00710", "2007-09-30": "39.05520", "2007-06-30": "42.20340", "2007-03-31": "43.92810", "2006-12-31": "44.87070", "2006-09-30": "36.55750", "2006-06-30": "39.38890", "2006-03-31": "34.65530", "2005-12-31": "32.52350", "2005-09-30": "25.77630", "2005-06-30": "24.10660", "2005-03-31": "19.85230"}, "Net Profit Margin": {"2020-09-30": "-28.31130", "2020-06-30": "-14.36800", "2020-03-31": "-66.36900", "2019-12-31": "4.97920", "2019-09-30": "6.34420", "2019-06-30": "-22.48380", "2019-03-31": "8.44690", "2018-12-31": "2.56000", "2018-09-30": "0.35200", "2018-06-30": "-1.23410", "2018-03-31": "-2.05700", "2017-12-31": "88.65760", "2017-09-30": "-4.23290", "2017-06-30": "-4.37240", "2017-03-31": "-12.04540", "2016-12-31": "-9.51270", "2016-09-30": "-21.95760", "2016-06-30": "-5.78470", "2016-03-31": "4.83920", "2015-12-31": "3.28010", "2015-09-30": "-4.75590", "2015-06-30": "13.73840", "2015-03-31": "17.33640", "2014-12-31": "19.07550", "2014-09-30": "16.97060", "2014-06-30": "20.19550", "2014-03-31": "19.53930", "2013-12-31": "19.47720", "2013-09-30": "18.48360", "2013-06-30": "31.67820", "2013-03-31": "18.02200", "2012-12-31": "18.89750", "2012-09-30": "19.06320", "2012-06-30": "18.28830", "2012-03-31": "16.77820", "2011-12-31": "19.63070", "2011-09-30": "17.32710", "2011-06-30": "17.05120", "2011-03-31": "16.34500", "2010-12-31": "17.51470", "2010-09-30": "14.78490", "2010-06-30": "-7.59540", "2010-03-31": "10.70760", "2009-12-31": "15.95870", "2009-09-30": "16.32850", "2009-06-30": "13.80060", "2009-03-31": "19.93810", "2008-12-31": "23.29040", "2008-09-30": "30.36510", "2008-06-30": "23.99330", "2008-03-31": "21.54660", "2007-12-31": "23.61260", "2007-09-30": "25.90060", "2007-06-30": "27.34660", "2007-03-31": "28.68470", "2006-12-31": "28.67140", "2006-09-30": "27.45160", "2006-06-30": "25.00810", "2006-03-31": "22.20300", "2005-12-31": "19.89680", "2005-09-30": "15.48860", "2005-06-30": "14.38130", "2005-03-31": "12.05180"}, "Asset Turnover": {"2020-09-30": "0.04310", "2020-06-30": "0.06400", "2020-03-31": "0.12240", "2019-12-31": "0.10520", "2019-09-30": "0.11110", "2019-06-30": "0.11670", "2019-03-31": "0.11730", "2018-12-31": "0.12050", "2018-09-30": "0.11210", "2018-06-30": "0.10360", "2018-03-31": "0.09220", "2017-12-31": "0.08870", "2017-09-30": "0.08270", "2017-06-30": "0.07650", "2017-03-31": "0.06200", "2016-12-31": "0.05520", "2016-09-30": "0.04860", "2016-06-30": "0.05250", "2016-03-31": "0.06240", "2015-12-31": "0.06840", "2015-09-30": "0.07750", "2015-06-30": "0.09020", "2015-03-31": "0.12060", "2014-12-31": "0.15600", "2014-09-30": "0.14600", "2014-06-30": "0.14220", "2014-03-31": "0.13770", "2013-12-31": "0.13870", "2013-09-30": "0.13800", "2013-06-30": "0.13560", "2013-03-31": "0.13940", "2012-12-31": "0.14230", "2012-09-30": "0.14500", "2012-06-30": "0.14860", "2012-03-31": "0.14150", "2011-12-31": "0.13930", "2011-09-30": "0.14000", "2011-06-30": "0.13120", "2011-03-31": "0.12790", "2010-12-31": "0.13320", "2010-09-30": "0.13100", "2010-06-30": "0.11870", "2010-03-31": "0.10380", "2009-12-31": "0.09360", "2009-09-30": "0.07580", "2009-06-30": "0.09420", "2009-03-31": "0.13070", "2008-12-31": "0.16470", "2008-09-30": "0.11610", "2008-06-30": "0.15470", "2008-03-31": "0.15010", "2007-12-31": "0.14930", "2007-09-30": "0.15580", "2007-06-30": "0.15680", "2007-03-31": "0.14990", "2006-12-31": "0.17010", "2006-09-30": "0.16810", "2006-06-30": "0.16110", "2006-03-31": "0.15440", "2005-12-31": "0.14500", "2005-09-30": "0.14020", "2005-06-30": "0.13200", "2005-03-31": "0.12280"}, "Inventory Turnover Ratio": {"2020-09-30": "1.58690", "2020-06-30": "1.82910", "2020-03-31": "3.71410", "2019-12-31": "2.69520", "2019-09-30": "2.89650", "2019-06-30": "2.96100", "2019-03-31": "2.73470", "2018-12-31": "3.05560", "2018-09-30": "2.84950", "2018-06-30": "2.92230", "2018-03-31": "2.68490", "2017-12-31": "2.68280", "2017-09-30": "2.67740", "2017-06-30": "2.43830", "2017-03-31": "2.25420", "2016-12-31": "1.96440", "2016-09-30": "1.72450", "2016-06-30": "1.44430", "2016-03-31": "1.70930", "2015-12-31": "2.17420", "2015-09-30": "2.53830", "2015-06-30": "2.73470", "2015-03-31": "3.75880", "2014-12-31": "5.05050", "2014-09-30": "5.05700", "2014-06-30": "4.84930", "2014-03-31": "4.80990", "2013-12-31": "4.87030", "2013-09-30": "5.32450", "2013-06-30": "5.20860", "2013-03-31": "5.58160", "2012-12-31": "5.94360", "2012-09-30": "5.67850", "2012-06-30": "6.58820", "2012-03-31": "7.29860", "2011-12-31": "6.63810", "2011-09-30": "7.29560", "2011-06-30": "7.47450", "2011-03-31": "7.41750", "2010-12-31": "7.54150", "2010-09-30": "7.58490", "2010-06-30": "6.56440", "2010-03-31": "5.41300", "2009-12-31": "4.50070", "2009-09-30": "3.69300", "2009-06-30": "4.47680", "2009-03-31": "6.31780", "2008-12-31": "7.88040", "2008-09-30": "6.76530", "2008-06-30": "8.60000", "2008-03-31": "7.58110", "2007-12-31": "8.06220", "2007-09-30": "8.03930", "2007-06-30": "8.06480", "2007-03-31": "7.66400", "2006-12-31": "7.54930", "2006-09-30": "7.44270", "2006-06-30": "6.93190", "2006-03-31": "6.53420", "2005-12-31": "6.49160", "2005-09-30": "6.43680", "2005-06-30": "6.04090", "2005-03-31": "5.50710"}, "Receiveable Turnover": {"2020-09-30": "1.08120", "2020-06-30": "1.05020", "2020-03-31": "1.19200", "2019-12-31": "1.22700", "2019-09-30": "1.30960", "2019-06-30": "1.35380", "2019-03-31": "1.30420", "2018-12-31": "1.35710", "2018-09-30": "1.23290", "2018-06-30": "1.14780", "2018-03-31": "1.05890", "2017-12-31": "1.05380", "2017-09-30": "1.11580", "2017-06-30": "1.13090", "2017-03-31": "1.17290", "2016-12-31": "1.12800", "2016-09-30": "0.88420", "2016-06-30": "1.04320", "2016-03-31": "1.32490", "2015-12-31": "1.30480", "2015-09-30": "1.24180", "2015-06-30": "1.34930", "2015-03-31": "1.42000", "2014-12-31": "1.44460", "2014-09-30": "1.39150", "2014-06-30": "1.34900", "2014-03-31": "1.43150", "2013-12-31": "1.41080", "2013-09-30": "1.39120", "2013-06-30": "1.34990", "2013-03-31": "1.38970", "2012-12-31": "1.45570", "2012-09-30": "1.33680", "2012-06-30": "1.35650", "2012-03-31": "1.50620", "2011-12-31": "1.47880", "2011-09-30": "1.52160", "2011-06-30": "1.45000", "2011-03-31": "1.39530", "2010-12-31": "1.44190", "2010-09-30": "1.22130", "2010-06-30": "1.44290", "2010-03-31": "1.51250", "2009-12-31": "1.46480", "2009-09-30": "1.34780", "2009-06-30": "1.20180", "2009-03-31": "1.12860", "2008-12-31": "1.35430", "2008-09-30": "0.90000", "2008-06-30": "1.31740", "2008-03-31": "1.31110", "2007-12-31": "1.24860", "2007-09-30": "1.32260", "2007-06-30": "1.31420", "2007-03-31": "1.22350", "2006-12-31": "1.17390", "2006-09-30": "1.23950", "2006-06-30": "1.32810", "2006-03-31": "1.50340", "2005-12-31": "1.36890", "2005-09-30": "1.43390", "2005-06-30": "1.37470", "2005-03-31": "1.39240"}, "Days Sales In Receivables": {"2020-09-30": "83.23960", "2020-06-30": "85.69800", "2020-03-31": "75.50050", "2019-12-31": "73.35020", "2019-09-30": "68.72220", "2019-06-30": "66.47990", "2019-03-31": "69.00890", "2018-12-31": "66.31910", "2018-09-30": "72.99990", "2018-06-30": "78.41130", "2018-03-31": "84.99170", "2017-12-31": "85.40240", "2017-09-30": "80.66190", "2017-06-30": "79.58550", "2017-03-31": "76.73440", "2016-12-31": "79.78890", "2016-09-30": "101.79200", "2016-06-30": "86.27490", "2016-03-31": "67.92780", "2015-12-31": "68.97790", "2015-09-30": "72.47260", "2015-06-30": "66.70270", "2015-03-31": "63.37980", "2014-12-31": "62.30240", "2014-09-30": "64.67880", "2014-06-30": "66.71750", "2014-03-31": "62.86970", "2013-12-31": "63.79290", "2013-09-30": "64.69110", "2013-06-30": "66.67060", "2013-03-31": "64.76300", "2012-12-31": "61.82490", "2012-09-30": "67.32680", "2012-06-30": "66.34820", "2012-03-31": "59.75240", "2011-12-31": "60.85960", "2011-09-30": "59.14880", "2011-06-30": "62.07040", "2011-03-31": "64.50330", "2010-12-31": "62.41720", "2010-09-30": "73.68960", "2010-06-30": "62.37280", "2010-03-31": "59.50410", "2009-12-31": "61.44180", "2009-09-30": "66.77330", "2009-06-30": "74.88940", "2009-03-31": "79.74230", "2008-12-31": "66.45400", "2008-09-30": "100.00070", "2008-06-30": "68.31560", "2008-03-31": "68.64390", "2007-12-31": "72.07920", "2007-09-30": "68.04710", "2007-06-30": "68.48090", "2007-03-31": "73.56000", "2006-12-31": "76.66560", "2006-09-30": "72.61200", "2006-06-30": "67.76850", "2006-03-31": "59.86240", "2005-12-31": "65.74860", "2005-09-30": "62.76810", "2005-06-30": "65.46930", "2005-03-31": "64.63500"}, "ROE - Return On Equity": {"2020-09-30": "-1.82750", "2020-06-30": "-1.35470", "2020-03-31": "-12.14870", "2019-12-31": "0.77300", "2019-09-30": "1.04410", "2019-06-30": "-3.77580", "2019-03-31": "1.66390", "2018-12-31": "0.19330", "2018-09-30": "0.04960", "2018-06-30": "-0.18400", "2018-03-31": "-0.03630", "2017-12-31": "10.90640", "2017-09-30": "-0.52130", "2017-06-30": "-0.54410", "2017-03-31": "-1.11500", "2016-12-31": "-0.77200", "2016-09-30": "-1.59770", "2016-06-30": "-0.45080", "2016-03-31": "0.52640", "2015-12-31": "0.32910", "2015-09-30": "-0.56350", "2015-06-30": "1.81020", "2015-03-31": "3.06940", "2014-12-31": "4.13770", "2014-09-30": "3.40520", "2014-06-30": "3.99020", "2014-03-31": "3.72410", "2013-12-31": "3.79070", "2013-09-30": "3.59600", "2013-06-30": "5.84350", "2013-03-31": "3.61870", "2012-12-31": "3.99990", "2012-09-30": "3.90110", "2012-06-30": "4.12540", "2012-03-31": "3.60240", "2011-12-31": "4.18760", "2011-09-30": "3.71600", "2011-06-30": "3.41060", "2011-03-31": "3.16470", "2010-12-31": "3.52190", "2010-09-30": "2.96680", "2010-06-30": "2.39820", "2010-03-31": "2.65150", "2009-12-31": "2.31500", "2009-09-30": "2.36720", "2009-06-30": "2.62230", "2009-03-31": "4.17280", "2008-12-31": "6.08750", "2008-09-30": "3.75220", "2008-06-30": "5.78760", "2008-03-31": "5.06700", "2007-12-31": "5.63370", "2007-09-30": "6.41200", "2007-06-30": "6.83900", "2007-03-31": "6.81020", "2006-12-31": "7.59680", "2006-09-30": "7.12760", "2006-06-30": "6.05150", "2006-03-31": "5.19220", "2005-12-31": "4.44770", "2005-09-30": "3.34690", "2005-06-30": "2.90610", "2005-03-31": "2.25830"}, "Return On Tangible Equity": {"2020-09-30": "-1.90000", "2020-06-30": "-1.40790", "2020-03-31": "-12.62360", "2019-12-31": "0.80730", "2019-09-30": "1.09010", "2019-06-30": "-3.90650", "2019-03-31": "1.71900", "2018-12-31": "0.19980", "2018-09-30": "0.05120", "2018-06-30": "-0.19020", "2018-03-31": "-0.03750", "2017-12-31": "11.26970", "2017-09-30": "-0.53450", "2017-06-30": "-0.55770", "2017-03-31": "-1.11500", "2016-12-31": "-0.77200", "2016-09-30": "-1.59970", "2016-06-30": "-0.45080", "2016-03-31": "0.52640", "2015-12-31": "0.32910", "2015-09-30": "-0.56350", "2015-06-30": "1.81020", "2015-03-31": "3.06940", "2014-12-31": "4.13770", "2014-09-30": "3.40520", "2014-06-30": "3.99020", "2014-03-31": "3.72410", "2013-12-31": "3.79070", "2013-09-30": "3.59600", "2013-06-30": "5.84350", "2013-03-31": "3.61870", "2012-12-31": "3.99990", "2012-09-30": "3.90110", "2012-06-30": "4.12540", "2012-03-31": "3.60240", "2011-12-31": "4.18760", "2011-09-30": "3.71600", "2011-06-30": "3.41060", "2011-03-31": "3.16470", "2010-12-31": "3.52190", "2010-09-30": "2.96680", "2010-06-30": "2.39820", "2010-03-31": "2.65150", "2009-12-31": "2.31500", "2009-09-30": "2.36720", "2009-06-30": "2.62230", "2009-03-31": "4.17280", "2008-12-31": "6.08750", "2008-09-30": "3.75220", "2008-06-30": "5.78760", "2008-03-31": "5.06700", "2007-12-31": "5.63370", "2007-09-30": "6.41200", "2007-06-30": "6.83900", "2007-03-31": "6.81020", "2006-12-31": "7.59680", "2006-09-30": "7.12760", "2006-06-30": "6.05150", "2006-03-31": "5.19220", "2005-12-31": "4.44770", "2005-09-30": "3.34690", "2005-06-30": "2.90610", "2005-03-31": "2.25830"}, "ROA - Return On Assets": {"2020-09-30": "-1.25570", "2020-06-30": "-0.92710", "2020-03-31": "-8.12220", "2019-12-31": "0.52600", "2019-09-30": "0.71740", "2019-06-30": "-2.62190", "2019-03-31": "1.16940", "2018-12-31": "0.13610", "2018-09-30": "0.03500", "2018-06-30": "-0.13050", "2018-03-31": "-0.02610", "2017-12-31": "7.86910", "2017-09-30": "-0.33710", "2017-06-30": "-0.35500", "2017-03-31": "-0.74140", "2016-12-31": "-0.51750", "2016-09-30": "-1.06660", "2016-06-30": "-0.30380", "2016-03-31": "0.35830", "2015-12-31": "0.22300", "2015-09-30": "-0.38600", "2015-06-30": "1.23910", "2015-03-31": "2.09070", "2014-12-31": "2.99380", "2014-09-30": "2.47800", "2014-06-30": "2.87300", "2014-03-31": "2.69080", "2013-12-31": "2.70150", "2013-09-30": "2.55070", "2013-06-30": "4.04960", "2013-03-31": "2.51260", "2012-12-31": "2.68960", "2012-09-30": "2.61500", "2012-06-30": "2.71720", "2012-03-31": "2.38490", "2011-12-31": "2.74440", "2011-09-30": "2.42840", "2011-06-30": "2.23640", "2011-03-31": "2.09410", "2010-12-31": "2.33710", "2010-09-30": "1.95270", "2010-06-30": "1.59270", "2010-03-31": "1.76200", "2009-12-31": "1.50630", "2009-09-30": "1.52640", "2009-06-30": "1.66720", "2009-03-31": "2.60660", "2008-12-31": "3.83510", "2008-09-30": "2.36910", "2008-06-30": "3.71080", "2008-03-31": "3.23350", "2007-12-31": "3.52530", "2007-09-30": "4.03450", "2007-06-30": "4.28690", "2007-03-31": "4.30100", "2006-12-31": "4.87610", "2006-09-30": "4.61400", "2006-06-30": "4.02920", "2006-03-31": "3.42740", "2005-12-31": "2.88430", "2005-09-30": "2.17160", "2005-06-30": "1.89900", "2005-03-31": "1.48000"}, "ROI - Return On Investment": {"2020-09-30": "-1.59630", "2020-06-30": "-1.18690", "2020-03-31": "-10.66960", "2019-12-31": "0.68980", "2019-09-30": "0.93260", "2019-06-30": "-3.37110", "2019-03-31": "1.49400", "2018-12-31": "0.17360", "2018-09-30": "0.04460", "2018-06-30": "-0.16560", "2018-03-31": "-0.03270", "2017-12-31": "9.84830", "2017-09-30": "-0.46620", "2017-06-30": "-0.48760", "2017-03-31": "-1.00160", "2016-12-31": "-0.69550", "2016-09-30": "-1.44220", "2016-06-30": "-0.40800", "2016-03-31": "0.47720", "2015-12-31": "0.29870", "2015-09-30": "-0.51200", "2015-06-30": "1.63670", "2015-03-31": "2.77390", "2014-12-31": "4.10430", "2014-09-30": "3.37790", "2014-06-30": "3.92500", "2014-03-31": "3.66160", "2013-12-31": "3.72550", "2013-09-30": "3.53240", "2013-06-30": "5.58970", "2013-03-31": "3.45720", "2012-12-31": "3.81350", "2012-09-30": "3.71230", "2012-06-30": "3.87490", "2012-03-31": "3.38180", "2011-12-31": "3.92030", "2011-09-30": "3.46680", "2011-06-30": "3.07620", "2011-03-31": "2.84620", "2010-12-31": "3.14980", "2010-09-30": "2.62960", "2010-06-30": "2.09600", "2010-03-31": "2.29090", "2009-12-31": "2.03450", "2009-09-30": "2.04680", "2009-06-30": "2.24940", "2009-03-31": "3.55750", "2008-12-31": "5.05050", "2008-09-30": "3.10180", "2008-06-30": "4.78290", "2008-03-31": "4.09180", "2007-12-31": "4.49480", "2007-09-30": "5.14970", "2007-06-30": "5.58020", "2007-03-31": "5.62680", "2006-12-31": "6.66050", "2006-09-30": "6.32640", "2006-06-30": "5.25610", "2006-03-31": "4.47290", "2005-12-31": "3.78510", "2005-09-30": "2.82360", "2005-06-30": "2.43220", "2005-03-31": "1.87860"}, "Book Value Per Share": {"2020-09-30": "30.87330", "2020-06-30": "31.59980", "2020-03-31": "32.22000", "2019-12-31": "36.51400", "2019-09-30": "37.00020", "2019-06-30": "37.42070", "2019-03-31": "39.47120", "2018-12-31": "39.54330", "2018-09-30": "40.21080", "2018-06-30": "40.77780", "2018-03-31": "41.36000", "2017-12-31": "42.17330", "2017-09-30": "38.34660", "2017-06-30": "39.14000", "2017-03-31": "40.04380", "2016-12-31": "41.22870", "2016-09-30": "42.20030", "2016-06-30": "43.50630", "2016-03-31": "44.26270", "2015-12-31": "44.72040", "2015-09-30": "45.42950", "2015-06-30": "46.64360", "2015-03-31": "46.46720", "2014-12-31": "45.72140", "2014-09-30": "45.18980", "2014-06-30": "44.53870", "2014-03-31": "43.38160", "2013-12-31": "42.52010", "2013-09-30": "41.64030", "2013-06-30": "40.34590", "2013-03-31": "39.23380", "2012-12-31": "37.55980", "2012-09-30": "36.28260", "2012-06-30": "34.39050", "2012-03-31": "33.53560", "2011-12-31": "32.10240", "2011-09-30": "30.53670", "2011-06-30": "30.09930", "2011-03-31": "29.26230", "2010-12-31": "27.88980", "2010-09-30": "26.53080", "2010-06-30": "25.56940", "2010-03-31": "26.43680", "2009-12-31": "26.08030", "2009-09-30": "25.43470", "2009-06-30": "24.59760", "2009-03-31": "23.60480", "2008-12-31": "22.66070", "2008-09-30": "21.53040", "2008-06-30": "20.58920", "2008-03-31": "19.33550", "2007-12-31": "18.47420", "2007-09-30": "16.95830", "2007-06-30": "16.28390", "2007-03-31": "15.19580", "2006-12-31": "14.12720", "2006-09-30": "12.90790", "2006-06-30": "12.56370", "2006-03-31": "11.86180", "2005-12-31": "10.96650", "2005-09-30": "10.08090", "2005-06-30": "9.98350", "2005-03-31": "9.67200"}, "Operating Cash Flow Per Share": {"2020-09-30": 0.8357, "2020-06-30": 2.0105, "2020-03-31": 1.1149, "2019-12-31": "1.02810", "2019-09-30": 1.8096, "2019-06-30": 2.2906, "2019-03-31": 1.8208, "2018-12-31": "1.91440", "2018-09-30": 1.6892, "2018-06-30": 1.5032, "2018-03-31": 1.1777, "2017-12-31": "0.72970", "2017-09-30": 1.2083, "2017-06-30": 0.8287, "2017-03-31": 0.6973, "2016-12-31": "0.68690", "2016-09-30": 1.2909, "2016-06-30": 1.155, "2016-03-31": 1.6979, "2015-12-31": "2.84290", "2015-09-30": 2.5416, "2015-06-30": 3.0815, "2015-03-31": 3.9215, "2014-12-31": "3.61350", "2014-09-30": 3.0442, "2014-06-30": 2.3504, "2014-03-31": 2.1428, "2013-12-31": "2.80780", "2013-09-30": 2.18, "2013-06-30": 2.4775, "2013-03-31": 1.4028, "2012-12-31": "3.18330", "2012-09-30": 3.5766, "2012-06-30": 1.6292, "2012-03-31": 1.8491, "2011-12-31": "2.17520", "2011-09-30": 2.5966, "2011-06-30": 2.2422, "2011-03-31": 1.9471, "2010-12-31": "2.21280", "2010-09-30": 1.2046, "2010-06-30": 1.0015, "2010-03-31": 0.9575, "2009-12-31": "1.14060", "2009-09-30": 1.5204, "2009-06-30": 2.265, "2009-03-31": 2.224, "2008-12-31": "2.39470", "2008-09-30": 1.365, "2008-06-30": 1.6764, "2008-03-31": 1.4314, "2007-12-31": "1.05000", "2007-09-30": 1.6774, "2007-06-30": 1.3143, "2007-03-31": 1.0299, "2006-12-31": "1.31540", "2006-09-30": 0.746, "2006-06-30": 0.7491, "2006-03-31": 0.729, "2005-12-31": "0.56960", "2005-09-30": 0.7951, "2005-06-30": 0.4936, "2005-03-31": 0.7508}, "Free Cash Flow Per Share": {"2020-09-30": 1.0934, "2020-06-30": 1.8154, "2020-03-31": 0.7886, "2019-12-31": "0.71410", "2019-09-30": 1.4347, "2019-06-30": 1.7227, "2019-03-31": 0.7177, "2018-12-31": "0.22840", "2018-09-30": 0.5347, "2018-06-30": 0.3906, "2018-03-31": 0.3455, "2017-12-31": "-0.03070", "2017-09-30": 0.3606, "2017-06-30": -0.2813, "2017-03-31": -0.046, "2016-12-31": "-0.06050", "2016-09-30": 1.0254, "2016-06-30": 0.8159, "2016-03-31": 1.1235, "2015-12-31": "1.84290", "2015-09-30": 1.1226, "2015-06-30": 1.2165, "2015-03-31": 0.3261, "2014-12-31": "0.28010", "2014-09-30": 0.0974, "2014-06-30": 0.0037, "2014-03-31": 0.2168, "2013-12-31": "1.58530", "2013-09-30": 0.475, "2013-06-30": 0.8607, "2013-03-31": -0.5414, "2012-12-31": "1.20930", "2012-09-30": 0.6636, "2012-06-30": -0.9338, "2012-03-31": -0.1666, "2011-12-31": "-0.09330", "2011-09-30": 0.7916, "2011-06-30": 0.3821, "2011-03-31": 0.5174, "2010-12-31": "1.16330", "2010-09-30": 0.2001, "2010-06-30": 0.3012, "2010-03-31": 0.248, "2009-12-31": "0.55960", "2009-09-30": 0.1929, "2009-06-30": 0.3544, "2009-03-31": -0.3453, "2008-12-31": "0.05280", "2008-09-30": -0.2581, "2008-06-30": -0.0399, "2008-03-31": -0.1607, "2007-12-31": "-0.35570", "2007-09-30": -0.3024, "2007-06-30": -0.9443, "2007-03-31": -0.9642, "2006-12-31": "-0.46750", "2006-09-30": -1.1913, "2006-06-30": -0.652, "2006-03-31": -0.3154, "2005-12-31": "0.07810", "2005-09-30": 0.4601, "2005-06-30": 0.2351, "2005-03-31": 0.7887}}, "revenue": {"Helmerich & Payne Annual Revenue (Millions of US $)": {"2020": "$1,774", "2019": "$2,798", "2018": "$2,487", "2017": "$1,805", "2016": "$1,624", "2015": "$3,162", "2014": "$3,716", "2013": "$3,388", "2012": "$3,152", "2011": "$2,544", "2010": "$1,875", "2009": "$1,844", "2008": "$1,869", "2007": "$1,630", "2006": "$1,225", "2005": "$801"}, "Helmerich & Payne Quarterly Revenue (Millions of US $)": {"2020-09-30": "$208", "2020-06-30": "$317", "2020-03-31": "$634", "2019-12-31": "$615", "2019-09-30": "$649", "2019-06-30": "$688", "2019-03-31": "$721", "2018-12-31": "$741", "2018-09-30": "$697", "2018-06-30": "$649", "2018-03-31": "$577", "2017-12-31": "$564", "2017-09-30": "$532", "2017-06-30": "$499", "2017-03-31": "$405", "2016-12-31": "$369", "2016-09-30": "$332", "2016-06-30": "$366", "2016-03-31": "$438", "2015-12-31": "$488", "2015-09-30": "$554", "2015-06-30": "$661", "2015-03-31": "$886", "2014-12-31": "$1,061", "2014-09-30": "$981", "2014-06-30": "$952", "2014-03-31": "$893", "2013-12-31": "$889", "2013-09-30": "$865", "2013-06-30": "$840", "2013-03-31": "$838", "2012-12-31": "$845", "2012-09-30": "$829", "2012-06-30": "$820", "2012-03-31": "$770", "2011-12-31": "$733", "2011-09-30": "$701", "2011-06-30": "$644", "2011-03-31": "$604", "2010-12-31": "$595", "2010-09-30": "$559", "2010-06-30": "$483", "2010-03-31": "$437", "2009-12-31": "$396", "2009-09-30": "$315", "2009-06-30": "$384", "2009-03-31": "$520", "2008-12-31": "$624", "2008-09-30": "$417", "2008-06-30": "$523", "2008-03-31": "$474", "2007-12-31": "$457", "2007-09-30": "$449", "2007-06-30": "$421", "2007-03-31": "$373", "2006-12-31": "$386", "2006-09-30": "$359", "2006-06-30": "$320", "2006-03-31": "$291", "2005-12-31": "$255", "2005-09-30": "$233", "2005-06-30": "$207", "2005-03-31": "$185"}}, "gross-profit": {"Helmerich & Payne Annual Gross Profit (Millions of US $)": {"2020": "$583", "2019": "$990", "2018": "$835", "2017": "$555", "2016": "$725", "2015": "$1,458", "2014": "$1,709", "2013": "$1,535", "2012": "$1,401", "2011": "$1,111", "2010": "$803", "2009": "$899", "2008": "$882", "2007": "$767", "2006": "$563", "2005": "$316"}, "Helmerich & Payne Quarterly Gross Profit (Millions of US $)": {"2020-09-30": "$43", "2020-06-30": "$111", "2020-03-31": "$216", "2019-12-31": "$214", "2019-09-30": "$216", "2019-06-30": "$243", "2019-03-31": "$279", "2018-12-31": "$252", "2018-09-30": "$246", "2018-06-30": "$204", "2018-03-31": "$193", "2017-12-31": "$191", "2017-09-30": "$165", "2017-06-30": "$161", "2017-03-31": "$108", "2016-12-31": "$121", "2016-09-30": "$117", "2016-06-30": "$180", "2016-03-31": "$217", "2015-12-31": "$211", "2015-09-30": "$228", "2015-06-30": "$311", "2015-03-31": "$419", "2014-12-31": "$501", "2014-09-30": "$444", "2014-06-30": "$437", "2014-03-31": "$413", "2013-12-31": "$415", "2013-09-30": "$391", "2013-06-30": "$389", "2013-03-31": "$377", "2012-12-31": "$378", "2012-09-30": "$382", "2012-06-30": "$356", "2012-03-31": "$322", "2011-12-31": "$342", "2011-09-30": "$304", "2011-06-30": "$279", "2011-03-31": "$264", "2010-12-31": "$265", "2010-09-30": "$230", "2010-06-30": "$198", "2010-03-31": "$188", "2009-12-31": "$188", "2009-09-30": "$169", "2009-06-30": "$180", "2009-03-31": "$257", "2008-12-31": "$293", "2008-09-30": "$193", "2008-06-30": "$248", "2008-03-31": "$220", "2007-12-31": "$221", "2007-09-30": "$215", "2007-06-30": "$192", "2007-03-31": "$173", "2006-12-31": "$187", "2006-09-30": "$164", "2006-06-30": "$150", "2006-03-31": "$134", "2005-12-31": "$115", "2005-09-30": "$96", "2005-06-30": "$86", "2005-03-31": "$71"}}, "operating-income": {"Helmerich & Payne Annual Operating Income (Millions of US $)": {"2020": "$-620", "2019": "$21", "2018": "$33", "2017": "$-169", "2016": "$-26", "2015": "$672", "2014": "$1,053", "2013": "$957", "2012": "$910", "2011": "$703", "2010": "$452", "2009": "$609", "2008": "$640", "2007": "$632", "2006": "$417", "2005": "$193"}, "Helmerich & Payne Quarterly Operating Income (Millions of US $)": {"2020-09-30": "$-75", "2020-06-30": "$-58", "2020-03-31": "$-519", "2019-12-31": "$31", "2019-09-30": "$39", "2019-06-30": "$-168", "2019-03-31": "$95", "2018-12-31": "$54", "2018-09-30": "$24", "2018-06-30": "$6", "2018-03-31": "$-1", "2017-12-31": "$4", "2017-09-30": "$-26", "2017-06-30": "$-28", "2017-03-31": "$-66", "2016-12-31": "$-49", "2016-09-30": "$-93", "2016-06-30": "$-13", "2016-03-31": "$42", "2015-12-31": "$39", "2015-09-30": "$-25", "2015-06-30": "$135", "2015-03-31": "$231", "2014-12-31": "$330", "2014-09-30": "$262", "2014-06-30": "$272", "2014-03-31": "$255", "2013-12-31": "$264", "2013-09-30": "$243", "2013-06-30": "$240", "2013-03-31": "$233", "2012-12-31": "$241", "2012-09-30": "$239", "2012-06-30": "$233", "2012-03-31": "$207", "2011-12-31": "$231", "2011-09-30": "$193", "2011-06-30": "$174", "2011-03-31": "$164", "2010-12-31": "$171", "2010-09-30": "$133", "2010-06-30": "$111", "2010-03-31": "$102", "2009-12-31": "$105", "2009-09-30": "$97", "2009-06-30": "$106", "2009-03-31": "$183", "2008-12-31": "$222", "2008-09-30": "$138", "2008-06-30": "$178", "2008-03-31": "$156", "2007-12-31": "$169", "2007-09-30": "$167", "2007-06-30": "$155", "2007-03-31": "$164", "2006-12-31": "$147", "2006-09-30": "$122", "2006-06-30": "$114", "2006-03-31": "$100", "2005-12-31": "$81", "2005-09-30": "$72", "2005-06-30": "$51", "2005-03-31": "$39"}}, "ebitda": {"Helmerich & Payne Annual EBITDA (Millions of US $)": {"2020": "$-136", "2019": "$585", "2018": "$618", "2017": "$418", "2016": "$574", "2015": "$1,281", "2014": "$1,578", "2013": "$1,413", "2012": "$1,297", "2011": "$1,018", "2010": "$714", "2009": "$836", "2008": "$835", "2007": "$778", "2006": "$519", "2005": "$289"}, "Helmerich & Payne Quarterly EBITDA (Millions of US $)": {"2020-09-30": "$35", "2020-06-30": "$53", "2020-03-31": "$-386", "2019-12-31": "$162", "2019-09-30": "$174", "2019-06-30": "$-24", "2019-03-31": "$239", "2018-12-31": "$196", "2018-09-30": "$175", "2018-06-30": "$151", "2018-03-31": "$145", "2017-12-31": "$147", "2017-09-30": "$128", "2017-06-30": "$117", "2017-03-31": "$87", "2016-12-31": "$85", "2016-09-30": "$84", "2016-06-30": "$126", "2016-03-31": "$183", "2015-12-31": "$181", "2015-09-30": "$150", "2015-06-30": "$280", "2015-03-31": "$382", "2014-12-31": "$469", "2014-09-30": "$413", "2014-06-30": "$401", "2014-03-31": "$379", "2013-12-31": "$384", "2013-09-30": "$362", "2013-06-30": "$358", "2013-03-31": "$345", "2012-12-31": "$347", "2012-09-30": "$355", "2012-06-30": "$328", "2012-03-31": "$298", "2011-12-31": "$317", "2011-09-30": "$280", "2011-06-30": "$254", "2011-03-31": "$240", "2010-12-31": "$244", "2010-09-30": "$206", "2010-06-30": "$177", "2010-03-31": "$165", "2009-12-31": "$166", "2009-09-30": "$158", "2009-06-30": "$160", "2009-03-31": "$240", "2008-12-31": "$277", "2008-09-30": "$186", "2008-06-30": "$229", "2008-03-31": "$208", "2007-12-31": "$213", "2007-09-30": "$212", "2007-06-30": "$193", "2007-03-31": "$197", "2006-12-31": "$177", "2006-09-30": "$152", "2006-06-30": "$139", "2006-03-31": "$124", "2005-12-31": "$104", "2005-09-30": "$98", "2005-06-30": "$75", "2005-03-31": "$63"}}, "net-income": {"Helmerich & Payne Annual Net Income (Millions of US $)": {"2020": "$-494", "2019": "$-34", "2018": "$483", "2017": "$-128", "2016": "$-57", "2015": "$420", "2014": "$707", "2013": "$737", "2012": "$581", "2011": "$434", "2010": "$156", "2009": "$354", "2008": "$462", "2007": "$449", "2006": "$294", "2005": "$128"}, "Helmerich & Payne Quarterly Net Income (Millions of US $)": {"2020-09-30": "$-59", "2020-06-30": "$-46", "2020-03-31": "$-421", "2019-12-31": "$31", "2019-09-30": "$41", "2019-06-30": "$-155", "2019-03-31": "$61", "2018-12-31": "$19", "2018-09-30": "$2", "2018-06-30": "$-8", "2018-03-31": "$-12", "2017-12-31": "$500", "2017-09-30": "$-23", "2017-06-30": "$-22", "2017-03-31": "$-49", "2016-12-31": "$-35", "2016-09-30": "$-73", "2016-06-30": "$-21", "2016-03-31": "$21", "2015-12-31": "$16", "2015-09-30": "$-26", "2015-06-30": "$91", "2015-03-31": "$154", "2014-12-31": "$202", "2014-09-30": "$167", "2014-06-30": "$192", "2014-03-31": "$175", "2013-12-31": "$173", "2013-09-30": "$160", "2013-06-30": "$266", "2013-03-31": "$151", "2012-12-31": "$160", "2012-09-30": "$158", "2012-06-30": "$150", "2012-03-31": "$129", "2011-12-31": "$144", "2011-09-30": "$121", "2011-06-30": "$110", "2011-03-31": "$99", "2010-12-31": "$104", "2010-09-30": "$83", "2010-06-30": "$-37", "2010-03-31": "$47", "2009-12-31": "$63", "2009-09-30": "$51", "2009-06-30": "$53", "2009-03-31": "$104", "2008-12-31": "$145", "2008-09-30": "$126", "2008-06-30": "$125", "2008-03-31": "$102", "2007-12-31": "$108", "2007-09-30": "$116", "2007-06-30": "$115", "2007-03-31": "$107", "2006-12-31": "$111", "2006-09-30": "$98", "2006-06-30": "$80", "2006-03-31": "$65", "2005-12-31": "$51", "2005-09-30": "$36", "2005-06-30": "$30", "2005-03-31": "$22"}}, "eps-earnings-per-share-diluted": {"Helmerich & Payne Annual EPS": {"2020": "$-4.60", "2019": "$-0.34", "2018": "$4.37", "2017": "$-1.20", "2016": "$-0.54", "2015": "$3.85", "2014": "$6.44", "2013": "$6.79", "2012": "$5.34", "2011": "$3.99", "2010": "$1.45", "2009": "$3.31", "2008": "$4.32", "2007": "$4.27", "2006": "$2.77", "2005": "$1.23"}, "Helmerich & Payne Quarterly EPS": {"2020-09-30": "$-0.56", "2020-06-30": "$-0.43", "2020-03-31": "$-3.88", "2019-12-31": "$0.27", "2019-09-30": "$0.36", "2019-06-30": "$-1.42", "2019-03-31": "$0.55", "2018-12-31": "$0.17", "2018-09-30": "$0.02", "2018-06-30": "$-0.08", "2018-03-31": "$-0.12", "2017-12-31": "$4.55", "2017-09-30": "$-0.21", "2017-06-30": "$-0.21", "2017-03-31": "$-0.45", "2016-12-31": "$-0.33", "2016-09-30": "$-0.68", "2016-06-30": "$-0.20", "2016-03-31": "$0.19", "2015-12-31": "$0.15", "2015-09-30": "$-0.25", "2015-06-30": "$0.83", "2015-03-31": "$1.41", "2014-12-31": "$1.86", "2014-09-30": "$1.51", "2014-06-30": "$1.75", "2014-03-31": "$1.59", "2013-12-31": "$1.59", "2013-09-30": "$1.46", "2013-06-30": "$2.46", "2013-03-31": "$1.39", "2012-12-31": "$1.48", "2012-09-30": "$1.46", "2012-06-30": "$1.38", "2012-03-31": "$1.18", "2011-12-31": "$1.32", "2011-09-30": "$1.11", "2011-06-30": "$1.01", "2011-03-31": "$0.91", "2010-12-31": "$0.96", "2010-09-30": "$0.77", "2010-06-30": "$-0.34", "2010-03-31": "$0.43", "2009-12-31": "$0.59", "2009-09-30": "$0.47", "2009-06-30": "$0.50", "2009-03-31": "$0.98", "2008-12-31": "$1.36", "2008-09-30": "$1.16", "2008-06-30": "$1.18", "2008-03-31": "$0.96", "2007-12-31": "$1.02", "2007-09-30": "$1.10", "2007-06-30": "$1.09", "2007-03-31": "$1.02", "2006-12-31": "$1.06", "2006-09-30": "$0.93", "2006-06-30": "$0.75", "2006-03-31": "$0.61", "2005-12-31": "$0.48", "2005-09-30": "$0.35", "2005-06-30": "$0.28", "2005-03-31": "$0.22"}}, "shares-outstanding": {"Helmerich & Payne Annual Shares Outstanding (Millions of Shares)": {"2020": "108", "2019": "109", "2018": "109", "2017": "109", "2016": "108", "2015": "109", "2014": "109", "2013": "108", "2012": "108", "2011": "109", "2010": "107", "2009": "107", "2008": "107", "2007": "105", "2006": "106", "2005": "104"}, "Helmerich & Payne Quarterly Shares Outstanding (Millions of Shares)": {"2020-09-30": "108", "2020-06-30": "107", "2020-03-31": "109", "2019-12-31": "109", "2019-09-30": "109", "2019-06-30": "109", "2019-03-31": "110", "2018-12-31": "109", "2018-09-30": "109", "2018-06-30": "109", "2018-03-31": "109", "2017-12-31": "109", "2017-09-30": "109", "2017-06-30": "109", "2017-03-31": "109", "2016-12-31": "108", "2016-09-30": "108", "2016-06-30": "108", "2016-03-31": "108", "2015-12-31": "108", "2015-09-30": "109", "2015-06-30": "108", "2015-03-31": "108", "2014-12-31": "109", "2014-09-30": "109", "2014-06-30": "109", "2014-03-31": "109", "2013-12-31": "109", "2013-09-30": "108", "2013-06-30": "108", "2013-03-31": "108", "2012-12-31": "107", "2012-09-30": "108", "2012-06-30": "108", "2012-03-31": "109", "2011-12-31": "109", "2011-09-30": "109", "2011-06-30": "109", "2011-03-31": "109", "2010-12-31": "108", "2010-09-30": "107", "2010-06-30": "107", "2010-03-31": "107", "2009-12-31": "107", "2009-09-30": "107", "2009-06-30": "107", "2009-03-31": "106", "2008-12-31": "106", "2008-09-30": "107", "2008-06-30": "107", "2008-03-31": "106", "2007-12-31": "106", "2007-09-30": "105", "2007-06-30": "105", "2007-03-31": "105", "2006-12-31": "105", "2006-09-30": "106", "2006-06-30": "106", "2006-03-31": "106", "2005-12-31": "106", "2005-09-30": "104", "2005-06-30": "104", "2005-03-31": "104"}}, "total-assets": {"Helmerich & Payne Annual Total Assets (Millions of US $)": {"2020": "$4,830", "2019": "$5,840", "2018": "$6,215", "2017": "$6,440", "2016": "$6,832", "2015": "$7,147", "2014": "$6,721", "2013": "$6,265", "2012": "$5,721", "2011": "$5,004", "2010": "$4,265", "2009": "$4,161", "2008": "$3,588", "2007": "$2,885", "2006": "$2,135", "2005": "$1,663"}, "Helmerich & Payne Quarterly Total Assets (Millions of US $)": {"2020-09-30": "$4,830", "2020-06-30": "$4,962", "2020-03-31": "$5,177", "2019-12-31": "$5,842", "2019-09-30": "$5,840", "2019-06-30": "$5,897", "2019-03-31": "$6,145", "2018-12-31": "$6,144", "2018-09-30": "$6,215", "2018-06-30": "$6,266", "2018-03-31": "$6,262", "2017-12-31": "$6,362", "2017-09-30": "$6,440", "2017-06-30": "$6,514", "2017-03-31": "$6,538", "2016-12-31": "$6,678", "2016-09-30": "$6,832", "2016-06-30": "$6,977", "2016-03-31": "$7,025", "2015-12-31": "$7,130", "2015-09-30": "$7,147", "2015-06-30": "$7,336", "2015-03-31": "$7,344", "2014-12-31": "$6,802", "2014-09-30": "$6,721", "2014-06-30": "$6,693", "2014-03-31": "$6,488", "2013-12-31": "$6,411", "2013-09-30": "$6,265", "2013-06-30": "$6,198", "2013-03-31": "$6,012", "2012-12-31": "$5,934", "2012-09-30": "$5,721", "2012-06-30": "$5,518", "2012-03-31": "$5,441", "2011-12-31": "$5,258", "2011-09-30": "$5,004", "2011-06-30": "$4,911", "2011-03-31": "$4,726", "2010-12-31": "$4,466", "2010-09-30": "$4,265", "2010-06-30": "$4,074", "2010-03-31": "$4,206", "2009-12-31": "$4,236", "2009-09-30": "$4,161", "2009-06-30": "$4,080", "2009-03-31": "$3,980", "2008-12-31": "$3,788", "2008-09-30": "$3,588", "2008-06-30": "$3,379", "2008-03-31": "$3,156", "2007-12-31": "$3,059", "2007-09-30": "$2,885", "2007-06-30": "$2,687", "2007-03-31": "$2,485", "2006-12-31": "$2,272", "2006-09-30": "$2,135", "2006-06-30": "$1,985", "2006-03-31": "$1,884", "2005-12-31": "$1,762", "2005-09-30": "$1,663", "2005-06-30": "$1,571", "2005-03-31": "$1,510"}}, "cash-on-hand": {"Helmerich & Payne Annual Cash on Hand (Millions of US $)": {"2020": "$577", "2019": "$401", "2018": "$326", "2017": "$566", "2016": "$950", "2015": "$775", "2014": "$361", "2013": "$448", "2012": "$96", "2011": "$364", "2010": "$63", "2009": "$109", "2008": "$122", "2007": "$89", "2006": "$83", "2005": "$289"}, "Helmerich & Payne Quarterly Cash on Hand (Millions of US $)": {"2020-09-30": "$577", "2020-06-30": "$492", "2020-03-31": "$382", "2019-12-31": "$412", "2019-09-30": "$401", "2019-06-30": "$381", "2019-03-31": "$270", "2018-12-31": "$270", "2018-09-30": "$326", "2018-06-30": "$351", "2018-03-31": "$380", "2017-12-31": "$426", "2017-09-30": "$566", "2017-06-30": "$613", "2017-03-31": "$790", "2016-12-31": "$871", "2016-09-30": "$950", "2016-06-30": "$957", "2016-03-31": "$944", "2015-12-31": "$896", "2015-09-30": "$775", "2015-06-30": "$771", "2015-03-31": "$719", "2014-12-31": "$252", "2014-09-30": "$361", "2014-06-30": "$550", "2014-03-31": "$585", "2013-12-31": "$581", "2013-09-30": "$448", "2013-06-30": "$480", "2013-03-31": "$173", "2012-12-31": "$241", "2012-09-30": "$96", "2012-06-30": "$149", "2012-03-31": "$324", "2011-12-31": "$348", "2011-09-30": "$364", "2011-06-30": "$288", "2011-03-31": "$241", "2010-12-31": "$174", "2010-09-30": "$63", "2010-06-30": "$78", "2010-03-31": "$126", "2009-12-31": "$166", "2009-09-30": "$109", "2009-06-30": "$154", "2009-03-31": "$139", "2008-12-31": "$138", "2008-09-30": "$122", "2008-06-30": "$99", "2008-03-31": "$91", "2007-12-31": "$98", "2007-09-30": "$89", "2007-06-30": "$71", "2007-03-31": "$89", "2006-12-31": "$73", "2006-09-30": "$83", "2006-06-30": "$217", "2006-03-31": "$277", "2005-12-31": "$302", "2005-09-30": "$289", "2005-06-30": "$236", "2005-03-31": "$208"}}, "long-term-debt": {"Helmerich & Payne Annual Long Term Debt (Millions of US $)": {"2020": "$481", "2019": "$479", "2018": "$494", "2017": "$493", "2016": "$492", "2015": "$492", "2014": "$40", "2013": "$80", "2012": "$195", "2011": "$235", "2010": "$360", "2009": "$420", "2008": "$475", "2007": "$445", "2006": "$175", "2005": "$200"}, "Helmerich & Payne Quarterly Long Term Debt (Millions of US $)": {"2020-09-30": "$481", "2020-06-30": "$480", "2020-03-31": "$480", "2019-12-31": "$479", "2019-09-30": "$479", "2019-06-30": "$492", "2019-03-31": "$491", "2018-12-31": "$491", "2018-09-30": "$494", "2018-06-30": "$494", "2018-03-31": "$493", "2017-12-31": "$493", "2017-09-30": "$493", "2017-06-30": "$493", "2017-03-31": "$492", "2016-12-31": "$492", "2016-09-30": "$492", "2016-06-30": "$493", "2016-03-31": "$493", "2015-12-31": "$493", "2015-09-30": "$492", "2015-06-30": "$532", "2015-03-31": "$533", "2014-12-31": "$40", "2014-09-30": "$40", "2014-06-30": "$80", "2014-03-31": "$80", "2013-12-31": "$80", "2013-09-30": "$80", "2013-06-30": "$195", "2013-03-31": "$195", "2012-12-31": "$195", "2012-09-30": "$195", "2012-06-30": "$235", "2012-03-31": "$235", "2011-12-31": "$235", "2011-09-30": "$235", "2011-06-30": "$350", "2011-03-31": "$350", "2010-12-31": "$350", "2010-09-30": "$360", "2010-06-30": "$390", "2010-03-31": "$440", "2009-12-31": "$380", "2009-09-30": "$420", "2009-06-30": "$430", "2009-03-31": "$430", "2008-12-31": "$490", "2008-09-30": "$475", "2008-06-30": "$455", "2008-03-31": "$480", "2007-12-31": "$485", "2007-09-30": "$445", "2007-06-30": "$380", "2007-03-31": "$330", "2006-12-31": "$205", "2006-09-30": "$175", "2006-06-30": "$200", "2006-03-31": "$200", "2005-12-31": "$200", "2005-09-30": "$200", "2005-06-30": "$200", "2005-03-31": "$200"}}, "total-liabilities": {"Helmerich & Payne Annual Total Liabilities (Millions of US $)": {"2020": "$1,511", "2019": "$1,827", "2018": "$1,832", "2017": "$2,275", "2016": "$2,271", "2015": "$2,251", "2014": "$1,830", "2013": "$1,821", "2012": "$1,886", "2011": "$1,734", "2010": "$1,458", "2009": "$1,478", "2008": "$1,323", "2007": "$1,070", "2006": "$753", "2005": "$584"}, "Helmerich & Payne Quarterly Total Liabilities (Millions of US $)": {"2020-09-30": "$1,511", "2020-06-30": "$1,566", "2020-03-31": "$1,716", "2019-12-31": "$1,866", "2019-09-30": "$1,827", "2019-06-30": "$1,802", "2019-03-31": "$1,826", "2018-12-31": "$1,818", "2018-09-30": "$1,832", "2018-06-30": "$1,823", "2018-03-31": "$1,759", "2017-12-31": "$1,772", "2017-09-30": "$2,275", "2017-06-30": "$2,264", "2017-03-31": "$2,191", "2016-12-31": "$2,202", "2016-09-30": "$2,271", "2016-06-30": "$2,275", "2016-03-31": "$2,243", "2015-12-31": "$2,300", "2015-09-30": "$2,251", "2015-06-30": "$2,314", "2015-03-31": "$2,342", "2014-12-31": "$1,880", "2014-09-30": "$1,830", "2014-06-30": "$1,874", "2014-03-31": "$1,800", "2013-12-31": "$1,842", "2013-09-30": "$1,821", "2013-06-30": "$1,903", "2013-03-31": "$1,838", "2012-12-31": "$1,944", "2012-09-30": "$1,886", "2012-06-30": "$1,884", "2012-03-31": "$1,839", "2011-12-31": "$1,812", "2011-09-30": "$1,734", "2011-06-30": "$1,691", "2011-03-31": "$1,599", "2010-12-31": "$1,502", "2010-09-30": "$1,458", "2010-06-30": "$1,368", "2010-03-31": "$1,411", "2009-12-31": "$1,480", "2009-09-30": "$1,478", "2009-06-30": "$1,486", "2009-03-31": "$1,494", "2008-12-31": "$1,402", "2008-09-30": "$1,323", "2008-06-30": "$1,212", "2008-03-31": "$1,142", "2007-12-31": "$1,145", "2007-09-30": "$1,070", "2007-06-30": "$1,003", "2007-03-31": "$915", "2006-12-31": "$814", "2006-09-30": "$753", "2006-06-30": "$663", "2006-03-31": "$640", "2005-12-31": "$619", "2005-09-30": "$584", "2005-06-30": "$544", "2005-03-31": "$520"}}, "total-share-holder-equity": {"Helmerich & Payne Annual Share Holder Equity (Millions of US $)": {"2020": "$3,319", "2019": "$4,012", "2018": "$4,383", "2017": "$4,165", "2016": "$4,561", "2015": "$4,896", "2014": "$4,891", "2013": "$4,444", "2012": "$3,835", "2011": "$3,270", "2010": "$2,807", "2009": "$2,683", "2008": "$2,265", "2007": "$1,816", "2006": "$1,382", "2005": "$1,079"}, "Helmerich & Payne Quarterly Share Holder Equity (Millions of US $)": {"2020-09-30": "$3,319", "2020-06-30": "$3,396", "2020-03-31": "$3,461", "2019-12-31": "$3,976", "2019-09-30": "$4,012", "2019-06-30": "$4,095", "2019-03-31": "$4,319", "2018-12-31": "$4,326", "2018-09-30": "$4,383", "2018-06-30": "$4,442", "2018-03-31": "$4,503", "2017-12-31": "$4,590", "2017-09-30": "$4,165", "2017-06-30": "$4,250", "2017-03-31": "$4,347", "2016-12-31": "$4,476", "2016-09-30": "$4,561", "2016-06-30": "$4,701", "2016-03-31": "$4,782", "2015-12-31": "$4,830", "2015-09-30": "$4,896", "2015-06-30": "$5,022", "2015-03-31": "$5,002", "2014-12-31": "$4,921", "2014-09-30": "$4,891", "2014-06-30": "$4,819", "2014-03-31": "$4,688", "2013-12-31": "$4,569", "2013-09-30": "$4,444", "2013-06-30": "$4,295", "2013-03-31": "$4,175", "2012-12-31": "$3,990", "2012-09-30": "$3,835", "2012-06-30": "$3,635", "2012-03-31": "$3,602", "2011-12-31": "$3,446", "2011-09-30": "$3,270", "2011-06-30": "$3,220", "2011-03-31": "$3,127", "2010-12-31": "$2,963", "2010-09-30": "$2,807", "2010-06-30": "$2,706", "2010-03-31": "$2,795", "2009-12-31": "$2,756", "2009-09-30": "$2,683", "2009-06-30": "$2,594", "2009-03-31": "$2,486", "2008-12-31": "$2,386", "2008-09-30": "$2,265", "2008-06-30": "$2,166", "2008-03-31": "$2,014", "2007-12-31": "$1,914", "2007-09-30": "$1,816", "2007-06-30": "$1,685", "2007-03-31": "$1,569", "2006-12-31": "$1,458", "2006-09-30": "$1,382", "2006-06-30": "$1,322", "2006-03-31": "$1,244", "2005-12-31": "$1,142", "2005-09-30": "$1,079", "2005-06-30": "$1,026", "2005-03-31": "$990"}}, "profit-margins": {"current": "-27.88%"}, "gross margin": {"2020-09-30": "32.92%", "2020-06-30": "34.18%", "2020-03-31": "34.38%", "2019-12-31": "35.62%", "2019-09-30": "35.37%", "2019-06-30": "35.83%", "2019-03-31": "34.94%", "2018-12-31": "33.60%", "2018-09-30": "33.53%", "2018-06-30": "32.43%", "2018-03-31": "32.69%", "2017-12-31": "31.25%", "2017-09-30": "30.75%", "2017-06-30": "31.59%", "2017-03-31": "35.73%", "2016-12-31": "42.19%", "2016-09-30": "44.64%", "2016-06-30": "45.29%", "2016-03-31": "45.17%", "2015-12-31": "45.15%", "2015-09-30": "46.14%", "2015-06-30": "46.67%", "2015-03-31": "46.42%", "2014-12-31": "46.18%", "2014-09-30": "46.00%", "2014-06-30": "46.01%", "2014-03-31": "46.11%", "2013-12-31": "45.80%", "2013-09-30": "45.31%", "2013-06-30": "45.53%", "2013-03-31": "44.81%", "2012-12-31": "44.06%", "2012-09-30": "44.48%", "2012-06-30": "43.78%", "2012-03-31": "43.79%", "2011-12-31": "44.33%", "2011-09-30": "43.71%", "2011-06-30": "43.21%", "2011-03-31": "42.70%", "2010-12-31": "42.48%", "2010-09-30": "42.88%", "2010-06-30": "45.55%", "2010-03-31": "47.32%", "2009-12-31": "49.16%", "2009-09-30": "48.78%", "2009-06-30": "47.46%", "2009-03-31": "47.55%", "2008-12-31": "46.81%", "2008-09-30": "47.14%", "2008-06-30": "47.50%", "2008-03-31": "47.08%", "2007-12-31": "47.12%", "2007-09-30": "47.08%", "2007-06-30": "46.52%", "2007-03-31": "46.87%", "2006-12-31": "46.83%", "2006-09-30": "45.96%", "2006-06-30": "45.04%", "2006-03-31": "43.71%", "2005-12-31": "41.82%"}, "operating margin": {"2020-09-30": "-35.01%", "2020-06-30": "-22.89%", "2020-03-31": "-23.86%", "2019-12-31": "-0.11%", "2019-09-30": "0.71%", "2019-06-30": "0.18%", "2019-03-31": "6.37%", "2018-12-31": "3.12%", "2018-09-30": "1.33%", "2018-06-30": "-0.73%", "2018-03-31": "-2.35%", "2017-12-31": "-5.80%", "2017-09-30": "-9.36%", "2017-06-30": "-14.70%", "2017-03-31": "-15.01%", "2016-12-31": "-7.51%", "2016-09-30": "-1.54%", "2016-06-30": "2.33%", "2016-03-31": "8.92%", "2015-12-31": "14.68%", "2015-09-30": "21.22%", "2015-06-30": "26.69%", "2015-03-31": "28.22%", "2014-12-31": "28.79%", "2014-09-30": "28.34%", "2014-06-30": "28.73%", "2014-03-31": "28.74%", "2013-12-31": "28.55%", "2013-09-30": "28.25%", "2013-06-30": "28.43%", "2013-03-31": "28.39%", "2012-12-31": "28.19%", "2012-09-30": "28.87%", "2012-06-30": "28.57%", "2012-03-31": "28.27%", "2011-12-31": "28.41%", "2011-09-30": "27.59%", "2011-06-30": "26.73%", "2011-03-31": "25.84%", "2010-12-31": "24.93%", "2010-09-30": "24.05%", "2010-06-30": "25.44%", "2010-03-31": "26.76%", "2009-12-31": "30.40%", "2009-09-30": "32.99%", "2009-06-30": "33.37%", "2009-03-31": "34.60%", "2008-12-31": "34.05%", "2008-09-30": "34.26%", "2008-06-30": "35.21%", "2008-03-31": "35.92%", "2007-12-31": "38.53%", "2007-09-30": "38.86%", "2007-06-30": "38.21%", "2007-03-31": "38.04%", "2006-12-31": "35.62%", "2006-09-30": "34.04%", "2006-06-30": "33.39%", "2006-03-31": "30.83%", "2005-12-31": "27.61%"}, "ebitda margin": {"2020-09-30": "-7.67%", "2020-06-30": "0.14%", "2020-03-31": "-2.86%", "2019-12-31": "20.61%", "2019-09-30": "20.90%", "2019-06-30": "20.58%", "2019-03-31": "27.10%", "2018-12-31": "25.04%", "2018-09-30": "24.85%", "2018-06-30": "24.59%", "2018-03-31": "24.72%", "2017-12-31": "23.95%", "2017-09-30": "23.10%", "2017-06-30": "23.24%", "2017-03-31": "25.95%", "2016-12-31": "31.76%", "2016-09-30": "35.34%", "2016-06-30": "34.67%", "2016-03-31": "37.09%", "2015-12-31": "38.35%", "2015-09-30": "40.51%", "2015-06-30": "43.02%", "2015-03-31": "42.91%", "2014-12-31": "42.76%", "2014-09-30": "42.45%", "2014-06-30": "42.40%", "2014-03-31": "42.53%", "2013-12-31": "42.22%", "2013-09-30": "41.68%", "2013-06-30": "41.92%", "2013-03-31": "41.27%", "2012-12-31": "40.69%", "2012-09-30": "41.18%", "2012-06-30": "40.44%", "2012-03-31": "40.34%", "2011-12-31": "40.68%", "2011-09-30": "40.02%", "2011-06-30": "39.30%", "2011-03-31": "38.69%", "2010-12-31": "38.19%", "2010-09-30": "38.08%", "2010-06-30": "40.83%", "2010-03-31": "42.36%", "2009-12-31": "44.83%", "2009-09-30": "45.31%", "2009-06-30": "44.37%", "2009-03-31": "44.72%", "2008-12-31": "44.16%", "2008-09-30": "44.68%", "2008-06-30": "45.30%", "2008-03-31": "45.86%", "2007-12-31": "47.94%", "2007-09-30": "47.82%", "2007-06-30": "46.72%", "2007-03-31": "46.24%", "2006-12-31": "43.66%", "2006-09-30": "42.37%", "2006-06-30": "42.31%", "2006-03-31": "40.67%", "2005-12-31": "38.64%"}, "pre tax profit margin": {"2020-09-30": "-35.91%", "2020-06-30": "-23.66%", "2020-03-31": "-25.02%", "2019-12-31": "-0.60%", "2019-09-30": "-1.82%", "2019-06-30": "-2.14%", "2019-03-31": "4.56%", "2018-12-31": "0.94%", "2018-09-30": "0.60%", "2018-06-30": "-1.38%", "2018-03-31": "-3.13%", "2017-12-31": "-6.60%", "2017-09-30": "-10.25%", "2017-06-30": "-17.63%", "2017-03-31": "-18.14%", "2016-12-31": "-10.63%", "2016-09-30": "-4.43%", "2016-06-30": "1.30%", "2016-03-31": "8.03%", "2015-12-31": "14.14%", "2015-09-30": "20.90%", "2015-06-30": "26.53%", "2015-03-31": "28.79%", "2014-12-31": "29.87%", "2014-09-30": "29.45%", "2014-06-30": "29.95%", "2014-03-31": "33.64%", "2013-12-31": "32.93%", "2013-09-30": "32.85%", "2013-06-30": "33.00%", "2013-03-31": "28.42%", "2012-12-31": "28.19%", "2012-09-30": "28.62%", "2012-06-30": "28.17%", "2012-03-31": "27.88%", "2011-12-31": "27.89%", "2011-09-30": "27.00%", "2011-06-30": "26.23%", "2011-03-31": "25.26%", "2010-12-31": "24.35%", "2010-09-30": "23.41%", "2010-06-30": "24.46%", "2010-03-31": "25.65%", "2009-12-31": "29.60%", "2009-09-30": "32.45%", "2009-06-30": "32.90%", "2009-03-31": "34.93%", "2008-12-31": "34.49%", "2008-09-30": "34.53%", "2008-06-30": "36.21%", "2008-03-31": "37.53%", "2007-12-31": "40.12%", "2007-09-30": "42.42%", "2007-06-30": "41.98%", "2007-03-31": "41.31%", "2006-12-31": "39.16%", "2006-09-30": "36.00%", "2006-06-30": "33.67%", "2006-03-31": "29.82%", "2005-12-31": "26.14%"}, "net profit margin": {"2020-09-30": "-27.90%", "2020-06-30": "-17.83%", "2020-03-31": "-19.49%", "2019-12-31": "-0.82%", "2019-09-30": "-1.21%", "2019-06-30": "-2.56%", "2019-03-31": "2.64%", "2018-12-31": "0.04%", "2018-09-30": "19.38%", "2018-06-30": "19.68%", "2018-03-31": "20.40%", "2017-12-31": "20.30%", "2017-09-30": "-7.15%", "2017-06-30": "-11.15%", "2017-03-31": "-12.09%", "2016-12-31": "-7.18%", "2016-09-30": "-3.51%", "2016-06-30": "-0.54%", "2016-03-31": "4.76%", "2015-12-31": "9.08%", "2015-09-30": "13.31%", "2015-06-30": "17.11%", "2015-03-31": "18.43%", "2014-12-31": "18.93%", "2014-09-30": "19.03%", "2014-06-30": "19.45%", "2014-03-31": "22.20%", "2013-12-31": "21.85%", "2013-09-30": "21.75%", "2013-06-30": "21.93%", "2013-03-31": "18.58%", "2012-12-31": "18.29%", "2012-09-30": "18.43%", "2012-06-30": "17.99%", "2012-03-31": "17.70%", "2011-12-31": "17.67%", "2011-09-30": "17.06%", "2011-06-30": "16.49%", "2011-03-31": "11.11%", "2010-12-31": "9.50%", "2010-09-30": "8.32%", "2010-06-30": "7.60%", "2010-03-31": "13.97%", "2009-12-31": "16.78%", "2009-09-30": "19.15%", "2009-06-30": "22.01%", "2009-03-31": "23.99%", "2008-12-31": "24.44%", "2008-09-30": "24.64%", "2008-06-30": "23.70%", "2008-03-31": "24.49%", "2007-12-31": "26.24%", "2007-09-30": "27.56%", "2007-06-30": "28.01%", "2007-03-31": "27.54%", "2006-12-31": "26.11%", "2006-09-30": "24.00%", "2006-06-30": "21.11%", "2006-03-31": "18.46%", "2005-12-31": "15.80%"}, "pe ratio": {"current": "0.00", "2021-02-05": "0.00", "2020-09-30": "0.00", "2020-06-30": "0.00", "2020-03-31": "0.00", "2019-12-31": "0.00", "2019-09-30": "0.00", "2019-06-30": "0.00", "2019-03-31": "73.92", "2018-12-31": "0.00", "2018-09-30": "13.49", "2018-06-30": "13.05", "2018-03-31": "13.93", "2017-12-31": "14.58", "2017-09-30": "0.00", "2017-06-30": "0.00", "2017-03-31": "0.00", "2016-12-31": "0.00", "2016-09-30": "0.00", "2016-06-30": "0.00", "2016-03-31": "46.21", "2015-12-31": "18.74", "2015-09-30": "9.13", "2015-06-30": "9.28", "2015-03-31": "7.63", "2014-12-31": "7.24", "2014-09-30": "10.84", "2014-06-30": "12.89", "2014-03-31": "10.69", "2013-12-31": "8.54", "2013-09-30": "7.07", "2013-06-30": "6.36", "2013-03-31": "7.34", "2012-12-31": "7.01", "2012-09-30": "6.13", "2012-06-30": "5.98", "2012-03-31": "8.01", "2011-12-31": "9.19", "2011-09-30": "6.96", "2011-06-30": "12.37", "2011-03-31": "20.38", "2010-12-31": "18.16", "2010-09-30": "18.99", "2010-06-30": "21.40", "2010-03-31": "12.92", "2009-12-31": "10.60", "2009-09-30": "8.06", "2009-06-30": "5.19", "2009-03-31": "3.27", "2008-12-31": "3.27", "2008-09-30": "6.69", "2008-06-30": "11.35", "2008-03-31": "7.54", "2007-12-31": "6.35", "2007-09-30": "5.15", "2007-06-30": "5.77", "2007-03-31": "5.39", "2006-12-31": "4.87"}, "price sales": {"2021-02-05": "1.60", "2020-09-30": "0.88", "2020-06-30": "0.93", "2020-03-31": "0.62", "2019-12-31": "1.71", "2019-09-30": "1.42", "2019-06-30": "1.73", "2019-03-31": "1.90", "2018-12-31": "1.70", "2018-09-30": "2.59", "2018-06-30": "2.53", "2018-03-31": "2.80", "2017-12-31": "2.92", "2017-09-30": "2.57", "2017-06-30": "2.96", "2017-03-31": "3.90", "2016-12-31": "4.39", "2016-09-30": "3.50", "2016-06-30": "3.04", "2016-03-31": "2.27", "2015-12-31": "1.69", "2015-09-30": "1.21", "2015-06-30": "1.57", "2015-03-31": "1.39", "2014-12-31": "1.36", "2014-09-30": "2.05", "2014-06-30": "2.49", "2014-03-31": "2.36", "2013-12-31": "1.86", "2013-09-30": "1.53", "2013-06-30": "1.39", "2013-03-31": "1.36", "2012-12-31": "1.28", "2012-09-30": "1.13", "2012-06-30": "1.07", "2012-03-31": "1.41", "2011-12-31": "1.62", "2011-09-30": "1.18", "2011-06-30": "2.03", "2011-03-31": "2.26", "2010-12-31": "1.71", "2010-09-30": "1.58", "2010-06-30": "1.63", "2010-03-31": "1.81", "2009-12-31": "1.78", "2009-09-30": "1.54", "2009-06-30": "1.14", "2009-03-31": "0.79", "2008-12-31": "0.80", "2008-09-30": "1.65", "2008-06-30": "2.69", "2008-03-31": "1.84", "2007-12-31": "1.66", "2007-09-30": "1.42", "2007-06-30": "1.62", "2007-03-31": "1.49", "2006-12-31": "1.27"}, "price book": {"current": "0.85", "2021-02-05": "0.85", "2020-09-30": "0.47", "2020-06-30": "0.60", "2020-03-31": "0.45", "2019-12-31": "1.14", "2019-09-30": "0.98", "2019-06-30": "1.20", "2019-03-31": "1.24", "2018-12-31": "1.05", "2018-09-30": "1.47", "2018-06-30": "1.33", "2018-03-31": "1.35", "2017-12-31": "1.27", "2017-09-30": "1.11", "2017-06-30": "1.12", "2017-03-31": "1.33", "2016-12-31": "1.48", "2016-09-30": "1.25", "2016-06-30": "1.19", "2016-03-31": "1.01", "2015-12-31": "0.90", "2015-09-30": "0.77", "2015-06-30": "1.11", "2015-03-31": "1.07", "2014-12-31": "1.06", "2014-09-30": "1.55", "2014-06-30": "1.85", "2014-03-31": "1.75", "2013-12-31": "1.39", "2013-09-30": "1.15", "2013-06-30": "1.07", "2013-03-31": "1.07", "2012-12-31": "1.03", "2012-09-30": "0.90", "2012-06-30": "0.87", "2012-03-31": "1.10", "2011-12-31": "1.24", "2011-09-30": "0.91", "2011-06-30": "1.50", "2011-03-31": "1.60", "2010-12-31": "1.18", "2010-09-30": "1.04", "2010-06-30": "0.97", "2010-03-31": "0.98", "2009-12-31": "1.04", "2009-09-30": "1.05", "2009-06-30": "0.85", "2009-03-31": "0.65", "2008-12-31": "0.68", "2008-09-30": "1.35", "2008-06-30": "2.35", "2008-03-31": "1.63", "2007-12-31": "1.45", "2007-09-30": "1.30", "2007-06-30": "1.45", "2007-03-31": "1.33", "2006-12-31": "1.15", "2006-09-30": "1.19", "2006-06-30": "1.59", "2006-03-31": "1.95"}, "price fcf": {"2021-02-05": "", "2020-09-30": "$4.41", "2020-06-30": "$4.75", "2020-03-31": "$4.66", "2019-12-31": "$4.59", "2019-09-30": "$4.10", "2019-06-30": "$3.20", "2019-03-31": "$1.87", "2018-12-31": "$1.50", "2018-09-30": "$1.24", "2018-06-30": "$1.07", "2018-03-31": "$0.39", "2017-12-31": "$0.00", "2017-09-30": "$-0.03", "2017-06-30": "$0.64", "2017-03-31": "$1.73", "2016-12-31": "$2.90", "2016-09-30": "$4.81", "2016-06-30": "$4.90", "2016-03-31": "$5.31", "2015-12-31": "$4.51", "2015-09-30": "$2.95", "2015-06-30": "$1.92", "2015-03-31": "$0.71", "2014-12-31": "$0.60", "2014-09-30": "$1.90", "2014-06-30": "$2.28", "2014-03-31": "$3.14", "2013-12-31": "$2.38", "2013-09-30": "$2.00", "2013-06-30": "$2.19", "2013-03-31": "$0.40", "2012-12-31": "$0.77", "2012-09-30": "$-0.53", "2012-06-30": "$-0.40", "2012-03-31": "$0.91", "2011-12-31": "$1.60", "2011-09-30": "$2.85", "2011-06-30": "$2.26", "2011-03-31": "$2.18", "2010-12-31": "$1.91", "2010-09-30": "$1.31", "2010-06-30": "$1.30", "2010-03-31": "$1.35", "2009-12-31": "$0.76", "2009-09-30": "$0.25", "2009-06-30": "$-0.20", "2009-03-31": "$-0.59", "2008-12-31": "$-0.41", "2008-09-30": "$-0.81", "2008-06-30": "$-0.86", "2008-03-31": "$-1.76", "2007-12-31": "$-2.57", "2007-09-30": "$-2.68", "2007-06-30": "$-3.57", "2007-03-31": "$-3.28", "2006-12-31": "$-2.55"}, "net worth": {"value": "$2.87B"}, "current ratio": {"2020-09-30": "4.40", "2020-06-30": "4.09", "2020-03-31": "2.97", "2019-12-31": "2.75", "2019-09-30": "2.72", "2019-06-30": "2.86", "2019-03-31": "2.80", "2018-12-31": "2.70", "2018-09-30": "2.96", "2018-06-30": "2.97", "2018-03-31": "3.33", "2017-12-31": "3.28", "2017-09-30": "3.59", "2017-06-30": "3.74", "2017-03-31": "4.53", "2016-12-31": "5.04", "2016-09-30": "4.76", "2016-06-30": "4.71", "2016-03-31": "3.93", "2015-12-31": "3.61", "2015-09-30": "4.13", "2015-06-30": "4.33", "2015-03-31": "4.01", "2014-12-31": "2.70", "2014-09-30": "2.52", "2014-06-30": "2.89", "2014-03-31": "3.17", "2013-12-31": "2.91", "2013-09-30": "2.78", "2013-06-30": "2.96", "2013-03-31": "3.06", "2012-12-31": "2.29", "2012-09-30": "2.35", "2012-06-30": "2.28", "2012-03-31": "2.59", "2011-12-31": "2.34", "2011-09-30": "2.30", "2011-06-30": "3.37", "2011-03-31": "3.73", "2010-12-31": "3.35", "2010-09-30": "2.81", "2010-06-30": "2.60", "2010-03-31": "3.01", "2009-12-31": "1.81", "2009-09-30": "1.73", "2009-06-30": "1.65", "2009-03-31": "1.65", "2008-12-31": "1.99", "2008-09-30": "2.24", "2008-06-30": "2.25", "2008-03-31": "2.58", "2007-12-31": "2.34", "2007-09-30": "2.20", "2007-06-30": "1.83", "2007-03-31": "1.87", "2006-12-31": "1.60", "2006-09-30": "1.62", "2006-06-30": "3.74", "2006-03-31": "4.57", "2005-12-31": "4.71", "2005-09-30": "5.59", "2005-06-30": "6.64", "2005-03-31": "7.05"}, "quick ratio": {"2020-09-30": "3.92", "2020-06-30": "3.62", "2020-03-31": "2.67", "2019-12-31": "2.40", "2019-09-30": "2.35", "2019-06-30": "2.47", "2019-03-31": "2.37", "2018-12-31": "2.29", "2018-09-30": "2.54", "2018-06-30": "2.57", "2018-03-31": "2.90", "2017-12-31": "2.89", "2017-09-30": "3.19", "2017-06-30": "3.33", "2017-03-31": "4.09", "2016-12-31": "4.60", "2016-09-30": "4.39", "2016-06-30": "4.31", "2016-03-31": "3.58", "2015-12-31": "3.30", "2015-09-30": "3.76", "2015-06-30": "3.96", "2015-03-31": "3.69", "2014-12-31": "2.46", "2014-09-30": "2.31", "2014-06-30": "2.68", "2014-03-31": "2.94", "2013-12-31": "2.70", "2013-09-30": "2.59", "2013-06-30": "2.76", "2013-03-31": "2.79", "2012-12-31": "2.11", "2012-09-30": "2.14", "2012-06-30": "2.11", "2012-03-31": "2.43", "2011-12-31": "2.20", "2011-09-30": "2.16", "2011-06-30": "3.18", "2011-03-31": "3.51", "2010-12-31": "3.15", "2010-09-30": "2.62", "2010-06-30": "2.40", "2010-03-31": "2.76", "2009-12-31": "1.67", "2009-09-30": "1.60", "2009-06-30": "1.52", "2009-03-31": "1.55", "2008-12-31": "1.87", "2008-09-30": "2.13", "2008-06-30": "2.13", "2008-03-31": "2.42", "2007-12-31": "2.22", "2007-09-30": "2.07", "2007-06-30": "1.71", "2007-03-31": "1.77", "2006-12-31": "1.51", "2006-09-30": "1.52", "2006-06-30": "3.56", "2006-03-31": "4.36", "2005-12-31": "4.52", "2005-09-30": "5.35", "2005-06-30": "6.33", "2005-03-31": "6.68"}, "debt equity ratio": {"current": "0.14", "2020-09-30": "0.46", "2020-06-30": "0.46", "2020-03-31": "0.50", "2019-12-31": "0.47", "2019-09-30": "0.46", "2019-06-30": "0.44", "2019-03-31": "0.42", "2018-12-31": "0.42", "2018-09-30": "0.42", "2018-06-30": "0.41", "2018-03-31": "0.39", "2017-12-31": "0.39", "2017-09-30": "0.55", "2017-06-30": "0.53", "2017-03-31": "0.50", "2016-12-31": "0.49", "2016-09-30": "0.50", "2016-06-30": "0.48", "2016-03-31": "0.47", "2015-12-31": "0.48", "2015-09-30": "0.46", "2015-06-30": "0.46", "2015-03-31": "0.47", "2014-12-31": "0.38", "2014-09-30": "0.37", "2014-06-30": "0.39", "2014-03-31": "0.38", "2013-12-31": "0.40", "2013-09-30": "0.41", "2013-06-30": "0.44", "2013-03-31": "0.44", "2012-12-31": "0.49", "2012-09-30": "0.49", "2012-06-30": "0.52", "2012-03-31": "0.51", "2011-12-31": "0.53", "2011-09-30": "0.53", "2011-06-30": "0.53", "2011-03-31": "0.51", "2010-12-31": "0.51", "2010-09-30": "0.52", "2010-06-30": "0.51", "2010-03-31": "0.51", "2009-12-31": "0.54", "2009-09-30": "0.55", "2009-06-30": "0.57", "2009-03-31": "0.60", "2008-12-31": "0.59", "2008-09-30": "0.58", "2008-06-30": "0.56", "2008-03-31": "0.57", "2007-12-31": "0.60", "2007-09-30": "0.59", "2007-06-30": "0.60", "2007-03-31": "0.58", "2006-12-31": "0.56", "2006-09-30": "0.55", "2006-06-30": "0.50", "2006-03-31": "0.52", "2005-12-31": "0.54", "2005-09-30": "0.54", "2005-06-30": "0.53", "2005-03-31": "0.53"}, "return on equity": {"2020-09-30": "-13.99%", "2020-06-30": "-10.64%", "2020-03-31": "-12.97%", "2019-12-31": "-0.54%", "2019-09-30": "-0.81%", "2019-06-30": "-1.71%", "2019-03-31": "1.69%", "2018-12-31": "0.02%", "2018-09-30": "10.76%", "2018-06-30": "10.33%", "2018-03-31": "10.12%", "2017-12-31": "9.36%", "2017-09-30": "-2.99%", "2017-06-30": "-4.06%", "2017-03-31": "-3.94%", "2016-12-31": "-2.33%", "2016-09-30": "-1.21%", "2016-06-30": "-0.21%", "2016-03-31": "2.09%", "2015-12-31": "4.76%", "2015-09-30": "8.49%", "2015-06-30": "12.38%", "2015-03-31": "14.57%", "2014-12-31": "15.24%", "2014-09-30": "14.91%", "2014-06-30": "15.12%", "2014-03-31": "17.20%", "2013-12-31": "17.16%", "2013-09-30": "17.44%", "2013-06-30": "18.04%", "2013-03-31": "15.84%", "2012-12-31": "15.85%", "2012-09-30": "16.01%", "2012-06-30": "15.60%", "2012-03-31": "14.89%", "2011-12-31": "14.51%", "2011-09-30": "13.80%", "2011-06-30": "13.07%", "2011-03-31": "8.58%", "2010-12-31": "6.99%", "2010-09-30": "5.64%", "2010-06-30": "4.53%", "2010-03-31": "7.91%", "2009-12-31": "10.31%", "2009-09-30": "13.91%", "2009-06-30": "17.59%", "2009-03-31": "21.50%", "2008-12-31": "22.56%", "2008-09-30": "22.06%", "2008-06-30": "22.81%", "2008-03-31": "23.74%", "2007-12-31": "25.54%", "2007-09-30": "27.51%", "2007-06-30": "28.29%", "2007-03-31": "27.64%", "2006-12-31": "26.19%", "2006-09-30": "23.10%", "2006-06-30": "19.39%", "2006-03-31": "16.21%", "2005-12-31": "13.12%"}, "return on assets": {"2020-09-30": "-9.51%", "2020-06-30": "-7.24%", "2020-03-31": "-8.86%", "2019-12-31": "-0.37%", "2019-09-30": "-0.57%", "2019-06-30": "-1.20%", "2019-03-31": "1.19%", "2018-12-31": "0.02%", "2018-09-30": "7.68%", "2018-06-30": "7.22%", "2018-03-31": "6.93%", "2017-12-31": "6.28%", "2017-09-30": "-1.97%", "2017-06-30": "-2.70%", "2017-03-31": "-2.63%", "2016-12-31": "-1.57%", "2016-09-30": "-0.82%", "2016-06-30": "-0.14%", "2016-03-31": "1.42%", "2015-12-31": "3.25%", "2015-09-30": "5.88%", "2015-06-30": "8.71%", "2015-03-31": "10.38%", "2014-12-31": "11.02%", "2014-09-30": "10.75%", "2014-06-30": "10.83%", "2014-03-31": "12.21%", "2013-12-31": "12.05%", "2013-09-30": "12.08%", "2013-06-30": "12.32%", "2013-03-31": "10.68%", "2012-12-31": "10.56%", "2012-09-30": "10.59%", "2012-06-30": "10.25%", "2012-03-31": "9.78%", "2011-12-31": "9.53%", "2011-09-30": "9.09%", "2011-06-30": "8.62%", "2011-03-31": "5.68%", "2010-12-31": "4.63%", "2010-09-30": "3.72%", "2010-06-30": "2.97%", "2010-03-31": "5.13%", "2009-12-31": "6.59%", "2009-09-30": "8.82%", "2009-06-30": "11.09%", "2009-03-31": "13.57%", "2008-12-31": "14.32%", "2008-09-30": "13.99%", "2008-06-30": "14.46%", "2008-03-31": "14.97%", "2007-12-31": "16.05%", "2007-09-30": "17.39%", "2007-06-30": "18.00%", "2007-03-31": "17.84%", "2006-12-31": "17.11%", "2006-09-30": "15.14%", "2006-06-30": "12.72%", "2006-03-31": "10.58%", "2005-12-31": "8.55%"}, "return on investments": {"2020-09-30": "-15.46%", "2020-06-30": "-12.10%", "2020-03-31": "-14.12%", "2019-12-31": "-0.07%", "2019-09-30": "0.43%", "2019-06-30": "0.10%", "2019-03-31": "3.68%", "2018-12-31": "1.69%", "2018-09-30": "0.66%", "2018-06-30": "-0.35%", "2018-03-31": "-1.05%", "2017-12-31": "-2.40%", "2017-09-30": "-3.52%", "2017-06-30": "-4.82%", "2017-03-31": "-4.41%", "2016-12-31": "-2.21%", "2016-09-30": "-0.48%", "2016-06-30": "0.81%", "2016-03-31": "3.55%", "2015-12-31": "6.97%", "2015-09-30": "12.52%", "2015-06-30": "18.27%", "2015-03-31": "21.55%", "2014-12-31": "22.89%", "2014-09-30": "21.89%", "2014-06-30": "21.95%", "2014-03-31": "21.75%", "2013-12-31": "21.74%", "2013-09-30": "21.79%", "2013-06-30": "22.33%", "2013-03-31": "23.00%", "2012-12-31": "23.11%", "2012-09-30": "23.61%", "2012-06-30": "23.21%", "2012-03-31": "22.07%", "2011-12-31": "21.42%", "2011-09-30": "20.25%", "2011-06-30": "18.98%", "2011-03-31": "17.74%", "2010-12-31": "16.14%", "2010-09-30": "14.28%", "2010-06-30": "13.21%", "2010-03-31": "13.12%", "2009-12-31": "16.13%", "2009-09-30": "20.40%", "2009-06-30": "22.46%", "2009-03-31": "25.86%", "2008-12-31": "25.87%", "2008-09-30": "25.00%", "2008-06-30": "27.42%", "2008-03-31": "28.07%", "2007-12-31": "30.38%", "2007-09-30": "32.10%", "2007-06-30": "32.74%", "2007-03-31": "32.95%", "2006-12-31": "31.23%", "2006-09-30": "28.44%", "2006-06-30": "26.28%", "2006-03-31": "22.98%", "2005-12-31": "19.30%"}, "return on tangible equity": {"2020-09-30": "-14.56%", "2020-06-30": "-11.09%", "2020-03-31": "-13.50%", "2019-12-31": "-0.56%", "2019-09-30": "-0.84%", "2019-06-30": "-1.76%", "2019-03-31": "1.75%", "2018-12-31": "0.02%", "2018-09-30": "11.12%", "2018-06-30": "10.65%", "2018-03-31": "10.42%", "2017-12-31": "9.55%", "2017-09-30": "-3.03%", "2017-06-30": "-4.09%", "2017-03-31": "-3.94%", "2016-12-31": "-2.33%", "2016-09-30": "-1.21%", "2016-06-30": "-0.21%", "2016-03-31": "2.09%", "2015-12-31": "4.76%", "2015-09-30": "8.49%", "2015-06-30": "12.38%", "2015-03-31": "14.57%", "2014-12-31": "15.24%", "2014-09-30": "14.91%", "2014-06-30": "15.12%", "2014-03-31": "17.20%", "2013-12-31": "17.16%", "2013-09-30": "17.44%", "2013-06-30": "18.04%", "2013-03-31": "15.84%", "2012-12-31": "15.85%", "2012-09-30": "16.01%", "2012-06-30": "15.60%", "2012-03-31": "14.89%", "2011-12-31": "14.51%", "2011-09-30": "13.80%", "2011-06-30": "13.07%", "2011-03-31": "8.58%", "2010-12-31": "6.99%", "2010-09-30": "5.64%", "2010-06-30": "4.53%", "2010-03-31": "7.91%", "2009-12-31": "10.31%", "2009-09-30": "13.91%", "2009-06-30": "17.59%", "2009-03-31": "21.50%", "2008-12-31": "22.56%", "2008-09-30": "22.06%", "2008-06-30": "22.81%", "2008-03-31": "23.74%", "2007-12-31": "25.54%", "2007-09-30": "27.51%", "2007-06-30": "28.29%", "2007-03-31": "27.64%", "2006-12-31": "26.19%", "2006-09-30": "23.10%", "2006-06-30": "19.39%", "2006-03-31": "16.21%", "2005-12-31": "13.12%"}, "dividend yield history": {"last payout": "$1.00", "last yield": "3.81%"}}