{"ticker": "HLF", "price": {"title": "Herbalife Historical Annual Stock Price Data", "value": 53.85, "historical": {"2020": {"Average Stock Price": "43.4163", "Year Open": "47.2000", "Year High": "52.6300", "Year Low": "23.3400", "Year Close": "48.0500", "Annual % Change": "0.80%"}, "2019": {"Average Stock Price": "46.6547", "Year Open": "59.3300", "Year High": "61.4700", "Year Low": "33.6500", "Year Close": "47.6700", "Annual % Change": "-19.13%"}, "2018": {"Average Stock Price": "51.4379", "Year Open": "34.5600", "Year High": "59.4000", "Year Low": "34.4150", "Year Close": "58.9500", "Annual % Change": "74.10%"}, "2017": {"Average Stock Price": "32.7105", "Year Open": "24.5950", "Year High": "39.3800", "Year Low": "24.5950", "Year Close": "33.8600", "Annual % Change": "40.67%"}, "2016": {"Average Stock Price": "28.6930", "Year Open": "27.4650", "Year High": "34.0050", "Year Low": "21.7100", "Year Close": "24.0700", "Annual % Change": "-10.22%"}, "2015": {"Average Stock Price": "24.1982", "Year Open": "18.7900", "Year High": "30.3850", "Year Low": "14.8500", "Year Close": "26.8100", "Annual % Change": "42.23%"}, "2014": {"Average Stock Price": "27.8820", "Year Open": "39.9150", "Year High": "40.9050", "Year Low": "18.5800", "Year Close": "18.8500", "Annual % Change": "-52.10%"}, "2013": {"Average Stock Price": "26.6822", "Year Open": "16.1000", "Year High": "40.4050", "Year Low": "16.1000", "Year Close": "39.3500", "Annual % Change": "138.92%"}, "2012": {"Average Stock Price": "26.5648", "Year Open": "26.2300", "Year High": "36.3450", "Year Low": "13.0300", "Year Close": "16.4700", "Annual % Change": "-36.25%"}, "2011": {"Average Stock Price": "24.7620", "Year Open": "17.2125", "Year High": "31.1800", "Year Low": "15.9400", "Year Close": "25.8350", "Annual % Change": "51.15%"}, "2010": {"Average Stock Price": "13.1014", "Year Open": "10.3325", "Year High": "17.7275", "Year Low": "9.3075", "Year Close": "17.0925", "Annual % Change": "68.52%"}, "2009": {"Average Stock Price": "7.1805", "Year Open": "5.4375", "Year High": "10.9950", "Year Low": "3.0700", "Year Close": "10.1425", "Annual % Change": "87.13%"}, "2008": {"Average Stock Price": "9.3436", "Year Open": "9.8450", "Year High": "12.5000", "Year Low": "3.7600", "Year Close": "5.4200", "Annual % Change": "-46.18%"}, "2007": {"Average Stock Price": "9.9669", "Year Open": "9.8300", "Year High": "11.4350", "Year Low": "7.4350", "Year Close": "10.0700", "Annual % Change": "0.30%"}, "2006": {"Average Stock Price": "8.9468", "Year Open": "8.2925", "Year High": "10.3300", "Year Low": "7.2100", "Year Close": "10.0400", "Annual % Change": "23.49%"}, "2005": {"Average Stock Price": "5.6000", "Year Open": "4.0075", "Year High": "8.1300", "Year Low": "3.6600", "Year Close": "8.1300", "Annual % Change": "100.12%"}, "2004": {"Average Stock Price": "3.9032", "Year Open": "3.6800", "Year High": "4.1250", "Year Low": "3.6500", "Year Close": "4.0625", "Annual % Change": "0.00%"}}}, "market cap": {"value": "$7.09B"}, "income statement": {"Revenue": {"2019-12-31": "4877.10000", "2018-12-31": "4891.80000", "2017-12-31": "4427.70000", "2016-12-31": "4488.40000", "2015-12-31": "4469.00000", "2014-12-31": "4958.60000", "2013-12-31": "4825.30000", "2012-12-31": "4072.30000", "2011-12-31": "3454.53700", "2010-12-31": "2734.22600", "2009-12-31": "2324.57700", "2008-12-31": "2359.21300", "2007-12-31": "2145.83900", "2006-12-31": "1885.53400", "2005-12-31": "1566.75000"}, "Cost Of Goods Sold": {"2019-12-31": "958.00000", "2018-12-31": "919.30000", "2017-12-31": "848.60000", "2016-12-31": "854.60000", "2015-12-31": "856.00000", "2014-12-31": "982.90000", "2013-12-31": "963.40000", "2012-12-31": "812.60000", "2011-12-31": "680.08400", "2010-12-31": "558.81100", "2009-12-31": "493.13400", "2008-12-31": "458.39600", "2007-12-31": "438.38200", "2006-12-31": "380.33800", "2005-12-31": "315.74600"}, "Gross Profit": {"2019-12-31": "3919.10000", "2018-12-31": "3972.50000", "2017-12-31": "3579.10000", "2016-12-31": "3633.80000", "2015-12-31": "3613.00000", "2014-12-31": "3975.70000", "2013-12-31": "3861.90000", "2012-12-31": "3259.70000", "2011-12-31": "2774.45300", "2010-12-31": "2175.41500", "2009-12-31": "1831.44300", "2008-12-31": "1900.81700", "2007-12-31": "1707.45700", "2006-12-31": "1505.19600", "2005-12-31": "1251.00400"}, "Research And Development Expenses": {"2019-12-31": "", "2018-12-31": "", "2017-12-31": "", "2016-12-31": "", "2015-12-31": "", "2014-12-31": "", "2013-12-31": "", "2012-12-31": "", "2011-12-31": "", "2010-12-31": "", "2009-12-31": "", "2008-12-31": "", "2007-12-31": "", "2006-12-31": "", "2005-12-31": ""}, "SG&A Expenses": {"2019-12-31": "3388.50000", "2018-12-31": "3319.20000", "2017-12-31": "3012.80000", "2016-12-31": "3239.50000", "2015-12-31": "3035.90000", "2014-12-31": "3462.20000", "2013-12-31": "3126.60000", "2012-12-31": "2598.30000", "2011-12-31": "2212.18300", "2010-12-31": "1787.90300", "2009-12-31": "1535.41200", "2008-12-31": "1568.56500", "2007-12-31": "1394.30000", "2006-12-31": "1248.25000", "2005-12-31": "1031.93300"}, "Other Operating Income Or Expenses": {"2019-12-31": "37.50000", "2018-12-31": "29.80000", "2017-12-31": "50.80000", "2016-12-31": "63.80000", "2015-12-31": "6.50000", "2014-12-31": "", "2013-12-31": "", "2012-12-31": "", "2011-12-31": "", "2010-12-31": "", "2009-12-31": "", "2008-12-31": "", "2007-12-31": "", "2006-12-31": "", "2005-12-31": ""}, "Operating Expenses": {"2019-12-31": "4309.00000", "2018-12-31": "4208.70000", "2017-12-31": "3810.60000", "2016-12-31": "4030.30000", "2015-12-31": "3885.40000", "2014-12-31": "4445.10000", "2013-12-31": "4090.00000", "2012-12-31": "3410.90000", "2011-12-31": "2892.26700", "2010-12-31": "2346.71400", "2009-12-31": "2028.54600", "2008-12-31": "2026.96100", "2007-12-31": "1832.68200", "2006-12-31": "1628.58800", "2005-12-31": "1347.67900"}, "Operating Income": {"2019-12-31": "568.10010", "2018-12-31": "683.09960", "2017-12-31": "617.10030", "2016-12-31": "458.09990", "2015-12-31": "583.60010", "2014-12-31": "513.50000", "2013-12-31": "735.29980", "2012-12-31": "661.40010", "2011-12-31": "562.27000", "2010-12-31": "387.51200", "2009-12-31": "296.03090", "2008-12-31": "332.25200", "2007-12-31": "313.15710", "2006-12-31": "256.94600", "2005-12-31": "219.07100"}, "Total Non-Operating Income/Expense": {"2019-12-31": "-116.70000", "2018-12-31": "-218.90000", "2017-12-31": "-145.90000", "2016-12-31": "-93.40000", "2015-12-31": "-97.20000", "2014-12-31": "-92.20000", "2013-12-31": "-18.60000", "2012-12-31": "-10.50000", "2011-12-31": "-2.49100", "2010-12-31": "-7.41700", "2009-12-31": "-5.10300", "2008-12-31": "-13.22200", "2007-12-31": "-10.57300", "2006-12-31": "-39.54100", "2005-12-31": "-43.92400"}, "Pre-Tax Income": {"2019-12-31": "451.40000", "2018-12-31": "464.20000", "2017-12-31": "471.20000", "2016-12-31": "364.70000", "2015-12-31": "486.40000", "2014-12-31": "421.30000", "2013-12-31": "716.70000", "2012-12-31": "650.90000", "2011-12-31": "559.77900", "2010-12-31": "380.09500", "2009-12-31": "290.92800", "2008-12-31": "319.03000", "2007-12-31": "302.58400", "2006-12-31": "217.40500", "2005-12-31": "175.14700"}, "Income Taxes": {"2019-12-31": "140.40000", "2018-12-31": "167.60000", "2017-12-31": "257.30000", "2016-12-31": "104.70000", "2015-12-31": "147.30000", "2014-12-31": "112.60000", "2013-12-31": "189.20000", "2012-12-31": "186.90000", "2011-12-31": "144.82000", "2010-12-31": "87.21200", "2009-12-31": "87.58200", "2008-12-31": "97.84000", "2007-12-31": "111.13300", "2006-12-31": "74.26600", "2005-12-31": "82.00700"}, "Income After Taxes": {"2019-12-31": "311.00000", "2018-12-31": "296.60000", "2017-12-31": "213.90000", "2016-12-31": "260.00000", "2015-12-31": "339.10000", "2014-12-31": "308.70000", "2013-12-31": "527.50000", "2012-12-31": "464.00000", "2011-12-31": "414.95900", "2010-12-31": "292.88300", "2009-12-31": "203.34600", "2008-12-31": "221.19000", "2007-12-31": "191.45100", "2006-12-31": "143.13900", "2005-12-31": "93.14000"}, "Other Income": {"2019-12-31": "", "2018-12-31": "", "2017-12-31": "", "2016-12-31": "", "2015-12-31": "", "2014-12-31": "", "2013-12-31": "", "2012-12-31": "", "2011-12-31": "", "2010-12-31": "", "2009-12-31": "", "2008-12-31": "", "2007-12-31": "", "2006-12-31": "", "2005-12-31": ""}, "Income From Continuous Operations": {"2019-12-31": "311.00000", "2018-12-31": "296.60000", "2017-12-31": "213.90000", "2016-12-31": "260.00000", "2015-12-31": "339.10000", "2014-12-31": "308.70000", "2013-12-31": "527.50000", "2012-12-31": "464.00000", "2011-12-31": "414.95900", "2010-12-31": "292.88300", "2009-12-31": "203.34600", "2008-12-31": "221.19000", "2007-12-31": "191.45100", "2006-12-31": "143.13900", "2005-12-31": "93.14000"}, "Income From Discontinued Operations": {"2019-12-31": "", "2018-12-31": "", "2017-12-31": "", "2016-12-31": "", "2015-12-31": "", "2014-12-31": "", "2013-12-31": "", "2012-12-31": "", "2011-12-31": "", "2010-12-31": "", "2009-12-31": "", "2008-12-31": "", "2007-12-31": "", "2006-12-31": "", "2005-12-31": ""}, "Net Income": {"2019-12-31": "311.00000", "2018-12-31": "296.60000", "2017-12-31": "213.90000", "2016-12-31": "260.00000", "2015-12-31": "339.10000", "2014-12-31": "308.70000", "2013-12-31": "527.50000", "2012-12-31": "464.00000", "2011-12-31": "414.95900", "2010-12-31": "292.88300", "2009-12-31": "203.34600", "2008-12-31": "221.19000", "2007-12-31": "191.45100", "2006-12-31": "143.13900", "2005-12-31": "93.14000"}, "EBITDA": {"2019-12-31": "665.80010", "2018-12-31": "783.49960", "2017-12-31": "716.90030", "2016-12-31": "556.39980", "2015-12-31": "681.60010", "2014-12-31": "606.70000", "2013-12-31": "819.99980", "2012-12-31": "735.80020", "2011-12-31": "635.13000", "2010-12-31": "456.63300", "2009-12-31": "358.95890", "2008-12-31": "381.46500", "2007-12-31": "348.60710", "2006-12-31": "287.28100", "2005-12-31": "255.90410"}, "EBIT": {"2019-12-31": "568.10010", "2018-12-31": "683.09960", "2017-12-31": "617.10030", "2016-12-31": "458.09990", "2015-12-31": "583.60010", "2014-12-31": "513.50000", "2013-12-31": "735.29980", "2012-12-31": "661.40010", "2011-12-31": "562.27000", "2010-12-31": "387.51200", "2009-12-31": "296.03090", "2008-12-31": "332.25200", "2007-12-31": "313.15710", "2006-12-31": "256.94600", "2005-12-31": "219.07100"}, "Basic Shares Outstanding": {"2019-12-31": "137.40000", "2018-12-31": "140.20000", "2017-12-31": "158.50000", "2016-12-31": "166.10000", "2015-12-31": "165.20000", "2014-12-31": "172.60000", "2013-12-31": "205.20000", "2012-12-31": "224.80000", "2011-12-31": "235.08000", "2010-12-31": "238.00800", "2009-12-31": "244.88400", "2008-12-31": "255.14000", "2007-12-31": "277.98800", "2006-12-31": "283.25600", "2005-12-31": "275.88800"}, "Shares Outstanding": {"2019-12-31": "141.60000", "2018-12-31": "149.50000", "2017-12-31": "165.70000", "2016-12-31": "172.20000", "2015-12-31": "170.60000", "2014-12-31": "181.60000", "2013-12-31": "214.80000", "2012-12-31": "235.80000", "2011-12-31": "249.69200", "2010-12-31": "252.99000", "2009-12-31": "252.38800", "2008-12-31": "263.07600", "2007-12-31": "290.85600", "2006-12-31": "298.03600", "2005-12-31": "289.96400"}, "Basic EPS": {"2019-12-31": "2.26000", "2018-12-31": "2.12000", "2017-12-31": "1.35000", "2016-12-31": "1.57000", "2015-12-31": "2.05500", "2014-12-31": "1.79000", "2013-12-31": "2.57000", "2012-12-31": "2.06500", "2011-12-31": "1.76500", "2010-12-31": "1.23000", "2009-12-31": "0.83000", "2008-12-31": "0.86750", "2007-12-31": "0.68750", "2006-12-31": "0.50500", "2005-12-31": "0.33750"}, "EPS - Earnings Per Share": {"2019-12-31": "2.20000", "2018-12-31": "1.98000", "2017-12-31": "1.29000", "2016-12-31": "1.51000", "2015-12-31": "1.98500", "2014-12-31": "1.70000", "2013-12-31": "2.45500", "2012-12-31": "1.97000", "2011-12-31": "1.66000", "2010-12-31": "1.16000", "2009-12-31": "0.80500", "2008-12-31": "0.84000", "2007-12-31": "0.65750", "2006-12-31": "0.48000", "2005-12-31": "0.32000"}}, "income statement, quarterly": {"Revenue": {"2020-09-30": "1521.80000", "2020-06-30": "1346.90000", "2020-03-31": "1262.40000", "2019-12-31": "1220.30000", "2019-09-30": "1244.50000", "2019-06-30": "1240.10000", "2019-03-31": "1172.20000", "2018-12-31": "1186.60000", "2018-09-30": "1242.80000", "2018-06-30": "1285.50000", "2018-03-31": "1176.90000", "2017-12-31": "1093.30000", "2017-09-30": "1085.40000", "2017-06-30": "1146.90000", "2017-03-31": "1102.10000", "2016-12-31": "1045.00000", "2016-09-30": "1122.00000", "2016-06-30": "1201.80000", "2016-03-31": "1119.60000", "2015-12-31": "1098.40000", "2015-09-30": "1102.90000", "2015-06-30": "1162.30000", "2015-03-31": "1105.40000", "2014-12-31": "1133.60000", "2014-09-30": "1256.20000", "2014-06-30": "1306.20000", "2014-03-31": "1262.60000", "2013-12-31": "1268.87100", "2013-09-30": "1213.54300", "2013-06-30": "1219.23900", "2013-03-31": "1123.64700", "2012-12-31": "1059.29000", "2012-09-30": "1016.88700", "2012-06-30": "1031.94800", "2012-03-31": "964.17500", "2011-12-31": "884.56900", "2011-09-30": "895.21800", "2011-06-30": "879.65400", "2011-03-31": "795.09600", "2010-12-31": "738.35600", "2010-09-30": "688.43100", "2010-06-30": "688.80600", "2010-03-31": "618.63300", "2009-12-31": "630.87100", "2009-09-30": "600.21800", "2009-06-30": "571.80500", "2009-03-31": "521.68300", "2008-12-31": "512.87700", "2008-09-30": "602.19900", "2008-06-30": "639.70000", "2008-03-31": "604.43700", "2007-12-31": "578.09720", "2007-09-30": "529.54300", "2007-06-30": "530.10000", "2007-03-31": "508.09900", "2006-12-31": "487.38500", "2006-09-30": "476.37400", "2006-06-30": "465.98700", "2006-03-31": "455.78800", "2005-12-31": "409.02590", "2005-09-30": "400.99700", "2005-06-30": "384.66700", "2005-03-31": "372.06000"}, "Cost Of Goods Sold": {"2020-09-30": "322.70000", "2020-06-30": "272.80000", "2020-03-31": "245.70000", "2019-12-31": "229.80000", "2019-09-30": "243.40000", "2019-06-30": "243.20000", "2019-03-31": "241.60000", "2018-12-31": "225.90000", "2018-09-30": "218.10000", "2018-06-30": "235.40000", "2018-03-31": "239.90000", "2017-12-31": "209.80000", "2017-09-30": "215.40000", "2017-06-30": "218.80000", "2017-03-31": "204.60000", "2016-12-31": "196.10000", "2016-09-30": "209.10000", "2016-06-30": "236.30000", "2016-03-31": "213.10000", "2015-12-31": "204.40000", "2015-09-30": "206.90000", "2015-06-30": "229.30000", "2015-03-31": "215.40000", "2014-12-31": "219.50000", "2014-09-30": "255.00000", "2014-06-30": "257.20000", "2014-03-31": "251.20000", "2013-12-31": "251.78400", "2013-09-30": "238.41500", "2013-06-30": "247.22400", "2013-03-31": "225.97700", "2012-12-31": "211.12200", "2012-09-30": "201.59700", "2012-06-30": "203.73700", "2012-03-31": "196.14400", "2011-12-31": "170.96000", "2011-09-30": "175.30800", "2011-06-30": "171.02300", "2011-03-31": "162.79300", "2010-12-31": "148.51300", "2010-09-30": "133.26500", "2010-06-30": "136.56100", "2010-03-31": "140.47200", "2009-12-31": "136.51500", "2009-09-30": "131.77700", "2009-06-30": "122.44200", "2009-03-31": "102.40000", "2008-12-31": "96.06100", "2008-09-30": "116.62000", "2008-06-30": "128.04900", "2008-03-31": "117.66600", "2007-12-31": "113.85200", "2007-09-30": "105.88600", "2007-06-30": "111.36100", "2007-03-31": "107.28300", "2006-12-31": "99.17300", "2006-09-30": "97.15900", "2006-06-30": "92.64000", "2006-03-31": "91.36600", "2005-12-31": "83.15400", "2005-09-30": "79.48200", "2005-06-30": "77.37300", "2005-03-31": "75.73700"}, "Gross Profit": {"2020-09-30": "1199.10000", "2020-06-30": "1074.10000", "2020-03-31": "1016.70000", "2019-12-31": "990.50010", "2019-09-30": "1001.10000", "2019-06-30": "996.90000", "2019-03-31": "930.60000", "2018-12-31": "960.69980", "2018-09-30": "1024.70000", "2018-06-30": "1050.10000", "2018-03-31": "937.00000", "2017-12-31": "883.50050", "2017-09-30": "870.00000", "2017-06-30": "928.10000", "2017-03-31": "897.50000", "2016-12-31": "848.89990", "2016-09-30": "912.90000", "2016-06-30": "965.50010", "2016-03-31": "906.50000", "2015-12-31": "894.00000", "2015-09-30": "896.00000", "2015-06-30": "933.00010", "2015-03-31": "890.00000", "2014-12-31": "914.10020", "2014-09-30": "1001.20000", "2014-06-30": "1049.00000", "2014-03-31": "1011.40000", "2013-12-31": "1017.08700", "2013-09-30": "975.12800", "2013-06-30": "972.01500", "2013-03-31": "897.67000", "2012-12-31": "848.16800", "2012-09-30": "815.29000", "2012-06-30": "828.21100", "2012-03-31": "768.03100", "2011-12-31": "713.60900", "2011-09-30": "719.91000", "2011-06-30": "708.63100", "2011-03-31": "632.30300", "2010-12-31": "589.84310", "2010-09-30": "555.16600", "2010-06-30": "552.24500", "2010-03-31": "478.16100", "2009-12-31": "494.35600", "2009-09-30": "468.44100", "2009-06-30": "449.36300", "2009-03-31": "419.28300", "2008-12-31": "416.81590", "2008-09-30": "485.57900", "2008-06-30": "511.65100", "2008-03-31": "486.77100", "2007-12-31": "464.24520", "2007-09-30": "423.65700", "2007-06-30": "418.73900", "2007-03-31": "400.81600", "2006-12-31": "388.21200", "2006-09-30": "379.21500", "2006-06-30": "373.34700", "2006-03-31": "364.42200", "2005-12-31": "325.87190", "2005-09-30": "321.51500", "2005-06-30": "307.29400", "2005-03-31": "296.32300"}, "Research And Development Expenses": {"2020-09-30": "", "2020-06-30": "", "2020-03-31": "", "2019-12-31": "", "2019-09-30": "", "2019-06-30": "", "2019-03-31": "", "2018-12-31": "", "2018-09-30": "", "2018-06-30": "", "2018-03-31": "", "2017-12-31": "", "2017-09-30": "", "2017-06-30": "", "2017-03-31": "", "2016-12-31": "", "2016-09-30": "", "2016-06-30": "", "2016-03-31": "", "2015-12-31": "", "2015-09-30": "", "2015-06-30": "", "2015-03-31": "", "2014-12-31": "", "2014-09-30": "", "2014-06-30": "", "2014-03-31": "", "2013-12-31": "", "2013-09-30": "", "2013-06-30": "", "2013-03-31": "", "2012-12-31": "", "2012-09-30": "", "2012-06-30": "", "2012-03-31": "", "2011-12-31": "", "2011-09-30": "", "2011-06-30": "", "2011-03-31": "", "2010-12-31": "", "2010-09-30": "", "2010-06-30": "", "2010-03-31": "", "2009-12-31": "", "2009-09-30": "", "2009-06-30": "", "2009-03-31": "", "2008-12-31": "", "2008-09-30": "", "2008-06-30": "", "2008-03-31": "", "2007-12-31": "", "2007-09-30": "", "2007-06-30": "", "2007-03-31": "", "2006-12-31": "", "2006-09-30": "", "2006-06-30": "", "2006-03-31": "", "2005-12-31": "", "2005-09-30": "", "2005-06-30": "", "2005-03-31": ""}, "SG&A Expenses": {"2020-09-30": "992.80000", "2020-06-30": "887.70000", "2020-03-31": "930.20000", "2019-12-31": "885.90000", "2019-09-30": "863.90000", "2019-06-30": "843.80000", "2019-03-31": "794.90000", "2018-12-31": "818.39980", "2018-09-30": "843.40000", "2018-06-30": "860.00000", "2018-03-31": "797.40000", "2017-12-31": "741.69990", "2017-09-30": "755.30000", "2017-06-30": "762.10000", "2017-03-31": "753.70000", "2016-12-31": "725.39990", "2016-09-30": "761.60000", "2016-06-30": "1013.50000", "2016-03-31": "739.00000", "2015-12-31": "754.49990", "2015-09-30": "737.80000", "2015-06-30": "789.20000", "2015-03-31": "754.40000", "2014-12-31": "751.99990", "2014-09-30": "973.60000", "2014-06-30": "852.70000", "2014-03-31": "883.90000", "2013-12-31": "835.20510", "2013-09-30": "782.98800", "2013-06-30": "779.65800", "2013-03-31": "728.74900", "2012-12-31": "688.42200", "2012-09-30": "654.44700", "2012-06-30": "641.50500", "2012-03-31": "613.92600", "2011-12-31": "579.26010", "2011-09-30": "568.56300", "2011-06-30": "555.45700", "2011-03-31": "508.90300", "2010-12-31": "483.60010", "2010-09-30": "454.21100", "2010-06-30": "435.89000", "2010-03-31": "414.20200", "2009-12-31": "410.27090", "2009-09-30": "390.60700", "2009-06-30": "377.54400", "2009-03-31": "356.99000", "2008-12-31": "355.94800", "2008-09-30": "397.08400", "2008-06-30": "418.41300", "2008-03-31": "397.12000", "2007-12-31": "378.58510", "2007-09-30": "345.36100", "2007-06-30": "340.66600", "2007-03-31": "329.68800", "2006-12-31": "324.94800", "2006-09-30": "314.72800", "2006-06-30": "308.23200", "2006-03-31": "300.34200", "2005-12-31": "271.62790", "2005-09-30": "260.20200", "2005-06-30": "254.90600", "2005-03-31": "245.19700"}, "Other Operating Income Or Expenses": {"2020-09-30": "0.60000", "2020-06-30": "3.30000", "2020-03-31": "9.10000", "2019-12-31": "3.80000", "2019-09-30": "6.40000", "2019-06-30": "", "2019-03-31": "27.30000", "2018-12-31": "5.90000", "2018-09-30": "6.00000", "2018-06-30": "1.70000", "2018-03-31": "16.20000", "2017-12-31": "7.30000", "2017-09-30": "4.60000", "2017-06-30": "38.90000", "2017-03-31": "", "2016-12-31": "34.70000", "2016-09-30": "0.20000", "2016-06-30": "28.10000", "2016-03-31": "0.80000", "2015-12-31": "3.10000", "2015-09-30": "3.40000", "2015-06-30": "", "2015-03-31": "", "2014-12-31": "", "2014-09-30": "", "2014-06-30": "", "2014-03-31": "", "2013-12-31": "", "2013-09-30": "", "2013-06-30": "", "2013-03-31": "", "2012-12-31": "", "2012-09-30": "", "2012-06-30": "", "2012-03-31": "", "2011-12-31": "", "2011-09-30": "", "2011-06-30": "", "2011-03-31": "", "2010-12-31": "", "2010-09-30": "", "2010-06-30": "", "2010-03-31": "", "2009-12-31": "", "2009-09-30": "", "2009-06-30": "", "2009-03-31": "", "2008-12-31": "", "2008-09-30": "", "2008-06-30": "", "2008-03-31": "", "2007-12-31": "", "2007-09-30": "", "2007-06-30": "", "2007-03-31": "", "2006-12-31": "", "2006-09-30": "", "2006-06-30": "", "2006-03-31": "", "2005-12-31": "", "2005-09-30": "", "2005-06-30": "", "2005-03-31": ""}, "Operating Expenses": {"2020-09-30": "1314.90000", "2020-06-30": "1157.20000", "2020-03-31": "1166.80000", "2019-12-31": "1111.90000", "2019-09-30": "1100.90000", "2019-06-30": "1087.00000", "2019-03-31": "1009.20000", "2018-12-31": "1038.40000", "2018-09-30": "1055.50000", "2018-06-30": "1093.70000", "2018-03-31": "1021.10000", "2017-12-31": "944.20000", "2017-09-30": "966.10000", "2017-06-30": "942.00000", "2017-03-31": "958.30000", "2016-12-31": "886.80000", "2016-09-30": "970.49990", "2016-06-30": "1221.70000", "2016-03-31": "951.30000", "2015-12-31": "955.80000", "2015-09-30": "941.29990", "2015-06-30": "1018.50000", "2015-03-31": "969.80000", "2014-12-31": "971.50010", "2014-09-30": "1228.60000", "2014-06-30": "1109.90000", "2014-03-31": "1135.10000", "2013-12-31": "1086.98900", "2013-09-30": "1021.40300", "2013-06-30": "1026.88200", "2013-03-31": "954.72600", "2012-12-31": "899.54400", "2012-09-30": "856.04400", "2012-06-30": "845.24200", "2012-03-31": "810.07000", "2011-12-31": "750.22000", "2011-09-30": "743.87100", "2011-06-30": "726.48000", "2011-03-31": "671.69600", "2010-12-31": "632.11300", "2010-09-30": "587.47600", "2010-06-30": "572.45100", "2010-03-31": "554.67400", "2009-12-31": "546.78610", "2009-09-30": "522.38400", "2009-06-30": "499.98600", "2009-03-31": "459.39000", "2008-12-31": "452.00890", "2008-09-30": "513.70400", "2008-06-30": "546.46200", "2008-03-31": "514.78600", "2007-12-31": "492.43710", "2007-09-30": "451.24700", "2007-06-30": "452.02700", "2007-03-31": "436.97100", "2006-12-31": "424.12100", "2006-09-30": "411.88700", "2006-06-30": "400.87200", "2006-03-31": "391.70800", "2005-12-31": "354.78200", "2005-09-30": "339.68400", "2005-06-30": "332.27900", "2005-03-31": "320.93400"}, "Operating Income": {"2020-09-30": "206.90000", "2020-06-30": "189.70010", "2020-03-31": "95.60000", "2019-12-31": "108.39990", "2019-09-30": "143.60000", "2019-06-30": "153.10000", "2019-03-31": "162.99990", "2018-12-31": "148.19980", "2018-09-30": "187.30000", "2018-06-30": "191.79990", "2018-03-31": "155.80000", "2017-12-31": "149.10050", "2017-09-30": "119.30000", "2017-06-30": "204.90000", "2017-03-31": "143.79990", "2016-12-31": "158.19990", "2016-09-30": "151.50010", "2016-06-30": "-19.90000", "2016-03-31": "168.30000", "2015-12-31": "142.60000", "2015-09-30": "161.60010", "2015-06-30": "143.80000", "2015-03-31": "135.60000", "2014-12-31": "162.10010", "2014-09-30": "27.59990", "2014-06-30": "196.29990", "2014-03-31": "127.50000", "2013-12-31": "181.88210", "2013-09-30": "192.14000", "2013-06-30": "192.35690", "2013-03-31": "168.92100", "2012-12-31": "159.74600", "2012-09-30": "160.84300", "2012-06-30": "186.70600", "2012-03-31": "154.10500", "2011-12-31": "134.34910", "2011-09-30": "151.34700", "2011-06-30": "153.17400", "2011-03-31": "123.40000", "2010-12-31": "106.24300", "2010-09-30": "100.95500", "2010-06-30": "116.35500", "2010-03-31": "63.95900", "2009-12-31": "84.08480", "2009-09-30": "77.83410", "2009-06-30": "71.81900", "2009-03-31": "62.29300", "2008-12-31": "60.86810", "2008-09-30": "88.49490", "2008-06-30": "93.23800", "2008-03-31": "89.65100", "2007-12-31": "85.66010", "2007-09-30": "78.29600", "2007-06-30": "78.07300", "2007-03-31": "71.12800", "2006-12-31": "63.26400", "2006-09-30": "64.48700", "2006-06-30": "65.11500", "2006-03-31": "64.08000", "2005-12-31": "54.24400", "2005-09-30": "61.31300", "2005-06-30": "52.38800", "2005-03-31": "51.12600"}, "Total Non-Operating Income/Expense": {"2020-09-30": "-35.20000", "2020-06-30": "-28.80000", "2020-03-31": "-25.00000", "2019-12-31": "-28.40000", "2019-09-30": "-30.30000", "2019-06-30": "-30.40000", "2019-03-31": "-27.60000", "2018-12-31": "-34.80000", "2018-09-30": "-70.80000", "2018-06-30": "-49.00000", "2018-03-31": "-64.30000", "2017-12-31": "-39.40000", "2017-09-30": "-38.40000", "2017-06-30": "-37.90000", "2017-03-31": "-30.20000", "2016-12-31": "-23.30000", "2016-09-30": "-22.10000", "2016-06-30": "-23.10000", "2016-03-31": "-24.90000", "2015-12-31": "-25.60000", "2015-09-30": "-24.10000", "2015-06-30": "-23.70000", "2015-03-31": "-23.80000", "2014-12-31": "-23.00000", "2014-09-30": "-29.70000", "2014-06-30": "-21.40000", "2014-03-31": "-18.10000", "2013-12-31": "-2.94200", "2013-09-30": "-4.72600", "2013-06-30": "-5.55900", "2013-03-31": "-5.37300", "2012-12-31": "-2.41200", "2012-09-30": "-3.54600", "2012-06-30": "-3.16900", "2012-03-31": "-1.37300", "2011-12-31": "1.35700", "2011-09-30": "-0.34500", "2011-06-30": "-0.85500", "2011-03-31": "-2.64800", "2010-12-31": "-1.12600", "2010-09-30": "-2.19200", "2010-06-30": "-2.14600", "2010-03-31": "-1.95300", "2009-12-31": "-1.01600", "2009-09-30": "-1.03700", "2009-06-30": "-1.33800", "2009-03-31": "-1.71200", "2008-12-31": "-2.85700", "2008-09-30": "-3.40700", "2008-06-30": "-3.16700", "2008-03-31": "-3.79100", "2007-12-31": "-3.35500", "2007-09-30": "-2.74000", "2007-06-30": "-2.27400", "2007-03-31": "-2.20400", "2006-12-31": "-2.70200", "2006-09-30": "-25.86900", "2006-06-30": "-4.95500", "2006-03-31": "-6.01500", "2005-12-31": "-6.32600", "2005-09-30": "-7.95000", "2005-06-30": "-7.44600", "2005-03-31": "-22.20200"}, "Pre-Tax Income": {"2020-09-30": "171.70000", "2020-06-30": "160.90000", "2020-03-31": "70.60000", "2019-12-31": "80.00000", "2019-09-30": "113.30000", "2019-06-30": "122.70000", "2019-03-31": "135.40000", "2018-12-31": "113.40000", "2018-09-30": "116.50000", "2018-06-30": "142.80000", "2018-03-31": "91.50000", "2017-12-31": "109.70000", "2017-09-30": "80.90000", "2017-06-30": "167.00000", "2017-03-31": "113.60000", "2016-12-31": "134.90000", "2016-09-30": "129.40000", "2016-06-30": "-43.00000", "2016-03-31": "143.40000", "2015-12-31": "117.00000", "2015-09-30": "137.50000", "2015-06-30": "120.10000", "2015-03-31": "111.80000", "2014-12-31": "139.10000", "2014-09-30": "-2.10000", "2014-06-30": "174.90000", "2014-03-31": "109.40000", "2013-12-31": "178.94000", "2013-09-30": "187.41400", "2013-06-30": "186.79800", "2013-03-31": "163.54800", "2012-12-31": "157.33400", "2012-09-30": "157.29700", "2012-06-30": "183.53700", "2012-03-31": "152.73200", "2011-12-31": "135.70600", "2011-09-30": "151.00200", "2011-06-30": "152.31900", "2011-03-31": "120.75200", "2010-12-31": "105.11700", "2010-09-30": "98.76300", "2010-06-30": "114.20900", "2010-03-31": "62.00600", "2009-12-31": "83.06900", "2009-09-30": "76.79700", "2009-06-30": "70.48100", "2009-03-31": "60.58100", "2008-12-31": "58.01100", "2008-09-30": "85.08800", "2008-06-30": "90.07100", "2008-03-31": "85.86000", "2007-12-31": "82.30500", "2007-09-30": "75.55600", "2007-06-30": "75.79900", "2007-03-31": "68.92400", "2006-12-31": "60.56200", "2006-09-30": "38.61800", "2006-06-30": "60.16000", "2006-03-31": "58.06500", "2005-12-31": "47.91800", "2005-09-30": "53.36300", "2005-06-30": "44.94200", "2005-03-31": "28.92400"}, "Income Taxes": {"2020-09-30": "33.60000", "2020-06-30": "45.80000", "2020-03-31": "25.00000", "2019-12-31": "23.30000", "2019-09-30": "31.80000", "2019-06-30": "46.20000", "2019-03-31": "39.10000", "2018-12-31": "64.50000", "2018-09-30": "45.30000", "2018-06-30": "48.40000", "2018-03-31": "9.40000", "2017-12-31": "173.10000", "2017-09-30": "26.40000", "2017-06-30": "29.40000", "2017-03-31": "28.40000", "2016-12-31": "35.50000", "2016-09-30": "41.70000", "2016-06-30": "-20.10000", "2016-03-31": "47.60000", "2015-12-31": "32.50000", "2015-09-30": "43.90000", "2015-06-30": "37.30000", "2015-03-31": "33.60000", "2014-12-31": "35.70000", "2014-09-30": "-13.30000", "2014-06-30": "55.40000", "2014-03-31": "34.80000", "2013-12-31": "55.42500", "2013-09-30": "45.46400", "2013-06-30": "43.63600", "2013-03-31": "44.67500", "2012-12-31": "45.08900", "2012-09-30": "45.42400", "2012-06-30": "51.58600", "2012-03-31": "44.80100", "2011-12-31": "27.96800", "2011-09-30": "42.98000", "2011-06-30": "41.13900", "2011-03-31": "32.73300", "2010-12-31": "25.16400", "2010-09-30": "19.87900", "2010-06-30": "32.03400", "2010-03-31": "10.13500", "2009-12-31": "27.41300", "2009-09-30": "18.90200", "2009-06-30": "22.22800", "2009-03-31": "19.03900", "2008-12-31": "24.35200", "2008-09-30": "27.00400", "2008-06-30": "22.99100", "2008-03-31": "23.49300", "2007-12-31": "28.47300", "2007-09-30": "27.22600", "2007-06-30": "27.69000", "2007-03-31": "27.74400", "2006-12-31": "18.91200", "2006-09-30": "12.15100", "2006-06-30": "23.83400", "2006-03-31": "19.36900", "2005-12-31": "17.96500", "2005-09-30": "26.22600", "2005-06-30": "22.16800", "2005-03-31": "15.64800"}, "Income After Taxes": {"2020-09-30": "138.10000", "2020-06-30": "115.10000", "2020-03-31": "45.60000", "2019-12-31": "56.70000", "2019-09-30": "81.50000", "2019-06-30": "76.50000", "2019-03-31": "96.30000", "2018-12-31": "48.90000", "2018-09-30": "71.20000", "2018-06-30": "94.40000", "2018-03-31": "82.10000", "2017-12-31": "-63.40000", "2017-09-30": "54.50000", "2017-06-30": "137.60000", "2017-03-31": "85.20000", "2016-12-31": "99.40000", "2016-09-30": "87.70000", "2016-06-30": "-22.90000", "2016-03-31": "95.80000", "2015-12-31": "84.50000", "2015-09-30": "93.60000", "2015-06-30": "82.80000", "2015-03-31": "78.20000", "2014-12-31": "103.40000", "2014-09-30": "11.20000", "2014-06-30": "119.50000", "2014-03-31": "74.60000", "2013-12-31": "123.51500", "2013-09-30": "141.95000", "2013-06-30": "143.16200", "2013-03-31": "118.87300", "2012-12-31": "112.24500", "2012-09-30": "111.87300", "2012-06-30": "131.95100", "2012-03-31": "107.93100", "2011-12-31": "107.73800", "2011-09-30": "108.02200", "2011-06-30": "111.18000", "2011-03-31": "88.01900", "2010-12-31": "79.95300", "2010-09-30": "78.88400", "2010-06-30": "82.17500", "2010-03-31": "51.87100", "2009-12-31": "55.65600", "2009-09-30": "57.89500", "2009-06-30": "48.25300", "2009-03-31": "41.54200", "2008-12-31": "33.65900", "2008-09-30": "58.08400", "2008-06-30": "67.08000", "2008-03-31": "62.36700", "2007-12-31": "53.83200", "2007-09-30": "48.33000", "2007-06-30": "48.10900", "2007-03-31": "41.18000", "2006-12-31": "41.65000", "2006-09-30": "26.46700", "2006-06-30": "36.32600", "2006-03-31": "38.69600", "2005-12-31": "29.95300", "2005-09-30": "27.13700", "2005-06-30": "22.77400", "2005-03-31": "13.27600"}, "Other Income": {"2020-09-30": "", "2020-06-30": "", "2020-03-31": "", "2019-12-31": "", "2019-09-30": "", "2019-06-30": "", "2019-03-31": "", "2018-12-31": "", "2018-09-30": "", "2018-06-30": "", "2018-03-31": "", "2017-12-31": "", "2017-09-30": "", "2017-06-30": "", "2017-03-31": "", "2016-12-31": "", "2016-09-30": "", "2016-06-30": "", "2016-03-31": "", "2015-12-31": "", "2015-09-30": "", "2015-06-30": "", "2015-03-31": "", "2014-12-31": "", "2014-09-30": "", "2014-06-30": "", "2014-03-31": "", "2013-12-31": "", "2013-09-30": "", "2013-06-30": "", "2013-03-31": "", "2012-12-31": "", "2012-09-30": "", "2012-06-30": "", "2012-03-31": "", "2011-12-31": "", "2011-09-30": "", "2011-06-30": "", "2011-03-31": "", "2010-12-31": "", "2010-09-30": "", "2010-06-30": "", "2010-03-31": "", "2009-12-31": "", "2009-09-30": "", "2009-06-30": "", "2009-03-31": "", "2008-12-31": "", "2008-09-30": "", "2008-06-30": "", "2008-03-31": "", "2007-12-31": "", "2007-09-30": "", "2007-06-30": "", "2007-03-31": "", "2006-12-31": "", "2006-09-30": "", "2006-06-30": "", "2006-03-31": "", "2005-12-31": "", "2005-09-30": "", "2005-06-30": "", "2005-03-31": ""}, "Income From Continuous Operations": {"2020-09-30": "138.10000", "2020-06-30": "115.10000", "2020-03-31": "45.60000", "2019-12-31": "56.70000", "2019-09-30": "81.50000", "2019-06-30": "76.50000", "2019-03-31": "96.30000", "2018-12-31": "48.90000", "2018-09-30": "71.20000", "2018-06-30": "94.40000", "2018-03-31": "82.10000", "2017-12-31": "-63.40000", "2017-09-30": "54.50000", "2017-06-30": "137.60000", "2017-03-31": "85.20000", "2016-12-31": "99.40000", "2016-09-30": "87.70000", "2016-06-30": "-22.90000", "2016-03-31": "95.80000", "2015-12-31": "84.50000", "2015-09-30": "93.60000", "2015-06-30": "82.80000", "2015-03-31": "78.20000", "2014-12-31": "103.40000", "2014-09-30": "11.20000", "2014-06-30": "119.50000", "2014-03-31": "74.60000", "2013-12-31": "123.51500", "2013-09-30": "141.95000", "2013-06-30": "143.16200", "2013-03-31": "118.87300", "2012-12-31": "112.24500", "2012-09-30": "111.87300", "2012-06-30": "131.95100", "2012-03-31": "107.93100", "2011-12-31": "107.73800", "2011-09-30": "108.02200", "2011-06-30": "111.18000", "2011-03-31": "88.01900", "2010-12-31": "79.95300", "2010-09-30": "78.88400", "2010-06-30": "82.17500", "2010-03-31": "51.87100", "2009-12-31": "55.65600", "2009-09-30": "57.89500", "2009-06-30": "48.25300", "2009-03-31": "41.54200", "2008-12-31": "33.65900", "2008-09-30": "58.08400", "2008-06-30": "67.08000", "2008-03-31": "62.36700", "2007-12-31": "53.83200", "2007-09-30": "48.33000", "2007-06-30": "48.10900", "2007-03-31": "41.18000", "2006-12-31": "41.65000", "2006-09-30": "26.46700", "2006-06-30": "36.32600", "2006-03-31": "38.69600", "2005-12-31": "29.95300", "2005-09-30": "27.13700", "2005-06-30": "22.77400", "2005-03-31": "13.27600"}, "Income From Discontinued Operations": {"2020-09-30": "", "2020-06-30": "", "2020-03-31": "", "2019-12-31": "", "2019-09-30": "", "2019-06-30": "", "2019-03-31": "", "2018-12-31": "", "2018-09-30": "", "2018-06-30": "", "2018-03-31": "", "2017-12-31": "", "2017-09-30": "", "2017-06-30": "", "2017-03-31": "", "2016-12-31": "", "2016-09-30": "", "2016-06-30": "", "2016-03-31": "", "2015-12-31": "", "2015-09-30": "", "2015-06-30": "", "2015-03-31": "", "2014-12-31": "", "2014-09-30": "", "2014-06-30": "", "2014-03-31": "", "2013-12-31": "", "2013-09-30": "", "2013-06-30": "", "2013-03-31": "", "2012-12-31": "", "2012-09-30": "", "2012-06-30": "", "2012-03-31": "", "2011-12-31": "", "2011-09-30": "", "2011-06-30": "", "2011-03-31": "", "2010-12-31": "", "2010-09-30": "", "2010-06-30": "", "2010-03-31": "", "2009-12-31": "", "2009-09-30": "", "2009-06-30": "", "2009-03-31": "", "2008-12-31": "", "2008-09-30": "", "2008-06-30": "", "2008-03-31": "", "2007-12-31": "", "2007-09-30": "", "2007-06-30": "", "2007-03-31": "", "2006-12-31": "", "2006-09-30": "", "2006-06-30": "", "2006-03-31": "", "2005-12-31": "", "2005-09-30": "", "2005-06-30": "", "2005-03-31": ""}, "Net Income": {"2020-09-30": "138.10000", "2020-06-30": "115.10000", "2020-03-31": "45.60000", "2019-12-31": "56.70000", "2019-09-30": "81.50000", "2019-06-30": "76.50000", "2019-03-31": "96.30000", "2018-12-31": "48.90000", "2018-09-30": "71.20000", "2018-06-30": "94.40000", "2018-03-31": "82.10000", "2017-12-31": "-63.40000", "2017-09-30": "54.50000", "2017-06-30": "137.60000", "2017-03-31": "85.20000", "2016-12-31": "99.40000", "2016-09-30": "87.70000", "2016-06-30": "-22.90000", "2016-03-31": "95.80000", "2015-12-31": "84.50000", "2015-09-30": "93.60000", "2015-06-30": "82.80000", "2015-03-31": "78.20000", "2014-12-31": "103.40000", "2014-09-30": "11.20000", "2014-06-30": "119.50000", "2014-03-31": "74.60000", "2013-12-31": "123.51500", "2013-09-30": "141.95000", "2013-06-30": "143.16200", "2013-03-31": "118.87300", "2012-12-31": "112.24500", "2012-09-30": "111.87300", "2012-06-30": "131.95100", "2012-03-31": "107.93100", "2011-12-31": "107.73800", "2011-09-30": "108.02200", "2011-06-30": "111.18000", "2011-03-31": "88.01900", "2010-12-31": "79.95300", "2010-09-30": "78.88400", "2010-06-30": "82.17500", "2010-03-31": "51.87100", "2009-12-31": "55.65600", "2009-09-30": "57.89500", "2009-06-30": "48.25300", "2009-03-31": "41.54200", "2008-12-31": "33.65900", "2008-09-30": "58.08400", "2008-06-30": "67.08000", "2008-03-31": "62.36700", "2007-12-31": "53.83200", "2007-09-30": "48.33000", "2007-06-30": "48.10900", "2007-03-31": "41.18000", "2006-12-31": "41.65000", "2006-09-30": "26.46700", "2006-06-30": "36.32600", "2006-03-31": "38.69600", "2005-12-31": "29.95300", "2005-09-30": "27.13700", "2005-06-30": "22.77400", "2005-03-31": "13.27600"}, "EBITDA": {"2020-09-30": "231.30000", "2020-06-30": "215.40010", "2020-03-31": "119.80000", "2019-12-31": "132.69990", "2019-09-30": "168.00000", "2019-06-30": "177.70000", "2019-03-31": "187.39990", "2018-12-31": "172.59980", "2018-09-30": "212.50000", "2018-06-30": "216.99990", "2018-03-31": "181.40000", "2017-12-31": "175.10050", "2017-09-30": "144.50010", "2017-06-30": "229.00000", "2017-03-31": "168.29990", "2016-12-31": "183.89990", "2016-09-30": "176.20010", "2016-06-30": "4.10000", "2016-03-31": "192.20000", "2015-12-31": "168.00000", "2015-09-30": "186.20010", "2015-06-30": "168.90010", "2015-03-31": "158.50000", "2014-12-31": "186.10010", "2014-09-30": "51.99990", "2014-06-30": "219.79990", "2014-03-31": "148.80000", "2013-12-31": "203.37510", "2013-09-30": "213.03700", "2013-06-30": "213.05290", "2013-03-31": "190.53500", "2012-12-31": "177.60900", "2012-09-30": "180.19500", "2012-06-30": "205.01500", "2012-03-31": "172.98100", "2011-12-31": "152.04810", "2011-09-30": "169.41600", "2011-06-30": "171.55490", "2011-03-31": "142.11100", "2010-12-31": "123.23500", "2010-09-30": "118.43300", "2010-06-30": "133.62000", "2010-03-31": "81.34500", "2009-12-31": "100.99980", "2009-09-30": "93.91710", "2009-06-30": "86.80700", "2009-03-31": "77.23500", "2008-12-31": "74.93310", "2008-09-30": "101.16090", "2008-06-30": "105.23100", "2008-03-31": "100.14000", "2007-12-31": "95.03510", "2007-09-30": "87.18000", "2007-06-30": "86.92500", "2007-03-31": "79.46700", "2006-12-31": "70.98700", "2006-09-30": "72.24500", "2006-06-30": "72.61900", "2006-03-31": "71.43000", "2005-12-31": "62.23000", "2005-09-30": "69.08200", "2005-06-30": "63.00100", "2005-03-31": "61.59100"}, "EBIT": {"2020-09-30": "206.90000", "2020-06-30": "189.70010", "2020-03-31": "95.60000", "2019-12-31": "108.40020", "2019-09-30": "143.60000", "2019-06-30": "153.10000", "2019-03-31": "162.99990", "2018-12-31": "148.19960", "2018-09-30": "187.30000", "2018-06-30": "191.79990", "2018-03-31": "155.80000", "2017-12-31": "149.10030", "2017-09-30": "119.30000", "2017-06-30": "204.90000", "2017-03-31": "143.79990", "2016-12-31": "158.19980", "2016-09-30": "151.50010", "2016-06-30": "-19.90000", "2016-03-31": "168.30000", "2015-12-31": "142.60000", "2015-09-30": "161.60010", "2015-06-30": "143.80000", "2015-03-31": "135.60000", "2014-12-31": "162.10020", "2014-09-30": "27.59990", "2014-06-30": "196.29990", "2014-03-31": "127.50000", "2013-12-31": "181.88200", "2013-09-30": "192.14000", "2013-06-30": "192.35690", "2013-03-31": "168.92100", "2012-12-31": "159.74620", "2012-09-30": "160.84300", "2012-06-30": "186.70600", "2012-03-31": "154.10500", "2011-12-31": "134.34910", "2011-09-30": "151.34700", "2011-06-30": "153.17400", "2011-03-31": "123.40000", "2010-12-31": "106.24300", "2010-09-30": "100.95500", "2010-06-30": "116.35500", "2010-03-31": "63.95900", "2009-12-31": "84.08490", "2009-09-30": "77.83410", "2009-06-30": "71.81900", "2009-03-31": "62.29300", "2008-12-31": "60.86800", "2008-09-30": "88.49490", "2008-06-30": "93.23800", "2008-03-31": "89.65100", "2007-12-31": "85.66010", "2007-09-30": "78.29600", "2007-06-30": "78.07300", "2007-03-31": "71.12800", "2006-12-31": "63.26410", "2006-09-30": "64.48700", "2006-06-30": "65.11500", "2006-03-31": "64.08000", "2005-12-31": "54.24410", "2005-09-30": "61.31300", "2005-06-30": "52.38800", "2005-03-31": "51.12600"}, "Basic Shares Outstanding": {"2020-09-30": "129.20000", "2020-06-30": "137.90000", "2020-03-31": "137.80000", "2019-12-31": "137.40000", "2019-09-30": "137.40000", "2019-06-30": "137.40000", "2019-03-31": "137.10000", "2018-12-31": "140.20000", "2018-09-30": "136.20000", "2018-06-30": "142.30000", "2018-03-31": "145.30000", "2017-12-31": "158.50000", "2017-09-30": "159.10000", "2017-06-30": "162.90000", "2017-03-31": "166.20000", "2016-12-31": "166.10000", "2016-09-30": "166.20000", "2016-06-30": "166.00000", "2016-03-31": "165.60000", "2015-12-31": "165.20000", "2015-09-30": "165.20000", "2015-06-30": "165.20000", "2015-03-31": "164.60000", "2014-12-31": "172.60000", "2014-09-30": "163.80000", "2014-06-30": "172.20000", "2014-03-31": "190.80000", "2013-12-31": "205.20000", "2013-09-30": "204.40000", "2013-06-30": "205.98600", "2013-03-31": "208.24200", "2012-12-31": "224.80000", "2012-09-30": "217.63200", "2012-06-30": "233.11400", "2012-03-31": "232.38200", "2011-12-31": "235.08000", "2011-09-30": "233.95000", "2011-06-30": "238.01400", "2011-03-31": "236.41200", "2010-12-31": "238.00800", "2010-09-30": "236.88400", "2010-06-30": "238.10800", "2010-03-31": "240.64000", "2009-12-31": "244.88400", "2009-09-30": "244.93600", "2009-06-30": "246.56800", "2009-03-31": "246.04000", "2008-12-31": "255.14000", "2008-09-30": "254.37600", "2008-06-30": "257.12800", "2008-03-31": "257.52400", "2007-12-31": "277.98800", "2007-09-30": "274.05200", "2007-06-30": "282.46400", "2007-03-31": "286.88800", "2006-12-31": "283.25600", "2006-09-30": "284.71600", "2006-06-30": "282.58800", "2006-03-31": "279.78800", "2005-12-31": "275.88800", "2005-09-30": "276.30800", "2005-06-30": "274.71200", "2005-03-31": "274.57200"}, "Shares Outstanding": {"2020-09-30": "132.50000", "2020-06-30": "140.10000", "2020-03-31": "140.20000", "2019-12-31": "141.60000", "2019-09-30": "140.00000", "2019-06-30": "142.40000", "2019-03-31": "145.50000", "2018-12-31": "149.50000", "2018-09-30": "145.60000", "2018-06-30": "151.90000", "2018-03-31": "152.70000", "2017-12-31": "165.70000", "2017-09-30": "165.90000", "2017-06-30": "170.60000", "2017-03-31": "173.40000", "2016-12-31": "172.20000", "2016-09-30": "172.80000", "2016-06-30": "166.00000", "2016-03-31": "171.20000", "2015-12-31": "170.60000", "2015-09-30": "171.40000", "2015-06-30": "170.40000", "2015-03-31": "169.20000", "2014-12-31": "181.60000", "2014-09-30": "172.40000", "2014-06-30": "182.40000", "2014-03-31": "201.60000", "2013-12-31": "214.80000", "2013-09-30": "215.55400", "2013-06-30": "214.16600", "2013-03-31": "216.13600", "2012-12-31": "235.80000", "2012-09-30": "227.29200", "2012-06-30": "242.96400", "2012-03-31": "244.74600", "2011-12-31": "249.69200", "2011-09-30": "248.55000", "2011-06-30": "253.23400", "2011-03-31": "251.25000", "2010-12-31": "252.99000", "2010-09-30": "251.22600", "2010-06-30": "251.37000", "2010-03-31": "250.68800", "2009-12-31": "252.38800", "2009-09-30": "253.58800", "2009-06-30": "251.71600", "2009-03-31": "246.45600", "2008-12-31": "263.07600", "2008-09-30": "261.75600", "2008-06-30": "264.44000", "2008-03-31": "268.80000", "2007-12-31": "290.85600", "2007-09-30": "286.62800", "2007-06-30": "295.96000", "2007-03-31": "299.77200", "2006-12-31": "298.03600", "2006-09-30": "297.02800", "2006-06-30": "296.88000", "2006-03-31": "293.80400", "2005-12-31": "289.96400", "2005-09-30": "293.82000", "2005-06-30": "287.44000", "2005-03-31": "286.85600"}, "Basic EPS": {"2020-09-30": "1.07000", "2020-06-30": "0.84000", "2020-03-31": "0.33000", "2019-12-31": "0.41000", "2019-09-30": "0.59000", "2019-06-30": "0.56000", "2019-03-31": "0.70000", "2018-12-31": "0.37000", "2018-09-30": "0.52000", "2018-06-30": "0.66000", "2018-03-31": "0.57000", "2017-12-31": "-0.34500", "2017-09-30": "0.34000", "2017-06-30": "0.84000", "2017-03-31": "0.51500", "2016-12-31": "0.60000", "2016-09-30": "0.53000", "2016-06-30": "-0.14000", "2016-03-31": "0.58000", "2015-12-31": "0.51500", "2015-09-30": "0.56500", "2015-06-30": "0.50000", "2015-03-31": "0.47500", "2014-12-31": "0.63500", "2014-09-30": "0.07000", "2014-06-30": "0.69500", "2014-03-31": "0.39000", "2013-12-31": "0.61000", "2013-09-30": "0.69500", "2013-06-30": "0.69500", "2013-03-31": "0.57000", "2012-12-31": "0.52000", "2012-09-30": "0.51500", "2012-06-30": "0.56500", "2012-03-31": "0.46500", "2011-12-31": "0.47000", "2011-09-30": "0.46000", "2011-06-30": "0.46500", "2011-03-31": "0.37000", "2010-12-31": "0.33500", "2010-09-30": "0.33500", "2010-06-30": "0.34500", "2010-03-31": "0.21500", "2009-12-31": "0.22750", "2009-09-30": "0.23750", "2009-06-30": "0.19500", "2009-03-31": "0.17000", "2008-12-31": "0.13750", "2008-09-30": "0.22750", "2008-06-30": "0.26000", "2008-03-31": "0.24250", "2007-12-31": "0.19750", "2007-09-30": "0.17750", "2007-06-30": "0.17000", "2007-03-31": "0.14250", "2006-12-31": "0.14750", "2006-09-30": "0.09250", "2006-06-30": "0.12750", "2006-03-31": "0.13750", "2005-12-31": "0.11000", "2005-09-30": "0.09750", "2005-06-30": "0.08250", "2005-03-31": "0.04750"}, "EPS - Earnings Per Share": {"2020-09-30": "1.04000", "2020-06-30": "0.82000", "2020-03-31": "0.32000", "2019-12-31": "0.42000", "2019-09-30": "0.58000", "2019-06-30": "0.54000", "2019-03-31": "0.66000", "2018-12-31": "0.33000", "2018-09-30": "0.49000", "2018-06-30": "0.62000", "2018-03-31": "0.54000", "2017-12-31": "-0.34000", "2017-09-30": "0.33000", "2017-06-30": "0.81000", "2017-03-31": "0.49000", "2016-12-31": "0.58500", "2016-09-30": "0.50500", "2016-06-30": "-0.14000", "2016-03-31": "0.56000", "2015-12-31": "0.49500", "2015-09-30": "0.54500", "2015-06-30": "0.48500", "2015-03-31": "0.46000", "2014-12-31": "0.61000", "2014-09-30": "0.06500", "2014-06-30": "0.65500", "2014-03-31": "0.37000", "2013-12-31": "0.57500", "2013-09-30": "0.66000", "2013-06-30": "0.67000", "2013-03-31": "0.55000", "2012-12-31": "0.49500", "2012-09-30": "0.49000", "2012-06-30": "0.54500", "2012-03-31": "0.44000", "2011-12-31": "0.43500", "2011-09-30": "0.43500", "2011-06-30": "0.44000", "2011-03-31": "0.35000", "2010-12-31": "0.31250", "2010-09-30": "0.31500", "2010-06-30": "0.32500", "2010-03-31": "0.20750", "2009-12-31": "0.21750", "2009-09-30": "0.22750", "2009-06-30": "0.19250", "2009-03-31": "0.16750", "2008-12-31": "0.13250", "2008-09-30": "0.22250", "2008-06-30": "0.25250", "2008-03-31": "0.23250", "2007-12-31": "0.19000", "2007-09-30": "0.16750", "2007-06-30": "0.16250", "2007-03-31": "0.13750", "2006-12-31": "0.13500", "2006-09-30": "0.09000", "2006-06-30": "0.12250", "2006-03-31": "0.13250", "2005-12-31": "0.10000", "2005-09-30": "0.09250", "2005-06-30": "0.08000", "2005-03-31": "0.04750"}}, "balance sheet": {"Cash On Hand": {"2019-12-31": "839.40000", "2018-12-31": "1198.90000", "2017-12-31": "1278.80000", "2016-12-31": "844.00000", "2015-12-31": "889.80000", "2014-12-31": "645.40000", "2013-12-31": "973.00000", "2012-12-31": "333.53400", "2011-12-31": "258.77500", "2010-12-31": "190.55000", "2009-12-31": "150.80100", "2008-12-31": "150.84700", "2007-12-31": "187.40700", "2006-12-31": "154.32300", "2005-12-31": "88.24800"}, "Receivables": {"2019-12-31": "79.70000", "2018-12-31": "70.50000", "2017-12-31": "93.30000", "2016-12-31": "70.30000", "2015-12-31": "69.90000", "2014-12-31": "83.60000", "2013-12-31": "100.30000", "2012-12-31": "116.13900", "2011-12-31": "89.66000", "2010-12-31": "85.61200", "2009-12-31": "76.95800", "2008-12-31": "70.00200", "2007-12-31": "58.72900", "2006-12-31": "51.75800", "2005-12-31": "37.26600"}, "Inventory": {"2019-12-31": "436.20000", "2018-12-31": "381.80000", "2017-12-31": "341.20000", "2016-12-31": "371.30000", "2015-12-31": "332.00000", "2014-12-31": "377.70000", "2013-12-31": "351.20000", "2012-12-31": "339.41100", "2011-12-31": "247.69600", "2010-12-31": "182.46700", "2009-12-31": "145.96200", "2008-12-31": "134.39200", "2007-12-31": "128.64800", "2006-12-31": "146.03600", "2005-12-31": "109.78500"}, "Pre-Paid Expenses": {"2019-12-31": "132.90000", "2018-12-31": "153.80000", "2017-12-31": "147.00000", "2016-12-31": "176.90000", "2015-12-31": "161.10000", "2014-12-31": "186.10000", "2013-12-31": "148.80000", "2012-12-31": "145.62400", "2011-12-31": "134.60500", "2010-12-31": "93.96300", "2009-12-31": "101.18100", "2008-12-31": "89.21400", "2007-12-31": "72.19300", "2006-12-31": "43.40000", "2005-12-31": "40.66700"}, "Other Current Assets": {"2019-12-31": "", "2018-12-31": "", "2017-12-31": "", "2016-12-31": "", "2015-12-31": "", "2014-12-31": "", "2013-12-31": "", "2012-12-31": "", "2011-12-31": "", "2010-12-31": "", "2009-12-31": "", "2008-12-31": "", "2007-12-31": "", "2006-12-31": "", "2005-12-31": ""}, "Total Current Assets": {"2019-12-31": "1488.20000", "2018-12-31": "1805.00000", "2017-12-31": "1860.30000", "2016-12-31": "1462.50000", "2015-12-31": "1566.30000", "2014-12-31": "1393.40000", "2013-12-31": "1643.10000", "2012-12-31": "984.04700", "2011-12-31": "785.68500", "2010-12-31": "595.58600", "2009-12-31": "513.50200", "2008-12-31": "484.76800", "2007-12-31": "487.09600", "2006-12-31": "455.70700", "2005-12-31": "299.55100"}, "Property, Plant, And Equipment": {"2019-12-31": "371.50000", "2018-12-31": "360.00000", "2017-12-31": "377.50000", "2016-12-31": "378.00000", "2015-12-31": "339.20000", "2014-12-31": "366.70000", "2013-12-31": "318.90000", "2012-12-31": "242.88600", "2011-12-31": "193.70300", "2010-12-31": "177.42700", "2009-12-31": "178.00900", "2008-12-31": "175.49200", "2007-12-31": "121.02700", "2006-12-31": "105.26600", "2005-12-31": "64.94600"}, "Long-Term Investments": {"2019-12-31": "", "2018-12-31": "", "2017-12-31": "", "2016-12-31": "", "2015-12-31": "", "2014-12-31": "", "2013-12-31": "", "2012-12-31": "", "2011-12-31": "", "2010-12-31": "", "2009-12-31": "", "2008-12-31": "", "2007-12-31": "", "2006-12-31": "", "2005-12-31": ""}, "Goodwill And Intangible Assets": {"2019-12-31": "401.60000", "2018-12-31": "403.00000", "2017-12-31": "407.00000", "2016-12-31": "400.00000", "2015-12-31": "402.00000", "2014-12-31": "412.60000", "2013-12-31": "416.30000", "2012-12-31": "416.67600", "2011-12-31": "417.25400", "2010-12-31": "413.79300", "2009-12-31": "414.32500", "2008-12-31": "420.73700", "2007-12-31": "421.53700", "2006-12-31": "425.02900", "2005-12-31": "449.11400"}, "Other Long-Term Assets": {"2019-12-31": "227.80000", "2018-12-31": "221.80000", "2017-12-31": "250.30000", "2016-12-31": "324.90000", "2015-12-31": "141.10000", "2014-12-31": "154.90000", "2013-12-31": "63.70000", "2012-12-31": "48.80500", "2011-12-31": "41.12500", "2010-12-31": "25.88000", "2009-12-31": "21.30600", "2008-12-31": "22.57800", "2007-12-31": "15.87300", "2006-12-31": "11.26100", "2005-12-31": "7.51000"}, "Total Long-Term Assets": {"2019-12-31": "1190.40000", "2018-12-31": "984.80000", "2017-12-31": "1034.80000", "2016-12-31": "1102.90000", "2015-12-31": "911.60000", "2014-12-31": "961.60000", "2013-12-31": "830.60000", "2012-12-31": "740.09600", "2011-12-31": "677.39000", "2010-12-31": "636.63400", "2009-12-31": "632.54800", "2008-12-31": "636.55000", "2007-12-31": "580.14700", "2006-12-31": "561.22600", "2005-12-31": "538.25000"}, "Total Assets": {"2019-12-31": "2678.60000", "2018-12-31": "2789.80000", "2017-12-31": "2895.10000", "2016-12-31": "2565.40000", "2015-12-31": "2477.90000", "2014-12-31": "2355.00000", "2013-12-31": "2473.70000", "2012-12-31": "1724.14300", "2011-12-31": "1463.07500", "2010-12-31": "1232.22000", "2009-12-31": "1146.05000", "2008-12-31": "1121.31800", "2007-12-31": "1067.24300", "2006-12-31": "1016.93300", "2005-12-31": "837.80100"}, "Total Current Liabilities": {"2019-12-31": "964.40000", "2018-12-31": "1588.80000", "2017-12-31": "906.80000", "2016-12-31": "791.50000", "2015-12-31": "1024.40000", "2014-12-31": "874.80000", "2013-12-31": "922.30000", "2012-12-31": "762.36200", "2011-12-31": "579.55700", "2010-12-31": "470.81600", "2009-12-31": "429.96600", "2008-12-31": "401.89900", "2007-12-31": "375.61800", "2006-12-31": "323.49200", "2005-12-31": "285.45700"}, "Long Term Debt": {"2019-12-31": "1778.90000", "2018-12-31": "1774.90000", "2017-12-31": "2165.70000", "2016-12-31": "1438.40000", "2015-12-31": "1392.50000", "2014-12-31": "1691.80000", "2013-12-31": "850.00000", "2012-12-31": "431.30500", "2011-12-31": "202.07900", "2010-12-31": "175.04600", "2009-12-31": "237.93100", "2008-12-31": "336.51400", "2007-12-31": "360.49100", "2006-12-31": "179.83900", "2005-12-31": "253.27600"}, "Other Non-Current Liabilities": {"2019-12-31": "155.40000", "2018-12-31": "149.50000", "2017-12-31": "157.30000", "2016-12-31": "139.20000", "2015-12-31": "70.50000", "2014-12-31": "64.60000", "2013-12-31": "46.80000", "2012-12-31": "42.55700", "2011-12-31": "39.20300", "2010-12-31": "23.40700", "2009-12-31": "24.60000", "2008-12-31": "23.52000", "2007-12-31": "21.07300", "2006-12-31": "15.39400", "2005-12-31": "2.32100"}, "Total Long Term Liabilities": {"2019-12-31": "2104.20000", "2018-12-31": "1924.40000", "2017-12-31": "2323.00000", "2016-12-31": "1577.60000", "2015-12-31": "1507.00000", "2014-12-31": "1814.60000", "2013-12-31": "1000.00000", "2012-12-31": "566.29800", "2011-12-31": "335.37400", "2010-12-31": "274.19200", "2009-12-31": "356.77300", "2008-12-31": "477.68800", "2007-12-31": "509.38100", "2006-12-31": "339.55100", "2005-12-31": "383.45600"}, "Total Liabilities": {"2019-12-31": "3068.60000", "2018-12-31": "3513.20000", "2017-12-31": "3229.80000", "2016-12-31": "2369.10000", "2015-12-31": "2531.40000", "2014-12-31": "2689.40000", "2013-12-31": "1922.30000", "2012-12-31": "1328.66000", "2011-12-31": "914.93100", "2010-12-31": "745.00800", "2009-12-31": "786.73900", "2008-12-31": "879.58700", "2007-12-31": "884.99900", "2006-12-31": "663.04300", "2005-12-31": "668.91300"}, "Common Stock Net": {"2019-12-31": "0.10000", "2018-12-31": "0.10000", "2017-12-31": "0.10000", "2016-12-31": "0.10000", "2015-12-31": "0.10000", "2014-12-31": "0.10000", "2013-12-31": "0.10000", "2012-12-31": "0.10700", "2011-12-31": "0.11600", "2010-12-31": "0.11800", "2009-12-31": "0.12000", "2008-12-31": "0.12300", "2007-12-31": "0.12900", "2006-12-31": "0.14300", "2005-12-31": "0.14000"}, "Retained Earnings (Accumulated Deficit)": {"2019-12-31": "-215.30000", "2018-12-31": "-526.30000", "2017-12-31": "-248.10000", "2016-12-31": "-66.30000", "2015-12-31": "-326.30000", "2014-12-31": "-665.40000", "2013-12-31": "247.20000", "2012-12-31": "123.09600", "2011-12-31": "293.88700", "2010-12-31": "265.68600", "2009-12-31": "159.70500", "2008-12-31": "72.50700", "2007-12-31": "25.19000", "2006-12-31": "221.77400", "2005-12-31": "78.82900"}, "Comprehensive Income": {"2019-12-31": "-212.50000", "2018-12-31": "-209.80000", "2017-12-31": "-165.40000", "2016-12-31": "-205.10000", "2015-12-31": "-165.50000", "2014-12-31": "-78.20000", "2013-12-31": "-19.80000", "2012-12-31": "-31.69500", "2011-12-31": "-37.80900", "2010-12-31": "-27.28500", "2009-12-31": "-23.39600", "2008-12-31": "-28.61400", "2007-12-31": "-3.94700", "2006-12-31": "-0.78200", "2005-12-31": "0.60500"}, "Other Share Holders Equity": {"2019-12-31": "", "2018-12-31": "", "2017-12-31": "", "2016-12-31": "", "2015-12-31": "", "2014-12-31": "", "2013-12-31": "", "2012-12-31": "", "2011-12-31": "", "2010-12-31": "", "2009-12-31": "", "2008-12-31": "", "2007-12-31": "", "2006-12-31": "", "2005-12-31": ""}, "Share Holder Equity": {"2019-12-31": "-390.00000", "2018-12-31": "-723.40000", "2017-12-31": "-334.70000", "2016-12-31": "196.30000", "2015-12-31": "-53.50000", "2014-12-31": "-334.40000", "2013-12-31": "551.40000", "2012-12-31": "395.48300", "2011-12-31": "548.14400", "2010-12-31": "487.21200", "2009-12-31": "359.31100", "2008-12-31": "241.73100", "2007-12-31": "182.24400", "2006-12-31": "353.89000", "2005-12-31": "168.88800"}, "Total Liabilities And Share Holders Equity": {"2019-12-31": "2678.60000", "2018-12-31": "2789.80000", "2017-12-31": "2895.10000", "2016-12-31": "2565.40000", "2015-12-31": "2477.90000", "2014-12-31": "2355.00000", "2013-12-31": "2473.70000", "2012-12-31": "1724.14300", "2011-12-31": "1463.07500", "2010-12-31": "1232.22000", "2009-12-31": "1146.05000", "2008-12-31": "1121.31800", "2007-12-31": "1067.24300", "2006-12-31": "1016.93300", "2005-12-31": "837.80100"}}, "balance sheet, quarterly": {"Cash On Hand": {"2020-09-30": "1034.60000", "2020-06-30": "1740.00000", "2020-03-31": "944.20000", "2019-12-31": "839.40000", "2019-09-30": "715.20000", "2019-06-30": "1254.90000", "2019-03-31": "1209.00000", "2018-12-31": "1198.90000", "2018-09-30": "1110.50000", "2018-06-30": "839.40000", "2018-03-31": "1330.20000", "2017-12-31": "1278.80000", "2017-09-30": "1636.30000", "2017-06-30": "1624.10000", "2017-03-31": "1782.90000", "2016-12-31": "844.00000", "2016-09-30": "788.30000", "2016-06-30": "936.70000", "2016-03-31": "774.20000", "2015-12-31": "889.80000", "2015-09-30": "813.20000", "2015-06-30": "749.60000", "2015-03-31": "715.50000", "2014-12-31": "645.40000", "2014-09-30": "678.13400", "2014-06-30": "773.51700", "2014-03-31": "1261.92100", "2013-12-31": "973.00000", "2013-09-30": "892.54800", "2013-06-30": "849.70300", "2013-03-31": "722.47400", "2012-12-31": "333.53400", "2012-09-30": "321.72200", "2012-06-30": "286.16600", "2012-03-31": "305.86100", "2011-12-31": "258.77500", "2011-09-30": "261.52100", "2011-06-30": "254.46700", "2011-03-31": "260.76600", "2010-12-31": "190.55000", "2010-09-30": "193.49000", "2010-06-30": "170.21800", "2010-03-31": "165.27100", "2009-12-31": "150.80100", "2009-09-30": "215.40100", "2009-06-30": "181.43600", "2009-03-31": "194.73300", "2008-12-31": "150.84700", "2008-09-30": "149.39400", "2008-06-30": "162.38600", "2008-03-31": "191.14600", "2007-12-31": "187.40700", "2007-09-30": "160.84500", "2007-06-30": "147.04400", "2007-03-31": "162.20700", "2006-12-31": "154.32300", "2006-09-30": "123.27300", "2006-06-30": "169.31200", "2006-03-31": "109.22100", "2005-12-31": "88.24800", "2005-09-30": "105.18000", "2005-06-30": "100.72800", "2005-03-31": "103.74400"}, "Receivables": {"2020-09-30": "109.30000", "2020-06-30": "105.90000", "2020-03-31": "79.20000", "2019-12-31": "79.70000", "2019-09-30": "100.40000", "2019-06-30": "98.10000", "2019-03-31": "92.60000", "2018-12-31": "70.50000", "2018-09-30": "99.40000", "2018-06-30": "100.00000", "2018-03-31": "103.30000", "2017-12-31": "93.30000", "2017-09-30": "95.20000", "2017-06-30": "89.70000", "2017-03-31": "100.20000", "2016-12-31": "70.30000", "2016-09-30": "87.90000", "2016-06-30": "94.10000", "2016-03-31": "89.90000", "2015-12-31": "69.90000", "2015-09-30": "89.90000", "2015-06-30": "96.50000", "2015-03-31": "86.80000", "2014-12-31": "83.60000", "2014-09-30": "100.56000", "2014-06-30": "103.78200", "2014-03-31": "118.61000", "2013-12-31": "100.30000", "2013-09-30": "109.83000", "2013-06-30": "110.79000", "2013-03-31": "112.04100", "2012-12-31": "116.13900", "2012-09-30": "114.16100", "2012-06-30": "108.63300", "2012-03-31": "106.64700", "2011-12-31": "89.66000", "2011-09-30": "112.47500", "2011-06-30": "116.55500", "2011-03-31": "107.89300", "2010-12-31": "85.61200", "2010-09-30": "91.39400", "2010-06-30": "85.41100", "2010-03-31": "87.48400", "2009-12-31": "76.95800", "2009-09-30": "84.74700", "2009-06-30": "78.71100", "2009-03-31": "72.30000", "2008-12-31": "70.00200", "2008-09-30": "73.05800", "2008-06-30": "74.15400", "2008-03-31": "74.10500", "2007-12-31": "58.72900", "2007-09-30": "56.97800", "2007-06-30": "49.60900", "2007-03-31": "49.26800", "2006-12-31": "51.75800", "2006-09-30": "47.93200", "2006-06-30": "48.36500", "2006-03-31": "45.82900", "2005-12-31": "37.26600", "2005-09-30": "40.78700", "2005-06-30": "41.30300", "2005-03-31": "40.35300"}, "Inventory": {"2020-09-30": "434.10000", "2020-06-30": "421.80000", "2020-03-31": "400.60000", "2019-12-31": "436.20000", "2019-09-30": "420.10000", "2019-06-30": "426.60000", "2019-03-31": "407.50000", "2018-12-31": "381.80000", "2018-09-30": "347.50000", "2018-06-30": "315.10000", "2018-03-31": "333.00000", "2017-12-31": "341.20000", "2017-09-30": "354.20000", "2017-06-30": "378.60000", "2017-03-31": "375.00000", "2016-12-31": "371.30000", "2016-09-30": "371.70000", "2016-06-30": "322.50000", "2016-03-31": "336.50000", "2015-12-31": "332.00000", "2015-09-30": "315.60000", "2015-06-30": "321.90000", "2015-03-31": "335.00000", "2014-12-31": "377.70000", "2014-09-30": "367.82700", "2014-06-30": "343.44700", "2014-03-31": "324.99200", "2013-12-31": "351.20000", "2013-09-30": "347.73500", "2013-06-30": "331.52900", "2013-03-31": "334.41200", "2012-12-31": "339.41100", "2012-09-30": "313.58100", "2012-06-30": "262.38600", "2012-03-31": "250.54100", "2011-12-31": "247.69600", "2011-09-30": "222.50100", "2011-06-30": "219.03400", "2011-03-31": "184.32100", "2010-12-31": "182.46700", "2010-09-30": "183.14400", "2010-06-30": "152.03500", "2010-03-31": "146.44000", "2009-12-31": "145.96200", "2009-09-30": "133.37600", "2009-06-30": "125.87000", "2009-03-31": "115.70500", "2008-12-31": "134.39200", "2008-09-30": "136.56600", "2008-06-30": "132.95600", "2008-03-31": "126.51200", "2007-12-31": "128.64800", "2007-09-30": "126.54700", "2007-06-30": "125.45000", "2007-03-31": "130.11400", "2006-12-31": "146.03600", "2006-09-30": "124.23000", "2006-06-30": "110.14600", "2006-03-31": "106.04200", "2005-12-31": "109.78500", "2005-09-30": "86.37600", "2005-06-30": "77.63900", "2005-03-31": "69.10000"}, "Pre-Paid Expenses": {"2020-09-30": "154.10000", "2020-06-30": "140.20000", "2020-03-31": "147.70000", "2019-12-31": "132.90000", "2019-09-30": "153.60000", "2019-06-30": "140.50000", "2019-03-31": "126.00000", "2018-12-31": "153.80000", "2018-09-30": "199.10000", "2018-06-30": "181.80000", "2018-03-31": "184.60000", "2017-12-31": "147.00000", "2017-09-30": "188.40000", "2017-06-30": "177.00000", "2017-03-31": "151.40000", "2016-12-31": "176.90000", "2016-09-30": "198.00000", "2016-06-30": "193.20000", "2016-03-31": "157.80000", "2015-12-31": "161.10000", "2015-09-30": "180.00000", "2015-06-30": "192.60000", "2015-03-31": "191.80000", "2014-12-31": "186.10000", "2014-09-30": "208.58900", "2014-06-30": "206.65400", "2014-03-31": "162.84200", "2013-12-31": "148.80000", "2013-09-30": "174.84000", "2013-06-30": "160.44400", "2013-03-31": "146.37300", "2012-12-31": "145.62400", "2012-09-30": "124.09500", "2012-06-30": "131.91900", "2012-03-31": "127.18100", "2011-12-31": "134.60500", "2011-09-30": "93.71500", "2011-06-30": "104.81500", "2011-03-31": "110.40000", "2010-12-31": "93.96300", "2010-09-30": "97.71600", "2010-06-30": "114.09700", "2010-03-31": "107.81000", "2009-12-31": "101.18100", "2009-09-30": "97.51000", "2009-06-30": "89.54000", "2009-03-31": "84.90400", "2008-12-31": "89.21400", "2008-09-30": "110.09300", "2008-06-30": "103.37000", "2008-03-31": "89.72700", "2007-12-31": "72.19300", "2007-09-30": "66.51500", "2007-06-30": "67.94500", "2007-03-31": "48.91400", "2006-12-31": "43.40000", "2006-09-30": "44.81300", "2006-06-30": "44.78300", "2006-03-31": "51.57900", "2005-12-31": "40.66700", "2005-09-30": "33.57400", "2005-06-30": "39.61900", "2005-03-31": "54.47700"}, "Other Current Assets": {"2020-09-30": "", "2020-06-30": "", "2020-03-31": "", "2019-12-31": "", "2019-09-30": "", "2019-06-30": "", "2019-03-31": "", "2018-12-31": "", "2018-09-30": "", "2018-06-30": "", "2018-03-31": "", "2017-12-31": "", "2017-09-30": "", "2017-06-30": "", "2017-03-31": "", "2016-12-31": "", "2016-09-30": "", "2016-06-30": "", "2016-03-31": "", "2015-12-31": "", "2015-09-30": "", "2015-06-30": "", "2015-03-31": "", "2014-12-31": "", "2014-09-30": "", "2014-06-30": "", "2014-03-31": "", "2013-12-31": "", "2013-09-30": "", "2013-06-30": "", "2013-03-31": "", "2012-12-31": "", "2012-09-30": "", "2012-06-30": "", "2012-03-31": "", "2011-12-31": "", "2011-09-30": "", "2011-06-30": "", "2011-03-31": "", "2010-12-31": "", "2010-09-30": "", "2010-06-30": "", "2010-03-31": "", "2009-12-31": "", "2009-09-30": "", "2009-06-30": "", "2009-03-31": "", "2008-12-31": "", "2008-09-30": "", "2008-06-30": "", "2008-03-31": "", "2007-12-31": "", "2007-09-30": "", "2007-06-30": "", "2007-03-31": "", "2006-12-31": "", "2006-09-30": "", "2006-06-30": "", "2006-03-31": "", "2005-12-31": "", "2005-09-30": "", "2005-06-30": "", "2005-03-31": ""}, "Total Current Assets": {"2020-09-30": "1732.10000", "2020-06-30": "2407.90000", "2020-03-31": "1571.70000", "2019-12-31": "1488.20000", "2019-09-30": "1389.30000", "2019-06-30": "1920.10000", "2019-03-31": "1835.10000", "2018-12-31": "1805.00000", "2018-09-30": "1756.50000", "2018-06-30": "1436.30000", "2018-03-31": "1951.10000", "2017-12-31": "1860.30000", "2017-09-30": "2274.10000", "2017-06-30": "2269.40000", "2017-03-31": "2409.50000", "2016-12-31": "1462.50000", "2016-09-30": "1559.40000", "2016-06-30": "1661.30000", "2016-03-31": "1474.10000", "2015-12-31": "1566.30000", "2015-09-30": "1492.10000", "2015-06-30": "1460.70000", "2015-03-31": "1428.20000", "2014-12-31": "1393.40000", "2014-09-30": "1436.83200", "2014-06-30": "1494.78900", "2014-03-31": "1936.10400", "2013-12-31": "1643.10000", "2013-09-30": "1578.83300", "2013-06-30": "1503.96500", "2013-03-31": "1365.92200", "2012-12-31": "984.04700", "2012-09-30": "925.18700", "2012-06-30": "846.10200", "2012-03-31": "844.98400", "2011-12-31": "785.68500", "2011-09-30": "733.87400", "2011-06-30": "738.61800", "2011-03-31": "705.73500", "2010-12-31": "595.58600", "2010-09-30": "621.98100", "2010-06-30": "575.30700", "2010-03-31": "559.72000", "2009-12-31": "513.50200", "2009-09-30": "574.52400", "2009-06-30": "517.56000", "2009-03-31": "507.56300", "2008-12-31": "484.76800", "2008-09-30": "509.16500", "2008-06-30": "513.14600", "2008-03-31": "522.85600", "2007-12-31": "487.09600", "2007-09-30": "475.25800", "2007-06-30": "452.40000", "2007-03-31": "446.75100", "2006-12-31": "455.70700", "2006-09-30": "375.79800", "2006-06-30": "392.75600", "2006-03-31": "334.60600", "2005-12-31": "299.55100", "2005-09-30": "280.62200", "2005-06-30": "274.22300", "2005-03-31": "283.17900"}, "Property, Plant, And Equipment": {"2020-09-30": "369.70000", "2020-06-30": "366.00000", "2020-03-31": "365.60000", "2019-12-31": "371.50000", "2019-09-30": "360.60000", "2019-06-30": "358.90000", "2019-03-31": "359.40000", "2018-12-31": "360.00000", "2018-09-30": "352.20000", "2018-06-30": "355.90000", "2018-03-31": "369.20000", "2017-12-31": "377.50000", "2017-09-30": "375.10000", "2017-06-30": "374.00000", "2017-03-31": "373.30000", "2016-12-31": "378.00000", "2016-09-30": "376.20000", "2016-06-30": "371.50000", "2016-03-31": "338.60000", "2015-12-31": "339.20000", "2015-09-30": "335.80000", "2015-06-30": "347.30000", "2015-03-31": "356.70000", "2014-12-31": "366.70000", "2014-09-30": "358.98300", "2014-06-30": "363.16500", "2014-03-31": "346.36300", "2013-12-31": "318.90000", "2013-09-30": "267.85000", "2013-06-30": "255.20600", "2013-03-31": "246.68200", "2012-12-31": "242.88600", "2012-09-30": "198.56200", "2012-06-30": "196.78700", "2012-03-31": "201.38000", "2011-12-31": "193.70300", "2011-09-30": "182.77200", "2011-06-30": "185.88700", "2011-03-31": "187.73300", "2010-12-31": "177.42700", "2010-09-30": "169.30800", "2010-06-30": "167.32000", "2010-03-31": "172.70200", "2009-12-31": "178.00900", "2009-09-30": "176.77400", "2009-06-30": "173.36500", "2009-03-31": "174.25500", "2008-12-31": "175.49200", "2008-09-30": "167.70300", "2008-06-30": "149.14800", "2008-03-31": "135.72400", "2007-12-31": "121.02700", "2007-09-30": "114.07800", "2007-06-30": "112.77300", "2007-03-31": "106.18200", "2006-12-31": "105.26600", "2006-09-30": "94.60600", "2006-06-30": "77.84600", "2006-03-31": "70.85300", "2005-12-31": "64.94600", "2005-09-30": "62.10800", "2005-06-30": "58.12200", "2005-03-31": "54.77700"}, "Long-Term Investments": {"2020-09-30": "", "2020-06-30": "", "2020-03-31": "", "2019-12-31": "", "2019-09-30": "", "2019-06-30": "", "2019-03-31": "", "2018-12-31": "", "2018-09-30": "", "2018-06-30": "", "2018-03-31": "", "2017-12-31": "", "2017-09-30": "", "2017-06-30": "", "2017-03-31": "", "2016-12-31": "", "2016-09-30": "", "2016-06-30": "", "2016-03-31": "", "2015-12-31": "", "2015-09-30": "", "2015-06-30": "", "2015-03-31": "", "2014-12-31": "", "2014-09-30": "", "2014-06-30": "", "2014-03-31": "", "2013-12-31": "", "2013-09-30": "", "2013-06-30": "", "2013-03-31": "", "2012-12-31": "", "2012-09-30": "", "2012-06-30": "", "2012-03-31": "", "2011-12-31": "", "2011-09-30": "", "2011-06-30": "", "2011-03-31": "", "2010-12-31": "", "2010-09-30": "", "2010-06-30": "", "2010-03-31": "", "2009-12-31": "", "2009-09-30": "", "2009-06-30": "", "2009-03-31": "", "2008-12-31": "", "2008-09-30": "", "2008-06-30": "", "2008-03-31": "", "2007-12-31": "", "2007-09-30": "", "2007-06-30": "", "2007-03-31": "", "2006-12-31": "", "2006-09-30": "", "2006-06-30": "", "2006-03-31": "", "2005-12-31": "", "2005-09-30": "", "2005-06-30": "", "2005-03-31": ""}, "Goodwill And Intangible Assets": {"2020-09-30": "398.80000", "2020-06-30": "396.90000", "2020-03-31": "395.80000", "2019-12-31": "401.60000", "2019-09-30": "399.40000", "2019-06-30": "402.30000", "2019-03-31": "402.10000", "2018-12-31": "403.00000", "2018-09-30": "403.70000", "2018-06-30": "403.60000", "2018-03-31": "408.70000", "2017-12-31": "407.00000", "2017-09-30": "405.90000", "2017-06-30": "404.70000", "2017-03-31": "403.60000", "2016-12-31": "400.00000", "2016-09-30": "404.60000", "2016-06-30": "403.50000", "2016-03-31": "404.10000", "2015-12-31": "402.00000", "2015-09-30": "402.20000", "2015-06-30": "407.30000", "2015-03-31": "406.90000", "2014-12-31": "412.60000", "2014-09-30": "416.01400", "2014-06-30": "416.09800", "2014-03-31": "416.21900", "2013-12-31": "416.30000", "2013-09-30": "416.38700", "2013-06-30": "416.48300", "2013-03-31": "416.58000", "2012-12-31": "416.67600", "2012-09-30": "416.77300", "2012-06-30": "416.91800", "2012-03-31": "417.08200", "2011-12-31": "417.25400", "2011-09-30": "417.42300", "2011-06-30": "417.11400", "2011-03-31": "413.71400", "2010-12-31": "413.79300", "2010-09-30": "413.89100", "2010-06-30": "413.99000", "2010-03-31": "413.73800", "2009-12-31": "414.32500", "2009-09-30": "425.41100", "2009-06-30": "420.73700", "2009-03-31": "420.73700", "2008-12-31": "420.73700", "2008-09-30": "421.38700", "2008-06-30": "421.37200", "2008-03-31": "421.54100", "2007-12-31": "421.53700", "2007-09-30": "421.45200", "2007-06-30": "421.12500", "2007-03-31": "423.99700", "2006-12-31": "425.02900", "2006-09-30": "437.67900", "2006-06-30": "440.83600", "2006-03-31": "443.61700", "2005-12-31": "449.11400", "2005-09-30": "460.31200", "2005-06-30": "478.64600", "2005-03-31": "491.10600"}, "Other Long-Term Assets": {"2020-09-30": "235.40000", "2020-06-30": "213.20000", "2020-03-31": "202.10000", "2019-12-31": "227.80000", "2019-09-30": "214.40000", "2019-06-30": "217.30000", "2019-03-31": "213.70000", "2018-12-31": "221.80000", "2018-09-30": "222.40000", "2018-06-30": "225.70000", "2018-03-31": "239.70000", "2017-12-31": "250.30000", "2017-09-30": "367.40000", "2017-06-30": "361.90000", "2017-03-31": "373.90000", "2016-12-31": "324.90000", "2016-09-30": "162.20000", "2016-06-30": "148.10000", "2016-03-31": "140.20000", "2015-12-31": "141.10000", "2015-09-30": "142.60000", "2015-06-30": "147.10000", "2015-03-31": "147.90000", "2014-12-31": "154.90000", "2014-09-30": "101.73000", "2014-06-30": "108.35800", "2014-03-31": "103.56700", "2013-12-31": "63.70000", "2013-09-30": "49.00600", "2013-06-30": "47.25000", "2013-03-31": "48.14100", "2012-12-31": "48.80500", "2012-09-30": "45.47700", "2012-06-30": "43.64400", "2012-03-31": "41.38100", "2011-12-31": "41.12500", "2011-09-30": "29.83300", "2011-06-30": "32.03100", "2011-03-31": "26.63900", "2010-12-31": "25.88000", "2010-09-30": "24.27100", "2010-06-30": "22.58700", "2010-03-31": "21.72500", "2009-12-31": "21.30600", "2009-09-30": "23.07900", "2009-06-30": "23.17000", "2009-03-31": "20.96100", "2008-12-31": "22.57800", "2008-09-30": "26.08300", "2008-06-30": "26.74100", "2008-03-31": "16.43900", "2007-12-31": "15.87300", "2007-09-30": "12.48000", "2007-06-30": "11.52300", "2007-03-31": "11.35200", "2006-12-31": "11.26100", "2006-09-30": "10.71400", "2006-06-30": "10.54200", "2006-03-31": "10.12200", "2005-12-31": "7.51000", "2005-09-30": "7.00000", "2005-06-30": "7.96900", "2005-03-31": "8.20600"}, "Total Long-Term Assets": {"2020-09-30": "1189.10000", "2020-06-30": "1159.50000", "2020-03-31": "1143.60000", "2019-12-31": "1190.40000", "2019-09-30": "1156.30000", "2019-06-30": "1158.50000", "2019-03-31": "1147.70000", "2018-12-31": "984.80000", "2018-09-30": "978.30000", "2018-06-30": "985.20000", "2018-03-31": "1017.60000", "2017-12-31": "1034.80000", "2017-09-30": "1148.40000", "2017-06-30": "1140.60000", "2017-03-31": "1150.80000", "2016-12-31": "1102.90000", "2016-09-30": "973.20010", "2016-06-30": "952.60000", "2016-03-31": "912.20000", "2015-12-31": "911.60000", "2015-09-30": "929.40000", "2015-06-30": "954.40000", "2015-03-31": "960.70000", "2014-12-31": "961.60000", "2014-09-30": "927.66600", "2014-06-30": "940.89500", "2014-03-31": "920.48500", "2013-12-31": "830.60000", "2013-09-30": "764.61400", "2013-06-30": "750.03800", "2013-03-31": "743.28590", "2012-12-31": "740.09600", "2012-09-30": "692.91000", "2012-06-30": "684.69000", "2012-03-31": "687.42200", "2011-12-31": "677.39000", "2011-09-30": "654.18200", "2011-06-30": "661.00100", "2011-03-31": "652.26900", "2010-12-31": "636.63400", "2010-09-30": "626.37500", "2010-06-30": "621.87100", "2010-03-31": "627.02900", "2009-12-31": "632.54800", "2009-09-30": "643.96200", "2009-06-30": "635.02400", "2009-03-31": "632.96300", "2008-12-31": "636.55000", "2008-09-30": "635.11100", "2008-06-30": "618.54500", "2008-03-31": "595.04210", "2007-12-31": "580.14700", "2007-09-30": "569.52900", "2007-06-30": "565.85000", "2007-03-31": "561.31700", "2006-12-31": "561.22600", "2006-09-30": "561.84600", "2006-06-30": "548.25800", "2006-03-31": "543.56000", "2005-12-31": "538.25000", "2005-09-30": "546.78000", "2005-06-30": "562.80100", "2005-03-31": "572.62500"}, "Total Assets": {"2020-09-30": "2921.20000", "2020-06-30": "3567.40000", "2020-03-31": "2715.30000", "2019-12-31": "2678.60000", "2019-09-30": "2545.60000", "2019-06-30": "3078.60000", "2019-03-31": "2982.80000", "2018-12-31": "2789.80000", "2018-09-30": "2734.80000", "2018-06-30": "2421.50000", "2018-03-31": "2968.70000", "2017-12-31": "2895.10000", "2017-09-30": "3422.50000", "2017-06-30": "3410.00000", "2017-03-31": "3560.30000", "2016-12-31": "2565.40000", "2016-09-30": "2532.60000", "2016-06-30": "2613.90000", "2016-03-31": "2386.30000", "2015-12-31": "2477.90000", "2015-09-30": "2421.50000", "2015-06-30": "2415.10000", "2015-03-31": "2388.90000", "2014-12-31": "2355.00000", "2014-09-30": "2364.49800", "2014-06-30": "2435.68400", "2014-03-31": "2856.58900", "2013-12-31": "2473.70000", "2013-09-30": "2343.44700", "2013-06-30": "2254.00300", "2013-03-31": "2109.20800", "2012-12-31": "1724.14300", "2012-09-30": "1618.09700", "2012-06-30": "1530.79200", "2012-03-31": "1532.40600", "2011-12-31": "1463.07500", "2011-09-30": "1388.05600", "2011-06-30": "1399.61900", "2011-03-31": "1358.00400", "2010-12-31": "1232.22000", "2010-09-30": "1248.35600", "2010-06-30": "1197.17800", "2010-03-31": "1186.74900", "2009-12-31": "1146.05000", "2009-09-30": "1218.48600", "2009-06-30": "1152.58400", "2009-03-31": "1140.52600", "2008-12-31": "1121.31800", "2008-09-30": "1144.27600", "2008-06-30": "1131.69100", "2008-03-31": "1117.89800", "2007-12-31": "1067.24300", "2007-09-30": "1044.78700", "2007-06-30": "1018.25000", "2007-03-31": "1008.06800", "2006-12-31": "1016.93300", "2006-09-30": "937.64400", "2006-06-30": "941.01400", "2006-03-31": "878.16600", "2005-12-31": "837.80100", "2005-09-30": "827.40200", "2005-06-30": "837.02400", "2005-03-31": "855.80400"}, "Total Current Liabilities": {"2020-09-30": "1092.70000", "2020-06-30": "1103.00000", "2020-03-31": "984.40000", "2019-12-31": "964.40000", "2019-09-30": "920.60000", "2019-06-30": "1526.70000", "2019-03-31": "1531.10000", "2018-12-31": "1588.80000", "2018-09-30": "1546.00000", "2018-06-30": "1570.20000", "2018-03-31": "910.90000", "2017-12-31": "906.80000", "2017-09-30": "858.80000", "2017-06-30": "862.80000", "2017-03-31": "940.60000", "2016-12-31": "791.50000", "2016-09-30": "1263.30000", "2016-06-30": "1457.70000", "2016-03-31": "1207.90000", "2015-12-31": "1024.40000", "2015-09-30": "1030.50000", "2015-06-30": "1097.50000", "2015-03-31": "1168.90000", "2014-12-31": "874.80000", "2014-09-30": "928.03400", "2014-06-30": "942.36600", "2014-03-31": "901.90500", "2013-12-31": "922.30000", "2013-09-30": "867.96300", "2013-06-30": "792.25400", "2013-03-31": "742.03300", "2012-12-31": "762.36200", "2012-09-30": "663.94800", "2012-06-30": "566.33000", "2012-03-31": "565.83600", "2011-12-31": "579.55700", "2011-09-30": "550.54500", "2011-06-30": "542.66500", "2011-03-31": "494.88500", "2010-12-31": "470.81600", "2010-09-30": "463.52500", "2010-06-30": "442.49200", "2010-03-31": "444.66300", "2009-12-31": "429.96600", "2009-09-30": "441.35800", "2009-06-30": "393.65800", "2009-03-31": "393.13700", "2008-12-31": "401.89900", "2008-09-30": "408.00600", "2008-06-30": "395.70400", "2008-03-31": "395.85400", "2007-12-31": "375.61800", "2007-09-30": "355.64100", "2007-06-30": "397.13400", "2007-03-31": "296.55500", "2006-12-31": "323.49200", "2006-09-30": "331.41500", "2006-06-30": "307.88000", "2006-03-31": "291.44000", "2005-12-31": "285.45700", "2005-09-30": "271.22400", "2005-06-30": "265.18400", "2005-03-31": "266.66000"}, "Long Term Debt": {"2020-09-30": "2403.70000", "2020-06-30": "2404.10000", "2020-03-31": "1810.70000", "2019-12-31": "1778.90000", "2019-09-30": "1779.30000", "2019-06-30": "1776.20000", "2019-03-31": "1775.50000", "2018-12-31": "1774.90000", "2018-09-30": "1774.40000", "2018-06-30": "1456.40000", "2018-03-31": "2109.10000", "2017-12-31": "2165.70000", "2017-09-30": "2176.60000", "2017-06-30": "2188.10000", "2017-03-31": "2199.20000", "2016-12-31": "1438.40000", "2016-09-30": "1017.60000", "2016-06-30": "1003.30000", "2016-03-31": "992.80000", "2015-12-31": "1392.50000", "2015-09-30": "1398.70000", "2015-06-30": "1389.50000", "2015-03-31": "1393.40000", "2014-12-31": "1691.80000", "2014-09-30": "1727.91900", "2014-06-30": "1744.23600", "2014-03-31": "1760.77800", "2013-12-31": "850.00000", "2013-09-30": "875.01800", "2013-06-30": "893.76700", "2013-03-31": "912.51700", "2012-12-31": "431.30500", "2012-09-30": "450.05300", "2012-06-30": "555.05100", "2012-03-31": "228.05500", "2011-12-31": "202.07900", "2011-09-30": "220.29800", "2011-06-30": "158.79700", "2011-03-31": "181.18800", "2010-12-31": "175.04600", "2010-09-30": "205.89400", "2010-06-30": "240.28000", "2010-03-31": "244.00800", "2009-12-31": "237.93100", "2009-09-30": "297.48200", "2009-06-30": "300.57800", "2009-03-31": "339.12600", "2008-12-31": "336.51400", "2008-09-30": "313.98700", "2008-06-30": "357.25900", "2008-03-31": "329.85500", "2007-12-31": "360.49100", "2007-09-30": "229.54300", "2007-06-30": "150.80800", "2007-03-31": "149.89200", "2006-12-31": "179.83900", "2006-09-30": "180.69300", "2006-06-30": "241.38800", "2006-03-31": "242.53100", "2005-12-31": "253.27600", "2005-09-30": "281.32400", "2005-06-30": "327.16300", "2005-03-31": "364.55300"}, "Other Non-Current Liabilities": {"2020-09-30": "166.40000", "2020-06-30": "157.00000", "2020-03-31": "143.10000", "2019-12-31": "155.40000", "2019-09-30": "147.80000", "2019-06-30": "148.90000", "2019-03-31": "142.90000", "2018-12-31": "149.50000", "2018-09-30": "175.50000", "2018-06-30": "174.30000", "2018-03-31": "167.70000", "2017-12-31": "157.30000", "2017-09-30": "168.10000", "2017-06-30": "159.10000", "2017-03-31": "153.10000", "2016-12-31": "139.20000", "2016-09-30": "76.50000", "2016-06-30": "70.10000", "2016-03-31": "74.10000", "2015-12-31": "70.50000", "2015-09-30": "73.10000", "2015-06-30": "68.20000", "2015-03-31": "66.90000", "2014-12-31": "64.60000", "2014-09-30": "61.58200", "2014-06-30": "51.40300", "2014-03-31": "48.09500", "2013-12-31": "46.80000", "2013-09-30": "45.32600", "2013-06-30": "41.34900", "2013-03-31": "44.55000", "2012-12-31": "42.55700", "2012-09-30": "41.16600", "2012-06-30": "38.74600", "2012-03-31": "37.66500", "2011-12-31": "39.20300", "2011-09-30": "22.60000", "2011-06-30": "23.11200", "2011-03-31": "23.21600", "2010-12-31": "23.40700", "2010-09-30": "23.47600", "2010-06-30": "23.65900", "2010-03-31": "24.21600", "2009-12-31": "24.60000", "2009-09-30": "23.69500", "2009-06-30": "24.29000", "2009-03-31": "23.62100", "2008-12-31": "23.52000", "2008-09-30": "23.12600", "2008-06-30": "20.86200", "2008-03-31": "21.17700", "2007-12-31": "21.07300", "2007-09-30": "17.91800", "2007-06-30": "17.23600", "2007-03-31": "16.75400", "2006-12-31": "15.39400", "2006-09-30": "7.40000", "2006-06-30": "4.74400", "2006-03-31": "3.25300", "2005-12-31": "2.32100", "2005-09-30": "2.33400", "2005-06-30": "2.51100", "2005-03-31": "2.58900"}, "Total Long Term Liabilities": {"2020-09-30": "2741.40000", "2020-06-30": "2729.20000", "2020-03-31": "2119.40000", "2019-12-31": "2104.20000", "2019-09-30": "2092.50000", "2019-06-30": "2086.10000", "2019-03-31": "2069.50000", "2018-12-31": "1924.40000", "2018-09-30": "1949.90000", "2018-06-30": "1630.70000", "2018-03-31": "2276.80000", "2017-12-31": "2323.00000", "2017-09-30": "2344.70000", "2017-06-30": "2347.20000", "2017-03-31": "2352.30000", "2016-12-31": "1577.60000", "2016-09-30": "1145.60000", "2016-06-30": "1120.70000", "2016-03-31": "1113.50000", "2015-12-31": "1507.00000", "2015-09-30": "1521.70000", "2015-06-30": "1514.00000", "2015-03-31": "1521.20000", "2014-12-31": "1814.60000", "2014-09-30": "1857.02500", "2014-06-30": "1897.38600", "2014-03-31": "1912.57800", "2013-12-31": "1000.00000", "2013-09-30": "1019.89300", "2013-06-30": "1028.13000", "2013-03-31": "1049.48400", "2012-12-31": "566.29800", "2012-09-30": "582.74400", "2012-06-30": "693.74300", "2012-03-31": "361.80600", "2011-12-31": "335.37400", "2011-09-30": "321.03200", "2011-06-30": "260.90300", "2011-03-31": "282.82100", "2010-12-31": "274.19200", "2010-09-30": "324.24200", "2010-06-30": "360.57000", "2010-03-31": "364.27300", "2009-12-31": "356.77300", "2009-09-30": "439.79500", "2009-06-30": "442.95200", "2009-03-31": "480.85100", "2008-12-31": "477.68800", "2008-09-30": "461.03500", "2008-06-30": "506.18000", "2008-03-31": "479.09700", "2007-12-31": "509.38100", "2007-09-30": "393.94500", "2007-06-30": "314.81900", "2007-03-31": "311.14400", "2006-12-31": "339.55100", "2006-09-30": "306.88400", "2006-06-30": "364.72000", "2006-03-31": "374.44800", "2005-12-31": "383.45600", "2005-09-30": "425.36200", "2005-06-30": "470.14800", "2005-03-31": "509.31500"}, "Total Liabilities": {"2020-09-30": "3834.10000", "2020-06-30": "3832.20000", "2020-03-31": "3103.80000", "2019-12-31": "3068.60000", "2019-09-30": "3013.10000", "2019-06-30": "3612.80000", "2019-03-31": "3600.60000", "2018-12-31": "3513.20000", "2018-09-30": "3495.90000", "2018-06-30": "3200.90000", "2018-03-31": "3187.70000", "2017-12-31": "3229.80000", "2017-09-30": "3203.50000", "2017-06-30": "3210.00000", "2017-03-31": "3292.90000", "2016-12-31": "2369.10000", "2016-09-30": "2408.90000", "2016-06-30": "2578.40000", "2016-03-31": "2321.40000", "2015-12-31": "2531.40000", "2015-09-30": "2552.20000", "2015-06-30": "2611.50000", "2015-03-31": "2690.10000", "2014-12-31": "2689.40000", "2014-09-30": "2785.05900", "2014-06-30": "2839.75200", "2014-03-31": "2814.48300", "2013-12-31": "1922.30000", "2013-09-30": "1887.85600", "2013-06-30": "1820.38400", "2013-03-31": "1791.51700", "2012-12-31": "1328.66000", "2012-09-30": "1246.69200", "2012-06-30": "1260.07300", "2012-03-31": "927.64200", "2011-12-31": "914.93100", "2011-09-30": "871.57700", "2011-06-30": "803.56800", "2011-03-31": "777.70600", "2010-12-31": "745.00800", "2010-09-30": "787.76700", "2010-06-30": "803.06200", "2010-03-31": "808.93600", "2009-12-31": "786.73900", "2009-09-30": "881.15300", "2009-06-30": "836.61000", "2009-03-31": "873.98800", "2008-12-31": "879.58700", "2008-09-30": "869.04100", "2008-06-30": "901.88400", "2008-03-31": "874.95100", "2007-12-31": "884.99900", "2007-09-30": "749.58600", "2007-06-30": "711.95300", "2007-03-31": "607.69900", "2006-12-31": "663.04300", "2006-09-30": "638.29900", "2006-06-30": "672.60000", "2006-03-31": "665.88800", "2005-12-31": "668.91300", "2005-09-30": "696.58600", "2005-06-30": "735.33200", "2005-03-31": "775.97500"}, "Common Stock Net": {"2020-09-30": "0.10000", "2020-06-30": "0.10000", "2020-03-31": "0.10000", "2019-12-31": "0.10000", "2019-09-30": "0.10000", "2019-06-30": "0.10000", "2019-03-31": "0.10000", "2018-12-31": "0.10000", "2018-09-30": "0.10000", "2018-06-30": "0.10000", "2018-03-31": "0.10000", "2017-12-31": "0.10000", "2017-09-30": "0.10000", "2017-06-30": "0.10000", "2017-03-31": "0.10000", "2016-12-31": "0.10000", "2016-09-30": "0.10000", "2016-06-30": "0.10000", "2016-03-31": "0.10000", "2015-12-31": "0.10000", "2015-09-30": "0.10000", "2015-06-30": "0.10000", "2015-03-31": "0.10000", "2014-12-31": "0.10000", "2014-09-30": "0.09200", "2014-06-30": "0.09200", "2014-03-31": "0.10100", "2013-12-31": "0.10000", "2013-09-30": "0.10100", "2013-06-30": "0.10300", "2013-03-31": "0.10300", "2012-12-31": "0.10700", "2012-09-30": "0.10800", "2012-06-30": "0.11200", "2012-03-31": "0.11700", "2011-12-31": "0.11600", "2011-09-30": "0.11600", "2011-06-30": "0.11800", "2011-03-31": "0.11900", "2010-12-31": "0.11800", "2010-09-30": "0.11800", "2010-06-30": "0.11800", "2010-03-31": "0.12000", "2009-12-31": "0.12000", "2009-09-30": "0.12200", "2009-06-30": "0.12200", "2009-03-31": "0.12300", "2008-12-31": "0.12300", "2008-09-30": "0.12800", "2008-06-30": "0.12700", "2008-03-31": "0.13000", "2007-12-31": "0.12900", "2007-09-30": "0.13600", "2007-06-30": "0.13700", "2007-03-31": "0.14400", "2006-12-31": "0.14300", "2006-09-30": "0.14200", "2006-06-30": "0.14200", "2006-03-31": "0.14000", "2005-12-31": "0.14000", "2005-09-30": "0.13900", "2005-06-30": "0.13700", "2005-03-31": "0.13700"}, "Retained Earnings (Accumulated Deficit)": {"2020-09-30": "-690.20000", "2020-06-30": "-70.60000", "2020-03-31": "-169.70000", "2019-12-31": "-215.30000", "2019-09-30": "-272.00000", "2019-06-30": "-353.50000", "2019-03-31": "-430.00000", "2018-12-31": "-526.30000", "2018-09-30": "-575.20000", "2018-06-30": "-646.40000", "2018-03-31": "-168.30000", "2017-12-31": "-248.10000", "2017-09-30": "240.70000", "2017-06-30": "186.10000", "2017-03-31": "48.40000", "2016-12-31": "-66.30000", "2016-09-30": "-165.70000", "2016-06-30": "-253.40000", "2016-03-31": "-230.50000", "2015-12-31": "-326.30000", "2015-09-30": "-410.80000", "2015-06-30": "-504.40000", "2015-03-31": "-587.20000", "2014-12-31": "-665.40000", "2014-09-30": "-768.69000", "2014-06-30": "-779.93900", "2014-03-31": "-359.02500", "2013-12-31": "247.20000", "2013-09-30": "178.22300", "2013-06-30": "172.05700", "2013-03-31": "59.90800", "2012-12-31": "123.09600", "2012-09-30": "110.04300", "2012-06-30": "25.48400", "2012-03-31": "330.64900", "2011-12-31": "293.88700", "2011-09-30": "271.86000", "2011-06-30": "331.10000", "2011-03-31": "329.63600", "2010-12-31": "265.68600", "2010-09-30": "237.91800", "2010-06-30": "200.38900", "2010-03-31": "176.59700", "2009-12-31": "159.70500", "2009-09-30": "153.41900", "2009-06-30": "136.88500", "2009-03-31": "101.74900", "2008-12-31": "72.50700", "2008-09-30": "86.44800", "2008-06-30": "41.11600", "2008-03-31": "58.14400", "2007-12-31": "25.19000", "2007-09-30": "137.70700", "2007-06-30": "161.83000", "2007-03-31": "262.95400", "2006-12-31": "221.77400", "2006-09-30": "180.12400", "2006-06-30": "153.85100", "2006-03-31": "117.52400", "2005-12-31": "78.82900", "2005-09-30": "48.87600", "2005-06-30": "21.73900", "2005-03-31": "-1.03500"}, "Comprehensive Income": {"2020-09-30": "-229.70000", "2020-06-30": "-246.10000", "2020-03-31": "-263.00000", "2019-12-31": "-212.50000", "2019-09-30": "-230.40000", "2019-06-30": "-206.40000", "2019-03-31": "-204.10000", "2018-12-31": "-209.80000", "2018-09-30": "-203.90000", "2018-06-30": "-193.60000", "2018-03-31": "-147.30000", "2017-12-31": "-165.40000", "2017-09-30": "-174.60000", "2017-06-30": "-188.40000", "2017-03-31": "-189.60000", "2016-12-31": "-205.10000", "2016-09-30": "-173.30000", "2016-06-30": "-168.50000", "2016-03-31": "-151.20000", "2015-12-31": "-165.50000", "2015-09-30": "-156.30000", "2015-06-30": "-118.40000", "2015-03-31": "-128.20000", "2014-12-31": "-78.20000", "2014-09-30": "-58.78500", "2014-06-30": "-22.65700", "2014-03-31": "-22.48500", "2013-12-31": "-19.80000", "2013-09-30": "-27.37100", "2013-06-30": "-44.28300", "2013-03-31": "-41.71100", "2012-12-31": "-31.69500", "2012-09-30": "-36.62500", "2012-06-30": "-42.92700", "2012-03-31": "-28.31200", "2011-12-31": "-37.80900", "2011-09-30": "-36.01200", "2011-06-30": "-6.91600", "2011-03-31": "-12.07400", "2010-12-31": "-27.28500", "2010-09-30": "-24.63600", "2010-06-30": "-39.12600", "2010-03-31": "-26.50800", "2009-12-31": "-23.39600", "2009-09-30": "-26.95600", "2009-06-30": "-28.41800", "2009-03-31": "-37.30700", "2008-12-31": "-28.61400", "2008-09-30": "-10.94300", "2008-06-30": "-3.79600", "2008-03-31": "-3.90900", "2007-12-31": "-3.94700", "2007-09-30": "-0.36700", "2007-06-30": "-0.11700", "2007-03-31": "-1.26200", "2006-12-31": "-0.78200", "2006-09-30": "-1.54600", "2006-06-30": "-0.85000", "2006-03-31": "0.56900", "2005-12-31": "0.60500", "2005-09-30": "2.96500", "2005-06-30": "3.20500", "2005-03-31": "4.52900"}, "Other Share Holders Equity": {"2020-09-30": "", "2020-06-30": "", "2020-03-31": "", "2019-12-31": "", "2019-09-30": "", "2019-06-30": "", "2019-03-31": "", "2018-12-31": "", "2018-09-30": "", "2018-06-30": "", "2018-03-31": "", "2017-12-31": "", "2017-09-30": "", "2017-06-30": "", "2017-03-31": "", "2016-12-31": "", "2016-09-30": "", "2016-06-30": "", "2016-03-31": "", "2015-12-31": "", "2015-09-30": "", "2015-06-30": "", "2015-03-31": "", "2014-12-31": "", "2014-09-30": "", "2014-06-30": "", "2014-03-31": "", "2013-12-31": "", "2013-09-30": "", "2013-06-30": "", "2013-03-31": "", "2012-12-31": "", "2012-09-30": "", "2012-06-30": "", "2012-03-31": "", "2011-12-31": "", "2011-09-30": "", "2011-06-30": "", "2011-03-31": "", "2010-12-31": "", "2010-09-30": "", "2010-06-30": "", "2010-03-31": "", "2009-12-31": "", "2009-09-30": "", "2009-06-30": "", "2009-03-31": "", "2008-12-31": "", "2008-09-30": "", "2008-06-30": "", "2008-03-31": "", "2007-12-31": "", "2007-09-30": "", "2007-06-30": "", "2007-03-31": "", "2006-12-31": "", "2006-09-30": "", "2006-06-30": "", "2006-03-31": "", "2005-12-31": "", "2005-09-30": "", "2005-06-30": "", "2005-03-31": ""}, "Share Holder Equity": {"2020-09-30": "-912.90000", "2020-06-30": "-264.80000", "2020-03-31": "-388.50000", "2019-12-31": "-390.00000", "2019-09-30": "-467.50000", "2019-06-30": "-534.20000", "2019-03-31": "-617.80000", "2018-12-31": "-723.40000", "2018-09-30": "-761.10000", "2018-06-30": "-779.40000", "2018-03-31": "-219.00000", "2017-12-31": "-334.70000", "2017-09-30": "219.00000", "2017-06-30": "200.00000", "2017-03-31": "267.40000", "2016-12-31": "196.30000", "2016-09-30": "123.70000", "2016-06-30": "35.50000", "2016-03-31": "64.90000", "2015-12-31": "-53.50000", "2015-09-30": "-130.70000", "2015-06-30": "-196.40000", "2015-03-31": "-301.20000", "2014-12-31": "-334.40000", "2014-09-30": "-420.56100", "2014-06-30": "-404.06800", "2014-03-31": "42.10600", "2013-12-31": "551.40000", "2013-09-30": "455.59100", "2013-06-30": "433.61900", "2013-03-31": "317.69100", "2012-12-31": "395.48300", "2012-09-30": "371.40500", "2012-06-30": "270.71900", "2012-03-31": "604.76400", "2011-12-31": "548.14400", "2011-09-30": "516.47900", "2011-06-30": "596.05100", "2011-03-31": "580.29800", "2010-12-31": "487.21200", "2010-09-30": "460.58900", "2010-06-30": "394.11600", "2010-03-31": "377.81300", "2009-12-31": "359.31100", "2009-09-30": "337.33300", "2009-06-30": "315.97400", "2009-03-31": "266.53800", "2008-12-31": "241.73100", "2008-09-30": "275.23500", "2008-06-30": "229.80700", "2008-03-31": "242.94700", "2007-12-31": "182.24400", "2007-09-30": "295.20100", "2007-06-30": "306.29700", "2007-03-31": "400.36900", "2006-12-31": "353.89000", "2006-09-30": "299.34500", "2006-06-30": "268.41400", "2006-03-31": "212.27800", "2005-12-31": "168.88800", "2005-09-30": "130.81600", "2005-06-30": "101.69200", "2005-03-31": "79.82900"}, "Total Liabilities And Share Holders Equity": {"2020-09-30": "2921.20000", "2020-06-30": "3567.40000", "2020-03-31": "2715.30000", "2019-12-31": "2678.60000", "2019-09-30": "2545.60000", "2019-06-30": "3078.60000", "2019-03-31": "2982.80000", "2018-12-31": "2789.80000", "2018-09-30": "2734.80000", "2018-06-30": "2421.50000", "2018-03-31": "2968.70000", "2017-12-31": "2895.10000", "2017-09-30": "3422.50000", "2017-06-30": "3410.00000", "2017-03-31": "3560.30000", "2016-12-31": "2565.40000", "2016-09-30": "2532.60000", "2016-06-30": "2613.90000", "2016-03-31": "2386.30000", "2015-12-31": "2477.90000", "2015-09-30": "2421.50000", "2015-06-30": "2415.10000", "2015-03-31": "2388.90000", "2014-12-31": "2355.00000", "2014-09-30": "2364.49800", "2014-06-30": "2435.68400", "2014-03-31": "2856.58900", "2013-12-31": "2473.70000", "2013-09-30": "2343.44700", "2013-06-30": "2254.00300", "2013-03-31": "2109.20800", "2012-12-31": "1724.14300", "2012-09-30": "1618.09700", "2012-06-30": "1530.79200", "2012-03-31": "1532.40600", "2011-12-31": "1463.07500", "2011-09-30": "1388.05600", "2011-06-30": "1399.61900", "2011-03-31": "1358.00400", "2010-12-31": "1232.22000", "2010-09-30": "1248.35600", "2010-06-30": "1197.17800", "2010-03-31": "1186.74900", "2009-12-31": "1146.05000", "2009-09-30": "1218.48600", "2009-06-30": "1152.58400", "2009-03-31": "1140.52600", "2008-12-31": "1121.31800", "2008-09-30": "1144.27600", "2008-06-30": "1131.69100", "2008-03-31": "1117.89800", "2007-12-31": "1067.24300", "2007-09-30": "1044.78700", "2007-06-30": "1018.25000", "2007-03-31": "1008.06800", "2006-12-31": "1016.93300", "2006-09-30": "937.64400", "2006-06-30": "941.01400", "2006-03-31": "878.16600", "2005-12-31": "837.80100", "2005-09-30": "827.40200", "2005-06-30": "837.02400", "2005-03-31": "855.80400"}}, "cash flow statement": {"Net Income/Loss": {"2019-12-31": "311.00000", "2018-12-31": "296.60000", "2017-12-31": "213.90000", "2016-12-31": "260.00000", "2015-12-31": "339.10000", "2014-12-31": "308.70000", "2013-12-31": "527.50000", "2012-12-31": "464.00000", "2011-12-31": "414.95900", "2010-12-31": "292.88300", "2009-12-31": "203.34600", "2008-12-31": "221.19000", "2007-12-31": "191.45100", "2006-12-31": "143.13900", "2005-12-31": "93.14000"}, "Total Depreciation And Amortization - Cash Flow": {"2019-12-31": "97.70000", "2018-12-31": "100.40000", "2017-12-31": "99.80000", "2016-12-31": "98.30000", "2015-12-31": "98.00000", "2014-12-31": "93.20000", "2013-12-31": "84.70000", "2012-12-31": "74.40000", "2011-12-31": "72.86000", "2010-12-31": "69.12100", "2009-12-31": "62.92800", "2008-12-31": "49.21300", "2007-12-31": "35.45000", "2006-12-31": "30.33500", "2005-12-31": "36.83300"}, "Other Non-Cash Items": {"2019-12-31": "111.00000", "2018-12-31": "172.20000", "2017-12-31": "225.10000", "2016-12-31": "67.30000", "2015-12-31": "125.60000", "2014-12-31": "246.20000", "2013-12-31": "42.90000", "2012-12-31": "6.40000", "2011-12-31": "-10.85600", "2010-12-31": "-8.79000", "2009-12-31": "11.56400", "2008-12-31": "16.28900", "2007-12-31": "-14.61300", "2006-12-31": "-26.07300", "2005-12-31": "-7.11200"}, "Total Non-Cash Items": {"2019-12-31": "208.70000", "2018-12-31": "272.60000", "2017-12-31": "324.90000", "2016-12-31": "165.60000", "2015-12-31": "223.60000", "2014-12-31": "339.40000", "2013-12-31": "127.60000", "2012-12-31": "80.80000", "2011-12-31": "62.00400", "2010-12-31": "60.33100", "2009-12-31": "74.49200", "2008-12-31": "65.50200", "2007-12-31": "20.83700", "2006-12-31": "4.26200", "2005-12-31": "29.72100"}, "Change In Accounts Receivable": {"2019-12-31": "-14.40000", "2018-12-31": "2.80000", "2017-12-31": "-22.20000", "2016-12-31": "", "2015-12-31": "-6.20000", "2014-12-31": "6.00000", "2013-12-31": "9.20000", "2012-12-31": "-28.20000", "2011-12-31": "-9.68700", "2010-12-31": "-7.59300", "2009-12-31": "2.36100", "2008-12-31": "-18.52900", "2007-12-31": "-2.38100", "2006-12-31": "-12.22800", "2005-12-31": "-8.15500"}, "Change In Inventories": {"2019-12-31": "-68.60000", "2018-12-31": "-83.30000", "2017-12-31": "37.90000", "2016-12-31": "-71.60000", "2015-12-31": "-30.50000", "2014-12-31": "-99.40000", "2013-12-31": "-54.80000", "2012-12-31": "-93.60000", "2011-12-31": "-84.88000", "2010-12-31": "-31.51600", "2009-12-31": "-1.74200", "2008-12-31": "-27.57200", "2007-12-31": "26.76500", "2006-12-31": "-29.94300", "2005-12-31": "-40.24700"}, "Change In Accounts Payable": {"2019-12-31": "0.10000", "2018-12-31": "21.70000", "2017-12-31": "-5.00000", "2016-12-31": "-1.30000", "2015-12-31": "6.00000", "2014-12-31": "-5.20000", "2013-12-31": "10.80000", "2012-12-31": "17.00000", "2011-12-31": "15.42700", "2010-12-31": "6.65000", "2009-12-31": "-9.50000", "2008-12-31": "8.92200", "2007-12-31": "-7.59500", "2006-12-31": "-1.88600", "2005-12-31": "16.64700"}, "Change In Assets/Liabilities": {"2019-12-31": "20.70000", "2018-12-31": "138.00000", "2017-12-31": "41.30000", "2016-12-31": "14.60000", "2015-12-31": "96.70000", "2014-12-31": "-48.80000", "2013-12-31": "39.80000", "2012-12-31": "60.40000", "2011-12-31": "35.40300", "2010-12-31": "38.47800", "2009-12-31": "14.86000", "2008-12-31": "-13.12800", "2007-12-31": "-24.79900", "2006-12-31": "25.36800", "2005-12-31": "10.50200"}, "Total Change In Assets/Liabilities": {"2019-12-31": "-62.20000", "2018-12-31": "79.20000", "2017-12-31": "52.00000", "2016-12-31": "-58.30000", "2015-12-31": "66.00000", "2014-12-31": "-136.70000", "2013-12-31": "117.80000", "2012-12-31": "23.00000", "2011-12-31": "33.57700", "2010-12-31": "34.66100", "2009-12-31": "7.21800", "2008-12-31": "-13.70400", "2007-12-31": "58.52300", "2006-12-31": "37.04600", "2005-12-31": "20.49100"}, "Cash Flow From Operating Activities": {"2019-12-31": "457.50000", "2018-12-31": "648.40000", "2017-12-31": "590.80000", "2016-12-31": "367.30000", "2015-12-31": "628.70000", "2014-12-31": "511.40000", "2013-12-31": "772.90000", "2012-12-31": "567.80000", "2011-12-31": "510.54000", "2010-12-31": "387.87500", "2009-12-31": "285.05600", "2008-12-31": "272.98800", "2007-12-31": "270.81100", "2006-12-31": "184.44700", "2005-12-31": "143.35200"}, "Net Change In Property, Plant, And Equipment": {"2019-12-31": "-106.10000", "2018-12-31": "-84.00000", "2017-12-31": "-95.50000", "2016-12-31": "-143.40000", "2015-12-31": "-79.00000", "2014-12-31": "-173.70000", "2013-12-31": "-146.70000", "2012-12-31": "-121.20000", "2011-12-31": "-90.11100", "2010-12-31": "-68.01000", "2009-12-31": "-59.66600", "2008-12-31": "-88.52500", "2007-12-31": "-41.68200", "2006-12-31": "-62.34900", "2005-12-31": "-31.46800"}, "Net Change In Intangible Assets": {"2019-12-31": "", "2018-12-31": "", "2017-12-31": "", "2016-12-31": "", "2015-12-31": "", "2014-12-31": "", "2013-12-31": "", "2012-12-31": "", "2011-12-31": "", "2010-12-31": "", "2009-12-31": "", "2008-12-31": "", "2007-12-31": "", "2006-12-31": "", "2005-12-31": ""}, "Net Acquisitions/Divestitures": {"2019-12-31": "", "2018-12-31": "", "2017-12-31": "", "2016-12-31": "", "2015-12-31": "", "2014-12-31": "", "2013-12-31": "", "2012-12-31": "", "2011-12-31": "", "2010-12-31": "", "2009-12-31": "-10.00000", "2008-12-31": "", "2007-12-31": "", "2006-12-31": "", "2005-12-31": ""}, "Net Change In Short-term Investments": {"2019-12-31": "", "2018-12-31": "", "2017-12-31": "", "2016-12-31": "", "2015-12-31": "", "2014-12-31": "", "2013-12-31": "", "2012-12-31": "", "2011-12-31": "", "2010-12-31": "", "2009-12-31": "", "2008-12-31": "", "2007-12-31": "", "2006-12-31": "", "2005-12-31": ""}, "Net Change In Long-Term Investments": {"2019-12-31": "", "2018-12-31": "", "2017-12-31": "", "2016-12-31": "", "2015-12-31": "-0.10000", "2014-12-31": "-12.60000", "2013-12-31": "-4.10000", "2012-12-31": "", "2011-12-31": "", "2010-12-31": "", "2009-12-31": "", "2008-12-31": "", "2007-12-31": "", "2006-12-31": "", "2005-12-31": ""}, "Net Change In Investments - Total": {"2019-12-31": "", "2018-12-31": "", "2017-12-31": "", "2016-12-31": "", "2015-12-31": "-0.10000", "2014-12-31": "-12.60000", "2013-12-31": "-4.10000", "2012-12-31": "", "2011-12-31": "", "2010-12-31": "", "2009-12-31": "", "2008-12-31": "", "2007-12-31": "", "2006-12-31": "", "2005-12-31": ""}, "Investing Activities - Other": {"2019-12-31": "-1.90000", "2018-12-31": "0.10000", "2017-12-31": "0.30000", "2016-12-31": "1.00000", "2015-12-31": "5.70000", "2014-12-31": "-15.00000", "2013-12-31": "", "2012-12-31": "-3.80000", "2011-12-31": "-1.97500", "2010-12-31": "-1.12600", "2009-12-31": "-1.65600", "2008-12-31": "3.56100", "2007-12-31": "-1.70800", "2006-12-31": "-4.45900", "2005-12-31": "-1.05800"}, "Cash Flow From Investing Activities": {"2019-12-31": "-108.00000", "2018-12-31": "-83.90000", "2017-12-31": "-95.20000", "2016-12-31": "-142.40000", "2015-12-31": "-73.40000", "2014-12-31": "-201.30000", "2013-12-31": "-150.80000", "2012-12-31": "-125.00000", "2011-12-31": "-92.08600", "2010-12-31": "-69.13600", "2009-12-31": "-71.32200", "2008-12-31": "-84.96400", "2007-12-31": "-43.39000", "2006-12-31": "-66.80800", "2005-12-31": "-32.52600"}, "Net Long-Term Debt": {"2019-12-31": "-699.50000", "2018-12-31": "128.20000", "2017-12-31": "779.50000", "2016-12-31": "-238.80000", "2015-12-31": "-227.60000", "2014-12-31": "1068.70000", "2013-12-31": "443.70000", "2012-12-31": "284.10000", "2011-12-31": "25.33500", "2010-12-31": "-72.45100", "2009-12-31": "-101.11500", "2008-12-31": "-49.48100", "2007-12-31": "171.48400", "2006-12-31": "-84.66500", "2005-12-31": "-227.43500"}, "Net Current Debt": {"2019-12-31": "", "2018-12-31": "", "2017-12-31": "", "2016-12-31": "", "2015-12-31": "", "2014-12-31": "", "2013-12-31": "", "2012-12-31": "", "2011-12-31": "", "2010-12-31": "", "2009-12-31": "", "2008-12-31": "", "2007-12-31": "", "2006-12-31": "", "2005-12-31": ""}, "Debt Issuance/Retirement Net - Total": {"2019-12-31": "-699.50000", "2018-12-31": "128.20000", "2017-12-31": "779.50000", "2016-12-31": "-238.80000", "2015-12-31": "-227.60000", "2014-12-31": "1068.70000", "2013-12-31": "443.70000", "2012-12-31": "284.10000", "2011-12-31": "25.33500", "2010-12-31": "-72.45100", "2009-12-31": "-101.11500", "2008-12-31": "-49.48100", "2007-12-31": "171.48400", "2006-12-31": "-84.66500", "2005-12-31": "-227.43500"}, "Net Common Equity Issued/Repurchased": {"2019-12-31": "-16.70000", "2018-12-31": "-750.30000", "2017-12-31": "-844.20000", "2016-12-31": "-13.20000", "2015-12-31": "-16.60000", "2014-12-31": "-1291.90000", "2013-12-31": "-305.50000", "2012-12-31": "-545.40000", "2011-12-31": "-299.37700", "2010-12-31": "-144.69900", "2009-12-31": "-66.75700", "2008-12-31": "-119.41300", "2007-12-31": "-352.03600", "2006-12-31": "11.77300", "2005-12-31": "2.13100"}, "Net Total Equity Issued/Repurchased": {"2019-12-31": "-16.70000", "2018-12-31": "-750.30000", "2017-12-31": "-844.20000", "2016-12-31": "-13.20000", "2015-12-31": "-16.60000", "2014-12-31": "-1291.90000", "2013-12-31": "-305.50000", "2012-12-31": "-545.40000", "2011-12-31": "-299.37700", "2010-12-31": "-144.69900", "2009-12-31": "-66.75700", "2008-12-31": "-119.41300", "2007-12-31": "-352.03600", "2006-12-31": "11.77300", "2005-12-31": "2.13100"}, "Total Common And Preferred Stock Dividends Paid": {"2019-12-31": "", "2018-12-31": "", "2017-12-31": "", "2016-12-31": "", "2015-12-31": "", "2014-12-31": "-30.40000", "2013-12-31": "-123.10000", "2012-12-31": "-135.10000", "2011-12-31": "-85.48900", "2010-12-31": "-53.74000", "2009-12-31": "-48.72100", "2008-12-31": "-50.70000", "2007-12-31": "-41.53500", "2006-12-31": "", "2005-12-31": ""}, "Financial Activities - Other": {"2019-12-31": "3.20000", "2018-12-31": "29.00000", "2017-12-31": "-20.50000", "2016-12-31": "-0.30000", "2015-12-31": "-5.80000", "2014-12-31": "-135.90000", "2013-12-31": "15.60000", "2012-12-31": "25.20000", "2011-12-31": "20.52300", "2010-12-31": "8.93700", "2009-12-31": "3.26600", "2008-12-31": "14.52700", "2007-12-31": "18.57600", "2006-12-31": "17.84800", "2005-12-31": "-0.58600"}, "Cash Flow From Financial Activities": {"2019-12-31": "-713.00000", "2018-12-31": "-593.10000", "2017-12-31": "-85.20000", "2016-12-31": "-252.30000", "2015-12-31": "-250.00000", "2014-12-31": "-389.50000", "2013-12-31": "30.70000", "2012-12-31": "-371.20000", "2011-12-31": "-339.00800", "2010-12-31": "-261.95300", "2009-12-31": "-213.32700", "2008-12-31": "-205.06700", "2007-12-31": "-203.51100", "2006-12-31": "-55.04400", "2005-12-31": "-225.89000"}, "Net Cash Flow": {"2019-12-31": "-367.50000", "2018-12-31": "-80.50000", "2017-12-31": "438.60000", "2016-12-31": "-47.50000", "2015-12-31": "244.40000", "2014-12-31": "-327.60000", "2013-12-31": "639.50000", "2012-12-31": "74.70000", "2011-12-31": "68.22500", "2010-12-31": "39.74900", "2009-12-31": "-0.04600", "2008-12-31": "-36.56000", "2007-12-31": "33.08400", "2006-12-31": "66.07500", "2005-12-31": "-113.32900"}, "Stock-Based Compensation": {"2019-12-31": "38.60000", "2018-12-31": "35.50000", "2017-12-31": "42.10000", "2016-12-31": "40.20000", "2015-12-31": "44.90000", "2014-12-31": "45.70000", "2013-12-31": "29.50000", "2012-12-31": "27.90000", "2011-12-31": "24.13300", "2010-12-31": "22.96900", "2009-12-31": "20.90700", "2008-12-31": "17.78800", "2007-12-31": "12.90400", "2006-12-31": "11.29800", "2005-12-31": "3.04500"}, "Common Stock Dividends Paid": {"2019-12-31": "", "2018-12-31": "", "2017-12-31": "", "2016-12-31": "", "2015-12-31": "", "2014-12-31": "-30.40000", "2013-12-31": "-123.10000", "2012-12-31": "-135.10000", "2011-12-31": "-85.48900", "2010-12-31": "-53.74000", "2009-12-31": "-48.72100", "2008-12-31": "-50.70000", "2007-12-31": "-41.53500", "2006-12-31": "", "2005-12-31": ""}}, "cash flow statement, quarterly": {"Net Income/Loss": {"2020-09-30": 138.1, "2020-06-30": 115.1, "2020-03-31": "45.60000", "2019-12-31": 56.7, "2019-09-30": 81.5, "2019-06-30": 76.5, "2019-03-31": "96.30000", "2018-12-31": 48.9, "2018-09-30": 71.2, "2018-06-30": 94.4, "2018-03-31": "82.10000", "2017-12-31": -63.4, "2017-09-30": 54.5, "2017-06-30": 137.6, "2017-03-31": "85.20000", "2016-12-31": 99.4, "2016-09-30": 87.7, "2016-06-30": -22.9, "2016-03-31": "95.80000", "2015-12-31": 84.5, "2015-09-30": 93.6, "2015-06-30": 82.8, "2015-03-31": "78.20000", "2014-12-31": 103.3, "2014-09-30": 11.2, "2014-06-30": 119.6, "2014-03-31": "74.60000", "2013-12-31": 123.515, "2013-09-30": 141.95, "2013-06-30": 143.162, "2013-03-31": "118.87300", "2012-12-31": 112.245, "2012-09-30": 111.873, "2012-06-30": 131.951, "2012-03-31": "107.93100", "2011-12-31": 107.738, "2011-09-30": 108.022, "2011-06-30": 111.18, "2011-03-31": "88.01900", "2010-12-31": 79.953, "2010-09-30": 78.884, "2010-06-30": 82.175, "2010-03-31": "51.87100", "2009-12-31": 55.656, "2009-09-30": 57.895, "2009-06-30": 48.253, "2009-03-31": "41.54200", "2008-12-31": 33.659, "2008-09-30": 58.084, "2008-06-30": 67.08, "2008-03-31": "62.36700", "2007-12-31": 53.833, "2007-09-30": 48.329, "2007-06-30": 48.109, "2007-03-31": "41.18000", "2006-12-31": 41.65, "2006-09-30": 26.467, "2006-06-30": 36.326, "2006-03-31": "38.69600", "2005-12-31": 29.953, "2005-09-30": 27.136, "2005-06-30": 22.775, "2005-03-31": "13.27600"}, "Total Depreciation And Amortization - Cash Flow": {"2020-09-30": 24.4, "2020-06-30": 25.7, "2020-03-31": "24.20000", "2019-12-31": 24.3, "2019-09-30": 24.4, "2019-06-30": 24.6, "2019-03-31": "24.40000", "2018-12-31": 24.4, "2018-09-30": 25.2, "2018-06-30": 25.2, "2018-03-31": "25.60000", "2017-12-31": 26, "2017-09-30": 25.2, "2017-06-30": 24.1, "2017-03-31": "24.50000", "2016-12-31": 25.7, "2016-09-30": 24.7, "2016-06-30": 24, "2016-03-31": "23.90000", "2015-12-31": 25.4, "2015-09-30": 24.6, "2015-06-30": 25.1, "2015-03-31": "22.90000", "2014-12-31": 24, "2014-09-30": 24.4, "2014-06-30": 23.5, "2014-03-31": "21.30000", "2013-12-31": 21.493, "2013-09-30": 20.897, "2013-06-30": 20.696, "2013-03-31": "21.61400", "2012-12-31": 17.863, "2012-09-30": 19.352, "2012-06-30": 18.309, "2012-03-31": "18.87600", "2011-12-31": 17.699, "2011-09-30": 18.069, "2011-06-30": 18.381, "2011-03-31": "18.71100", "2010-12-31": 16.992, "2010-09-30": 17.478, "2010-06-30": 17.265, "2010-03-31": "17.38600", "2009-12-31": 16.915, "2009-09-30": 16.083, "2009-06-30": 14.988, "2009-03-31": "14.94200", "2008-12-31": 14.065, "2008-09-30": 12.666, "2008-06-30": 11.993, "2008-03-31": "10.48900", "2007-12-31": 9.375, "2007-09-30": 8.884, "2007-06-30": 8.852, "2007-03-31": "8.33900", "2006-12-31": 7.723, "2006-09-30": 7.758, "2006-06-30": 7.504, "2006-03-31": "7.35000", "2005-12-31": 7.986, "2005-09-30": 7.769, "2005-06-30": 10.613, "2005-03-31": "10.46500"}, "Other Non-Cash Items": {"2020-09-30": 33.7, "2020-06-30": 30.3, "2020-03-31": "31.10000", "2019-12-31": 24.3, "2019-09-30": 29.8, "2019-06-30": 29, "2019-03-31": "27.90000", "2018-12-31": 0.9, "2018-09-30": 67.7, "2018-06-30": 36.7, "2018-03-31": "66.90000", "2017-12-31": 131.2, "2017-09-30": 32.2, "2017-06-30": 36, "2017-03-31": "25.70000", "2016-12-31": 21.9, "2016-09-30": 10.2, "2016-06-30": 5.3, "2016-03-31": "29.90000", "2015-12-31": -1.9, "2015-09-30": 30.5, "2015-06-30": 47.4, "2015-03-31": "49.60000", "2014-12-31": -8.8, "2014-09-30": 122.4, "2014-06-30": 14.9, "2014-03-31": "117.70000", "2013-12-31": -10.871, "2013-09-30": 20.331, "2013-06-30": 19.985, "2013-03-31": "13.45500", "2012-12-31": 25.229, "2012-09-30": 9.151, "2012-06-30": -10.458, "2012-03-31": "-17.52200", "2011-12-31": -7.691, "2011-09-30": -2.66, "2011-06-30": -3.284, "2011-03-31": "2.77900", "2010-12-31": -12.605, "2010-09-30": 8.106, "2010-06-30": -6.91, "2010-03-31": "2.61900", "2009-12-31": -8.193, "2009-09-30": 7.709, "2009-06-30": -1.837, "2009-03-31": "13.88500", "2008-12-31": 17.412, "2008-09-30": 4.587, "2008-06-30": -2.524, "2008-03-31": "-3.18600", "2007-12-31": -5.382, "2007-09-30": -8.869, "2007-06-30": -10.039, "2007-03-31": "9.67700", "2006-12-31": -3.409, "2006-09-30": -8.131, "2006-06-30": -19.615, "2006-03-31": "5.08200", "2005-12-31": -19.672, "2005-09-30": 3.306, "2005-06-30": -4.97, "2005-03-31": "14.22400"}, "Total Non-Cash Items": {"2020-09-30": 58.1, "2020-06-30": 56, "2020-03-31": "55.30000", "2019-12-31": 48.6, "2019-09-30": 54.2, "2019-06-30": 53.6, "2019-03-31": "52.30000", "2018-12-31": 25.3, "2018-09-30": 92.9, "2018-06-30": 61.9, "2018-03-31": "92.50000", "2017-12-31": 157.2, "2017-09-30": 57.4, "2017-06-30": 60.1, "2017-03-31": "50.20000", "2016-12-31": 47.6, "2016-09-30": 34.9, "2016-06-30": 29.3, "2016-03-31": "53.80000", "2015-12-31": 23.5, "2015-09-30": 55.1, "2015-06-30": 72.5, "2015-03-31": "72.50000", "2014-12-31": 15.2, "2014-09-30": 146.8, "2014-06-30": 38.4, "2014-03-31": "139.00000", "2013-12-31": 10.622, "2013-09-30": 41.228, "2013-06-30": 40.681, "2013-03-31": "35.06900", "2012-12-31": 43.092, "2012-09-30": 28.503, "2012-06-30": 7.851, "2012-03-31": "1.35400", "2011-12-31": 10.008, "2011-09-30": 15.409, "2011-06-30": 15.097, "2011-03-31": "21.49000", "2010-12-31": 4.387, "2010-09-30": 25.584, "2010-06-30": 10.355, "2010-03-31": "20.00500", "2009-12-31": 8.722, "2009-09-30": 23.792, "2009-06-30": 13.151, "2009-03-31": "28.82700", "2008-12-31": 31.477, "2008-09-30": 17.253, "2008-06-30": 9.469, "2008-03-31": "7.30300", "2007-12-31": 3.993, "2007-09-30": 0.015, "2007-06-30": -1.187, "2007-03-31": "18.01600", "2006-12-31": 4.314, "2006-09-30": -0.373, "2006-06-30": -12.111, "2006-03-31": "12.43200", "2005-12-31": -11.686, "2005-09-30": 11.075, "2005-06-30": 5.643, "2005-03-31": "24.68900"}, "Change In Accounts Receivable": {"2020-09-30": -3.9, "2020-06-30": -25.9, "2020-03-31": "-7.80000", "2019-12-31": 21.3, "2019-09-30": -6.7, "2019-06-30": -5.9, "2019-03-31": "-23.10000", "2018-12-31": 28.7, "2018-09-30": -4.1, "2018-06-30": -5.7, "2018-03-31": "-16.10000", "2017-12-31": 0.3, "2017-09-30": -4.7, "2017-06-30": 10.1, "2017-03-31": "-27.90000", "2016-12-31": 14.6, "2016-09-30": 5.8, "2016-06-30": -3.1, "2016-03-31": "-17.30000", "2015-12-31": 18.9, "2015-09-30": -0.7, "2015-06-30": -10, "2015-03-31": "-14.40000", "2014-12-31": 11.4, "2014-09-30": -4.2, "2014-06-30": 16.8, "2014-03-31": "-18.00000", "2013-12-31": 7.576, "2013-09-30": 1.936, "2013-06-30": -3.528, "2013-03-31": "3.21600", "2012-12-31": -1.756, "2012-09-30": -5.127, "2012-06-30": -6.558, "2012-03-31": "-14.75900", "2011-12-31": 22.147, "2011-09-30": -4.868, "2011-06-30": -6.473, "2011-03-31": "-20.49300", "2010-12-31": 6.372, "2010-09-30": -2.349, "2010-06-30": 0.432, "2010-03-31": "-12.04800", "2009-12-31": 11.626, "2009-09-30": -4.327, "2009-06-30": -0.891, "2009-03-31": "-4.04700", "2008-12-31": -2.046, "2008-09-30": -3.764, "2008-06-30": 1.124, "2008-03-31": "-13.84300", "2007-12-31": -0.341, "2007-09-30": -5.811, "2007-06-30": 0.746, "2007-03-31": "3.02500", "2006-12-31": -3.005, "2006-09-30": 0.817, "2006-06-30": -2.403, "2006-03-31": "-7.63700", "2005-12-31": 3.03, "2005-09-30": 1.101, "2005-06-30": -0.886, "2005-03-31": "-11.40000"}, "Change In Inventories": {"2020-09-30": -7.2, "2020-06-30": -12, "2020-03-31": "-7.40000", "2019-12-31": -5.1, "2019-09-30": -12.7, "2019-06-30": -22.9, "2019-03-31": "-27.90000", "2018-12-31": -42.8, "2018-09-30": -38.5, "2018-06-30": -10.4, "2018-03-31": "8.40000", "2017-12-31": 8.7, "2017-09-30": 24, "2017-06-30": -2.1, "2017-03-31": "7.30000", "2016-12-31": -14.9, "2016-09-30": -56.5, "2016-06-30": 2.4, "2016-03-31": "-2.60000", "2015-12-31": -27.3, "2015-09-30": -19.7, "2015-06-30": 1.5, "2015-03-31": "15.00000", "2014-12-31": -40.7, "2014-09-30": -56.3, "2014-06-30": -16.6, "2014-03-31": "14.20000", "2013-12-31": -17.489, "2013-09-30": -23.217, "2013-06-30": -12.552, "2013-03-31": "-1.54200", "2012-12-31": -34.895, "2012-09-30": -44.229, "2012-06-30": -24.218, "2012-03-31": "9.74200", "2011-12-31": -33.231, "2011-09-30": -25.16, "2011-06-30": -30.673, "2011-03-31": "4.18400", "2010-12-31": 1.405, "2010-09-30": -20.749, "2010-06-30": -12.646, "2010-03-31": "0.47400", "2009-12-31": -12.193, "2009-09-30": -1.571, "2009-06-30": -0.213, "2009-03-31": "12.23500", "2008-12-31": -16.34, "2008-09-30": -14.398, "2008-06-30": -4.568, "2008-03-31": "7.73400", "2007-12-31": 0.886, "2007-09-30": 2.139, "2007-06-30": 8.566, "2007-03-31": "15.17400", "2006-12-31": -16.898, "2006-09-30": -13.225, "2006-06-30": -4.706, "2006-03-31": "4.88600", "2005-12-31": -22.544, "2005-09-30": -8.749, "2005-06-30": -9.312, "2005-03-31": "0.35800"}, "Change In Accounts Payable": {"2020-09-30": 13.1, "2020-06-30": 6.6, "2020-03-31": "2.90000", "2019-12-31": 3, "2019-09-30": -2.6, "2019-06-30": -2.3, "2019-03-31": "2.00000", "2018-12-31": -3.5, "2018-09-30": 1.4, "2018-06-30": 7.4, "2018-03-31": "16.40000", "2017-12-31": 3.2, "2017-09-30": -18.5, "2017-06-30": 5.3, "2017-03-31": "5.00000", "2016-12-31": -18.8, "2016-09-30": 0.1, "2016-06-30": 14.6, "2016-03-31": "2.80000", "2015-12-31": -12.3, "2015-09-30": 1.5, "2015-06-30": 17.9, "2015-03-31": "-1.10000", "2014-12-31": -20.6, "2014-09-30": 2.4, "2014-06-30": 6.8, "2014-03-31": "6.20000", "2013-12-31": 2.231, "2013-09-30": 3.983, "2013-06-30": -0.314, "2013-03-31": "4.90000", "2012-12-31": -5.674, "2012-09-30": -0.274, "2012-06-30": 11.452, "2012-03-31": "11.49600", "2011-12-31": -4.057, "2011-09-30": 0.073, "2011-06-30": 10.55, "2011-03-31": "8.86100", "2010-12-31": -6.202, "2010-09-30": -0.929, "2010-06-30": -5.53, "2010-03-31": "19.31100", "2009-12-31": -4.649, "2009-09-30": -6.053, "2009-06-30": 10.768, "2009-03-31": "-9.56600", "2008-12-31": 0.767, "2008-09-30": 1.875, "2008-06-30": 9.462, "2008-03-31": "-3.18200", "2007-12-31": 1.987, "2007-09-30": -4.239, "2007-06-30": 8.098, "2007-03-31": "-13.44100", "2006-12-31": -2.707, "2006-09-30": 4.501, "2006-06-30": 3.812, "2006-03-31": "-7.49200", "2005-12-31": 12.009, "2005-09-30": -6.765, "2005-06-30": 6.238, "2005-03-31": "5.16500"}, "Change In Assets/Liabilities": {"2020-09-30": -67.1, "2020-06-30": 103.5, "2020-03-31": "53.10000", "2019-12-31": 32.1, "2019-09-30": 72.4, "2019-06-30": -22.7, "2019-03-31": "-61.10000", "2018-12-31": 82.1, "2018-09-30": 41.9, "2018-06-30": 41.1, "2018-03-31": "-27.10000", "2017-12-31": 80.4, "2017-09-30": 14.6, "2017-06-30": -109.4, "2017-03-31": "55.70000", "2016-12-31": -10.5, "2016-09-30": -190.1, "2016-06-30": 206.6, "2016-03-31": "8.60000", "2015-12-31": 83.3, "2015-09-30": -6.9, "2015-06-30": 21.3, "2015-03-31": "-1.00000", "2014-12-31": -17.3, "2014-09-30": 10.4, "2014-06-30": -29.9, "2014-03-31": "-12.00000", "2013-12-31": 9.216, "2013-09-30": 38.311, "2013-06-30": 22.742, "2013-03-31": "-30.46900", "2012-12-31": 36.644, "2012-09-30": 19.7, "2012-06-30": -1.201, "2012-03-31": "5.25700", "2011-12-31": -19.512, "2011-09-30": 19.442, "2011-06-30": 17.938, "2011-03-31": "17.53500", "2010-12-31": -3.136, "2010-09-30": 26.204, "2010-06-30": -0.866, "2010-03-31": "16.27600", "2009-12-31": -12.298, "2009-09-30": 12.767, "2009-06-30": -2.763, "2009-03-31": "17.15400", "2008-12-31": 6.481, "2008-09-30": -7.794, "2008-06-30": 2.913, "2008-03-31": "-14.72800", "2007-12-31": -2.949, "2007-09-30": 10.58, "2007-06-30": -4.97, "2007-03-31": "-27.46000", "2006-12-31": 14.667, "2006-09-30": -2.002, "2006-06-30": 17.421, "2006-03-31": "-4.71800", "2005-12-31": -8.692, "2005-09-30": 15.729, "2005-06-30": 6.931, "2005-03-31": "-3.46600"}, "Total Change In Assets/Liabilities": {"2020-09-30": -65.1, "2020-06-30": 72.2, "2020-03-31": "40.80000", "2019-12-31": 51.3, "2019-09-30": 50.4, "2019-06-30": -53.8, "2019-03-31": "-110.10000", "2018-12-31": 64.5, "2018-09-30": 0.7, "2018-06-30": 32.4, "2018-03-31": "-18.40000", "2017-12-31": 92.6, "2017-09-30": 15.4, "2017-06-30": -96.1, "2017-03-31": "40.10000", "2016-12-31": -29.6, "2016-09-30": -240.7, "2016-06-30": 220.5, "2016-03-31": "-8.50000", "2015-12-31": 27.5, "2015-09-30": -14.2, "2015-06-30": 42.3, "2015-03-31": "10.40000", "2014-12-31": -56.6, "2014-09-30": -56.1, "2014-06-30": -1, "2014-03-31": "-23.00000", "2013-12-31": 61.779, "2013-09-30": 42.353, "2013-06-30": 29.983, "2013-03-31": "-16.31500", "2012-12-31": 12.573, "2012-09-30": 2.071, "2012-06-30": -2.727, "2012-03-31": "11.08300", "2011-12-31": -0.832, "2011-09-30": 19.548, "2011-06-30": 16.402, "2011-03-31": "-1.54100", "2010-12-31": 32.414, "2010-09-30": -3.98, "2010-06-30": -9.33, "2010-03-31": "15.55700", "2009-12-31": -6.616, "2009-09-30": 23.343, "2009-06-30": -25.156, "2009-03-31": "15.64700", "2008-12-31": 6.255, "2008-09-30": 4.392, "2008-06-30": -17.481, "2008-03-31": "-6.87000", "2007-12-31": 18.031, "2007-09-30": 18.833, "2007-06-30": 34.755, "2007-03-31": "-13.09600", "2006-12-31": -6.526, "2006-09-30": 16.53, "2006-06-30": 34.453, "2006-03-31": "-7.41100", "2005-12-31": -5.8, "2005-09-30": 23.279, "2005-06-30": 15.885, "2005-03-31": "-12.87300"}, "Cash Flow From Operating Activities": {"2020-09-30": 131.1, "2020-06-30": 243.3, "2020-03-31": "141.70000", "2019-12-31": 156.6, "2019-09-30": 186.1, "2019-06-30": 76.3, "2019-03-31": "38.50000", "2018-12-31": 138.7, "2018-09-30": 164.8, "2018-06-30": 188.7, "2018-03-31": "156.20000", "2017-12-31": 186.4, "2017-09-30": 127.3, "2017-06-30": 101.6, "2017-03-31": "175.50000", "2016-12-31": 117.4, "2016-09-30": -118.1, "2016-06-30": 226.9, "2016-03-31": "141.10000", "2015-12-31": 135.5, "2015-09-30": 134.5, "2015-06-30": 197.6, "2015-03-31": "161.10000", "2014-12-31": 61.9, "2014-09-30": 101.9, "2014-06-30": 157, "2014-03-31": "190.60000", "2013-12-31": 195.916, "2013-09-30": 225.531, "2013-06-30": 213.826, "2013-03-31": "137.62700", "2012-12-31": 167.91, "2012-09-30": 142.447, "2012-06-30": 137.075, "2012-03-31": "120.36800", "2011-12-31": 116.914, "2011-09-30": 142.979, "2011-06-30": 142.679, "2011-03-31": "107.96800", "2010-12-31": 116.754, "2010-09-30": 100.488, "2010-06-30": 83.2, "2010-03-31": "87.43300", "2009-12-31": 57.762, "2009-09-30": 105.03, "2009-06-30": 36.248, "2009-03-31": "86.01600", "2008-12-31": 71.391, "2008-09-30": 79.729, "2008-06-30": 59.068, "2008-03-31": "62.80000", "2007-12-31": 75.857, "2007-09-30": 67.177, "2007-06-30": 81.677, "2007-03-31": "46.10000", "2006-12-31": 39.438, "2006-09-30": 42.624, "2006-06-30": 58.668, "2006-03-31": "43.71700", "2005-12-31": 12.467, "2005-09-30": 61.49, "2005-06-30": 44.303, "2005-03-31": "25.09200"}, "Net Change In Property, Plant, And Equipment": {"2020-09-30": -26, "2020-06-30": -25.2, "2020-03-31": "-24.40000", "2019-12-31": -26.6, "2019-09-30": -27.8, "2019-06-30": -24.7, "2019-03-31": "-27.00000", "2018-12-31": -28.3, "2018-09-30": -22.7, "2018-06-30": -17.4, "2018-03-31": "-15.60000", "2017-12-31": -27.6, "2017-09-30": -22, "2017-06-30": -21.4, "2017-03-31": "-24.50000", "2016-12-31": -31.5, "2016-09-30": -25, "2016-06-30": -57.2, "2016-03-31": "-29.70000", "2015-12-31": -21.5, "2015-09-30": -17.6, "2015-06-30": -17.1, "2015-03-31": "-22.80000", "2014-12-31": -33.7, "2014-09-30": -34.5, "2014-06-30": -47, "2014-03-31": "-58.50000", "2013-12-31": -55.039, "2013-09-30": -35.646, "2013-06-30": -31.183, "2013-03-31": "-24.83200", "2012-12-31": -62.214, "2012-09-30": -19.31, "2012-06-30": -15, "2012-03-31": "-24.67600", "2011-12-31": -28.81, "2011-09-30": -17.063, "2011-06-30": -15.915, "2011-03-31": "-28.32300", "2010-12-31": -25.875, "2010-09-30": -18.224, "2010-06-30": -12.291, "2010-03-31": "-11.62000", "2009-12-31": -17.983, "2009-09-30": -14.942, "2009-06-30": -12.668, "2009-03-31": "-14.07300", "2008-12-31": -20.267, "2008-09-30": -30.695, "2008-06-30": -13.632, "2008-03-31": "-23.93100", "2007-12-31": -11.118, "2007-09-30": -9.916, "2007-06-30": -11.624, "2007-03-31": "-9.02400", "2006-12-31": -16.886, "2006-09-30": -20.857, "2006-06-30": -12.569, "2006-03-31": "-12.03700", "2005-12-31": -9.74, "2005-09-30": -9.332, "2005-06-30": -8.076, "2005-03-31": "-4.32000"}, "Net Change In Intangible Assets": {"2020-09-30": 0, "2020-06-30": 0, "2020-03-31": "", "2019-12-31": 0, "2019-09-30": 0, "2019-06-30": 0, "2019-03-31": "", "2018-12-31": 0, "2018-09-30": 0, "2018-06-30": 0, "2018-03-31": "", "2017-12-31": 0, "2017-09-30": 0, "2017-06-30": 0, "2017-03-31": "", "2016-12-31": 0, "2016-09-30": 0, "2016-06-30": 0, "2016-03-31": "", "2015-12-31": 0, "2015-09-30": 0, "2015-06-30": 0, "2015-03-31": "", "2014-12-31": 0, "2014-09-30": 0, "2014-06-30": 0, "2014-03-31": "", "2013-12-31": 0, "2013-09-30": 0, "2013-06-30": 0, "2013-03-31": "", "2012-12-31": 0, "2012-09-30": 0, "2012-06-30": 0, "2012-03-31": "", "2011-12-31": 0, "2011-09-30": 0, "2011-06-30": 0, "2011-03-31": "", "2010-12-31": 0, "2010-09-30": 0, "2010-06-30": 0, "2010-03-31": "", "2009-12-31": 0, "2009-09-30": 0, "2009-06-30": 0, "2009-03-31": "", "2008-12-31": 0, "2008-09-30": 0, "2008-06-30": 0, "2008-03-31": "", "2007-12-31": 0, "2007-09-30": 0, "2007-06-30": 0, "2007-03-31": "", "2006-12-31": 0, "2006-09-30": 0, "2006-06-30": 0, "2006-03-31": "", "2005-12-31": 0, "2005-09-30": 0, "2005-06-30": 0, "2005-03-31": ""}, "Net Acquisitions/Divestitures": {"2020-09-30": 0, "2020-06-30": 0, "2020-03-31": "", "2019-12-31": 0, "2019-09-30": 0, "2019-06-30": 0, "2019-03-31": "", "2018-12-31": 0, "2018-09-30": 0, "2018-06-30": 0, "2018-03-31": "", "2017-12-31": 0, "2017-09-30": 0, "2017-06-30": 0, "2017-03-31": "", "2016-12-31": 0, "2016-09-30": 0, "2016-06-30": 0, "2016-03-31": "", "2015-12-31": 0, "2015-09-30": 0, "2015-06-30": 0, "2015-03-31": "", "2014-12-31": 0, "2014-09-30": 0, "2014-06-30": 0, "2014-03-31": "", "2013-12-31": 0, "2013-09-30": 0, "2013-06-30": 0, "2013-03-31": "", "2012-12-31": 0, "2012-09-30": 0, "2012-06-30": 0, "2012-03-31": "", "2011-12-31": 0, "2011-09-30": 0, "2011-06-30": 0, "2011-03-31": "", "2010-12-31": 0, "2010-09-30": 0, "2010-06-30": 0, "2010-03-31": "", "2009-12-31": 0, "2009-09-30": -10, "2009-06-30": 0, "2009-03-31": "", "2008-12-31": 0, "2008-09-30": 0, "2008-06-30": 0, "2008-03-31": "", "2007-12-31": 0, "2007-09-30": 0, "2007-06-30": 0, "2007-03-31": "", "2006-12-31": 0, "2006-09-30": 0, "2006-06-30": 0, "2006-03-31": "", "2005-12-31": 0, "2005-09-30": 0, "2005-06-30": 0, "2005-03-31": ""}, "Net Change In Short-term Investments": {"2020-09-30": 0, "2020-06-30": 0, "2020-03-31": "", "2019-12-31": 0, "2019-09-30": 0, "2019-06-30": 0, "2019-03-31": "", "2018-12-31": 0, "2018-09-30": 0, "2018-06-30": 0, "2018-03-31": "", "2017-12-31": 0, "2017-09-30": 0, "2017-06-30": 0, "2017-03-31": "", "2016-12-31": 0, "2016-09-30": 0, "2016-06-30": 0, "2016-03-31": "", "2015-12-31": 0, "2015-09-30": 0, "2015-06-30": 0, "2015-03-31": "", "2014-12-31": 0, "2014-09-30": 0, "2014-06-30": 0, "2014-03-31": "", "2013-12-31": 0, "2013-09-30": 0, "2013-06-30": 0, "2013-03-31": "", "2012-12-31": 0, "2012-09-30": 0, "2012-06-30": 0, "2012-03-31": "", "2011-12-31": 0, "2011-09-30": 0, "2011-06-30": 0, "2011-03-31": "", "2010-12-31": 0, "2010-09-30": 0, "2010-06-30": 0, "2010-03-31": "", "2009-12-31": 0, "2009-09-30": 0, "2009-06-30": 0, "2009-03-31": "", "2008-12-31": 0, "2008-09-30": 0, "2008-06-30": 0, "2008-03-31": "", "2007-12-31": 0, "2007-09-30": 0, "2007-06-30": 0, "2007-03-31": "", "2006-12-31": 0.038, "2006-09-30": 0, "2006-06-30": -0.038, "2006-03-31": "", "2005-12-31": 0, "2005-09-30": 0, "2005-06-30": 0, "2005-03-31": ""}, "Net Change In Long-Term Investments": {"2020-09-30": 0, "2020-06-30": 0, "2020-03-31": "", "2019-12-31": 0, "2019-09-30": 0, "2019-06-30": 0, "2019-03-31": "", "2018-12-31": 0, "2018-09-30": 0, "2018-06-30": 0, "2018-03-31": "", "2017-12-31": 0, "2017-09-30": 0, "2017-06-30": 0, "2017-03-31": "", "2016-12-31": 0, "2016-09-30": 0, "2016-06-30": 0, "2016-03-31": "", "2015-12-31": -0.1, "2015-09-30": 0, "2015-06-30": 0, "2015-03-31": "", "2014-12-31": -0.8, "2014-09-30": -4.2, "2014-06-30": -4.4, "2014-03-31": "-3.20000", "2013-12-31": -4.1, "2013-09-30": 0, "2013-06-30": 0, "2013-03-31": "", "2012-12-31": 0, "2012-09-30": 0, "2012-06-30": 0, "2012-03-31": "", "2011-12-31": 0, "2011-09-30": 0, "2011-06-30": 0, "2011-03-31": "", "2010-12-31": 0, "2010-09-30": 0, "2010-06-30": 0, "2010-03-31": "", "2009-12-31": 0, "2009-09-30": 0, "2009-06-30": 0, "2009-03-31": "", "2008-12-31": 0, "2008-09-30": 0, "2008-06-30": 0, "2008-03-31": "", "2007-12-31": 0, "2007-09-30": 0, "2007-06-30": 0, "2007-03-31": "", "2006-12-31": 0, "2006-09-30": 0, "2006-06-30": 0, "2006-03-31": "", "2005-12-31": 0, "2005-09-30": 0, "2005-06-30": 0, "2005-03-31": ""}, "Net Change In Investments - Total": {"2020-09-30": 0, "2020-06-30": 0, "2020-03-31": "", "2019-12-31": 0, "2019-09-30": 0, "2019-06-30": 0, "2019-03-31": "", "2018-12-31": 0, "2018-09-30": 0, "2018-06-30": 0, "2018-03-31": "", "2017-12-31": 0, "2017-09-30": 0, "2017-06-30": 0, "2017-03-31": "", "2016-12-31": 0, "2016-09-30": 0, "2016-06-30": 0, "2016-03-31": "", "2015-12-31": -0.1, "2015-09-30": 0, "2015-06-30": 0, "2015-03-31": "", "2014-12-31": -0.8, "2014-09-30": -4.2, "2014-06-30": -4.4, "2014-03-31": "-3.20000", "2013-12-31": -4.1, "2013-09-30": 0, "2013-06-30": 0, "2013-03-31": "", "2012-12-31": 0, "2012-09-30": 0, "2012-06-30": 0, "2012-03-31": "", "2011-12-31": 0, "2011-09-30": 0, "2011-06-30": 0, "2011-03-31": "", "2010-12-31": 0, "2010-09-30": 0, "2010-06-30": 0, "2010-03-31": "", "2009-12-31": 0, "2009-09-30": 0, "2009-06-30": 0, "2009-03-31": "", "2008-12-31": 0, "2008-09-30": 0, "2008-06-30": 0, "2008-03-31": "", "2007-12-31": 0, "2007-09-30": 0, "2007-06-30": 0, "2007-03-31": "", "2006-12-31": 0.038, "2006-09-30": 0, "2006-06-30": -0.038, "2006-03-31": "", "2005-12-31": 0, "2005-09-30": 0, "2005-06-30": 0, "2005-03-31": ""}, "Investing Activities - Other": {"2020-09-30": -0.1, "2020-06-30": 0.1, "2020-03-31": "0.10000", "2019-12-31": -1.9, "2019-09-30": 0, "2019-06-30": 0, "2019-03-31": "", "2018-12-31": 0.1, "2018-09-30": 0, "2018-06-30": 0, "2018-03-31": "", "2017-12-31": 0, "2017-09-30": 0, "2017-06-30": 0.2, "2017-03-31": "0.10000", "2016-12-31": -3.4, "2016-09-30": -0.1, "2016-06-30": 0.4, "2016-03-31": "4.10000", "2015-12-31": -0.5, "2015-09-30": 0.6, "2015-06-30": -0.5, "2015-03-31": "6.10000", "2014-12-31": -15, "2014-09-30": 0, "2014-06-30": 0, "2014-03-31": "", "2013-12-31": 0, "2013-09-30": 0, "2013-06-30": 0, "2013-03-31": "", "2012-12-31": -0.334, "2012-09-30": -0.857, "2012-06-30": -0.057, "2012-03-31": "-2.55200", "2011-12-31": -1.448, "2011-09-30": 1.528, "2011-06-30": -1.858, "2011-03-31": "-0.19700", "2010-12-31": -0.755, "2010-09-30": -1.057, "2010-06-30": 0.765, "2010-03-31": "-0.07900", "2009-12-31": -0.335, "2009-09-30": -1.069, "2009-06-30": -0.864, "2009-03-31": "0.61200", "2008-12-31": 2.073, "2008-09-30": 1.225, "2008-06-30": -0.067, "2008-03-31": "0.33000", "2007-12-31": -0.064, "2007-09-30": -0.536, "2007-06-30": -0.713, "2007-03-31": "-0.39500", "2006-12-31": -0.85, "2006-09-30": -0.77, "2006-06-30": -0.216, "2006-03-31": "-2.62300", "2005-12-31": -0.031, "2005-09-30": -0.396, "2005-06-30": 0.591, "2005-03-31": "-1.22200"}, "Cash Flow From Investing Activities": {"2020-09-30": -26.1, "2020-06-30": -25.1, "2020-03-31": "-24.30000", "2019-12-31": -28.5, "2019-09-30": -27.8, "2019-06-30": -24.7, "2019-03-31": "-27.00000", "2018-12-31": -28.2, "2018-09-30": -22.7, "2018-06-30": -17.4, "2018-03-31": "-15.60000", "2017-12-31": -27.6, "2017-09-30": -22, "2017-06-30": -21.2, "2017-03-31": "-24.40000", "2016-12-31": -34.9, "2016-09-30": -25.1, "2016-06-30": -56.8, "2016-03-31": "-25.60000", "2015-12-31": -22.1, "2015-09-30": -17, "2015-06-30": -17.6, "2015-03-31": "-16.70000", "2014-12-31": -49.5, "2014-09-30": -38.7, "2014-06-30": -51.4, "2014-03-31": "-61.70000", "2013-12-31": -59.139, "2013-09-30": -35.646, "2013-06-30": -31.183, "2013-03-31": "-24.83200", "2012-12-31": -62.548, "2012-09-30": -20.167, "2012-06-30": -15.057, "2012-03-31": "-27.22800", "2011-12-31": -30.258, "2011-09-30": -15.535, "2011-06-30": -17.773, "2011-03-31": "-28.52000", "2010-12-31": -26.63, "2010-09-30": -19.281, "2010-06-30": -11.526, "2010-03-31": "-11.69900", "2009-12-31": -18.318, "2009-09-30": -26.011, "2009-06-30": -13.532, "2009-03-31": "-13.46100", "2008-12-31": -18.194, "2008-09-30": -29.47, "2008-06-30": -13.699, "2008-03-31": "-23.60100", "2007-12-31": -11.182, "2007-09-30": -10.452, "2007-06-30": -12.337, "2007-03-31": "-9.41900", "2006-12-31": -17.698, "2006-09-30": -21.627, "2006-06-30": -12.823, "2006-03-31": "-14.66000", "2005-12-31": -9.771, "2005-09-30": -9.728, "2005-06-30": -7.485, "2005-03-31": "-5.54200"}, "Net Long-Term Debt": {"2020-09-30": -5.3, "2020-06-30": 594.7, "2020-03-31": "24.90000", "2019-12-31": -7.1, "2019-09-30": -682.2, "2019-06-30": -5.1, "2019-03-31": "-5.10000", "2018-12-31": -5.7, "2018-09-30": 215.4, "2018-06-30": -24.5, "2018-03-31": "-57.00000", "2017-12-31": -26.3, "2017-09-30": -26.9, "2017-06-30": -27.9, "2017-03-31": "860.60000", "2016-12-31": -5.8, "2016-09-30": -3.3, "2016-06-30": 0, "2016-03-31": "-229.70000", "2015-12-31": -25, "2015-09-30": -32.6, "2015-06-30": -145, "2015-03-31": "-25.00000", "2014-12-31": -25, "2014-09-30": -18.8, "2014-06-30": -18.7, "2014-03-31": "1131.20000", "2013-12-31": -18.799, "2013-09-30": -12.478, "2013-06-30": -12.737, "2013-03-31": "487.71400", "2012-12-31": -12.709, "2012-09-30": -55.38, "2012-06-30": 324.031, "2012-03-31": "28.15800", "2011-12-31": -18.469, "2011-09-30": 61.433, "2011-06-30": -22.405, "2011-03-31": "4.77600", "2010-12-31": -30.986, "2010-09-30": -34.75, "2010-06-30": -3.764, "2010-03-31": "-2.95100", "2009-12-31": -59.549, "2009-09-30": -3.557, "2009-06-30": -31.522, "2009-03-31": "-6.48700", "2008-12-31": 18.171, "2008-09-30": -46.049, "2008-06-30": 10.496, "2008-03-31": "-32.09900", "2007-12-31": 124.654, "2007-09-30": 18.388, "2007-06-30": 59.743, "2007-03-31": "-31.30100", "2006-12-31": -2.508, "2006-09-30": -66.388, "2006-06-30": -3.483, "2006-03-31": "-12.28600", "2005-12-31": -25.907, "2005-09-30": -48.214, "2005-06-30": -40.104, "2005-03-31": "-113.21000"}, "Net Current Debt": {"2020-09-30": 0, "2020-06-30": 0, "2020-03-31": "", "2019-12-31": 0, "2019-09-30": 0, "2019-06-30": 0, "2019-03-31": "", "2018-12-31": 0, "2018-09-30": 0, "2018-06-30": 0, "2018-03-31": "", "2017-12-31": 0, "2017-09-30": 0, "2017-06-30": 0, "2017-03-31": "", "2016-12-31": 0, "2016-09-30": 0, "2016-06-30": 0, "2016-03-31": "", "2015-12-31": 0, "2015-09-30": 0, "2015-06-30": 0, "2015-03-31": "", "2014-12-31": 0, "2014-09-30": 0, "2014-06-30": 0, "2014-03-31": "", "2013-12-31": 0, "2013-09-30": 0, "2013-06-30": 0, "2013-03-31": "", "2012-12-31": 0, "2012-09-30": 0, "2012-06-30": 0, "2012-03-31": "", "2011-12-31": 0, "2011-09-30": 0, "2011-06-30": 0, "2011-03-31": "", "2010-12-31": 0, "2010-09-30": 0, "2010-06-30": 0, "2010-03-31": "", "2009-12-31": 0, "2009-09-30": 0, "2009-06-30": 0, "2009-03-31": "", "2008-12-31": 0, "2008-09-30": 0, "2008-06-30": 0, "2008-03-31": "", "2007-12-31": 0, "2007-09-30": 0, "2007-06-30": 0, "2007-03-31": "", "2006-12-31": 0, "2006-09-30": 0, "2006-06-30": 0, "2006-03-31": "", "2005-12-31": 0, "2005-09-30": 0, "2005-06-30": 0, "2005-03-31": ""}, "Debt Issuance/Retirement Net - Total": {"2020-09-30": -5.3, "2020-06-30": 594.7, "2020-03-31": "24.90000", "2019-12-31": -7.1, "2019-09-30": -682.2, "2019-06-30": -5.1, "2019-03-31": "-5.10000", "2018-12-31": -5.7, "2018-09-30": 215.4, "2018-06-30": -24.5, "2018-03-31": "-57.00000", "2017-12-31": -26.3, "2017-09-30": -26.9, "2017-06-30": -27.9, "2017-03-31": "860.60000", "2016-12-31": -5.8, "2016-09-30": -3.3, "2016-06-30": 0, "2016-03-31": "-229.70000", "2015-12-31": -25, "2015-09-30": -32.6, "2015-06-30": -145, "2015-03-31": "-25.00000", "2014-12-31": -25, "2014-09-30": -18.8, "2014-06-30": -18.7, "2014-03-31": "1131.20000", "2013-12-31": -18.799, "2013-09-30": -12.478, "2013-06-30": -12.737, "2013-03-31": "487.71400", "2012-12-31": -12.709, "2012-09-30": -55.38, "2012-06-30": 324.031, "2012-03-31": "28.15800", "2011-12-31": -18.469, "2011-09-30": 61.433, "2011-06-30": -22.405, "2011-03-31": "4.77600", "2010-12-31": -30.986, "2010-09-30": -34.75, "2010-06-30": -3.764, "2010-03-31": "-2.95100", "2009-12-31": -59.549, "2009-09-30": -3.557, "2009-06-30": -31.522, "2009-03-31": "-6.48700", "2008-12-31": 18.171, "2008-09-30": -46.049, "2008-06-30": 10.496, "2008-03-31": "-32.09900", "2007-12-31": 124.654, "2007-09-30": 18.388, "2007-06-30": 59.743, "2007-03-31": "-31.30100", "2006-12-31": -2.508, "2006-09-30": -66.388, "2006-06-30": -3.483, "2006-03-31": "-12.28600", "2005-12-31": -25.907, "2005-09-30": -48.214, "2005-06-30": -40.104, "2005-03-31": "-113.21000"}, "Net Common Equity Issued/Repurchased": {"2020-09-30": -818.2, "2020-06-30": -21.3, "2020-03-31": "-4.70000", "2019-12-31": -6.8, "2019-09-30": -0.9, "2019-06-30": -1.4, "2019-03-31": "-7.60000", "2018-12-31": -9.7, "2018-09-30": -55, "2018-06-30": -631.4, "2018-03-31": "-54.20000", "2017-12-31": -498, "2017-09-30": -72.6, "2017-06-30": -215.5, "2017-03-31": "-58.10000", "2016-12-31": -0.7, "2016-09-30": -8, "2016-06-30": -2.2, "2016-03-31": "-2.30000", "2015-12-31": -5.9, "2015-09-30": -1.6, "2015-06-30": -0.1, "2015-03-31": "-9.00000", "2014-12-31": -15.9, "2014-09-30": -0.1, "2014-06-30": -581.5, "2014-03-31": "-694.40000", "2013-12-31": -30.654, "2013-09-30": -110.091, "2013-06-30": -0.695, "2013-03-31": "-164.06000", "2012-12-31": -49.888, "2012-09-30": -0.232, "2012-06-30": -429.466, "2012-03-31": "-65.81400", "2011-12-31": -46.529, "2011-09-30": -145.841, "2011-06-30": -99.731, "2011-03-31": "-7.27600", "2010-12-31": -50.057, "2010-09-30": -19.822, "2010-06-30": -48.698, "2010-03-31": "-26.12200", "2009-12-31": -35.336, "2009-09-30": -31.24, "2009-06-30": -0.546, "2009-03-31": "0.36500", "2008-12-31": -43.495, "2008-09-30": 2.666, "2008-06-30": -73.469, "2008-03-31": "-5.11500", "2007-12-31": -158.113, "2007-09-30": -58.732, "2007-06-30": -136.167, "2007-03-31": "0.97600", "2006-12-31": 4.595, "2006-09-30": 1.048, "2006-06-30": 5.324, "2006-03-31": "0.80600", "2005-12-31": 0.532, "2005-09-30": 1.381, "2005-06-30": 0.087, "2005-03-31": "0.13100"}, "Net Total Equity Issued/Repurchased": {"2020-09-30": -818.2, "2020-06-30": -21.3, "2020-03-31": "-4.70000", "2019-12-31": -6.8, "2019-09-30": -0.9, "2019-06-30": -1.4, "2019-03-31": "-7.60000", "2018-12-31": -9.7, "2018-09-30": -55, "2018-06-30": -631.4, "2018-03-31": "-54.20000", "2017-12-31": -498, "2017-09-30": -72.6, "2017-06-30": -215.5, "2017-03-31": "-58.10000", "2016-12-31": -0.7, "2016-09-30": -8, "2016-06-30": -2.2, "2016-03-31": "-2.30000", "2015-12-31": -5.9, "2015-09-30": -1.6, "2015-06-30": -0.1, "2015-03-31": "-9.00000", "2014-12-31": -15.9, "2014-09-30": -0.1, "2014-06-30": -581.5, "2014-03-31": "-694.40000", "2013-12-31": -30.654, "2013-09-30": -110.091, "2013-06-30": -0.695, "2013-03-31": "-164.06000", "2012-12-31": -49.888, "2012-09-30": -0.232, "2012-06-30": -429.466, "2012-03-31": "-65.81400", "2011-12-31": -46.529, "2011-09-30": -145.841, "2011-06-30": -99.731, "2011-03-31": "-7.27600", "2010-12-31": -50.057, "2010-09-30": -19.822, "2010-06-30": -48.698, "2010-03-31": "-26.12200", "2009-12-31": -35.336, "2009-09-30": -31.24, "2009-06-30": -0.546, "2009-03-31": "0.36500", "2008-12-31": -43.495, "2008-09-30": 2.666, "2008-06-30": -73.469, "2008-03-31": "-5.11500", "2007-12-31": -158.113, "2007-09-30": -58.732, "2007-06-30": -136.167, "2007-03-31": "0.97600", "2006-12-31": 4.595, "2006-09-30": 1.048, "2006-06-30": 5.324, "2006-03-31": "0.80600", "2005-12-31": 0.532, "2005-09-30": 1.381, "2005-06-30": 0.087, "2005-03-31": "0.13100"}, "Total Common And Preferred Stock Dividends Paid": {"2020-09-30": 0, "2020-06-30": 0, "2020-03-31": "", "2019-12-31": 0, "2019-09-30": 0, "2019-06-30": 0, "2019-03-31": "", "2018-12-31": 0, "2018-09-30": 0, "2018-06-30": 0, "2018-03-31": "", "2017-12-31": 0, "2017-09-30": 0, "2017-06-30": 0, "2017-03-31": "", "2016-12-31": 0, "2016-09-30": 0, "2016-06-30": 0, "2016-03-31": "", "2015-12-31": 0, "2015-09-30": 0, "2015-06-30": 0, "2015-03-31": "", "2014-12-31": 0, "2014-09-30": 0, "2014-06-30": 0, "2014-03-31": "-30.40000", "2013-12-31": -30.449, "2013-09-30": -30.828, "2013-06-30": -30.919, "2013-03-31": "-30.90400", "2012-12-31": -32.413, "2012-09-30": -32.377, "2012-06-30": -35.138, "2012-03-31": "-35.17200", "2011-12-31": -23.312, "2011-09-30": -23.488, "2011-06-30": -23.87, "2011-03-31": "-14.81900", "2010-12-31": -14.806, "2010-09-30": -14.873, "2010-06-30": -11.996, "2010-03-31": "-12.06500", "2009-12-31": -11.994, "2009-09-30": -12.11, "2009-06-30": -12.317, "2009-03-31": "-12.30000", "2008-12-31": -12.362, "2008-09-30": -12.752, "2008-06-30": -12.717, "2008-03-31": "-12.86900", "2007-12-31": -13.629, "2007-09-30": -13.527, "2007-06-30": -14.379, "2007-03-31": "", "2006-12-31": 0, "2006-09-30": 0, "2006-06-30": 0, "2006-03-31": "", "2005-12-31": 0, "2005-09-30": 0, "2005-06-30": 0, "2005-03-31": ""}, "Financial Activities - Other": {"2020-09-30": 0, "2020-06-30": -6, "2020-03-31": "0.80000", "2019-12-31": 0.7, "2019-09-30": 1, "2019-06-30": 0.7, "2019-03-31": "0.80000", "2018-12-31": -2.5, "2018-09-30": -13, "2018-06-30": 28.5, "2018-03-31": "16.00000", "2017-12-31": 0.5, "2017-09-30": 0.6, "2017-06-30": 0.4, "2017-03-31": "-22.00000", "2016-12-31": -4.5, "2016-09-30": 3.5, "2016-06-30": 2.4, "2016-03-31": "-1.70000", "2015-12-31": -1.2, "2015-09-30": -7, "2015-06-30": -0.5, "2015-03-31": "2.90000", "2014-12-31": 9.2, "2014-09-30": -2.5, "2014-06-30": 3.5, "2014-03-31": "-146.10000", "2013-12-31": 18.186, "2013-09-30": -2.601, "2013-06-30": -0.432, "2013-03-31": "0.44700", "2012-12-31": 1.587, "2012-09-30": -3.599, "2012-06-30": 6.537, "2012-03-31": "20.67500", "2011-12-31": 2.221, "2011-09-30": 4.487, "2011-06-30": 12.988, "2011-03-31": "0.82700", "2010-12-31": 2.365, "2010-09-30": 2.109, "2010-06-30": 1.857, "2010-03-31": "2.60600", "2009-12-31": 4.025, "2009-09-30": 0.223, "2009-06-30": -0.019, "2009-03-31": "-0.96300", "2008-12-31": 1.943, "2008-09-30": -0.294, "2008-06-30": 2.244, "2008-03-31": "10.63400", "2007-12-31": 4.826, "2007-09-30": 8.549, "2007-06-30": 3.88, "2007-03-31": "1.32100", "2006-12-31": 4.567, "2006-09-30": -0.883, "2006-06-30": 12.673, "2006-03-31": "1.49100", "2005-12-31": -0.212, "2005-09-30": 0.153, "2005-06-30": -0.156, "2005-03-31": "-0.37100"}, "Cash Flow From Financial Activities": {"2020-09-30": -823.5, "2020-06-30": 567.4, "2020-03-31": "21.00000", "2019-12-31": -13.2, "2019-09-30": -682.1, "2019-06-30": -5.8, "2019-03-31": "-11.90000", "2018-12-31": -17.9, "2018-09-30": 147.4, "2018-06-30": -627.4, "2018-03-31": "-95.20000", "2017-12-31": -523.8, "2017-09-30": -98.9, "2017-06-30": -243, "2017-03-31": "780.50000", "2016-12-31": -11, "2016-09-30": -7.8, "2016-06-30": 0.2, "2016-03-31": "-233.70000", "2015-12-31": -32.1, "2015-09-30": -41.2, "2015-06-30": -145.6, "2015-03-31": "-31.10000", "2014-12-31": -31.7, "2014-09-30": -21.4, "2014-06-30": -596.7, "2014-03-31": "260.30000", "2013-12-31": -61.716, "2013-09-30": -155.998, "2013-06-30": -44.783, "2013-03-31": "293.19700", "2012-12-31": -93.423, "2012-09-30": -91.588, "2012-06-30": -134.036, "2012-03-31": "-52.15300", "2011-12-31": -86.089, "2011-09-30": -103.409, "2011-06-30": -133.018, "2011-03-31": "-16.49200", "2010-12-31": -93.484, "2010-09-30": -67.336, "2010-06-30": -62.601, "2010-03-31": "-38.53200", "2009-12-31": -102.854, "2009-09-30": -46.684, "2009-06-30": -44.404, "2009-03-31": "-19.38500", "2008-12-31": -35.743, "2008-09-30": -56.429, "2008-06-30": -73.446, "2008-03-31": "-39.44900", "2007-12-31": -42.262, "2007-09-30": -45.322, "2007-06-30": -86.923, "2007-03-31": "-29.00400", "2006-12-31": 6.654, "2006-09-30": -66.223, "2006-06-30": 14.514, "2006-03-31": "-9.98900", "2005-12-31": -25.587, "2005-09-30": -46.68, "2005-06-30": -40.173, "2005-03-31": "-113.45000"}, "Net Cash Flow": {"2020-09-30": -705.2, "2020-06-30": 796, "2020-03-31": "104.60000", "2019-12-31": 124.3, "2019-09-30": -539.1, "2019-06-30": 43.3, "2019-03-31": "4.00000", "2018-12-31": 88.7, "2018-09-30": 271.2, "2018-06-30": -491.9, "2018-03-31": "51.50000", "2017-12-31": -357.4, "2017-09-30": 13.6, "2017-06-30": -158.3, "2017-03-31": "940.70000", "2016-12-31": 54, "2016-09-30": -148.4, "2016-06-30": 162.5, "2016-03-31": "-115.60000", "2015-12-31": 76.6, "2015-09-30": 63.6, "2015-06-30": 34.1, "2015-03-31": "70.10000", "2014-12-31": -32.8, "2014-09-30": -95.3, "2014-06-30": -488.4, "2014-03-31": "288.90000", "2013-12-31": 80.486, "2013-09-30": 42.845, "2013-06-30": 127.229, "2013-03-31": "388.94000", "2012-12-31": 11.753, "2012-09-30": 35.556, "2012-06-30": -19.695, "2012-03-31": "47.08600", "2011-12-31": -2.746, "2011-09-30": 7.054, "2011-06-30": -6.299, "2011-03-31": "70.21600", "2010-12-31": -2.94, "2010-09-30": 23.272, "2010-06-30": 4.947, "2010-03-31": "14.47000", "2009-12-31": -64.6, "2009-09-30": 33.965, "2009-06-30": -13.297, "2009-03-31": "43.88600", "2008-12-31": 1.453, "2008-09-30": -12.992, "2008-06-30": -28.76, "2008-03-31": "3.73900", "2007-12-31": 26.562, "2007-09-30": 13.801, "2007-06-30": -15.163, "2007-03-31": "7.88400", "2006-12-31": 31.05, "2006-09-30": -46.039, "2006-06-30": 60.091, "2006-03-31": "20.97300", "2005-12-31": -16.932, "2005-09-30": 4.452, "2005-06-30": -3.016, "2005-03-31": "-97.83300"}, "Stock-Based Compensation": {"2020-09-30": 15.4, "2020-06-30": 12.2, "2020-03-31": "10.30000", "2019-12-31": 8.9, "2019-09-30": 9.2, "2019-06-30": 9.9, "2019-03-31": "10.60000", "2018-12-31": 3.7, "2018-09-30": 11.6, "2018-06-30": 10.4, "2018-03-31": "9.80000", "2017-12-31": 9.5, "2017-09-30": 9.9, "2017-06-30": 11.4, "2017-03-31": "11.30000", "2016-12-31": 9.9, "2016-09-30": 9.8, "2016-06-30": 10.7, "2016-03-31": "9.80000", "2015-12-31": 10.7, "2015-09-30": 10.3, "2015-06-30": 12.8, "2015-03-31": "11.10000", "2014-12-31": 11.3, "2014-09-30": 11, "2014-06-30": 12.4, "2014-03-31": "11.00000", "2013-12-31": 7.618, "2013-09-30": 6.629, "2013-06-30": 7.387, "2013-03-31": "7.86600", "2012-12-31": 7.05, "2012-09-30": 8.353, "2012-06-30": 5.27, "2012-03-31": "7.22700", "2011-12-31": 6.889, "2011-09-30": 6.141, "2011-06-30": 5.499, "2011-03-31": "5.60400", "2010-12-31": 6.099, "2010-09-30": 6.05, "2010-06-30": 5.525, "2010-03-31": "5.29500", "2009-12-31": 5.807, "2009-09-30": 5.076, "2009-06-30": 5.144, "2009-03-31": "4.88000", "2008-12-31": 3.911, "2008-09-30": 5.156, "2008-06-30": 3.588, "2008-03-31": "5.13300", "2007-12-31": 2.684, "2007-09-30": 3.596, "2007-06-30": 3.142, "2007-03-31": "3.48200", "2006-12-31": 2.958, "2006-09-30": 2.793, "2006-06-30": 3.113, "2006-03-31": "2.43400", "2005-12-31": 0.478, "2005-09-30": 0.397, "2005-06-30": 2.17, "2005-03-31": ""}, "Common Stock Dividends Paid": {"2020-09-30": 0, "2020-06-30": 0, "2020-03-31": "", "2019-12-31": 0, "2019-09-30": 0, "2019-06-30": 0, "2019-03-31": "", "2018-12-31": 0, "2018-09-30": 0, "2018-06-30": 0, "2018-03-31": "", "2017-12-31": 0, "2017-09-30": 0, "2017-06-30": 0, "2017-03-31": "", "2016-12-31": 0, "2016-09-30": 0, "2016-06-30": 0, "2016-03-31": "", "2015-12-31": 0, "2015-09-30": 0, "2015-06-30": 0, "2015-03-31": "", "2014-12-31": 0, "2014-09-30": 0, "2014-06-30": 0, "2014-03-31": "-30.40000", "2013-12-31": -30.449, "2013-09-30": -30.828, "2013-06-30": -30.919, "2013-03-31": "-30.90400", "2012-12-31": -32.413, "2012-09-30": -32.377, "2012-06-30": -35.138, "2012-03-31": "-35.17200", "2011-12-31": -23.312, "2011-09-30": -23.488, "2011-06-30": -23.87, "2011-03-31": "-14.81900", "2010-12-31": -14.806, "2010-09-30": -14.873, "2010-06-30": -11.996, "2010-03-31": "-12.06500", "2009-12-31": -11.994, "2009-09-30": -12.11, "2009-06-30": -12.317, "2009-03-31": "-12.30000", "2008-12-31": -12.362, "2008-09-30": -12.752, "2008-06-30": -12.717, "2008-03-31": "-12.86900", "2007-12-31": -13.629, "2007-09-30": -13.527, "2007-06-30": -14.379, "2007-03-31": "", "2006-12-31": 0, "2006-09-30": 0, "2006-06-30": 0, "2006-03-31": "", "2005-12-31": 0, "2005-09-30": 0, "2005-06-30": 0, "2005-03-31": ""}}, "financial ratios": {"Current Ratio": {"2019-12-31": "1.54310", "2018-12-31": "1.13610", "2017-12-31": "2.05150", "2016-12-31": "1.84780", "2015-12-31": "1.52900", "2014-12-31": "1.59280", "2013-12-31": "1.78150", "2012-12-31": "1.29080", "2011-12-31": "1.35570", "2010-12-31": "1.26500", "2009-12-31": "1.19430", "2008-12-31": "1.20620", "2007-12-31": "1.29680", "2006-12-31": "1.40870", "2005-12-31": "1.04940"}, "Long-term Debt / Capital": {"2019-12-31": "1.28080", "2018-12-31": "1.68800", "2017-12-31": "1.18280", "2016-12-31": "0.87990", "2015-12-31": "1.04000", "2014-12-31": "1.24640", "2013-12-31": "0.60650", "2012-12-31": "0.52170", "2011-12-31": "0.26940", "2010-12-31": "0.26430", "2009-12-31": "0.39840", "2008-12-31": "0.58200", "2007-12-31": "0.66420", "2006-12-31": "0.33690", "2005-12-31": "0.59990"}, "Debt/Equity Ratio": {"2019-12-31": "-4.62310", "2018-12-31": "-3.39200", "2017-12-31": "-6.77650", "2016-12-31": "7.37600", "2015-12-31": "-30.31780", "2014-12-31": "-5.35830", "2013-12-31": "1.68900", "2012-12-31": "1.23290", "2011-12-31": "0.37150", "2010-12-31": "0.36570", "2009-12-31": "0.69670", "2008-12-31": "1.45460", "2007-12-31": "2.00360", "2006-12-31": "0.52400", "2005-12-31": "1.55780"}, "Gross Margin": {"2019-12-31": "80.35720", "2018-12-31": "81.20730", "2017-12-31": "80.83430", "2016-12-31": "80.95980", "2015-12-31": "80.84580", "2014-12-31": "80.17790", "2013-12-31": "80.03440", "2012-12-31": "80.04570", "2011-12-31": "80.31330", "2010-12-31": "79.56240", "2009-12-31": "78.78610", "2008-12-31": "80.57000", "2007-12-31": "79.57060", "2006-12-31": "79.82860", "2005-12-31": "79.84710"}, "Operating Margin": {"2019-12-31": "11.64830", "2018-12-31": "13.96420", "2017-12-31": "13.93730", "2016-12-31": "10.20630", "2015-12-31": "13.05890", "2014-12-31": "10.35580", "2013-12-31": "15.23840", "2012-12-31": "16.24140", "2011-12-31": "16.27630", "2010-12-31": "14.17260", "2009-12-31": "12.73480", "2008-12-31": "14.08320", "2007-12-31": "14.59370", "2006-12-31": "13.62720", "2005-12-31": "13.98250"}, "EBIT Margin": {"2019-12-31": "11.64830", "2018-12-31": "13.96420", "2017-12-31": "13.93730", "2016-12-31": "10.20630", "2015-12-31": "13.05890", "2014-12-31": "10.35580", "2013-12-31": "15.23840", "2012-12-31": "16.24140", "2011-12-31": "16.27630", "2010-12-31": "14.17260", "2009-12-31": "12.73480", "2008-12-31": "14.08320", "2007-12-31": "14.59370", "2006-12-31": "13.62720", "2005-12-31": "13.98250"}, "EBITDA Margin": {"2019-12-31": "13.65160", "2018-12-31": "16.01660", "2017-12-31": "16.19130", "2016-12-31": "12.39640", "2015-12-31": "15.25170", "2014-12-31": "12.23530", "2013-12-31": "16.99380", "2012-12-31": "18.06840", "2011-12-31": "18.38540", "2010-12-31": "16.70060", "2009-12-31": "15.44190", "2008-12-31": "16.16920", "2007-12-31": "16.24570", "2006-12-31": "15.23610", "2005-12-31": "16.33340"}, "Pre-Tax Profit Margin": {"2019-12-31": "9.25550", "2018-12-31": "9.48940", "2017-12-31": "10.64210", "2016-12-31": "8.12540", "2015-12-31": "10.88390", "2014-12-31": "8.49630", "2013-12-31": "14.85300", "2012-12-31": "15.98360", "2011-12-31": "16.20420", "2010-12-31": "13.90140", "2009-12-31": "12.51530", "2008-12-31": "13.52270", "2007-12-31": "14.10100", "2006-12-31": "11.53020", "2005-12-31": "11.17900"}, "Net Profit Margin": {"2019-12-31": "6.37670", "2018-12-31": "6.06320", "2017-12-31": "4.83100", "2016-12-31": "5.79270", "2015-12-31": "7.58780", "2014-12-31": "6.22550", "2013-12-31": "10.93200", "2012-12-31": "11.39410", "2011-12-31": "12.01200", "2010-12-31": "10.71170", "2009-12-31": "8.74770", "2008-12-31": "9.37560", "2007-12-31": "8.92200", "2006-12-31": "7.59140", "2005-12-31": "5.94480"}, "Asset Turnover": {"2019-12-31": "1.82080", "2018-12-31": "1.75350", "2017-12-31": "1.52940", "2016-12-31": "1.74960", "2015-12-31": "1.80350", "2014-12-31": "2.10560", "2013-12-31": "1.95060", "2012-12-31": "2.36190", "2011-12-31": "2.36110", "2010-12-31": "2.21890", "2009-12-31": "2.02830", "2008-12-31": "2.10400", "2007-12-31": "2.01060", "2006-12-31": "1.85410", "2005-12-31": "1.87010"}, "Inventory Turnover Ratio": {"2019-12-31": "2.19620", "2018-12-31": "2.40780", "2017-12-31": "2.48710", "2016-12-31": "2.30160", "2015-12-31": "2.57830", "2014-12-31": "2.60230", "2013-12-31": "2.74320", "2012-12-31": "2.39410", "2011-12-31": "2.74560", "2010-12-31": "3.06250", "2009-12-31": "3.37850", "2008-12-31": "3.41090", "2007-12-31": "3.40760", "2006-12-31": "2.60440", "2005-12-31": "2.87600"}, "Receiveable Turnover": {"2019-12-31": "61.19320", "2018-12-31": "69.38720", "2017-12-31": "47.45660", "2016-12-31": "63.84640", "2015-12-31": "63.93420", "2014-12-31": "59.31340", "2013-12-31": "48.10870", "2012-12-31": "35.06400", "2011-12-31": "38.52930", "2010-12-31": "31.93740", "2009-12-31": "30.20580", "2008-12-31": "33.70210", "2007-12-31": "36.53800", "2006-12-31": "36.42980", "2005-12-31": "42.04240"}, "Days Sales In Receivables": {"2019-12-31": "5.96470", "2018-12-31": "5.26030", "2017-12-31": "7.69120", "2016-12-31": "5.71680", "2015-12-31": "5.70900", "2014-12-31": "6.15380", "2013-12-31": "7.58700", "2012-12-31": "10.40950", "2011-12-31": "9.47330", "2010-12-31": "11.42860", "2009-12-31": "12.08380", "2008-12-31": "10.83020", "2007-12-31": "9.98960", "2006-12-31": "10.01930", "2005-12-31": "8.68170"}, "ROE - Return On Equity": {"2019-12-31": "-79.74360", "2018-12-31": "-41.00080", "2017-12-31": "-63.90800", "2016-12-31": "132.45030", "2015-12-31": "-633.83210", "2014-12-31": "-92.31460", "2013-12-31": "95.66560", "2012-12-31": "117.32490", "2011-12-31": "75.70260", "2010-12-31": "60.11410", "2009-12-31": "56.59330", "2008-12-31": "91.50250", "2007-12-31": "105.05200", "2006-12-31": "40.44730", "2005-12-31": "55.14900"}, "Return On Tangible Equity": {"2019-12-31": "-39.28750", "2018-12-31": "-26.33170", "2017-12-31": "-28.83920", "2016-12-31": "-127.63860", "2015-12-31": "-74.44570", "2014-12-31": "-41.32530", "2013-12-31": "390.45180", "2012-12-31": "-2189.39400", "2011-12-31": "317.02900", "2010-12-31": "398.92020", "2009-12-31": "-369.62610", "2008-12-31": "-123.56570", "2007-12-31": "-80.00700", "2006-12-31": "-201.21010", "2005-12-31": "-33.23750"}, "ROA - Return On Assets": {"2019-12-31": "11.61050", "2018-12-31": "10.63160", "2017-12-31": "7.38830", "2016-12-31": "10.13490", "2015-12-31": "13.68500", "2014-12-31": "13.10830", "2013-12-31": "21.32430", "2012-12-31": "26.91190", "2011-12-31": "28.36210", "2010-12-31": "23.76870", "2009-12-31": "17.74320", "2008-12-31": "19.72590", "2007-12-31": "17.93880", "2006-12-31": "14.07560", "2005-12-31": "11.11720"}, "ROI - Return On Investment": {"2019-12-31": "22.39180", "2018-12-31": "28.20730", "2017-12-31": "11.68210", "2016-12-31": "15.90510", "2015-12-31": "25.32490", "2014-12-31": "22.74200", "2013-12-31": "37.64090", "2012-12-31": "56.12080", "2011-12-31": "55.31140", "2010-12-31": "44.22490", "2009-12-31": "34.04750", "2008-12-31": "38.25200", "2007-12-31": "35.27520", "2006-12-31": "26.81870", "2005-12-31": "22.06250"}, "Book Value Per Share": {"2019-12-31": "-2.83840", "2018-12-31": "-5.06580", "2017-12-31": "-2.03220", "2016-12-31": "1.05420", "2015-12-31": "-0.28860", "2014-12-31": "-1.81340", "2013-12-31": "2.72700", "2012-12-31": "1.84980", "2011-12-31": "2.36680", "2010-12-31": "2.06800", "2009-12-31": "1.49220", "2008-12-31": "0.98420", "2007-12-31": "0.70750", "2006-12-31": "1.23560", "2005-12-31": "0.60400"}, "Operating Cash Flow Per Share": {"2019-12-31": -1.1062, "2018-12-31": 0.7716, "2017-12-31": 1.4325, "2016-12-31": -1.5522, "2015-12-31": 0.8691, "2014-12-31": -0.7821, "2013-12-31": 1.1902, "2012-12-31": 0.3633, "2011-12-31": 0.5115, "2010-12-31": 0.4038, "2009-12-31": 0.0917, "2008-12-31": 0.1066, "2007-12-31": 0.3122, "2006-12-31": 0.1245, "2005-12-31": 0.4944}, "Free Cash Flow Per Share": {"2019-12-31": -1.2937, "2018-12-31": 0.7862, "2017-12-31": 1.6889, "2016-12-31": -1.922, "2015-12-31": 1.3626, "2014-12-31": -1.0557, "2013-12-31": 1.0213, "2012-12-31": 0.2102, "2011-12-31": 0.4195, "2010-12-31": 0.3713, "2009-12-31": 0.1918, "2008-12-31": -0.0866, "2007-12-31": 0.3781, "2006-12-31": 0.0238, "2005-12-31": 0.3859}}, "financial ratios, quarterly": {"Current Ratio": {"2020-09-30": "1.58520", "2020-06-30": "2.18300", "2020-03-31": "1.59660", "2019-12-31": "1.54310", "2019-09-30": "1.50910", "2019-06-30": "1.25770", "2019-03-31": "1.19860", "2018-12-31": "1.13610", "2018-09-30": "1.13620", "2018-06-30": "0.91470", "2018-03-31": "2.14190", "2017-12-31": "2.05150", "2017-09-30": "2.64800", "2017-06-30": "2.63030", "2017-03-31": "2.56170", "2016-12-31": "1.84780", "2016-09-30": "1.23440", "2016-06-30": "1.13970", "2016-03-31": "1.22040", "2015-12-31": "1.52900", "2015-09-30": "1.44790", "2015-06-30": "1.33090", "2015-03-31": "1.22180", "2014-12-31": "1.59280", "2014-09-30": "1.54830", "2014-06-30": "1.58620", "2014-03-31": "2.14670", "2013-12-31": "1.78150", "2013-09-30": "1.81900", "2013-06-30": "1.89830", "2013-03-31": "1.84080", "2012-12-31": "1.29080", "2012-09-30": "1.39350", "2012-06-30": "1.49400", "2012-03-31": "1.49330", "2011-12-31": "1.35570", "2011-09-30": "1.33300", "2011-06-30": "1.36110", "2011-03-31": "1.42610", "2010-12-31": "1.26500", "2010-09-30": "1.34190", "2010-06-30": "1.30020", "2010-03-31": "1.25880", "2009-12-31": "1.19430", "2009-09-30": "1.30170", "2009-06-30": "1.31470", "2009-03-31": "1.29110", "2008-12-31": "1.20620", "2008-09-30": "1.24790", "2008-06-30": "1.29680", "2008-03-31": "1.32080", "2007-12-31": "1.29680", "2007-09-30": "1.33630", "2007-06-30": "1.13920", "2007-03-31": "1.50650", "2006-12-31": "1.40870", "2006-09-30": "1.13390", "2006-06-30": "1.27570", "2006-03-31": "1.14810", "2005-12-31": "1.04940", "2005-09-30": "1.03470", "2005-06-30": "1.03410", "2005-03-31": "1.06190"}, "Long-term Debt / Capital": {"2020-09-30": "1.61240", "2020-06-30": "1.12380", "2020-03-31": "1.27320", "2019-12-31": "1.28080", "2019-09-30": "1.35640", "2019-06-30": "1.43010", "2019-03-31": "1.53360", "2018-12-31": "1.68800", "2018-09-30": "1.75110", "2018-06-30": "2.15130", "2018-03-31": "1.11590", "2017-12-31": "1.18280", "2017-09-30": "0.90860", "2017-06-30": "0.91630", "2017-03-31": "0.89160", "2016-12-31": "0.87990", "2016-09-30": "0.89160", "2016-06-30": "0.96580", "2016-03-31": "0.93860", "2015-12-31": "1.04000", "2015-09-30": "1.10310", "2015-06-30": "1.16460", "2015-03-31": "1.27580", "2014-12-31": "1.24640", "2014-09-30": "1.32170", "2014-06-30": "1.30150", "2014-03-31": "0.97660", "2013-12-31": "0.60650", "2013-09-30": "0.65760", "2013-06-30": "0.67330", "2013-03-31": "0.74180", "2012-12-31": "0.52170", "2012-09-30": "0.54790", "2012-06-30": "0.67220", "2012-03-31": "0.27380", "2011-12-31": "0.26940", "2011-09-30": "0.29900", "2011-06-30": "0.21040", "2011-03-31": "0.23790", "2010-12-31": "0.26430", "2010-09-30": "0.30890", "2010-06-30": "0.37880", "2010-03-31": "0.39240", "2009-12-31": "0.39840", "2009-09-30": "0.46860", "2009-06-30": "0.48750", "2009-03-31": "0.55990", "2008-12-31": "0.58200", "2008-09-30": "0.53290", "2008-06-30": "0.60860", "2008-03-31": "0.57590", "2007-12-31": "0.66420", "2007-09-30": "0.43740", "2007-06-30": "0.32990", "2007-03-31": "0.27240", "2006-12-31": "0.33690", "2006-09-30": "0.37640", "2006-06-30": "0.47350", "2006-03-31": "0.53330", "2005-12-31": "0.59990", "2005-09-30": "0.68260", "2005-06-30": "0.76290", "2005-03-31": "0.82040"}, "Debt/Equity Ratio": {"2020-09-30": "-2.66030", "2020-06-30": "-9.16580", "2020-03-31": "-4.72020", "2019-12-31": "-4.62310", "2019-09-30": "-3.85840", "2019-06-30": "-4.62350", "2019-03-31": "-3.98460", "2018-12-31": "-3.39200", "2018-09-30": "-3.21460", "2018-06-30": "-2.82360", "2018-03-31": "-10.09770", "2017-12-31": "-6.77650", "2017-09-30": "10.41420", "2017-06-30": "11.44200", "2017-03-31": "8.61180", "2016-12-31": "7.37600", "2016-09-30": "11.66450", "2016-06-30": "40.18590", "2016-03-31": "21.61480", "2015-12-31": "-30.31780", "2015-09-30": "-12.65030", "2015-06-30": "-8.56920", "2015-03-31": "-6.01860", "2014-12-31": "-5.35830", "2014-09-30": "-4.34640", "2014-06-30": "-4.54870", "2014-03-31": "43.89610", "2013-12-31": "1.68900", "2013-09-30": "2.08540", "2013-06-30": "2.21990", "2013-03-31": "3.07000", "2012-12-31": "1.23290", "2012-09-30": "1.34740", "2012-06-30": "2.05310", "2012-03-31": "0.38330", "2011-12-31": "0.37150", "2011-09-30": "0.42990", "2011-06-30": "0.26940", "2011-03-31": "0.31530", "2010-12-31": "0.36570", "2010-09-30": "0.45400", "2010-06-30": "0.61750", "2010-03-31": "0.65480", "2009-12-31": "0.69670", "2009-09-30": "0.91850", "2009-06-30": "0.99360", "2009-03-31": "1.29620", "2008-12-31": "1.45460", "2008-09-30": "1.18510", "2008-06-30": "1.61380", "2008-03-31": "1.37360", "2007-12-31": "2.00360", "2007-09-30": "0.79060", "2007-06-30": "0.70460", "2007-03-31": "0.38510", "2006-12-31": "0.52400", "2006-09-30": "0.62730", "2006-06-30": "0.92370", "2006-03-31": "1.18260", "2005-12-31": "1.55780", "2005-09-30": "2.20410", "2005-06-30": "3.30690", "2005-03-31": "4.70950"}, "Gross Margin": {"2020-09-30": "78.79490", "2020-06-30": "79.74610", "2020-03-31": "80.53710", "2019-12-31": "81.16860", "2019-09-30": "80.44190", "2019-06-30": "80.38870", "2019-03-31": "79.38920", "2018-12-31": "80.96240", "2018-09-30": "82.45090", "2018-06-30": "81.68810", "2018-03-31": "79.61590", "2017-12-31": "80.81040", "2017-09-30": "80.15480", "2017-06-30": "80.92250", "2017-03-31": "81.43540", "2016-12-31": "81.23450", "2016-09-30": "81.36360", "2016-06-30": "80.33780", "2016-03-31": "80.96640", "2015-12-31": "81.39110", "2015-09-30": "81.24040", "2015-06-30": "80.27190", "2015-03-31": "80.51380", "2014-12-31": "80.63690", "2014-09-30": "79.70070", "2014-06-30": "80.30930", "2014-03-31": "80.10460", "2013-12-31": "80.15690", "2013-09-30": "80.35380", "2013-06-30": "79.72310", "2013-03-31": "79.88900", "2012-12-31": "80.06950", "2012-09-30": "80.17510", "2012-06-30": "80.25710", "2012-03-31": "79.65680", "2011-12-31": "80.67310", "2011-09-30": "80.41730", "2011-06-30": "80.55790", "2011-03-31": "79.52540", "2010-12-31": "79.88600", "2010-09-30": "80.64220", "2010-06-30": "80.17420", "2010-03-31": "77.29320", "2009-12-31": "78.36090", "2009-09-30": "78.04520", "2009-06-30": "78.58680", "2009-03-31": "80.37120", "2008-12-31": "81.27020", "2008-09-30": "80.63430", "2008-06-30": "79.98300", "2008-03-31": "80.53300", "2007-12-31": "80.30570", "2007-09-30": "80.00430", "2007-06-30": "78.99250", "2007-03-31": "78.88540", "2006-12-31": "79.65200", "2006-09-30": "79.60450", "2006-06-30": "80.11960", "2006-03-31": "79.95430", "2005-12-31": "79.67030", "2005-09-30": "80.17890", "2005-06-30": "79.88570", "2005-03-31": "79.64390"}, "Operating Margin": {"2020-09-30": "13.59570", "2020-06-30": "14.08420", "2020-03-31": "7.57290", "2019-12-31": "8.88310", "2019-09-30": "11.53880", "2019-06-30": "12.34580", "2019-03-31": "13.90550", "2018-12-31": "12.48950", "2018-09-30": "15.07080", "2018-06-30": "14.92030", "2018-03-31": "13.23820", "2017-12-31": "13.63770", "2017-09-30": "10.99130", "2017-06-30": "17.86560", "2017-03-31": "13.04780", "2016-12-31": "15.13880", "2016-09-30": "13.50270", "2016-06-30": "-1.65590", "2016-03-31": "15.03220", "2015-12-31": "12.98250", "2015-09-30": "14.65230", "2015-06-30": "12.37200", "2015-03-31": "12.26710", "2014-12-31": "14.29960", "2014-09-30": "2.19710", "2014-06-30": "15.02830", "2014-03-31": "10.09820", "2013-12-31": "14.33420", "2013-09-30": "15.83300", "2013-06-30": "15.77680", "2013-03-31": "15.03330", "2012-12-31": "15.08050", "2012-09-30": "15.81720", "2012-06-30": "18.09260", "2012-03-31": "15.98310", "2011-12-31": "15.18810", "2011-09-30": "16.90620", "2011-06-30": "17.41300", "2011-03-31": "15.52010", "2010-12-31": "14.38910", "2010-09-30": "14.66450", "2010-06-30": "16.89230", "2010-03-31": "10.33880", "2009-12-31": "13.32840", "2009-09-30": "12.96760", "2009-06-30": "12.56010", "2009-03-31": "11.94080", "2008-12-31": "11.86800", "2008-09-30": "14.69530", "2008-06-30": "14.57530", "2008-03-31": "14.83220", "2007-12-31": "14.81760", "2007-09-30": "14.78560", "2007-06-30": "14.72800", "2007-03-31": "13.99890", "2006-12-31": "12.98030", "2006-09-30": "13.53710", "2006-06-30": "13.97360", "2006-03-31": "14.05920", "2005-12-31": "13.26170", "2005-09-30": "15.29010", "2005-06-30": "13.61910", "2005-03-31": "13.74130"}, "EBIT Margin": {"2020-09-30": "13.59570", "2020-06-30": "14.08420", "2020-03-31": "7.57290", "2019-12-31": "8.88310", "2019-09-30": "11.53880", "2019-06-30": "12.34580", "2019-03-31": "13.90550", "2018-12-31": "12.48940", "2018-09-30": "15.07080", "2018-06-30": "14.92030", "2018-03-31": "13.23820", "2017-12-31": "13.63760", "2017-09-30": "10.99130", "2017-06-30": "17.86560", "2017-03-31": "13.04780", "2016-12-31": "15.13870", "2016-09-30": "13.50270", "2016-06-30": "-1.65590", "2016-03-31": "15.03220", "2015-12-31": "12.98250", "2015-09-30": "14.65230", "2015-06-30": "12.37200", "2015-03-31": "12.26710", "2014-12-31": "14.29960", "2014-09-30": "2.19710", "2014-06-30": "15.02830", "2014-03-31": "10.09820", "2013-12-31": "14.33420", "2013-09-30": "15.83300", "2013-06-30": "15.77680", "2013-03-31": "15.03330", "2012-12-31": "15.08050", "2012-09-30": "15.81720", "2012-06-30": "18.09260", "2012-03-31": "15.98310", "2011-12-31": "15.18810", "2011-09-30": "16.90620", "2011-06-30": "17.41300", "2011-03-31": "15.52010", "2010-12-31": "14.38910", "2010-09-30": "14.66450", "2010-06-30": "16.89230", "2010-03-31": "10.33880", "2009-12-31": "13.32840", "2009-09-30": "12.96760", "2009-06-30": "12.56010", "2009-03-31": "11.94080", "2008-12-31": "11.86800", "2008-09-30": "14.69530", "2008-06-30": "14.57530", "2008-03-31": "14.83220", "2007-12-31": "14.81760", "2007-09-30": "14.78560", "2007-06-30": "14.72800", "2007-03-31": "13.99890", "2006-12-31": "12.98030", "2006-09-30": "13.53710", "2006-06-30": "13.97360", "2006-03-31": "14.05920", "2005-12-31": "13.26180", "2005-09-30": "15.29010", "2005-06-30": "13.61910", "2005-03-31": "13.74130"}, "EBITDA Margin": {"2020-09-30": "", "2020-06-30": "", "2020-03-31": "", "2019-12-31": "", "2019-09-30": "", "2019-06-30": "", "2019-03-31": "", "2018-12-31": "", "2018-09-30": "", "2018-06-30": "", "2018-03-31": "", "2017-12-31": "", "2017-09-30": "", "2017-06-30": "", "2017-03-31": "", "2016-12-31": "", "2016-09-30": "", "2016-06-30": "", "2016-03-31": "", "2015-12-31": "", "2015-09-30": "", "2015-06-30": "", "2015-03-31": "", "2014-12-31": "", "2014-09-30": "", "2014-06-30": "", "2014-03-31": "", "2013-12-31": "", "2013-09-30": "", "2013-06-30": "", "2013-03-31": "", "2012-12-31": "", "2012-09-30": "", "2012-06-30": "", "2012-03-31": "", "2011-12-31": "", "2011-09-30": "", "2011-06-30": "", "2011-03-31": "", "2010-12-31": "", "2010-09-30": "", "2010-06-30": "", "2010-03-31": "", "2009-12-31": "", "2009-09-30": "", "2009-06-30": "", "2009-03-31": "", "2008-12-31": "", "2008-09-30": "", "2008-06-30": "", "2008-03-31": "", "2007-12-31": "", "2007-09-30": "", "2007-06-30": "", "2007-03-31": "", "2006-12-31": "", "2006-09-30": "", "2006-06-30": "", "2006-03-31": "", "2005-12-31": "", "2005-09-30": "", "2005-06-30": "", "2005-03-31": ""}, "Pre-Tax Profit Margin": {"2020-09-30": "11.28270", "2020-06-30": "11.94600", "2020-03-31": "5.59250", "2019-12-31": "6.55580", "2019-09-30": "9.10410", "2019-06-30": "9.89440", "2019-03-31": "11.55090", "2018-12-31": "9.55670", "2018-09-30": "9.37400", "2018-06-30": "11.10850", "2018-03-31": "7.77470", "2017-12-31": "10.03380", "2017-09-30": "7.45350", "2017-06-30": "14.56100", "2017-03-31": "10.30760", "2016-12-31": "12.90910", "2016-09-30": "11.53300", "2016-06-30": "-3.57800", "2016-03-31": "12.80820", "2015-12-31": "10.65190", "2015-09-30": "12.46710", "2015-06-30": "10.33300", "2015-03-31": "10.11400", "2014-12-31": "12.27060", "2014-09-30": "-0.16720", "2014-06-30": "13.39000", "2014-03-31": "8.66470", "2013-12-31": "14.10230", "2013-09-30": "15.44350", "2013-06-30": "15.32090", "2013-03-31": "14.55510", "2012-12-31": "14.85280", "2012-09-30": "15.46850", "2012-06-30": "17.78550", "2012-03-31": "15.84070", "2011-12-31": "15.34150", "2011-09-30": "16.86760", "2011-06-30": "17.31580", "2011-03-31": "15.18710", "2010-12-31": "14.23660", "2010-09-30": "14.34610", "2010-06-30": "16.58070", "2010-03-31": "10.02310", "2009-12-31": "13.16740", "2009-09-30": "12.79490", "2009-06-30": "12.32610", "2009-03-31": "11.61260", "2008-12-31": "11.31090", "2008-09-30": "14.12960", "2008-06-30": "14.08020", "2008-03-31": "14.20500", "2007-12-31": "14.23720", "2007-09-30": "14.26820", "2007-06-30": "14.29900", "2007-03-31": "13.56510", "2006-12-31": "12.42590", "2006-09-30": "8.10670", "2006-06-30": "12.91020", "2006-03-31": "12.73950", "2005-12-31": "11.71520", "2005-09-30": "13.30760", "2005-06-30": "11.68340", "2005-03-31": "7.77400"}, "Net Profit Margin": {"2020-09-30": "9.07480", "2020-06-30": "8.54550", "2020-03-31": "3.61220", "2019-12-31": "4.64640", "2019-09-30": "6.54880", "2019-06-30": "6.16890", "2019-03-31": "8.21530", "2018-12-31": "4.12100", "2018-09-30": "5.72900", "2018-06-30": "7.34340", "2018-03-31": "6.97600", "2017-12-31": "-5.79900", "2017-09-30": "5.02120", "2017-06-30": "11.99760", "2017-03-31": "7.73070", "2016-12-31": "9.51200", "2016-09-30": "7.81640", "2016-06-30": "-1.90550", "2016-03-31": "8.55660", "2015-12-31": "7.69300", "2015-09-30": "8.48670", "2015-06-30": "7.12380", "2015-03-31": "7.07440", "2014-12-31": "9.12140", "2014-09-30": "0.89160", "2014-06-30": "9.14870", "2014-03-31": "5.90840", "2013-12-31": "9.73420", "2013-09-30": "11.69720", "2013-06-30": "11.74190", "2013-03-31": "10.57920", "2012-12-31": "10.59630", "2012-09-30": "11.00150", "2012-06-30": "12.78660", "2012-03-31": "11.19410", "2011-12-31": "12.17970", "2011-09-30": "12.06660", "2011-06-30": "12.63910", "2011-03-31": "11.07020", "2010-12-31": "10.82850", "2010-09-30": "11.45850", "2010-06-30": "11.93010", "2010-03-31": "8.38480", "2009-12-31": "8.82210", "2009-09-30": "9.64570", "2009-06-30": "8.43870", "2009-03-31": "7.96310", "2008-12-31": "6.56280", "2008-09-30": "9.64530", "2008-06-30": "10.48620", "2008-03-31": "10.31820", "2007-12-31": "9.31190", "2007-09-30": "9.12670", "2007-06-30": "9.07550", "2007-03-31": "8.10470", "2006-12-31": "8.54560", "2006-09-30": "5.55590", "2006-06-30": "7.79550", "2006-03-31": "8.48990", "2005-12-31": "7.32300", "2005-09-30": "6.76740", "2005-06-30": "5.92040", "2005-03-31": "3.56820"}, "Asset Turnover": {"2020-09-30": "0.52100", "2020-06-30": "0.37760", "2020-03-31": "0.46490", "2019-12-31": "0.45560", "2019-09-30": "0.48890", "2019-06-30": "0.40280", "2019-03-31": "0.39300", "2018-12-31": "0.42530", "2018-09-30": "0.45440", "2018-06-30": "0.53090", "2018-03-31": "0.39640", "2017-12-31": "0.37760", "2017-09-30": "0.31710", "2017-06-30": "0.33630", "2017-03-31": "0.30960", "2016-12-31": "0.40730", "2016-09-30": "0.44300", "2016-06-30": "0.45980", "2016-03-31": "0.46920", "2015-12-31": "0.44330", "2015-09-30": "0.45550", "2015-06-30": "0.48130", "2015-03-31": "0.46270", "2014-12-31": "0.48140", "2014-09-30": "0.53130", "2014-06-30": "0.53630", "2014-03-31": "0.44200", "2013-12-31": "0.51290", "2013-09-30": "0.51780", "2013-06-30": "0.54090", "2013-03-31": "0.53270", "2012-12-31": "0.61440", "2012-09-30": "0.62840", "2012-06-30": "0.67410", "2012-03-31": "0.62920", "2011-12-31": "0.60460", "2011-09-30": "0.64490", "2011-06-30": "0.62850", "2011-03-31": "0.58550", "2010-12-31": "0.59920", "2010-09-30": "0.55150", "2010-06-30": "0.57540", "2010-03-31": "0.52130", "2009-12-31": "0.55050", "2009-09-30": "0.49260", "2009-06-30": "0.49610", "2009-03-31": "0.45740", "2008-12-31": "0.45740", "2008-09-30": "0.52630", "2008-06-30": "0.56530", "2008-03-31": "0.54070", "2007-12-31": "0.54170", "2007-09-30": "0.50680", "2007-06-30": "0.52060", "2007-03-31": "0.50400", "2006-12-31": "0.47930", "2006-09-30": "0.50810", "2006-06-30": "0.49520", "2006-03-31": "0.51900", "2005-12-31": "0.48820", "2005-09-30": "0.48460", "2005-06-30": "0.45960", "2005-03-31": "0.43470"}, "Inventory Turnover Ratio": {"2020-09-30": "0.74340", "2020-06-30": "0.64680", "2020-03-31": "0.61330", "2019-12-31": "0.52680", "2019-09-30": "0.57940", "2019-06-30": "0.57010", "2019-03-31": "0.59290", "2018-12-31": "0.59170", "2018-09-30": "0.62760", "2018-06-30": "0.74710", "2018-03-31": "0.72040", "2017-12-31": "0.61490", "2017-09-30": "0.60810", "2017-06-30": "0.57790", "2017-03-31": "0.54560", "2016-12-31": "0.52810", "2016-09-30": "0.56260", "2016-06-30": "0.73270", "2016-03-31": "0.63330", "2015-12-31": "0.61570", "2015-09-30": "0.65560", "2015-06-30": "0.71230", "2015-03-31": "0.64300", "2014-12-31": "0.58110", "2014-09-30": "0.69330", "2014-06-30": "0.74890", "2014-03-31": "0.77290", "2013-12-31": "0.71690", "2013-09-30": "0.68560", "2013-06-30": "0.74570", "2013-03-31": "0.67570", "2012-12-31": "0.62200", "2012-09-30": "0.64290", "2012-06-30": "0.77650", "2012-03-31": "0.78290", "2011-12-31": "0.69020", "2011-09-30": "0.78790", "2011-06-30": "0.78080", "2011-03-31": "0.88320", "2010-12-31": "0.81390", "2010-09-30": "0.72770", "2010-06-30": "0.89820", "2010-03-31": "0.95920", "2009-12-31": "0.93530", "2009-09-30": "0.98800", "2009-06-30": "0.97280", "2009-03-31": "0.88500", "2008-12-31": "0.71480", "2008-09-30": "0.85390", "2008-06-30": "0.96310", "2008-03-31": "0.93010", "2007-12-31": "0.88500", "2007-09-30": "0.83670", "2007-06-30": "0.88770", "2007-03-31": "0.82450", "2006-12-31": "0.67910", "2006-09-30": "0.78210", "2006-06-30": "0.84110", "2006-03-31": "0.86160", "2005-12-31": "0.75740", "2005-09-30": "0.92020", "2005-06-30": "0.99660", "2005-03-31": "1.09600"}, "Receiveable Turnover": {"2020-09-30": "13.92320", "2020-06-30": "12.71860", "2020-03-31": "15.93940", "2019-12-31": "15.31120", "2019-09-30": "12.39540", "2019-06-30": "12.64120", "2019-03-31": "12.65880", "2018-12-31": "16.83120", "2018-09-30": "12.50300", "2018-06-30": "12.85500", "2018-03-31": "11.39300", "2017-12-31": "11.71810", "2017-09-30": "11.40130", "2017-06-30": "12.78600", "2017-03-31": "10.99900", "2016-12-31": "14.86490", "2016-09-30": "12.76450", "2016-06-30": "12.77150", "2016-03-31": "12.45380", "2015-12-31": "15.71390", "2015-09-30": "12.26810", "2015-06-30": "12.04460", "2015-03-31": "12.73500", "2014-12-31": "13.55980", "2014-09-30": "12.49200", "2014-06-30": "12.58600", "2014-03-31": "10.64500", "2013-12-31": "12.65080", "2013-09-30": "11.04930", "2013-06-30": "11.00500", "2013-03-31": "10.02890", "2012-12-31": "9.12090", "2012-09-30": "8.90750", "2012-06-30": "9.49940", "2012-03-31": "9.04080", "2011-12-31": "9.86580", "2011-09-30": "7.95930", "2011-06-30": "7.54710", "2011-03-31": "7.36930", "2010-12-31": "8.62440", "2010-09-30": "7.53260", "2010-06-30": "8.06460", "2010-03-31": "7.07140", "2009-12-31": "8.19760", "2009-09-30": "7.08250", "2009-06-30": "7.26460", "2009-03-31": "7.21550", "2008-12-31": "7.32660", "2008-09-30": "8.24280", "2008-06-30": "8.62660", "2008-03-31": "8.15650", "2007-12-31": "9.84350", "2007-09-30": "9.29380", "2007-06-30": "10.68560", "2007-03-31": "10.31300", "2006-12-31": "9.41660", "2006-09-30": "9.93850", "2006-06-30": "9.63480", "2006-03-31": "9.94540", "2005-12-31": "10.97590", "2005-09-30": "9.83150", "2005-06-30": "9.31330", "2005-03-31": "9.22010"}, "Days Sales In Receivables": {"2020-09-30": "6.46410", "2020-06-30": "7.07620", "2020-03-31": "5.64640", "2019-12-31": "5.87810", "2019-09-30": "7.26070", "2019-06-30": "7.11960", "2019-03-31": "7.10970", "2018-12-31": "5.34720", "2018-09-30": "7.19830", "2018-06-30": "7.00120", "2018-03-31": "7.89960", "2017-12-31": "7.68040", "2017-09-30": "7.89390", "2017-06-30": "7.03900", "2017-03-31": "8.18260", "2016-12-31": "6.05450", "2016-09-30": "7.05080", "2016-06-30": "7.04690", "2016-03-31": "7.22670", "2015-12-31": "5.72740", "2015-09-30": "7.33610", "2015-06-30": "7.47230", "2015-03-31": "7.06710", "2014-12-31": "6.63730", "2014-09-30": "7.20460", "2014-06-30": "7.15080", "2014-03-31": "8.45470", "2013-12-31": "7.11420", "2013-09-30": "8.14530", "2013-06-30": "8.17810", "2013-03-31": "8.97410", "2012-12-31": "9.86750", "2012-09-30": "10.10390", "2012-06-30": "9.47430", "2012-03-31": "9.95490", "2011-12-31": "9.12240", "2011-09-30": "11.30760", "2011-06-30": "11.92510", "2011-03-31": "12.21280", "2010-12-31": "10.43550", "2010-09-30": "11.94810", "2010-06-30": "11.15990", "2010-03-31": "12.72740", "2009-12-31": "10.97880", "2009-09-30": "12.70740", "2009-06-30": "12.38880", "2009-03-31": "12.47310", "2008-12-31": "12.28400", "2008-09-30": "10.91870", "2008-06-30": "10.43280", "2008-03-31": "11.03420", "2007-12-31": "9.14310", "2007-09-30": "9.68390", "2007-06-30": "8.42260", "2007-03-31": "8.72690", "2006-12-31": "9.55760", "2006-09-30": "9.05570", "2006-06-30": "9.34110", "2006-03-31": "9.04940", "2005-12-31": "8.19980", "2005-09-30": "9.15430", "2005-06-30": "9.66360", "2005-03-31": "9.76120"}, "ROE - Return On Equity": {"2020-09-30": "-15.12760", "2020-06-30": "-43.46680", "2020-03-31": "-11.73750", "2019-12-31": "-14.53850", "2019-09-30": "-17.43320", "2019-06-30": "-14.32050", "2019-03-31": "-15.58760", "2018-12-31": "-6.75970", "2018-09-30": "-9.35490", "2018-06-30": "-12.11190", "2018-03-31": "-37.48860", "2017-12-31": "18.94230", "2017-09-30": "24.88590", "2017-06-30": "68.80000", "2017-03-31": "31.86240", "2016-12-31": "50.63680", "2016-09-30": "70.89730", "2016-06-30": "-64.50700", "2016-03-31": "147.61170", "2015-12-31": "-157.94390", "2015-09-30": "-71.61440", "2015-06-30": "-42.15890", "2015-03-31": "-25.96280", "2014-12-31": "-30.92100", "2014-09-30": "-2.66310", "2014-06-30": "-29.57420", "2014-03-31": "177.17180", "2013-12-31": "22.40030", "2013-09-30": "31.15730", "2013-06-30": "33.01560", "2013-03-31": "37.41780", "2012-12-31": "28.38180", "2012-09-30": "30.12160", "2012-06-30": "48.74100", "2012-03-31": "17.84680", "2011-12-31": "19.65510", "2011-09-30": "20.91510", "2011-06-30": "18.65280", "2011-03-31": "15.16790", "2010-12-31": "16.41030", "2010-09-30": "17.12680", "2010-06-30": "20.85050", "2010-03-31": "13.72930", "2009-12-31": "15.48970", "2009-09-30": "17.16260", "2009-06-30": "15.27120", "2009-03-31": "15.58580", "2008-12-31": "13.92420", "2008-09-30": "21.10340", "2008-06-30": "29.18970", "2008-03-31": "25.67100", "2007-12-31": "29.53840", "2007-09-30": "16.37190", "2007-06-30": "15.70670", "2007-03-31": "10.28550", "2006-12-31": "11.76920", "2006-09-30": "8.84160", "2006-06-30": "13.53360", "2006-03-31": "18.22890", "2005-12-31": "17.73540", "2005-09-30": "20.74440", "2005-06-30": "22.39510", "2005-03-31": "16.63060"}, "Return On Tangible Equity": {"2020-09-30": "-10.52830", "2020-06-30": "-17.39460", "2020-03-31": "-5.81410", "2019-12-31": "-7.16270", "2019-09-30": "-9.40130", "2019-06-30": "-8.16870", "2019-03-31": "-9.44210", "2018-12-31": "-4.34130", "2018-09-30": "-6.11260", "2018-06-30": "-7.97970", "2018-03-31": "-13.07950", "2017-12-31": "8.54790", "2017-09-30": "-29.16000", "2017-06-30": "-67.22030", "2017-03-31": "-62.55510", "2016-12-31": "-48.79720", "2016-09-30": "-31.22110", "2016-06-30": "6.22280", "2016-03-31": "-28.24290", "2015-12-31": "-18.55100", "2015-09-30": "-17.56430", "2015-06-30": "-13.71540", "2015-03-31": "-11.04360", "2014-12-31": "-13.84200", "2014-09-30": "-1.33880", "2014-06-30": "-14.57020", "2014-03-31": "-19.94050", "2013-12-31": "91.42490", "2013-09-30": "362.07970", "2013-06-30": "835.45100", "2013-03-31": "-120.20860", "2012-12-31": "-529.63040", "2012-09-30": "-246.59040", "2012-06-30": "-90.25440", "2012-03-31": "57.50740", "2011-12-31": "82.31190", "2011-09-30": "109.05150", "2011-06-30": "62.13360", "2011-03-31": "52.83760", "2010-12-31": "108.89970", "2010-09-30": "168.92400", "2010-06-30": "-413.47950", "2010-03-31": "-144.38710", "2009-12-31": "-101.16700", "2009-09-30": "-65.73150", "2009-06-30": "-46.05920", "2009-03-31": "-26.94050", "2008-12-31": "-18.80330", "2008-09-30": "-39.74220", "2008-06-30": "-35.01690", "2008-03-31": "-34.92110", "2007-12-31": "-22.49630", "2007-09-30": "-38.28090", "2007-06-30": "-41.89660", "2007-03-31": "-174.28500", "2006-12-31": "-58.54730", "2006-09-30": "-19.13270", "2006-06-30": "-21.06810", "2006-03-31": "-16.72700", "2005-12-31": "-10.68890", "2005-09-30": "-8.23590", "2005-06-30": "-6.04160", "2005-03-31": "-3.22800"}, "ROA - Return On Assets": {"2020-09-30": "4.72750", "2020-06-30": "3.22640", "2020-03-31": "1.67940", "2019-12-31": "2.11680", "2019-09-30": "3.20160", "2019-06-30": "2.48490", "2019-03-31": "3.22850", "2018-12-31": "1.75280", "2018-09-30": "2.60350", "2018-06-30": "3.89840", "2018-03-31": "2.76550", "2017-12-31": "-2.18990", "2017-09-30": "1.59240", "2017-06-30": "4.03520", "2017-03-31": "2.39310", "2016-12-31": "3.87460", "2016-09-30": "3.46280", "2016-06-30": "-0.87610", "2016-03-31": "4.01460", "2015-12-31": "3.41010", "2015-09-30": "3.86540", "2015-06-30": "3.42840", "2015-03-31": "3.27350", "2014-12-31": "4.39070", "2014-09-30": "0.47370", "2014-06-30": "4.90620", "2014-03-31": "2.61150", "2013-12-31": "4.99310", "2013-09-30": "6.05730", "2013-06-30": "6.35150", "2013-03-31": "5.63590", "2012-12-31": "6.51020", "2012-09-30": "6.91390", "2012-06-30": "8.61980", "2012-03-31": "7.04320", "2011-12-31": "7.36380", "2011-09-30": "7.78230", "2011-06-30": "7.94360", "2011-03-31": "6.48150", "2010-12-31": "6.48850", "2010-09-30": "6.31900", "2010-06-30": "6.86410", "2010-03-31": "4.37080", "2009-12-31": "4.85630", "2009-09-30": "4.75140", "2009-06-30": "4.18650", "2009-03-31": "3.64240", "2008-12-31": "3.00170", "2008-09-30": "5.07600", "2008-06-30": "5.92740", "2008-03-31": "5.57900", "2007-12-31": "5.04400", "2007-09-30": "4.62580", "2007-06-30": "4.72470", "2007-03-31": "4.08500", "2006-12-31": "4.09560", "2006-09-30": "2.82270", "2006-06-30": "3.86030", "2006-03-31": "4.40650", "2005-12-31": "3.57520", "2005-09-30": "3.27980", "2005-06-30": "2.72080", "2005-03-31": "1.55130"}, "ROI - Return On Investment": {"2020-09-30": "9.26350", "2020-06-30": "5.38030", "2020-03-31": "3.20630", "2019-12-31": "4.08240", "2019-09-30": "6.21280", "2019-06-30": "6.15940", "2019-03-31": "8.31820", "2018-12-31": "4.65050", "2018-09-30": "7.02650", "2018-06-30": "13.94390", "2018-03-31": "4.34370", "2017-12-31": "-3.46260", "2017-09-30": "2.27500", "2017-06-30": "5.76190", "2017-03-31": "3.45410", "2016-12-31": "6.08060", "2016-09-30": "7.68420", "2016-06-30": "-2.20450", "2016-03-31": "9.05740", "2015-12-31": "6.31070", "2015-09-30": "7.38170", "2015-06-30": "6.93990", "2015-03-31": "7.15990", "2014-12-31": "7.61750", "2014-09-30": "0.85670", "2014-06-30": "8.91680", "2014-03-31": "4.13780", "2013-12-31": "8.81370", "2013-09-30": "10.66810", "2013-06-30": "10.78530", "2013-03-31": "9.66280", "2012-12-31": "13.57600", "2012-09-30": "13.61880", "2012-06-30": "15.97920", "2012-03-31": "12.95970", "2011-12-31": "14.36080", "2011-09-30": "14.66140", "2011-06-30": "14.72880", "2011-03-31": "11.55890", "2010-12-31": "12.07280", "2010-09-30": "11.83590", "2010-06-30": "12.95330", "2010-03-31": "8.34180", "2009-12-31": "9.31880", "2009-09-30": "9.12000", "2009-06-30": "7.82630", "2009-03-31": "6.85890", "2008-12-31": "5.82090", "2008-09-30": "9.85770", "2008-06-30": "11.42630", "2008-03-31": "10.88810", "2007-12-31": "9.91870", "2007-09-30": "9.21020", "2007-06-30": "10.52470", "2007-03-31": "7.48370", "2006-12-31": "7.80360", "2006-09-30": "5.51350", "2006-06-30": "7.12550", "2006-03-31": "8.50820", "2005-12-31": "7.09510", "2005-09-30": "6.58440", "2005-06-30": "5.31040", "2005-03-31": "2.98750"}, "Book Value Per Share": {"2020-09-30": "-7.51360", "2020-06-30": "-1.92580", "2020-03-31": "-2.82140", "2019-12-31": "-2.83840", "2019-09-30": "-3.40740", "2019-06-30": "-3.78330", "2019-03-31": "-4.37850", "2018-12-31": "-5.06580", "2018-09-30": "-5.20940", "2018-06-30": "-5.29840", "2018-03-31": "-1.31770", "2017-12-31": "-2.03220", "2017-09-30": "1.22620", "2017-06-30": "1.15740", "2017-03-31": "1.46760", "2016-12-31": "1.05420", "2016-09-30": "0.66430", "2016-06-30": "0.19090", "2016-03-31": "0.34970", "2015-12-31": "-0.28860", "2015-09-30": "-0.70570", "2015-06-30": "-1.06160", "2015-03-31": "-1.62810", "2014-12-31": "-1.81340", "2014-09-30": "-2.28810", "2014-06-30": "-2.20080", "2014-03-31": "0.20780", "2013-12-31": "2.72700", "2013-09-30": "2.24870", "2013-06-30": "2.10490", "2013-03-31": "1.54220", "2012-12-31": "1.84980", "2012-09-30": "1.72110", "2012-06-30": "1.21070", "2012-03-31": "2.59330", "2011-12-31": "2.36680", "2011-09-30": "2.22430", "2011-06-30": "2.52140", "2011-03-31": "2.44230", "2010-12-31": "2.06800", "2010-09-30": "1.94510", "2010-06-30": "1.66720", "2010-03-31": "1.57680", "2009-12-31": "1.49220", "2009-09-30": "1.38710", "2009-06-30": "1.28030", "2009-03-31": "1.08170", "2008-12-31": "0.98420", "2008-09-30": "1.07850", "2008-06-30": "0.90190", "2008-03-31": "0.93440", "2007-12-31": "0.70750", "2007-09-30": "1.08690", "2007-06-30": "1.11460", "2007-03-31": "1.39400", "2006-12-31": "1.23560", "2006-09-30": "1.04960", "2006-06-30": "0.94380", "2006-03-31": "0.75810", "2005-12-31": "0.60400", "2005-09-30": "0.47160", "2005-06-30": "0.37000", "2005-03-31": "0.29060"}, "Operating Cash Flow Per Share": {"2020-09-30": 1.1471, "2020-06-30": 1.7373, "2020-03-31": "1.01070", "2019-12-31": 1.0816, "2019-09-30": 1.3431, "2019-06-30": 0.5416, "2019-03-31": "0.26460", "2018-12-31": 0.8364, "2018-09-30": 1.2301, "2018-06-30": 1.2477, "2018-03-31": "1.02290", "2017-12-31": 1.1279, "2017-09-30": 0.8133, "2017-06-30": 0.6122, "2017-03-31": "1.01210", "2016-12-31": 0.6868, "2016-09-30": -0.7707, "2016-06-30": 1.3927, "2016-03-31": "0.82420", "2015-12-31": 0.8077, "2015-09-30": 0.7725, "2015-06-30": 1.1529, "2015-03-31": "0.95210", "2014-12-31": 0.2088, "2014-09-30": 0.7016, "2014-06-30": 0.9603, "2014-03-31": "0.94540", "2013-12-31": 0.9215, "2013-09-30": 1.0357, "2013-06-30": 1.0042, "2013-03-31": "0.63680", "2012-12-31": 0.6486, "2012-09-30": 0.6998, "2012-06-30": 0.5678, "2012-03-31": "0.49180", "2011-12-31": 0.461, "2011-09-30": 0.5939, "2011-06-30": 0.5601, "2011-03-31": "0.42970", "2010-12-31": 0.454, "2010-09-30": 0.4004, "2010-06-30": 0.33, "2010-03-31": "0.34880", "2009-12-31": 0.2331, "2009-09-30": 0.4106, "2009-06-30": 0.1367, "2009-03-31": "0.34900", "2008-12-31": 0.2675, "2008-09-30": 0.3093, "2008-06-30": 0.2273, "2008-03-31": "0.23360", "2007-12-31": 0.2509, "2007-09-30": 0.2485, "2007-06-30": 0.2779, "2007-03-31": "0.15380", "2006-12-31": 0.1307, "2006-09-30": 0.1433, "2006-06-30": 0.1961, "2006-03-31": "0.14880", "2005-12-31": 0.0489, "2005-09-30": 0.2041, "2005-06-30": 0.1539, "2005-03-31": "0.08750"}, "Free Cash Flow Per Share": {"2020-09-30": 0.9305, "2020-06-30": 1.5573, "2020-03-31": "0.83670", "2019-12-31": 0.9002, "2019-09-30": 1.1383, "2019-06-30": 0.3641, "2019-03-31": "0.07900", "2018-12-31": 0.6572, "2018-09-30": 1.0648, "2018-06-30": 1.1325, "2018-03-31": "0.92080", "2017-12-31": 0.9608, "2017-09-30": 0.6731, "2017-06-30": 0.4844, "2017-03-31": "0.87080", "2016-12-31": 0.5016, "2016-09-30": -0.8948, "2016-06-30": 1.0427, "2016-03-31": "0.65070", "2015-12-31": 0.6802, "2015-09-30": 0.6711, "2015-06-30": 1.0535, "2015-03-31": "0.81740", "2014-12-31": 0.0644, "2014-09-30": 0.4679, "2014-06-30": 0.672, "2014-03-31": "0.65530", "2013-12-31": 0.6638, "2013-09-30": 0.872, "2013-06-30": 0.8576, "2013-03-31": "0.52190", "2012-12-31": 0.3941, "2012-09-30": 0.6036, "2012-06-30": 0.5053, "2012-03-31": "0.39100", "2011-12-31": 0.3467, "2011-09-30": 0.522, "2011-06-30": 0.4981, "2011-03-31": "0.31700", "2010-12-31": 0.3528, "2010-09-30": 0.3278, "2010-06-30": 0.2813, "2010-03-31": "0.30240", "2009-12-31": 0.1611, "2009-09-30": 0.3524, "2009-06-30": 0.0876, "2009-03-31": "0.29190", "2008-12-31": 0.1918, "2008-09-30": 0.1906, "2008-06-30": 0.1742, "2008-03-31": "0.14460", "2007-12-31": 0.2143, "2007-09-30": 0.2115, "2007-06-30": 0.2383, "2007-03-31": "0.12370", "2006-12-31": 0.0746, "2006-09-30": 0.0731, "2006-06-30": 0.1542, "2006-03-31": "0.10780", "2005-12-31": 0.0144, "2005-09-30": 0.1732, "2005-06-30": 0.1259, "2005-03-31": "0.07240"}}, "revenue": {"Herbalife Annual Revenue (Millions of US $)": {"2019": "$4,877", "2018": "$4,892", "2017": "$4,428", "2016": "$4,488", "2015": "$4,469", "2014": "$4,959", "2013": "$4,825", "2012": "$4,072", "2011": "$3,455", "2010": "$2,734", "2009": "$2,325", "2008": "$2,359", "2007": "$2,146", "2006": "$1,886", "2005": "$1,567"}, "Herbalife Quarterly Revenue (Millions of US $)": {"2020-09-30": "$1,522", "2020-06-30": "$1,347", "2020-03-31": "$1,262", "2019-12-31": "$1,220", "2019-09-30": "$1,245", "2019-06-30": "$1,240", "2019-03-31": "$1,172", "2018-12-31": "$1,187", "2018-09-30": "$1,243", "2018-06-30": "$1,286", "2018-03-31": "$1,177", "2017-12-31": "$1,093", "2017-09-30": "$1,085", "2017-06-30": "$1,147", "2017-03-31": "$1,102", "2016-12-31": "$1,045", "2016-09-30": "$1,122", "2016-06-30": "$1,202", "2016-03-31": "$1,120", "2015-12-31": "$1,098", "2015-09-30": "$1,103", "2015-06-30": "$1,162", "2015-03-31": "$1,105", "2014-12-31": "$1,134", "2014-09-30": "$1,256", "2014-06-30": "$1,306", "2014-03-31": "$1,263", "2013-12-31": "$1,269", "2013-09-30": "$1,214", "2013-06-30": "$1,219", "2013-03-31": "$1,124", "2012-12-31": "$1,059", "2012-09-30": "$1,017", "2012-06-30": "$1,032", "2012-03-31": "$964", "2011-12-31": "$885", "2011-09-30": "$895", "2011-06-30": "$880", "2011-03-31": "$795", "2010-12-31": "$738", "2010-09-30": "$688", "2010-06-30": "$689", "2010-03-31": "$619", "2009-12-31": "$631", "2009-09-30": "$600", "2009-06-30": "$572", "2009-03-31": "$522", "2008-12-31": "$513", "2008-09-30": "$602", "2008-06-30": "$640", "2008-03-31": "$604", "2007-12-31": "$578", "2007-09-30": "$530", "2007-06-30": "$530", "2007-03-31": "$508", "2006-12-31": "$487", "2006-09-30": "$476", "2006-06-30": "$466", "2006-03-31": "$456", "2005-12-31": "$409", "2005-09-30": "$401", "2005-06-30": "$385", "2005-03-31": "$372"}}, "gross-profit": {"Herbalife Annual Gross Profit (Millions of US $)": {"2019": "$3,919", "2018": "$3,973", "2017": "$3,579", "2016": "$3,634", "2015": "$3,613", "2014": "$3,976", "2013": "$3,862", "2012": "$3,260", "2011": "$2,774", "2010": "$2,175", "2009": "$1,831", "2008": "$1,901", "2007": "$1,707", "2006": "$1,505", "2005": "$1,251"}, "Herbalife Quarterly Gross Profit (Millions of US $)": {"2020-09-30": "$1,199", "2020-06-30": "$1,074", "2020-03-31": "$1,017", "2019-12-31": "$991", "2019-09-30": "$1,001", "2019-06-30": "$997", "2019-03-31": "$931", "2018-12-31": "$961", "2018-09-30": "$1,025", "2018-06-30": "$1,050", "2018-03-31": "$937", "2017-12-31": "$884", "2017-09-30": "$870", "2017-06-30": "$928", "2017-03-31": "$898", "2016-12-31": "$849", "2016-09-30": "$913", "2016-06-30": "$966", "2016-03-31": "$907", "2015-12-31": "$894", "2015-09-30": "$896", "2015-06-30": "$933", "2015-03-31": "$890", "2014-12-31": "$914", "2014-09-30": "$1,001", "2014-06-30": "$1,049", "2014-03-31": "$1,011", "2013-12-31": "$1,017", "2013-09-30": "$975", "2013-06-30": "$972", "2013-03-31": "$898", "2012-12-31": "$848", "2012-09-30": "$815", "2012-06-30": "$828", "2012-03-31": "$768", "2011-12-31": "$714", "2011-09-30": "$720", "2011-06-30": "$709", "2011-03-31": "$632", "2010-12-31": "$590", "2010-09-30": "$555", "2010-06-30": "$552", "2010-03-31": "$478", "2009-12-31": "$494", "2009-09-30": "$468", "2009-06-30": "$449", "2009-03-31": "$419", "2008-12-31": "$417", "2008-09-30": "$486", "2008-06-30": "$512", "2008-03-31": "$487", "2007-12-31": "$464", "2007-09-30": "$424", "2007-06-30": "$419", "2007-03-31": "$401", "2006-12-31": "$388", "2006-09-30": "$379", "2006-06-30": "$373", "2006-03-31": "$364", "2005-12-31": "$326", "2005-09-30": "$322", "2005-06-30": "$307", "2005-03-31": "$296"}}, "operating-income": {"Herbalife Annual Operating Income (Millions of US $)": {"2019": "$568", "2018": "$683", "2017": "$617", "2016": "$458", "2015": "$584", "2014": "$514", "2013": "$735", "2012": "$661", "2011": "$562", "2010": "$388", "2009": "$296", "2008": "$332", "2007": "$313", "2006": "$257", "2005": "$219"}, "Herbalife Quarterly Operating Income (Millions of US $)": {"2020-09-30": "$207", "2020-06-30": "$190", "2020-03-31": "$96", "2019-12-31": "$108", "2019-09-30": "$144", "2019-06-30": "$153", "2019-03-31": "$163", "2018-12-31": "$148", "2018-09-30": "$187", "2018-06-30": "$192", "2018-03-31": "$156", "2017-12-31": "$149", "2017-09-30": "$119", "2017-06-30": "$205", "2017-03-31": "$144", "2016-12-31": "$158", "2016-09-30": "$152", "2016-06-30": "$-20", "2016-03-31": "$168", "2015-12-31": "$143", "2015-09-30": "$162", "2015-06-30": "$144", "2015-03-31": "$136", "2014-12-31": "$162", "2014-09-30": "$28", "2014-06-30": "$196", "2014-03-31": "$128", "2013-12-31": "$182", "2013-09-30": "$192", "2013-06-30": "$192", "2013-03-31": "$169", "2012-12-31": "$160", "2012-09-30": "$161", "2012-06-30": "$187", "2012-03-31": "$154", "2011-12-31": "$134", "2011-09-30": "$151", "2011-06-30": "$153", "2011-03-31": "$123", "2010-12-31": "$106", "2010-09-30": "$101", "2010-06-30": "$116", "2010-03-31": "$64", "2009-12-31": "$84", "2009-09-30": "$78", "2009-06-30": "$72", "2009-03-31": "$62", "2008-12-31": "$61", "2008-09-30": "$88", "2008-06-30": "$93", "2008-03-31": "$90", "2007-12-31": "$86", "2007-09-30": "$78", "2007-06-30": "$78", "2007-03-31": "$71", "2006-12-31": "$63", "2006-09-30": "$64", "2006-06-30": "$65", "2006-03-31": "$64", "2005-12-31": "$54", "2005-09-30": "$61", "2005-06-30": "$52", "2005-03-31": "$51"}}, "ebitda": {"Herbalife Annual EBITDA (Millions of US $)": {"2019": "$666", "2018": "$784", "2017": "$717", "2016": "$556", "2015": "$682", "2014": "$607", "2013": "$820", "2012": "$736", "2011": "$635", "2010": "$457", "2009": "$359", "2008": "$381", "2007": "$349", "2006": "$287", "2005": "$256"}, "Herbalife Quarterly EBITDA (Millions of US $)": {"2020-09-30": "$231", "2020-06-30": "$215", "2020-03-31": "$120", "2019-12-31": "$133", "2019-09-30": "$168", "2019-06-30": "$178", "2019-03-31": "$187", "2018-12-31": "$173", "2018-09-30": "$213", "2018-06-30": "$217", "2018-03-31": "$181", "2017-12-31": "$175", "2017-09-30": "$145", "2017-06-30": "$229", "2017-03-31": "$168", "2016-12-31": "$184", "2016-09-30": "$176", "2016-06-30": "$4", "2016-03-31": "$192", "2015-12-31": "$168", "2015-09-30": "$186", "2015-06-30": "$169", "2015-03-31": "$159", "2014-12-31": "$186", "2014-09-30": "$52", "2014-06-30": "$220", "2014-03-31": "$149", "2013-12-31": "$203", "2013-09-30": "$213", "2013-06-30": "$213", "2013-03-31": "$191", "2012-12-31": "$178", "2012-09-30": "$180", "2012-06-30": "$205", "2012-03-31": "$173", "2011-12-31": "$152", "2011-09-30": "$169", "2011-06-30": "$172", "2011-03-31": "$142", "2010-12-31": "$123", "2010-09-30": "$118", "2010-06-30": "$134", "2010-03-31": "$81", "2009-12-31": "$101", "2009-09-30": "$94", "2009-06-30": "$87", "2009-03-31": "$77", "2008-12-31": "$75", "2008-09-30": "$101", "2008-06-30": "$105", "2008-03-31": "$100", "2007-12-31": "$95", "2007-09-30": "$87", "2007-06-30": "$87", "2007-03-31": "$79", "2006-12-31": "$71", "2006-09-30": "$72", "2006-06-30": "$73", "2006-03-31": "$71", "2005-12-31": "$62", "2005-09-30": "$69", "2005-06-30": "$63", "2005-03-31": "$62"}}, "net-income": {"Herbalife Annual Net Income (Millions of US $)": {"2019": "$311", "2018": "$297", "2017": "$214", "2016": "$260", "2015": "$339", "2014": "$309", "2013": "$528", "2012": "$464", "2011": "$415", "2010": "$293", "2009": "$203", "2008": "$221", "2007": "$191", "2006": "$143", "2005": "$93"}, "Herbalife Quarterly Net Income (Millions of US $)": {"2020-09-30": "$138", "2020-06-30": "$115", "2020-03-31": "$46", "2019-12-31": "$57", "2019-09-30": "$82", "2019-06-30": "$77", "2019-03-31": "$96", "2018-12-31": "$49", "2018-09-30": "$71", "2018-06-30": "$94", "2018-03-31": "$82", "2017-12-31": "$-63", "2017-09-30": "$55", "2017-06-30": "$138", "2017-03-31": "$85", "2016-12-31": "$99", "2016-09-30": "$88", "2016-06-30": "$-23", "2016-03-31": "$96", "2015-12-31": "$85", "2015-09-30": "$94", "2015-06-30": "$83", "2015-03-31": "$78", "2014-12-31": "$103", "2014-09-30": "$11", "2014-06-30": "$120", "2014-03-31": "$75", "2013-12-31": "$124", "2013-09-30": "$142", "2013-06-30": "$143", "2013-03-31": "$119", "2012-12-31": "$112", "2012-09-30": "$112", "2012-06-30": "$132", "2012-03-31": "$108", "2011-12-31": "$108", "2011-09-30": "$108", "2011-06-30": "$111", "2011-03-31": "$88", "2010-12-31": "$80", "2010-09-30": "$79", "2010-06-30": "$82", "2010-03-31": "$52", "2009-12-31": "$56", "2009-09-30": "$58", "2009-06-30": "$48", "2009-03-31": "$42", "2008-12-31": "$34", "2008-09-30": "$58", "2008-06-30": "$67", "2008-03-31": "$62", "2007-12-31": "$54", "2007-09-30": "$48", "2007-06-30": "$48", "2007-03-31": "$41", "2006-12-31": "$42", "2006-09-30": "$26", "2006-06-30": "$36", "2006-03-31": "$39", "2005-12-31": "$30", "2005-09-30": "$27", "2005-06-30": "$23", "2005-03-31": "$13"}}, "eps-earnings-per-share-diluted": {"Herbalife Annual EPS": {"2019": "$2.20", "2018": "$1.98", "2017": "$1.29", "2016": "$1.51", "2015": "$1.99", "2014": "$1.70", "2013": "$2.46", "2012": "$1.97", "2011": "$1.66", "2010": "$1.16", "2009": "$0.81", "2008": "$0.84", "2007": "$0.66", "2006": "$0.48", "2005": "$0.32"}, "Herbalife Quarterly EPS": {"2020-09-30": "$1.04", "2020-06-30": "$0.82", "2020-03-31": "$0.32", "2019-12-31": "$0.42", "2019-09-30": "$0.58", "2019-06-30": "$0.54", "2019-03-31": "$0.66", "2018-12-31": "$0.33", "2018-09-30": "$0.49", "2018-06-30": "$0.62", "2018-03-31": "$0.54", "2017-12-31": "$-0.34", "2017-09-30": "$0.33", "2017-06-30": "$0.81", "2017-03-31": "$0.49", "2016-12-31": "$0.59", "2016-09-30": "$0.51", "2016-06-30": "$-0.14", "2016-03-31": "$0.56", "2015-12-31": "$0.50", "2015-09-30": "$0.55", "2015-06-30": "$0.49", "2015-03-31": "$0.46", "2014-12-31": "$0.61", "2014-09-30": "$0.07", "2014-06-30": "$0.66", "2014-03-31": "$0.37", "2013-12-31": "$0.58", "2013-09-30": "$0.66", "2013-06-30": "$0.67", "2013-03-31": "$0.55", "2012-12-31": "$0.50", "2012-09-30": "$0.49", "2012-06-30": "$0.55", "2012-03-31": "$0.44", "2011-12-31": "$0.44", "2011-09-30": "$0.44", "2011-06-30": "$0.44", "2011-03-31": "$0.35", "2010-12-31": "$0.31", "2010-09-30": "$0.32", "2010-06-30": "$0.33", "2010-03-31": "$0.21", "2009-12-31": "$0.22", "2009-09-30": "$0.23", "2009-06-30": "$0.19", "2009-03-31": "$0.17", "2008-12-31": "$0.13", "2008-09-30": "$0.22", "2008-06-30": "$0.25", "2008-03-31": "$0.23", "2007-12-31": "$0.19", "2007-09-30": "$0.17", "2007-06-30": "$0.16", "2007-03-31": "$0.14", "2006-12-31": "$0.14", "2006-09-30": "$0.09", "2006-06-30": "$0.12", "2006-03-31": "$0.13", "2005-12-31": "$0.10", "2005-09-30": "$0.09", "2005-06-30": "$0.08", "2005-03-31": "$0.05"}}, "shares-outstanding": {"Herbalife Annual Shares Outstanding (Millions of Shares)": {"2019": "142", "2018": "150", "2017": "166", "2016": "172", "2015": "171", "2014": "182", "2013": "215", "2012": "236", "2011": "250", "2010": "253", "2009": "252", "2008": "263", "2007": "291", "2006": "298", "2005": "290"}, "Herbalife Quarterly Shares Outstanding (Millions of Shares)": {"2020-09-30": "133", "2020-06-30": "140", "2020-03-31": "140", "2019-12-31": "142", "2019-09-30": "140", "2019-06-30": "142", "2019-03-31": "146", "2018-12-31": "150", "2018-09-30": "146", "2018-06-30": "152", "2018-03-31": "153", "2017-12-31": "166", "2017-09-30": "166", "2017-06-30": "171", "2017-03-31": "173", "2016-12-31": "172", "2016-09-30": "173", "2016-06-30": "166", "2016-03-31": "171", "2015-12-31": "171", "2015-09-30": "171", "2015-06-30": "170", "2015-03-31": "169", "2014-12-31": "182", "2014-09-30": "172", "2014-06-30": "182", "2014-03-31": "202", "2013-12-31": "215", "2013-09-30": "216", "2013-06-30": "214", "2013-03-31": "216", "2012-12-31": "236", "2012-09-30": "227", "2012-06-30": "243", "2012-03-31": "245", "2011-12-31": "250", "2011-09-30": "249", "2011-06-30": "253", "2011-03-31": "251", "2010-12-31": "253", "2010-09-30": "251", "2010-06-30": "251", "2010-03-31": "251", "2009-12-31": "252", "2009-09-30": "254", "2009-06-30": "252", "2009-03-31": "246", "2008-12-31": "263", "2008-09-30": "262", "2008-06-30": "264", "2008-03-31": "269", "2007-12-31": "291", "2007-09-30": "287", "2007-06-30": "296", "2007-03-31": "300", "2006-12-31": "298", "2006-09-30": "297", "2006-06-30": "297", "2006-03-31": "294", "2005-12-31": "290", "2005-09-30": "294", "2005-06-30": "287", "2005-03-31": "287"}}, "total-assets": {"Herbalife Annual Total Assets (Millions of US $)": {"2019": "$2,679", "2018": "$2,790", "2017": "$2,895", "2016": "$2,565", "2015": "$2,478", "2014": "$2,355", "2013": "$2,474", "2012": "$1,724", "2011": "$1,463", "2010": "$1,232", "2009": "$1,146", "2008": "$1,121", "2007": "$1,067", "2006": "$1,017", "2005": "$838"}, "Herbalife Quarterly Total Assets (Millions of US $)": {"2020-09-30": "$2,921", "2020-06-30": "$3,567", "2020-03-31": "$2,715", "2019-12-31": "$2,679", "2019-09-30": "$2,546", "2019-06-30": "$3,079", "2019-03-31": "$2,983", "2018-12-31": "$2,790", "2018-09-30": "$2,735", "2018-06-30": "$2,422", "2018-03-31": "$2,969", "2017-12-31": "$2,895", "2017-09-30": "$3,423", "2017-06-30": "$3,410", "2017-03-31": "$3,560", "2016-12-31": "$2,565", "2016-09-30": "$2,533", "2016-06-30": "$2,614", "2016-03-31": "$2,386", "2015-12-31": "$2,478", "2015-09-30": "$2,422", "2015-06-30": "$2,415", "2015-03-31": "$2,389", "2014-12-31": "$2,355", "2014-09-30": "$2,364", "2014-06-30": "$2,436", "2014-03-31": "$2,857", "2013-12-31": "$2,474", "2013-09-30": "$2,343", "2013-06-30": "$2,254", "2013-03-31": "$2,109", "2012-12-31": "$1,724", "2012-09-30": "$1,618", "2012-06-30": "$1,531", "2012-03-31": "$1,532", "2011-12-31": "$1,463", "2011-09-30": "$1,388", "2011-06-30": "$1,400", "2011-03-31": "$1,358", "2010-12-31": "$1,232", "2010-09-30": "$1,248", "2010-06-30": "$1,197", "2010-03-31": "$1,187", "2009-12-31": "$1,146", "2009-09-30": "$1,218", "2009-06-30": "$1,153", "2009-03-31": "$1,141", "2008-12-31": "$1,121", "2008-09-30": "$1,144", "2008-06-30": "$1,132", "2008-03-31": "$1,118", "2007-12-31": "$1,067", "2007-09-30": "$1,045", "2007-06-30": "$1,018", "2007-03-31": "$1,008", "2006-12-31": "$1,017", "2006-09-30": "$938", "2006-06-30": "$941", "2006-03-31": "$878", "2005-12-31": "$838", "2005-09-30": "$827", "2005-06-30": "$837", "2005-03-31": "$856"}}, "cash-on-hand": {"Herbalife Annual Cash on Hand (Millions of US $)": {"2019": "$839", "2018": "$1,199", "2017": "$1,279", "2016": "$844", "2015": "$890", "2014": "$645", "2013": "$973", "2012": "$334", "2011": "$259", "2010": "$191", "2009": "$151", "2008": "$151", "2007": "$187", "2006": "$154", "2005": "$88"}, "Herbalife Quarterly Cash on Hand (Millions of US $)": {"2020-09-30": "$1,035", "2020-06-30": "$1,740", "2020-03-31": "$944", "2019-12-31": "$839", "2019-09-30": "$715", "2019-06-30": "$1,255", "2019-03-31": "$1,209", "2018-12-31": "$1,199", "2018-09-30": "$1,111", "2018-06-30": "$839", "2018-03-31": "$1,330", "2017-12-31": "$1,279", "2017-09-30": "$1,636", "2017-06-30": "$1,624", "2017-03-31": "$1,783", "2016-12-31": "$844", "2016-09-30": "$788", "2016-06-30": "$937", "2016-03-31": "$774", "2015-12-31": "$890", "2015-09-30": "$813", "2015-06-30": "$750", "2015-03-31": "$716", "2014-12-31": "$645", "2014-09-30": "$678", "2014-06-30": "$774", "2014-03-31": "$1,262", "2013-12-31": "$973", "2013-09-30": "$893", "2013-06-30": "$850", "2013-03-31": "$722", "2012-12-31": "$334", "2012-09-30": "$322", "2012-06-30": "$286", "2012-03-31": "$306", "2011-12-31": "$259", "2011-09-30": "$262", "2011-06-30": "$254", "2011-03-31": "$261", "2010-12-31": "$191", "2010-09-30": "$193", "2010-06-30": "$170", "2010-03-31": "$165", "2009-12-31": "$151", "2009-09-30": "$215", "2009-06-30": "$181", "2009-03-31": "$195", "2008-12-31": "$151", "2008-09-30": "$149", "2008-06-30": "$162", "2008-03-31": "$191", "2007-12-31": "$187", "2007-09-30": "$161", "2007-06-30": "$147", "2007-03-31": "$162", "2006-12-31": "$154", "2006-09-30": "$123", "2006-06-30": "$169", "2006-03-31": "$109", "2005-12-31": "$88", "2005-09-30": "$105", "2005-06-30": "$101", "2005-03-31": "$104"}}, "long-term-debt": {"Herbalife Annual Long Term Debt (Millions of US $)": {"2019": "$1,779", "2018": "$1,775", "2017": "$2,166", "2016": "$1,438", "2015": "$1,393", "2014": "$1,692", "2013": "$850", "2012": "$431", "2011": "$202", "2010": "$175", "2009": "$238", "2008": "$337", "2007": "$360", "2006": "$180", "2005": "$253"}, "Herbalife Quarterly Long Term Debt (Millions of US $)": {"2020-09-30": "$2,404", "2020-06-30": "$2,404", "2020-03-31": "$1,811", "2019-12-31": "$1,779", "2019-09-30": "$1,779", "2019-06-30": "$1,776", "2019-03-31": "$1,776", "2018-12-31": "$1,775", "2018-09-30": "$1,774", "2018-06-30": "$1,456", "2018-03-31": "$2,109", "2017-12-31": "$2,166", "2017-09-30": "$2,177", "2017-06-30": "$2,188", "2017-03-31": "$2,199", "2016-12-31": "$1,438", "2016-09-30": "$1,018", "2016-06-30": "$1,003", "2016-03-31": "$993", "2015-12-31": "$1,393", "2015-09-30": "$1,399", "2015-06-30": "$1,390", "2015-03-31": "$1,393", "2014-12-31": "$1,692", "2014-09-30": "$1,728", "2014-06-30": "$1,744", "2014-03-31": "$1,761", "2013-12-31": "$850", "2013-09-30": "$875", "2013-06-30": "$894", "2013-03-31": "$913", "2012-12-31": "$431", "2012-09-30": "$450", "2012-06-30": "$555", "2012-03-31": "$228", "2011-12-31": "$202", "2011-09-30": "$220", "2011-06-30": "$159", "2011-03-31": "$181", "2010-12-31": "$175", "2010-09-30": "$206", "2010-06-30": "$240", "2010-03-31": "$244", "2009-12-31": "$238", "2009-09-30": "$297", "2009-06-30": "$301", "2009-03-31": "$339", "2008-12-31": "$337", "2008-09-30": "$314", "2008-06-30": "$357", "2008-03-31": "$330", "2007-12-31": "$360", "2007-09-30": "$230", "2007-06-30": "$151", "2007-03-31": "$150", "2006-12-31": "$180", "2006-09-30": "$181", "2006-06-30": "$241", "2006-03-31": "$243", "2005-12-31": "$253", "2005-09-30": "$281", "2005-06-30": "$327", "2005-03-31": "$365"}}, "total-liabilities": {"Herbalife Annual Total Liabilities (Millions of US $)": {"2019": "$3,069", "2018": "$3,513", "2017": "$3,230", "2016": "$2,369", "2015": "$2,531", "2014": "$2,689", "2013": "$1,922", "2012": "$1,329", "2011": "$915", "2010": "$745", "2009": "$787", "2008": "$880", "2007": "$885", "2006": "$663", "2005": "$669"}, "Herbalife Quarterly Total Liabilities (Millions of US $)": {"2020-09-30": "$3,834", "2020-06-30": "$3,832", "2020-03-31": "$3,104", "2019-12-31": "$3,069", "2019-09-30": "$3,013", "2019-06-30": "$3,613", "2019-03-31": "$3,601", "2018-12-31": "$3,513", "2018-09-30": "$3,496", "2018-06-30": "$3,201", "2018-03-31": "$3,188", "2017-12-31": "$3,230", "2017-09-30": "$3,204", "2017-06-30": "$3,210", "2017-03-31": "$3,293", "2016-12-31": "$2,369", "2016-09-30": "$2,409", "2016-06-30": "$2,578", "2016-03-31": "$2,321", "2015-12-31": "$2,531", "2015-09-30": "$2,552", "2015-06-30": "$2,612", "2015-03-31": "$2,690", "2014-12-31": "$2,689", "2014-09-30": "$2,785", "2014-06-30": "$2,840", "2014-03-31": "$2,814", "2013-12-31": "$1,922", "2013-09-30": "$1,888", "2013-06-30": "$1,820", "2013-03-31": "$1,792", "2012-12-31": "$1,329", "2012-09-30": "$1,247", "2012-06-30": "$1,260", "2012-03-31": "$928", "2011-12-31": "$915", "2011-09-30": "$872", "2011-06-30": "$804", "2011-03-31": "$778", "2010-12-31": "$745", "2010-09-30": "$788", "2010-06-30": "$803", "2010-03-31": "$809", "2009-12-31": "$787", "2009-09-30": "$881", "2009-06-30": "$837", "2009-03-31": "$874", "2008-12-31": "$880", "2008-09-30": "$869", "2008-06-30": "$902", "2008-03-31": "$875", "2007-12-31": "$885", "2007-09-30": "$750", "2007-06-30": "$712", "2007-03-31": "$608", "2006-12-31": "$663", "2006-09-30": "$638", "2006-06-30": "$673", "2006-03-31": "$666", "2005-12-31": "$669", "2005-09-30": "$697", "2005-06-30": "$735", "2005-03-31": "$776"}}, "total-share-holder-equity": {"Herbalife Annual Share Holder Equity (Millions of US $)": {"2019": "$-390", "2018": "$-723", "2017": "$-335", "2016": "$196", "2015": "$-54", "2014": "$-334", "2013": "$551", "2012": "$395", "2011": "$548", "2010": "$487", "2009": "$359", "2008": "$242", "2007": "$182", "2006": "$354", "2005": "$169"}, "Herbalife Quarterly Share Holder Equity (Millions of US $)": {"2020-09-30": "$-913", "2020-06-30": "$-265", "2020-03-31": "$-389", "2019-12-31": "$-390", "2019-09-30": "$-468", "2019-06-30": "$-534", "2019-03-31": "$-618", "2018-12-31": "$-723", "2018-09-30": "$-761", "2018-06-30": "$-779", "2018-03-31": "$-219", "2017-12-31": "$-335", "2017-09-30": "$219", "2017-06-30": "$200", "2017-03-31": "$267", "2016-12-31": "$196", "2016-09-30": "$124", "2016-06-30": "$36", "2016-03-31": "$65", "2015-12-31": "$-54", "2015-09-30": "$-131", "2015-06-30": "$-196", "2015-03-31": "$-301", "2014-12-31": "$-334", "2014-09-30": "$-421", "2014-06-30": "$-404", "2014-03-31": "$42", "2013-12-31": "$551", "2013-09-30": "$456", "2013-06-30": "$434", "2013-03-31": "$318", "2012-12-31": "$395", "2012-09-30": "$371", "2012-06-30": "$271", "2012-03-31": "$605", "2011-12-31": "$548", "2011-09-30": "$516", "2011-06-30": "$596", "2011-03-31": "$580", "2010-12-31": "$487", "2010-09-30": "$461", "2010-06-30": "$394", "2010-03-31": "$378", "2009-12-31": "$359", "2009-09-30": "$337", "2009-06-30": "$316", "2009-03-31": "$267", "2008-12-31": "$242", "2008-09-30": "$275", "2008-06-30": "$230", "2008-03-31": "$243", "2007-12-31": "$182", "2007-09-30": "$295", "2007-06-30": "$306", "2007-03-31": "$400", "2006-12-31": "$354", "2006-09-30": "$299", "2006-06-30": "$268", "2006-03-31": "$212", "2005-12-31": "$169", "2005-09-30": "$131", "2005-06-30": "$102", "2005-03-31": "$80"}}, "profit-margins": {"current": "6.64%"}, "gross margin": {"2020-09-30": "80.00%", "2020-06-30": "80.47%", "2020-03-31": "80.65%", "2019-12-31": "80.38%", "2019-09-30": "80.31%", "2019-06-30": "80.83%", "2019-03-31": "81.16%", "2018-12-31": "81.20%", "2018-09-30": "81.18%", "2018-06-30": "80.61%", "2018-03-31": "80.39%", "2017-12-31": "80.87%", "2017-09-30": "80.95%", "2017-06-30": "81.25%", "2017-03-31": "81.10%", "2016-12-31": "80.98%", "2016-09-30": "81.02%", "2016-06-30": "80.99%", "2016-03-31": "80.97%", "2015-12-31": "80.86%", "2015-09-30": "80.66%", "2015-06-30": "80.27%", "2015-03-31": "80.27%", "2014-12-31": "80.16%", "2014-09-30": "80.05%", "2014-06-30": "80.21%", "2014-03-31": "80.06%", "2013-12-31": "80.02%", "2013-09-30": "80.00%", "2013-06-30": "79.95%", "2013-03-31": "80.08%", "2012-12-31": "80.03%", "2012-09-30": "80.17%", "2012-06-30": "80.24%", "2012-03-31": "80.33%", "2011-12-31": "80.32%", "2011-09-30": "80.14%", "2011-06-30": "80.17%", "2011-03-31": "80.03%", "2010-12-31": "79.55%", "2010-09-30": "79.14%", "2010-06-30": "78.46%", "2010-03-31": "77.99%", "2009-12-31": "78.71%", "2009-09-30": "79.43%", "2009-06-30": "80.17%", "2009-03-31": "80.54%", "2008-12-31": "80.63%", "2008-09-30": "80.40%", "2008-06-30": "80.23%", "2008-03-31": "80.02%", "2007-12-31": "79.59%", "2007-09-30": "79.42%", "2007-06-30": "79.31%", "2007-03-31": "79.56%", "2006-12-31": "79.79%", "2006-09-30": "79.80%", "2006-06-30": "79.97%", "2006-03-31": "79.89%", "2005-12-31": "79.83%"}, "operating margin": {"2020-09-30": "11.23%", "2020-06-30": "10.60%", "2020-03-31": "10.09%", "2019-12-31": "11.65%", "2019-09-30": "12.55%", "2019-06-30": "13.44%", "2019-03-31": "14.12%", "2018-12-31": "13.96%", "2018-09-30": "14.25%", "2018-06-30": "13.27%", "2018-03-31": "13.97%", "2017-12-31": "13.94%", "2017-09-30": "14.30%", "2017-06-30": "14.92%", "2017-03-31": "9.71%", "2016-12-31": "10.20%", "2016-09-30": "9.75%", "2016-06-30": "10.02%", "2016-03-31": "13.76%", "2015-12-31": "13.09%", "2015-09-30": "13.41%", "2015-06-30": "10.09%", "2015-03-31": "10.87%", "2014-12-31": "10.36%", "2014-09-30": "10.48%", "2014-06-30": "13.82%", "2014-03-31": "13.98%", "2013-12-31": "15.23%", "2013-09-30": "15.45%", "2013-06-30": "15.43%", "2013-03-31": "16.00%", "2012-12-31": "16.26%", "2012-09-30": "16.32%", "2012-06-30": "16.58%", "2012-03-31": "16.34%", "2011-12-31": "16.24%", "2011-09-30": "16.11%", "2011-06-30": "15.58%", "2011-03-31": "15.33%", "2010-12-31": "14.16%", "2010-09-30": "13.89%", "2010-06-30": "13.47%", "2010-03-31": "12.30%", "2009-12-31": "12.73%", "2009-09-30": "12.37%", "2009-06-30": "12.81%", "2009-03-31": "13.35%", "2008-12-31": "14.07%", "2008-09-30": "14.73%", "2008-06-30": "14.75%", "2008-03-31": "14.81%", "2007-12-31": "14.59%", "2007-09-30": "14.11%", "2007-06-30": "13.79%", "2007-03-31": "13.58%", "2006-12-31": "13.58%", "2006-09-30": "13.67%", "2006-06-30": "14.09%", "2006-03-31": "13.99%", "2005-12-31": "13.91%"}, "ebitda margin": {"2020-09-30": "13.06%", "2020-06-30": "12.53%", "2020-03-31": "12.06%", "2019-12-31": "13.66%", "2019-09-30": "14.57%", "2019-06-30": "15.51%", "2019-03-31": "16.16%", "2018-12-31": "16.02%", "2018-09-30": "16.38%", "2018-06-30": "15.47%", "2018-03-31": "16.22%", "2017-12-31": "16.20%", "2017-09-30": "16.58%", "2017-06-30": "17.14%", "2017-03-31": "11.90%", "2016-12-31": "12.39%", "2016-09-30": "11.89%", "2016-06-30": "12.16%", "2016-03-31": "15.95%", "2015-12-31": "15.26%", "2015-09-30": "15.54%", "2015-06-30": "12.15%", "2015-03-31": "12.85%", "2014-12-31": "12.24%", "2014-09-30": "12.25%", "2014-06-30": "15.54%", "2014-03-31": "15.67%", "2013-12-31": "16.99%", "2013-09-30": "17.22%", "2013-06-30": "17.24%", "2013-03-31": "17.82%", "2012-12-31": "18.07%", "2012-09-30": "18.21%", "2012-06-30": "18.51%", "2012-03-31": "18.38%", "2011-12-31": "18.38%", "2011-09-30": "18.32%", "2011-06-30": "17.90%", "2011-03-31": "17.77%", "2010-12-31": "16.68%", "2010-09-30": "16.52%", "2010-06-30": "16.15%", "2010-03-31": "14.99%", "2009-12-31": "15.44%", "2009-09-30": "15.09%", "2009-06-30": "15.39%", "2009-03-31": "15.72%", "2008-12-31": "16.15%", "2008-09-30": "16.54%", "2008-06-30": "16.45%", "2008-03-31": "16.46%", "2007-12-31": "16.22%", "2007-09-30": "15.77%", "2007-06-30": "15.44%", "2007-03-31": "15.23%", "2006-12-31": "15.23%", "2006-09-30": "15.38%", "2006-06-30": "15.88%", "2006-03-31": "16.05%", "2005-12-31": "16.34%"}, "pre tax profit margin": {"2020-09-30": "9.05%", "2020-06-30": "8.38%", "2020-03-31": "7.79%", "2019-12-31": "9.25%", "2019-09-30": "9.99%", "2019-06-30": "10.08%", "2019-03-31": "10.39%", "2018-12-31": "9.50%", "2018-09-30": "9.63%", "2018-06-30": "9.18%", "2018-03-31": "10.00%", "2017-12-31": "10.66%", "2017-09-30": "11.35%", "2017-06-30": "12.34%", "2017-03-31": "7.49%", "2016-12-31": "8.11%", "2016-09-30": "7.62%", "2016-06-30": "7.85%", "2016-03-31": "11.55%", "2015-12-31": "10.90%", "2015-09-30": "11.30%", "2015-06-30": "7.92%", "2015-03-31": "8.83%", "2014-12-31": "8.49%", "2014-09-30": "9.05%", "2014-06-30": "12.87%", "2014-03-31": "13.33%", "2013-12-31": "14.86%", "2013-09-30": "15.06%", "2013-06-30": "15.05%", "2013-03-31": "15.64%", "2012-12-31": "15.99%", "2012-09-30": "16.16%", "2012-06-30": "16.53%", "2012-03-31": "16.34%", "2011-12-31": "16.21%", "2011-09-30": "15.99%", "2011-06-30": "15.38%", "2011-03-31": "15.09%", "2010-12-31": "13.90%", "2010-09-30": "13.63%", "2010-06-30": "13.23%", "2010-03-31": "12.06%", "2009-12-31": "12.52%", "2009-09-30": "12.05%", "2009-06-30": "12.40%", "2009-03-31": "12.91%", "2008-12-31": "13.52%", "2008-09-30": "14.15%", "2008-06-30": "14.20%", "2008-03-31": "14.27%", "2007-12-31": "14.12%", "2007-09-30": "13.72%", "2007-06-30": "12.24%", "2007-03-31": "11.82%", "2006-12-31": "11.56%", "2006-09-30": "11.34%", "2006-06-30": "12.64%", "2006-03-31": "12.36%", "2005-12-31": "11.17%"}, "net profit margin": {"2020-09-30": "6.65%", "2020-06-30": "5.91%", "2020-03-31": "5.27%", "2019-12-31": "6.40%", "2019-09-30": "6.28%", "2019-06-30": "6.05%", "2019-03-31": "6.34%", "2018-12-31": "6.05%", "2018-09-30": "3.83%", "2018-06-30": "3.62%", "2018-03-31": "4.71%", "2017-12-31": "4.86%", "2017-09-30": "8.61%", "2017-06-30": "9.28%", "2017-03-31": "5.57%", "2016-12-31": "5.79%", "2016-09-30": "5.42%", "2016-06-30": "5.57%", "2016-03-31": "7.99%", "2015-12-31": "7.61%", "2015-09-30": "7.95%", "2015-06-30": "5.91%", "2015-03-31": "6.50%", "2014-12-31": "6.23%", "2014-09-30": "6.48%", "2014-06-30": "9.13%", "2014-03-31": "9.75%", "2013-12-31": "10.94%", "2013-09-30": "11.18%", "2013-06-30": "11.00%", "2013-03-31": "11.22%", "2012-12-31": "11.39%", "2012-09-30": "11.80%", "2012-06-30": "12.08%", "2012-03-31": "12.00%", "2011-12-31": "12.01%", "2011-09-30": "11.70%", "2011-06-30": "11.54%", "2011-03-31": "11.31%", "2010-12-31": "10.72%", "2010-09-30": "10.24%", "2010-06-30": "9.77%", "2010-03-31": "8.84%", "2009-12-31": "8.77%", "2009-09-30": "8.25%", "2009-06-30": "8.24%", "2009-03-31": "8.83%", "2008-12-31": "9.37%", "2008-09-30": "9.94%", "2008-06-30": "9.82%", "2008-03-31": "9.46%", "2007-12-31": "8.90%", "2007-09-30": "8.71%", "2007-06-30": "7.85%", "2007-03-31": "7.49%", "2006-12-31": "7.59%", "2006-09-30": "7.25%", "2006-06-30": "7.62%", "2006-03-31": "7.21%", "2005-12-31": "5.93%"}, "pe ratio": {"current": "14.67", "2021-02-05": "20.87", "2020-09-30": "18.08", "2020-06-30": "21.22", "2020-03-31": "15.85", "2019-12-31": "21.87", "2019-09-30": "17.86", "2019-06-30": "21.06", "2019-03-31": "25.11", "2018-12-31": "29.62", "2018-09-30": "44.90", "2018-06-30": "50.92", "2018-03-31": "39.30", "2017-12-31": "28.45", "2017-09-30": "15.38", "2017-06-30": "14.99", "2017-03-31": "20.26", "2016-12-31": "15.99", "2016-09-30": "21.90", "2016-06-30": "20.11", "2016-03-31": "14.80", "2015-12-31": "13.54", "2015-09-30": "13.01", "2015-06-30": "17.06", "2015-03-31": "11.98", "2014-12-31": "11.12", "2014-09-30": "13.14", "2014-06-30": "14.28", "2014-03-31": "12.59", "2013-12-31": "15.96", "2013-09-30": "14.37", "2013-06-30": "9.83", "2013-03-31": "8.55", "2012-12-31": "7.87", "2012-09-30": "11.80", "2012-06-30": "12.51", "2012-03-31": "18.81", "2011-12-31": "14.80", "2011-09-30": "16.31", "2011-06-30": "19.07", "2011-03-31": "14.53", "2010-12-31": "13.68", "2010-09-30": "13.24", "2010-06-30": "10.85", "2010-03-31": "12.58", "2009-12-31": "11.56", "2009-09-30": "10.41", "2009-06-30": "10.03", "2009-03-31": "4.37", "2008-12-31": "5.75", "2008-09-30": "9.65", "2008-06-30": "10.03", "2008-03-31": "13.70", "2007-12-31": "13.22", "2007-09-30": "16.13", "2007-06-30": "16.05", "2007-03-31": "17.08", "2006-12-31": "17.68"}, "price sales": {"2021-02-05": "1.39", "2020-09-30": "1.20", "2020-06-30": "1.25", "2020-03-31": "0.83", "2019-12-31": "1.39", "2019-09-30": "1.13", "2019-06-30": "1.29", "2019-03-31": "1.61", "2018-12-31": "1.81", "2018-09-30": "1.74", "2018-06-30": "1.83", "2018-03-31": "1.77", "2017-12-31": "1.29", "2017-09-30": "1.32", "2017-06-30": "1.39", "2017-03-31": "1.11", "2016-12-31": "0.91", "2016-09-30": "1.16", "2016-06-30": "1.10", "2016-03-31": "1.17", "2015-12-31": "1.02", "2015-09-30": "1.05", "2015-06-30": "1.02", "2015-03-31": "0.79", "2014-12-31": "0.70", "2014-09-30": "0.82", "2014-06-30": "1.29", "2014-03-31": "1.22", "2013-12-31": "1.75", "2013-09-30": "1.64", "2013-06-30": "1.12", "2013-03-31": "1.00", "2012-12-31": "0.93", "2012-09-30": "1.41", "2012-06-30": "1.51", "2012-03-31": "2.25", "2011-12-31": "1.78", "2011-09-30": "1.93", "2011-06-30": "2.21", "2011-03-31": "1.65", "2010-12-31": "1.47", "2010-09-30": "1.35", "2010-06-30": "1.06", "2010-03-31": "1.11", "2009-12-31": "1.01", "2009-09-30": "0.86", "2009-06-30": "0.83", "2009-03-31": "0.39", "2008-12-31": "0.54", "2008-09-30": "0.97", "2008-06-30": "1.00", "2008-03-31": "1.31", "2007-12-31": "1.19", "2007-09-30": "1.41", "2007-06-30": "1.27", "2007-03-31": "1.29", "2006-12-31": "1.35"}, "price book": {"current": "0.00", "2021-02-05": "0.00", "2020-09-30": "-6.21", "2020-06-30": "-23.36", "2020-03-31": "-10.34", "2019-12-31": "-16.79", "2019-09-30": "-11.11", "2019-06-30": "-11.30", "2019-03-31": "-12.10", "2018-12-31": "-11.64", "2018-09-30": "-10.47", "2018-06-30": "-10.14", "2018-03-31": "-36.98", "2017-12-31": "-16.66", "2017-09-30": "27.66", "2017-06-30": "30.81", "2017-03-31": "19.81", "2016-12-31": "22.83", "2016-09-30": "46.66", "2016-06-30": "153.30", "2016-03-31": "88.02", "2015-12-31": "-92.90", "2015-09-30": "-38.61", "2015-06-30": "-25.95", "2015-03-31": "-13.13", "2014-12-31": "-10.39", "2014-09-30": "-9.56", "2014-06-30": "-14.66", "2014-03-31": "137.80", "2013-12-31": "14.37", "2013-09-30": "15.37", "2013-06-30": "10.57", "2013-03-31": "11.89", "2012-12-31": "8.66", "2012-09-30": "13.30", "2012-06-30": "19.16", "2012-03-31": "12.66", "2011-12-31": "10.37", "2011-09-30": "11.40", "2011-06-30": "10.78", "2011-03-31": "7.82", "2010-12-31": "7.74", "2010-09-30": "7.23", "2010-06-30": "6.41", "2010-03-31": "6.76", "2009-12-31": "6.25", "2009-09-30": "5.40", "2009-06-30": "5.60", "2009-03-31": "3.13", "2008-12-31": "4.90", "2008-09-30": "8.05", "2008-06-30": "9.40", "2008-03-31": "11.07", "2007-12-31": "12.34", "2007-09-30": "9.02", "2007-06-30": "7.63", "2007-03-31": "6.00", "2006-12-31": "6.94", "2006-09-30": "7.71", "2006-06-30": "9.03", "2006-03-31": "9.51"}, "price fcf": {"2021-02-05": "", "2020-09-30": "$4.22", "2020-06-30": "$4.43", "2020-03-31": "$3.24", "2019-12-31": "$2.48", "2019-09-30": "$2.24", "2019-06-30": "$2.17", "2019-03-31": "$2.93", "2018-12-31": "$3.78", "2018-09-30": "$4.08", "2018-06-30": "$3.69", "2018-03-31": "$3.04", "2017-12-31": "$2.99", "2017-09-30": "$2.53", "2017-06-30": "$0.96", "2017-03-31": "$1.52", "2016-12-31": "$1.30", "2016-09-30": "$1.48", "2016-06-30": "$3.04", "2016-03-31": "$3.06", "2015-12-31": "$3.22", "2015-09-30": "$2.61", "2015-06-30": "$2.40", "2015-03-31": "$2.02", "2014-12-31": "$1.86", "2014-09-30": "$2.46", "2014-06-30": "$2.86", "2014-03-31": "$3.05", "2013-12-31": "$2.92", "2013-09-30": "$2.65", "2013-06-30": "$2.38", "2013-03-31": "$2.02", "2012-12-31": "$1.89", "2012-09-30": "$1.85", "2012-06-30": "$1.77", "2012-03-31": "$1.76", "2011-12-31": "$1.68", "2011-09-30": "$1.69", "2011-06-30": "$1.50", "2011-03-31": "$1.28", "2010-12-31": "$1.26", "2010-09-30": "$1.07", "2010-06-30": "$1.10", "2010-03-31": "$0.90", "2009-12-31": "$0.89", "2009-09-30": "$0.92", "2009-06-30": "$0.76", "2009-03-31": "$0.85", "2008-12-31": "$0.70", "2008-09-30": "$0.72", "2008-06-30": "$0.74", "2008-03-31": "$0.81", "2007-12-31": "$0.79", "2007-09-30": "$0.65", "2007-06-30": "$0.51", "2007-03-31": "$0.43", "2006-12-31": "$0.41"}, "net worth": {"value": "$7.09B"}, "current ratio": {"current": "1.59", "2020-09-30": "1.59", "2020-06-30": "2.18", "2020-03-31": "1.60", "2019-12-31": "1.54", "2019-09-30": "1.51", "2019-06-30": "1.26", "2019-03-31": "1.20", "2018-12-31": "1.14", "2018-09-30": "1.14", "2018-06-30": "0.92", "2018-03-31": "2.14", "2017-12-31": "2.05", "2017-09-30": "2.65", "2017-06-30": "2.63", "2017-03-31": "2.56", "2016-12-31": "1.85", "2016-09-30": "1.23", "2016-06-30": "1.14", "2016-03-31": "1.22", "2015-12-31": "1.53", "2015-09-30": "1.45", "2015-06-30": "1.33", "2015-03-31": "1.22", "2014-12-31": "1.59", "2014-09-30": "1.55", "2014-06-30": "1.59", "2014-03-31": "2.15", "2013-12-31": "1.78", "2013-09-30": "1.82", "2013-06-30": "1.90", "2013-03-31": "1.84", "2012-12-31": "1.29", "2012-09-30": "1.39", "2012-06-30": "1.49", "2012-03-31": "1.49", "2011-12-31": "1.36", "2011-09-30": "1.33", "2011-06-30": "1.36", "2011-03-31": "1.43", "2010-12-31": "1.27", "2010-09-30": "1.34", "2010-06-30": "1.30", "2010-03-31": "1.26", "2009-12-31": "1.19", "2009-09-30": "1.30", "2009-06-30": "1.32", "2009-03-31": "1.29", "2008-12-31": "1.21", "2008-09-30": "1.25", "2008-06-30": "1.30", "2008-03-31": "1.32", "2007-12-31": "1.30", "2007-09-30": "1.34", "2007-06-30": "1.14", "2007-03-31": "1.51", "2006-12-31": "1.41", "2006-09-30": "1.13", "2006-06-30": "1.28", "2006-03-31": "1.15", "2005-12-31": "1.05", "2005-09-30": "1.04", "2005-06-30": "1.03", "2005-03-31": "1.06"}, "quick ratio": {"2020-09-30": "1.19", "2020-06-30": "1.80", "2020-03-31": "1.19", "2019-12-31": "1.09", "2019-09-30": "1.05", "2019-06-30": "0.98", "2019-03-31": "0.93", "2018-12-31": "0.90", "2018-09-30": "0.91", "2018-06-30": "0.71", "2018-03-31": "1.78", "2017-12-31": "1.68", "2017-09-30": "2.24", "2017-06-30": "2.19", "2017-03-31": "2.16", "2016-12-31": "1.38", "2016-09-30": "0.94", "2016-06-30": "0.92", "2016-03-31": "0.94", "2015-12-31": "1.21", "2015-09-30": "1.14", "2015-06-30": "1.04", "2015-03-31": "0.94", "2014-12-31": "1.16", "2014-09-30": "1.15", "2014-06-30": "1.22", "2014-03-31": "1.79", "2013-12-31": "1.40", "2013-09-30": "1.42", "2013-06-30": "1.48", "2013-03-31": "1.39", "2012-12-31": "0.85", "2012-09-30": "0.92", "2012-06-30": "1.03", "2012-03-31": "1.05", "2011-12-31": "0.93", "2011-09-30": "0.93", "2011-06-30": "0.96", "2011-03-31": "1.05", "2010-12-31": "0.88", "2010-09-30": "0.95", "2010-06-30": "0.96", "2010-03-31": "0.93", "2009-12-31": "0.86", "2009-09-30": "1.00", "2009-06-30": "1.00", "2009-03-31": "1.00", "2008-12-31": "0.87", "2008-09-30": "0.91", "2008-06-30": "0.96", "2008-03-31": "1.00", "2007-12-31": "0.95", "2007-09-30": "0.98", "2007-06-30": "0.82", "2007-03-31": "1.07", "2006-12-31": "0.96", "2006-09-30": "0.76", "2006-06-30": "0.92", "2006-03-31": "0.78", "2005-12-31": "0.67", "2005-09-30": "0.72", "2005-06-30": "0.74", "2005-03-31": "0.80"}, "debt equity ratio": {"current": "0.00", "2020-09-30": "-4.20", "2020-06-30": "-14.47", "2020-03-31": "-7.99", "2019-12-31": "-7.87", "2019-09-30": "-6.45", "2019-06-30": "-6.76", "2019-03-31": "-5.83", "2018-12-31": "-4.86", "2018-09-30": "-4.59", "2018-06-30": "-4.11", "2018-03-31": "-14.56", "2017-12-31": "-9.65", "2017-09-30": "14.63", "2017-06-30": "16.05", "2017-03-31": "12.32", "2016-12-31": "12.07", "2016-09-30": "19.47", "2016-06-30": "72.63", "2016-03-31": "35.77", "2015-12-31": "-47.32", "2015-09-30": "-19.53", "2015-06-30": "-13.30", "2015-03-31": "-8.93", "2014-12-31": "-8.04", "2014-09-30": "-6.62", "2014-06-30": "-7.03", "2014-03-31": "66.84", "2013-12-31": "3.49", "2013-09-30": "4.14", "2013-06-30": "4.20", "2013-03-31": "5.64", "2012-12-31": "3.36", "2012-09-30": "3.36", "2012-06-30": "4.66", "2012-03-31": "1.53", "2011-12-31": "1.67", "2011-09-30": "1.69", "2011-06-30": "1.35", "2011-03-31": "1.34", "2010-12-31": "1.53", "2010-09-30": "1.71", "2010-06-30": "2.04", "2010-03-31": "2.14", "2009-12-31": "2.19", "2009-09-30": "2.61", "2009-06-30": "2.65", "2009-03-31": "3.28", "2008-12-31": "3.64", "2008-09-30": "3.16", "2008-06-30": "3.93", "2008-03-31": "3.60", "2007-12-31": "4.86", "2007-09-30": "2.54", "2007-06-30": "2.32", "2007-03-31": "1.52", "2006-12-31": "1.87", "2006-09-30": "2.13", "2006-06-30": "2.51", "2006-03-31": "3.14", "2005-12-31": "3.96", "2005-09-30": "5.33", "2005-06-30": "7.23", "2005-03-31": "9.72"}, "return on equity": {"2020-09-30": "-72.76%", "2020-06-30": "-79.37%", "2020-03-31": "-58.84%", "2019-12-31": "-62.09%", "2019-09-30": "-51.90%", "2019-06-30": "-44.46%", "2019-03-31": "-43.04%", "2018-12-31": "-47.70%", "2018-09-30": "-35.15%", "2018-06-30": "-60.32%", "2018-03-31": "-628.15%", "2017-12-31": "245.01%", "2017-09-30": "170.98%", "2017-06-30": "208.39%", "2017-03-31": "159.87%", "2016-12-31": "247.03%", "2016-09-30": "575.44%", "2016-06-30": "-1200.00%", "2016-03-31": "-453.16%", "2015-12-31": "-199.41%", "2015-09-30": "-148.86%", "2015-06-30": "-87.86%", "2015-03-31": "-85.48%", "2014-12-31": "-110.65%", "2014-09-30": "-568.97%", "2014-06-30": "285.89%", "2014-03-31": "130.55%", "2013-12-31": "120.07%", "2013-09-30": "128.76%", "2013-06-30": "128.06%", "2013-03-31": "140.22%", "2012-12-31": "113.03%", "2012-09-30": "102.51%", "2012-06-30": "94.02%", "2012-03-31": "76.82%", "2011-12-31": "74.11%", "2011-09-30": "71.04%", "2011-06-30": "67.42%", "2011-03-31": "68.47%", "2010-12-31": "68.14%", "2010-09-30": "67.59%", "2010-06-30": "67.57%", "2010-03-31": "61.58%", "2009-12-31": "63.80%", "2009-09-30": "62.65%", "2009-06-30": "66.18%", "2009-03-31": "79.29%", "2008-12-31": "89.29%", "2008-09-30": "103.66%", "2008-06-30": "97.26%", "2008-03-31": "82.65%", "2007-12-31": "64.58%", "2007-09-30": "52.84%", "2007-06-30": "46.21%", "2007-03-31": "43.91%", "2006-12-31": "50.49%", "2006-09-30": "55.27%", "2006-06-30": "67.69%", "2006-03-31": "77.52%", "2005-12-31": "77.18%"}, "return on assets": {"2020-09-30": "11.98%", "2020-06-30": "10.43%", "2020-03-31": "9.51%", "2019-12-31": "11.06%", "2019-09-30": "10.67%", "2019-06-30": "10.11%", "2019-03-31": "11.34%", "2018-12-31": "10.85%", "2018-09-30": "6.68%", "2018-06-30": "5.74%", "2018-03-31": "6.68%", "2017-12-31": "6.47%", "2017-09-30": "11.64%", "2017-06-30": "13.59%", "2017-03-31": "8.84%", "2016-12-31": "10.30%", "2016-09-30": "9.83%", "2016-06-30": "10.18%", "2016-03-31": "14.76%", "2015-12-31": "14.01%", "2015-09-30": "14.95%", "2015-06-30": "11.55%", "2015-03-31": "13.08%", "2014-12-31": "12.35%", "2014-09-30": "13.03%", "2014-06-30": "18.24%", "2014-03-31": "19.50%", "2013-12-31": "23.01%", "2013-09-30": "24.48%", "2013-06-30": "25.23%", "2013-03-31": "27.21%", "2012-12-31": "28.98%", "2012-09-30": "29.95%", "2012-06-30": "30.84%", "2012-03-31": "30.09%", "2011-12-31": "29.60%", "2011-09-30": "28.78%", "2011-06-30": "27.34%", "2011-03-31": "26.14%", "2010-12-31": "24.10%", "2010-09-30": "22.52%", "2010-06-30": "20.89%", "2010-03-31": "18.20%", "2009-12-31": "17.52%", "2009-09-30": "15.71%", "2009-06-30": "15.97%", "2009-03-31": "17.72%", "2008-12-31": "19.58%", "2008-09-30": "21.61%", "2008-06-30": "21.18%", "2008-03-31": "19.96%", "2007-12-31": "18.46%", "2007-09-30": "17.51%", "2007-06-30": "15.77%", "2007-03-31": "14.86%", "2006-12-31": "15.16%", "2006-09-30": "14.58%", "2006-06-30": "15.15%", "2006-03-31": "14.08%", "2005-12-31": "11.08%"}, "return on investments": {"2020-09-30": "37.32%", "2020-06-30": "34.37%", "2020-03-31": "37.35%", "2019-12-31": "44.54%", "2019-09-30": "51.05%", "2019-06-30": "58.32%", "2019-03-31": "70.77%", "2018-12-31": "58.98%", "2018-09-30": "50.56%", "2018-06-30": "36.27%", "2018-03-31": "29.58%", "2017-12-31": "27.17%", "2017-09-30": "28.18%", "2017-06-30": "34.54%", "2017-03-31": "27.63%", "2016-12-31": "37.59%", "2016-09-30": "38.72%", "2016-06-30": "38.52%", "2016-03-31": "50.80%", "2015-12-31": "47.83%", "2015-09-30": "49.21%", "2015-06-30": "37.99%", "2015-03-31": "40.97%", "2014-12-31": "35.41%", "2014-09-30": "36.51%", "2014-06-30": "47.52%", "2014-03-31": "47.36%", "2013-12-31": "55.59%", "2013-09-30": "60.49%", "2013-06-30": "64.88%", "2013-03-31": "73.11%", "2012-12-31": "80.07%", "2012-09-30": "78.76%", "2012-06-30": "79.59%", "2012-03-31": "77.01%", "2011-12-31": "74.73%", "2011-09-30": "73.14%", "2011-06-30": "67.93%", "2011-03-31": "65.52%", "2010-12-31": "59.91%", "2010-09-30": "57.96%", "2010-06-30": "54.98%", "2010-03-31": "48.24%", "2009-12-31": "48.23%", "2009-09-30": "44.83%", "2009-06-30": "47.36%", "2009-03-31": "51.53%", "2008-12-31": "57.07%", "2008-09-30": "62.30%", "2008-06-30": "62.30%", "2008-03-31": "63.30%", "2007-12-31": "60.34%", "2007-09-30": "56.15%", "2007-06-30": "54.63%", "2007-03-31": "50.72%", "2006-12-31": "51.74%", "2006-09-30": "52.92%", "2006-06-30": "54.25%", "2006-03-31": "53.78%", "2005-12-31": "51.08%"}, "return on tangible equity": {"2020-09-30": "-40.11%", "2020-06-30": "-38.65%", "2020-03-31": "-31.02%", "2019-12-31": "-34.52%", "2019-09-30": "-30.79%", "2019-06-30": "-27.60%", "2019-03-31": "-27.59%", "2018-12-31": "-28.86%", "2018-09-30": "-19.80%", "2018-06-30": "-24.53%", "2018-03-31": "-48.13%", "2017-12-31": "-67.72%", "2017-09-30": "-206.01%", "2017-06-30": "-198.55%", "2017-03-31": "-100.71%", "2016-12-31": "-87.25%", "2016-09-30": "-68.14%", "2016-06-30": "-59.43%", "2016-03-31": "-74.12%", "2015-12-31": "-59.10%", "2015-09-30": "-55.25%", "2015-06-30": "-37.98%", "2015-03-31": "-40.10%", "2014-12-31": "-44.49%", "2014-09-30": "-69.62%", "2014-06-30": "-180.78%", "2014-03-31": "-1057.92%", "2013-12-31": "2295.65%", "2013-09-30": "-3225.00%", "2013-06-30": "-1313.51%", "2013-03-31": "-610.93%", "2012-12-31": "-7733.33%", "2012-09-30": "1437.50%", "2012-06-30": "670.59%", "2012-03-31": "291.46%", "2011-12-31": "288.19%", "2011-09-30": "298.84%", "2011-06-30": "307.30%", "2011-03-31": "492.88%", "2010-12-31": "1831.25%", "2010-09-30": "-1681.25%", "2010-06-30": "-498.49%", "2010-03-31": "-301.41%", "2009-12-31": "-202.99%", "2009-09-30": "-138.40%", "2009-06-30": "-124.66%", "2009-03-31": "-119.82%", "2008-12-31": "-127.01%", "2008-09-30": "-127.51%", "2008-06-30": "-125.54%", "2008-03-31": "-128.68%", "2007-12-31": "-151.59%", "2007-09-30": "-213.10%", "2007-06-30": "-180.46%", "2007-03-31": "-143.21%", "2006-12-31": "-93.46%", "2006-09-30": "-63.82%", "2006-06-30": "-52.17%", "2006-03-31": "-39.11%", "2005-12-31": "-26.63%"}, "dividend yield history": {"last payout": "$0.00", "last yield": "0.00%"}}