{"ticker": "HES", "price": {"title": "Hess Historical Annual Stock Price Data", "value": 56.94, "historical": {"2021": {"Average Stock Price": "58.7692", "Year Open": "52.8000", "Year High": "63.8400", "Year Low": "52.8000", "Year Close": "56.9400", "Annual % Change": "7.86%"}, "2020": {"Average Stock Price": "48.1765", "Year Open": "67.7200", "Year High": "70.9400", "Year Low": "28.9100", "Year Close": "52.7900", "Annual % Change": "-20.98%"}, "2019": {"Average Stock Price": "61.2199", "Year Open": "42.2400", "Year High": "72.8000", "Year Low": "42.2400", "Year Close": "66.8100", "Annual % Change": "64.96%"}, "2018": {"Average Stock Price": "58.0005", "Year Open": "47.8500", "Year High": "74.5900", "Year Low": "36.4300", "Year Close": "40.5000", "Annual % Change": "-14.68%"}, "2017": {"Average Stock Price": "46.7539", "Year Open": "62.8200", "Year High": "62.8200", "Year Low": "38.0900", "Year Close": "47.4700", "Annual % Change": "-23.79%"}, "2016": {"Average Stock Price": "52.6788", "Year Open": "48.1800", "Year High": "65.1400", "Year Low": "34.3800", "Year Close": "62.2900", "Annual % Change": "28.49%"}, "2015": {"Average Stock Price": "63.9507", "Year Open": "74.1400", "Year High": "78.0900", "Year Low": "47.4400", "Year Close": "48.4800", "Annual % Change": "-34.33%"}, "2014": {"Average Stock Price": "87.0243", "Year Open": "81.1200", "Year High": "101.1000", "Year Low": "65.4500", "Year Close": "73.8200", "Annual % Change": "-11.06%"}, "2013": {"Average Stock Price": "72.5917", "Year Open": "53.7100", "Year High": "84.0600", "Year Low": "53.7100", "Year Close": "83.0000", "Annual % Change": "56.72%"}, "2012": {"Average Stock Price": "52.6924", "Year Open": "58.4000", "Year High": "67.0000", "Year Low": "39.9500", "Year Close": "52.9600", "Annual % Change": "-6.76%"}, "2011": {"Average Stock Price": "69.9269", "Year Open": "77.4200", "Year High": "87.0300", "Year Low": "49.4600", "Year Close": "56.8000", "Annual % Change": "-25.79%"}, "2010": {"Average Stock Price": "60.3439", "Year Open": "63.1600", "Year High": "76.5400", "Year Low": "49.6900", "Year Close": "76.5400", "Annual % Change": "26.51%"}, "2009": {"Average Stock Price": "56.1477", "Year Open": "57.2500", "Year High": "68.0400", "Year Low": "47.5000", "Year Close": "60.5000", "Annual % Change": "12.79%"}, "2008": {"Average Stock Price": "89.6031", "Year Open": "98.8600", "Year High": "133.8000", "Year Low": "38.4500", "Year Close": "53.6400", "Annual % Change": "-46.82%"}, "2007": {"Average Stock Price": "61.9188", "Year Open": "47.5900", "Year High": "104.4000", "Year Low": "47.3100", "Year Close": "100.8600", "Annual % Change": "103.47%"}, "2006": {"Average Stock Price": "47.4372", "Year Open": "44.5433", "Year High": "56.0200", "Year Low": "38.5000", "Year Close": "49.5700", "Annual % Change": "17.26%"}, "2005": {"Average Stock Price": "36.6378", "Year Open": "26.4500", "Year High": "46.4600", "Year Low": "26.3333", "Year Close": "42.2733", "Annual % Change": "53.95%"}, "2004": {"Average Stock Price": "24.8066", "Year Open": "17.9100", "Year High": "30.9700", "Year Low": "17.9100", "Year Close": "27.4600", "Annual % Change": "54.94%"}, "2003": {"Average Stock Price": "16.1487", "Year Open": "18.5833", "Year High": "19.0167", "Year Low": "13.8600", "Year Close": "17.7233", "Annual % Change": "-3.42%"}, "2002": {"Average Stock Price": "22.8765", "Year Open": "20.7167", "Year High": "28.0700", "Year Low": "16.5600", "Year Close": "18.3500", "Annual % Change": "-11.92%"}, "2001": {"Average Stock Price": "24.3200", "Year Open": "24.6467", "Year High": "29.9667", "Year Low": "18.0500", "Year Close": "20.8333", "Annual % Change": "-14.45%"}, "2000": {"Average Stock Price": "20.7493", "Year Open": "18.1667", "Year High": "25.3533", "Year Low": "16.0833", "Year Close": "24.3533", "Annual % Change": "28.74%"}, "1999": {"Average Stock Price": "18.8969", "Year Open": "16.9167", "Year High": "21.9800", "Year Low": "14.6467", "Year Close": "18.9167", "Annual % Change": "14.07%"}, "1998": {"Average Stock Price": "18.2545", "Year Open": "17.9600", "Year High": "20.2100", "Year Low": "15.7933", "Year Close": "16.5833", "Annual % Change": "-9.35%"}, "1997": {"Average Stock Price": "18.7578", "Year Open": "19.4167", "Year High": "21.2933", "Year Low": "15.8767", "Year Close": "18.2933", "Annual % Change": "-5.18%"}, "1996": {"Average Stock Price": "18.1578", "Year Open": "17.9167", "Year High": "20.0000", "Year Low": "16.0000", "Year Close": "19.2933", "Annual % Change": "9.21%"}, "1995": {"Average Stock Price": "16.1466", "Year Open": "14.9600", "Year High": "17.6667", "Year Low": "14.5000", "Year Close": "17.6667", "Annual % Change": "16.15%"}, "1994": {"Average Stock Price": "16.1144", "Year Open": "15.3767", "Year High": "17.5000", "Year Low": "14.6667", "Year Close": "15.2100", "Annual % Change": "1.11%"}, "1993": {"Average Stock Price": "16.7910", "Year Open": "15.4167", "Year High": "18.6667", "Year Low": "14.1667", "Year Close": "15.0433", "Annual % Change": "-1.89%"}, "1992": {"Average Stock Price": "15.0780", "Year Open": "16.2100", "Year High": "16.7933", "Year Low": "12.3333", "Year Close": "15.3333", "Annual % Change": "-3.16%"}, "1991": {"Average Stock Price": "17.1768", "Year Open": "15.4167", "Year High": "19.7100", "Year Low": "14.2933", "Year Close": "15.8333", "Annual % Change": "2.41%"}, "1990": {"Average Stock Price": "16.0900", "Year Open": "16.1667", "Year High": "18.5833", "Year Low": "14.3767", "Year Close": "15.4600", "Annual % Change": "-4.86%"}, "1989": {"Average Stock Price": "13.0883", "Year Open": "10.4167", "Year High": "17.2933", "Year Low": "10.4167", "Year Close": "16.2500", "Annual % Change": "54.76%"}, "1988": {"Average Stock Price": "9.4113", "Year Open": "8.5833", "Year High": "11.0000", "Year Low": "7.8333", "Year Close": "10.5000", "Annual % Change": "26.61%"}, "1987": {"Average Stock Price": "10.6260", "Year Open": "8.1267", "Year High": "13.8333", "Year Low": "7.5433", "Year Close": "8.2933", "Annual % Change": "4.76%"}, "1986": {"Average Stock Price": "7.3244", "Year Open": "9.0433", "Year High": "9.5433", "Year Low": "5.6267", "Year Close": "7.9167", "Annual % Change": "-12.84%"}, "1985": {"Average Stock Price": "9.4207", "Year Open": "8.1267", "Year High": "11.1267", "Year Low": "7.6667", "Year Close": "9.0833", "Annual % Change": "11.77%"}, "1984": {"Average Stock Price": "9.4679", "Year Open": "9.3333", "Year High": "11.0433", "Year Low": "7.6667", "Year Close": "8.1267", "Annual % Change": "-15.93%"}}}, "market cap": {"value": "$17.48B"}, "income statement": {"Revenue": {"2020-12-31": "4804.00000", "2019-12-31": "6495.00000", "2018-12-31": "6323.00000", "2017-12-31": "5466.00000", "2016-12-31": "4762.00000", "2015-12-31": "6636.00000", "2014-12-31": "10737.00000", "2013-12-31": "11905.00000", "2012-12-31": "12245.00000", "2011-12-31": "21451.00000", "2010-12-31": "33862.00000", "2009-12-31": "29614.00000", "2008-12-31": "41134.00000", "2007-12-31": "31727.00000", "2006-12-31": "28067.00000", "2005-12-31": "22747.00000"}, "Cost Of Goods Sold": {"2020-12-31": "", "2019-12-31": "", "2018-12-31": "", "2017-12-31": "", "2016-12-31": "", "2015-12-31": "", "2014-12-31": "1719.00000", "2013-12-31": "1725.00000", "2012-12-31": "1333.00000", "2011-12-31": "10528.00000", "2010-12-31": "23407.00000", "2009-12-31": "20961.00000", "2008-12-31": "29567.00000", "2007-12-31": "22532.00000", "2006-12-31": "19912.00000", "2005-12-31": "17041.00000"}, "Gross Profit": {"2020-12-31": "4804.00000", "2019-12-31": "6495.00000", "2018-12-31": "6323.00000", "2017-12-31": "5466.00000", "2016-12-31": "4762.00000", "2015-12-31": "6636.00000", "2014-12-31": "9018.00000", "2013-12-31": "10180.00000", "2012-12-31": "10912.00000", "2011-12-31": "10923.00000", "2010-12-31": "10455.00000", "2009-12-31": "8653.00000", "2008-12-31": "11567.00000", "2007-12-31": "9195.00000", "2006-12-31": "8155.00000", "2005-12-31": "5706.00000"}, "Research And Development Expenses": {"2020-12-31": "351.00000", "2019-12-31": "233.00000", "2018-12-31": "362.00000", "2017-12-31": "507.00000", "2016-12-31": "1442.00000", "2015-12-31": "881.00000", "2014-12-31": "840.00000", "2013-12-31": "1031.00000", "2012-12-31": "1070.00000", "2011-12-31": "1195.00000", "2010-12-31": "865.00000", "2009-12-31": "829.00000", "2008-12-31": "725.00000", "2007-12-31": "515.00000", "2006-12-31": "552.00000", "2005-12-31": "397.00000"}, "SG&A Expenses": {"2020-12-31": "2635.00000", "2019-12-31": "3554.00000", "2018-12-31": "3549.00000", "2017-12-31": "3251.00000", "2016-12-31": "3454.00000", "2015-12-31": "4026.00000", "2014-12-31": "2897.00000", "2013-12-31": "3289.00000", "2012-12-31": "3328.00000", "2011-12-31": "3779.00000", "2010-12-31": "3607.00000", "2009-12-31": "3460.00000", "2008-12-31": "3569.00000", "2007-12-31": "3139.00000", "2006-12-31": "2661.00000", "2005-12-31": "2206.00000"}, "Other Operating Income Or Expenses": {"2020-12-31": "-2126.00000", "2019-12-31": "", "2018-12-31": "", "2017-12-31": "-4203.00000", "2016-12-31": "-67.00000", "2015-12-31": "-1616.00000", "2014-12-31": "0.00000", "2013-12-31": "-289.00000", "2012-12-31": "-582.00000", "2011-12-31": "-358.00000", "2010-12-31": "-745.00000", "2009-12-31": "-237.00000", "2008-12-31": "-239.00000", "2007-12-31": "-161.00000", "2006-12-31": "-122.00000", "2005-12-31": "-155.00000"}, "Operating Expenses": {"2020-12-31": "7186.00000", "2019-12-31": "5909.00000", "2018-12-31": "5794.00000", "2017-12-31": "10844.00000", "2016-12-31": "8207.00000", "2015-12-31": "10478.00000", "2014-12-31": "8680.00000", "2013-12-31": "9021.00000", "2012-12-31": "9179.00000", "2011-12-31": "18233.00000", "2010-12-31": "30941.00000", "2009-12-31": "27687.00000", "2008-12-31": "36099.00000", "2007-12-31": "27923.00000", "2006-12-31": "24471.00000", "2005-12-31": "20824.00000"}, "Operating Income": {"2020-12-31": "-2382.00000", "2019-12-31": "586.00000", "2018-12-31": "529.00000", "2017-12-31": "-5378.00000", "2016-12-31": "-3445.00000", "2015-12-31": "-3842.00000", "2014-12-31": "2057.00000", "2013-12-31": "2884.00000", "2012-12-31": "3066.00000", "2011-12-31": "3218.00000", "2010-12-31": "2921.00000", "2009-12-31": "1927.00000", "2008-12-31": "5035.00000", "2007-12-31": "3804.00000", "2006-12-31": "3596.00000", "2005-12-31": "1923.00000"}, "Total Non-Operating Income/Expense": {"2020-12-31": "-468.00000", "2019-12-31": "-365.00000", "2018-12-31": "-309.00000", "2017-12-31": "-400.00000", "2016-12-31": "-409.00000", "2015-12-31": "-416.00000", "2014-12-31": "379.00000", "2013-12-31": "1717.00000", "2012-12-31": "271.00000", "2011-12-31": "-978.00000", "2010-12-31": "390.00000", "2009-12-31": "-405.00000", "2008-12-31": "-338.00000", "2007-12-31": "21.00000", "2006-12-31": "450.00000", "2005-12-31": "278.00000"}, "Pre-Tax Income": {"2020-12-31": "-2850.00000", "2019-12-31": "221.00000", "2018-12-31": "220.00000", "2017-12-31": "-5778.00000", "2016-12-31": "-3854.00000", "2015-12-31": "-4258.00000", "2014-12-31": "2436.00000", "2013-12-31": "4601.00000", "2012-12-31": "3337.00000", "2011-12-31": "2240.00000", "2010-12-31": "3311.00000", "2009-12-31": "1522.00000", "2008-12-31": "4697.00000", "2007-12-31": "3825.00000", "2006-12-31": "4046.00000", "2005-12-31": "2201.00000"}, "Income Taxes": {"2020-12-31": "-11.00000", "2019-12-31": "461.00000", "2018-12-31": "335.00000", "2017-12-31": "-1837.00000", "2016-12-31": "2222.00000", "2015-12-31": "-1299.00000", "2014-12-31": "744.00000", "2013-12-31": "565.00000", "2012-12-31": "1529.00000", "2011-12-31": "709.00000", "2010-12-31": "1173.00000", "2009-12-31": "715.00000", "2008-12-31": "2340.00000", "2007-12-31": "1872.00000", "2006-12-31": "2126.00000", "2005-12-31": "975.00000"}, "Income After Taxes": {"2020-12-31": "-2839.00000", "2019-12-31": "-240.00000", "2018-12-31": "-115.00000", "2017-12-31": "-3941.00000", "2016-12-31": "-6076.00000", "2015-12-31": "-2959.00000", "2014-12-31": "1692.00000", "2013-12-31": "4036.00000", "2012-12-31": "1808.00000", "2011-12-31": "1531.00000", "2010-12-31": "2138.00000", "2009-12-31": "807.00000", "2008-12-31": "2357.00000", "2007-12-31": "1953.00000", "2006-12-31": "1920.00000", "2005-12-31": "1226.00000"}, "Other Income": {"2020-12-31": "", "2019-12-31": "", "2018-12-31": "", "2017-12-31": "", "2016-12-31": "", "2015-12-31": "", "2014-12-31": "", "2013-12-31": "", "2012-12-31": "", "2011-12-31": "", "2010-12-31": "", "2009-12-31": "", "2008-12-31": "", "2007-12-31": "", "2006-12-31": "", "2005-12-31": ""}, "Income From Continuous Operations": {"2020-12-31": "-2839.00000", "2019-12-31": "-240.00000", "2018-12-31": "-115.00000", "2017-12-31": "-3941.00000", "2016-12-31": "-6076.00000", "2015-12-31": "-2959.00000", "2014-12-31": "1692.00000", "2013-12-31": "4036.00000", "2012-12-31": "1808.00000", "2011-12-31": "1531.00000", "2010-12-31": "2138.00000", "2009-12-31": "807.00000", "2008-12-31": "2357.00000", "2007-12-31": "1953.00000", "2006-12-31": "1920.00000", "2005-12-31": "1226.00000"}, "Income From Discontinued Operations": {"2020-12-31": "", "2019-12-31": "", "2018-12-31": "", "2017-12-31": "", "2016-12-31": "", "2015-12-31": "-48.00000", "2014-12-31": "682.00000", "2013-12-31": "1186.00000", "2012-12-31": "255.00000", "2011-12-31": "145.00000", "2010-12-31": "", "2009-12-31": "", "2008-12-31": "", "2007-12-31": "", "2006-12-31": "", "2005-12-31": ""}, "Net Income": {"2020-12-31": "-3093.00000", "2019-12-31": "-412.00000", "2018-12-31": "-328.00000", "2017-12-31": "-4120.00000", "2016-12-31": "-6173.00000", "2015-12-31": "-3056.00000", "2014-12-31": "2317.00000", "2013-12-31": "5052.00000", "2012-12-31": "2025.00000", "2011-12-31": "1703.00000", "2010-12-31": "2125.00000", "2009-12-31": "740.00000", "2008-12-31": "2360.00000", "2007-12-31": "1832.00000", "2006-12-31": "1876.00000", "2005-12-31": "1178.00000"}, "EBITDA": {"2020-12-31": "-308.00000", "2019-12-31": "2708.00000", "2018-12-31": "2412.00000", "2017-12-31": "-2495.00000", "2016-12-31": "-201.00000", "2015-12-31": "113.00000", "2014-12-31": "5281.00000", "2013-12-31": "5571.00000", "2012-12-31": "5932.00000", "2011-12-31": "5591.00000", "2010-12-31": "5238.00000", "2009-12-31": "4127.00000", "2008-12-31": "7034.00000", "2007-12-31": "5380.00000", "2006-12-31": "4820.00000", "2005-12-31": "2948.00000"}, "EBIT": {"2020-12-31": "-2382.00000", "2019-12-31": "586.00000", "2018-12-31": "529.00000", "2017-12-31": "-5378.00000", "2016-12-31": "-3445.00000", "2015-12-31": "-3842.00000", "2014-12-31": "2057.00000", "2013-12-31": "2884.00000", "2012-12-31": "3066.00000", "2011-12-31": "3218.00000", "2010-12-31": "2921.00000", "2009-12-31": "1927.00000", "2008-12-31": "5035.00000", "2007-12-31": "3804.00000", "2006-12-31": "3596.00000", "2005-12-31": "1923.00000"}, "Basic Shares Outstanding": {"2020-12-31": "", "2019-12-31": "301.20000", "2018-12-31": "298.20000", "2017-12-31": "314.10000", "2016-12-31": "309.90000", "2015-12-31": "283.60000", "2014-12-31": "303.70000", "2013-12-31": "336.60000", "2012-12-31": "338.40000", "2011-12-31": "336.90000", "2010-12-31": "326.00000", "2009-12-31": "323.90000", "2008-12-31": "325.84700", "2007-12-31": "319.30000", "2006-12-31": "315.70000", "2005-12-31": "272.70000"}, "Shares Outstanding": {"2020-12-31": "304.80000", "2019-12-31": "301.20000", "2018-12-31": "298.20000", "2017-12-31": "314.10000", "2016-12-31": "309.90000", "2015-12-31": "283.60000", "2014-12-31": "307.70000", "2013-12-31": "340.90000", "2012-12-31": "340.30000", "2011-12-31": "339.90000", "2010-12-31": "328.30000", "2009-12-31": "326.00000", "2008-12-31": "325.84700", "2007-12-31": "319.30000", "2006-12-31": "315.70000", "2005-12-31": "312.10000"}, "Basic EPS": {"2020-12-31": "", "2019-12-31": "-1.37000", "2018-12-31": "-1.10000", "2017-12-31": "-13.12000", "2016-12-31": "-19.92000", "2015-12-31": "-10.78000", "2014-12-31": "7.63000", "2013-12-31": "15.01000", "2012-12-31": "5.98000", "2011-12-31": "5.05000", "2010-12-31": "6.52000", "2009-12-31": "2.28000", "2008-12-31": "7.35000", "2007-12-31": "5.86000", "2006-12-31": "6.75000", "2005-12-31": "4.32000"}, "EPS - Earnings Per Share": {"2020-12-31": "-10.15000", "2019-12-31": "-1.37000", "2018-12-31": "-1.10000", "2017-12-31": "-13.12000", "2016-12-31": "-19.92000", "2015-12-31": "-10.78000", "2014-12-31": "7.53000", "2013-12-31": "14.82000", "2012-12-31": "5.95000", "2011-12-31": "5.01000", "2010-12-31": "6.47000", "2009-12-31": "2.27000", "2008-12-31": "7.24000", "2007-12-31": "5.74000", "2006-12-31": "6.08000", "2005-12-31": "3.93000"}}, "income statement, quarterly": {"Revenue": {"2020-12-31": "1417.00000", "2020-09-30": "1176.00000", "2020-06-30": "842.00000", "2020-03-31": "1369.00000", "2019-12-31": "1684.00000", "2019-09-30": "1515.00000", "2019-06-30": "1697.00000", "2019-03-31": "1599.00000", "2018-12-31": "1539.00000", "2018-09-30": "1828.00000", "2018-06-30": "1566.00000", "2018-03-31": "1390.00000", "2017-12-31": "1366.00000", "2017-09-30": "1644.00000", "2017-06-30": "1202.00000", "2017-03-31": "1254.00000", "2016-12-31": "1304.00000", "2016-09-30": "1196.00000", "2016-06-30": "1269.00000", "2016-03-31": "993.00000", "2015-12-31": "1462.00000", "2015-09-30": "1689.00000", "2015-06-30": "1935.00000", "2015-03-31": "1550.00000", "2014-12-31": "2557.00000", "2014-09-30": "2678.00000", "2014-06-30": "2829.00000", "2014-03-31": "2673.00000", "2013-12-31": "2722.00000", "2013-09-30": "2720.00000", "2013-06-30": "3069.00000", "2013-03-31": "6106.00000", "2012-12-31": "2953.00000", "2012-09-30": "3072.00000", "2012-06-30": "3324.00000", "2012-03-31": "2896.00000", "2011-12-31": "9733.00000", "2011-09-30": "8665.00000", "2011-06-30": "9853.00000", "2011-03-31": "10215.00000", "2010-12-31": "9007.00000", "2010-09-30": "7864.00000", "2010-06-30": "7732.00000", "2010-03-31": "9259.00000", "2009-12-31": "8678.00000", "2009-09-30": "7270.00000", "2009-06-30": "6751.00000", "2009-03-31": "6915.00000", "2008-12-31": "7380.00000", "2008-09-30": "11396.00000", "2008-06-30": "11711.00000", "2008-03-31": "10647.00000", "2007-12-31": "9536.00000", "2007-09-30": "7451.00000", "2007-06-30": "7421.00000", "2007-03-31": "7319.00000", "2006-12-31": "7155.00000", "2006-09-30": "7035.00000", "2006-06-30": "6718.00000", "2006-03-31": "7159.00000", "2005-12-31": "7058.00000", "2005-09-30": "5769.00000", "2005-06-30": "4963.00000", "2005-03-31": "4957.00000"}, "Cost Of Goods Sold": {"2020-12-31": "", "2020-09-30": "", "2020-06-30": "", "2020-03-31": "", "2019-12-31": "", "2019-09-30": "", "2019-06-30": "", "2019-03-31": "", "2018-12-31": "", "2018-09-30": "", "2018-06-30": "", "2018-03-31": "", "2017-12-31": "", "2017-09-30": "", "2017-06-30": "", "2017-03-31": "", "2016-12-31": "", "2016-09-30": "222.00000", "2016-06-30": "277.00000", "2016-03-31": "189.00000", "2015-12-31": "", "2015-09-30": "356.00000", "2015-06-30": "356.00000", "2015-03-31": "278.00000", "2014-12-31": "482.00000", "2014-09-30": "423.00000", "2014-06-30": "421.00000", "2014-03-31": "393.00000", "2013-12-31": "461.00000", "2013-09-30": "375.00000", "2013-06-30": "421.00000", "2013-03-31": "3054.00000", "2012-12-31": "372.00000", "2012-09-30": "359.00000", "2012-06-30": "332.00000", "2012-03-31": "270.00000", "2011-12-31": "6712.00000", "2011-09-30": "6181.00000", "2011-06-30": "6841.00000", "2011-03-31": "7040.00000", "2010-12-31": "6221.00000", "2010-09-30": "5330.00000", "2010-06-30": "5316.00000", "2010-03-31": "6540.00000", "2009-12-31": "6005.00000", "2009-09-30": "5069.00000", "2009-06-30": "4705.00000", "2009-03-31": "5182.00000", "2008-12-31": "5361.00000", "2008-09-30": "8164.00000", "2008-06-30": "8337.00000", "2008-03-31": "7705.00000", "2007-12-31": "6610.00000", "2007-09-30": "5322.00000", "2007-06-30": "5190.00000", "2007-03-31": "5410.00000", "2006-12-31": "5060.00000", "2006-09-30": "4899.00000", "2006-06-30": "4724.00000", "2006-03-31": "5229.00000", "2005-12-31": "5368.00000", "2005-09-30": "4424.00000", "2005-06-30": "3621.00000", "2005-03-31": "3628.00000"}, "Gross Profit": {"2020-12-31": "1417.00000", "2020-09-30": "1176.00000", "2020-06-30": "842.00000", "2020-03-31": "1369.00000", "2019-12-31": "1684.00000", "2019-09-30": "1515.00000", "2019-06-30": "1697.00000", "2019-03-31": "1599.00000", "2018-12-31": "1539.00000", "2018-09-30": "1828.00000", "2018-06-30": "1566.00000", "2018-03-31": "1390.00000", "2017-12-31": "1366.00000", "2017-09-30": "1644.00000", "2017-06-30": "1202.00000", "2017-03-31": "1254.00000", "2016-12-31": "1304.00000", "2016-09-30": "974.00000", "2016-06-30": "992.00000", "2016-03-31": "804.00000", "2015-12-31": "1462.00000", "2015-09-30": "1333.00000", "2015-06-30": "1579.00000", "2015-03-31": "1272.00000", "2014-12-31": "2075.00000", "2014-09-30": "2255.00000", "2014-06-30": "2408.00000", "2014-03-31": "2280.00000", "2013-12-31": "2261.00000", "2013-09-30": "2345.00000", "2013-06-30": "2648.00000", "2013-03-31": "3052.00000", "2012-12-31": "2581.00000", "2012-09-30": "2713.00000", "2012-06-30": "2992.00000", "2012-03-31": "2626.00000", "2011-12-31": "3021.00000", "2011-09-30": "2484.00000", "2011-06-30": "3012.00000", "2011-03-31": "3175.00000", "2010-12-31": "2786.00000", "2010-09-30": "2534.00000", "2010-06-30": "2416.00000", "2010-03-31": "2719.00000", "2009-12-31": "2673.00000", "2009-09-30": "2201.00000", "2009-06-30": "2046.00000", "2009-03-31": "1733.00000", "2008-12-31": "2019.00000", "2008-09-30": "3232.00000", "2008-06-30": "3374.00000", "2008-03-31": "2942.00000", "2007-12-31": "2926.00000", "2007-09-30": "2129.00000", "2007-06-30": "2231.00000", "2007-03-31": "1909.00000", "2006-12-31": "2095.00000", "2006-09-30": "2136.00000", "2006-06-30": "1994.00000", "2006-03-31": "1930.00000", "2005-12-31": "1690.00000", "2005-09-30": "1345.00000", "2005-06-30": "1342.00000", "2005-03-31": "1329.00000"}, "Research And Development Expenses": {"2020-12-31": "60.00000", "2020-09-30": "71.00000", "2020-06-30": "31.00000", "2020-03-31": "189.00000", "2019-12-31": "106.00000", "2019-09-30": "50.00000", "2019-06-30": "43.00000", "2019-03-31": "34.00000", "2018-12-31": "91.00000", "2018-09-30": "169.00000", "2018-06-30": "62.00000", "2018-03-31": "40.00000", "2017-12-31": "356.00000", "2017-09-30": "41.00000", "2017-06-30": "52.00000", "2017-03-31": "58.00000", "2016-12-31": "1033.00000", "2016-09-30": "78.00000", "2016-06-30": "199.00000", "2016-03-31": "132.00000", "2015-12-31": "378.00000", "2015-09-30": "144.00000", "2015-06-30": "90.00000", "2015-03-31": "269.00000", "2014-12-31": "171.00000", "2014-09-30": "90.00000", "2014-06-30": "460.00000", "2014-03-31": "119.00000", "2013-12-31": "458.00000", "2013-09-30": "154.00000", "2013-06-30": "200.00000", "2013-03-31": "219.00000", "2012-12-31": "362.00000", "2012-09-30": "259.00000", "2012-06-30": "196.00000", "2012-03-31": "253.00000", "2011-12-31": "426.00000", "2011-09-30": "199.00000", "2011-06-30": "257.00000", "2011-03-31": "313.00000", "2010-12-31": "317.00000", "2010-09-30": "225.00000", "2010-06-30": "172.00000", "2010-03-31": "151.00000", "2009-12-31": "157.00000", "2009-09-30": "167.00000", "2009-06-30": "312.00000", "2009-03-31": "193.00000", "2008-12-31": "258.00000", "2008-09-30": "157.00000", "2008-06-30": "158.00000", "2008-03-31": "152.00000", "2007-12-31": "201.00000", "2007-09-30": "131.00000", "2007-06-30": "90.00000", "2007-03-31": "93.00000", "2006-12-31": "140.00000", "2006-09-30": "221.00000", "2006-06-30": "79.00000", "2006-03-31": "112.00000", "2005-12-31": "86.00000", "2005-09-30": "91.00000", "2005-06-30": "87.00000", "2005-03-31": "133.00000"}, "SG&A Expenses": {"2020-12-31": "708.00000", "2020-09-30": "647.00000", "2020-06-30": "455.00000", "2020-03-31": "825.00000", "2019-12-31": "976.00000", "2019-09-30": "881.00000", "2019-06-30": "897.00000", "2019-03-31": "800.00000", "2018-12-31": "898.00000", "2018-09-30": "947.00000", "2018-06-30": "909.00000", "2018-03-31": "795.00000", "2017-12-31": "986.00000", "2017-09-30": "829.00000", "2017-06-30": "752.00000", "2017-03-31": "684.00000", "2016-12-31": "1832.00000", "2016-09-30": "554.00000", "2016-06-30": "589.00000", "2016-03-31": "553.00000", "2015-12-31": "2056.00000", "2015-09-30": "656.00000", "2015-06-30": "699.00000", "2015-03-31": "689.00000", "2014-12-31": "742.00000", "2014-09-30": "719.00000", "2014-06-30": "766.00000", "2014-03-31": "670.00000", "2013-12-31": "265.00000", "2013-09-30": "738.00000", "2013-06-30": "803.00000", "2013-03-31": "1098.00000", "2012-12-31": "1941.00000", "2012-09-30": "846.00000", "2012-06-30": "271.00000", "2012-03-31": "270.00000", "2011-12-31": "1073.00000", "2011-09-30": "1052.00000", "2011-06-30": "1020.00000", "2011-03-31": "978.00000", "2010-12-31": "1020.00000", "2010-09-30": "858.00000", "2010-06-30": "844.00000", "2010-03-31": "885.00000", "2009-12-31": "961.00000", "2009-09-30": "848.00000", "2009-06-30": "825.00000", "2009-03-31": "826.00000", "2008-12-31": "904.00000", "2008-09-30": "939.00000", "2008-06-30": "917.00000", "2008-03-31": "809.00000", "2007-12-31": "914.00000", "2007-09-30": "765.00000", "2007-06-30": "760.00000", "2007-03-31": "700.00000", "2006-12-31": "729.00000", "2006-09-30": "668.00000", "2006-06-30": "662.00000", "2006-03-31": "602.00000", "2005-12-31": "625.00000", "2005-09-30": "541.00000", "2005-06-30": "533.00000", "2005-03-31": "507.00000"}, "Other Operating Income Or Expenses": {"2020-12-31": "", "2020-09-30": "", "2020-06-30": "", "2020-03-31": "-2126.00000", "2019-12-31": "", "2019-09-30": "", "2019-06-30": "", "2019-03-31": "", "2018-12-31": "", "2018-09-30": "", "2018-06-30": "", "2018-03-31": "", "2017-12-31": "-1700.00000", "2017-09-30": "-2503.00000", "2017-06-30": "", "2017-03-31": "", "2016-12-31": "", "2016-09-30": "0.00000", "2016-06-30": "", "2016-03-31": "", "2015-12-31": "-1231.00000", "2015-09-30": "", "2015-06-30": "-385.00000", "2015-03-31": "", "2014-12-31": "", "2014-09-30": "", "2014-06-30": "0.00000", "2014-03-31": "", "2013-12-31": "-835.00000", "2013-09-30": "", "2013-06-30": "", "2013-03-31": "", "2012-12-31": "770.00000", "2012-09-30": "-208.00000", "2012-06-30": "-609.00000", "2012-03-31": "-535.00000", "2011-12-31": "-44.00000", "2011-09-30": "-401.00000", "2011-06-30": "-42.00000", "2011-03-31": "-42.00000", "2010-12-31": "-42.00000", "2010-09-30": "-571.00000", "2010-06-30": "-80.00000", "2010-03-31": "-52.00000", "2009-12-31": "-103.00000", "2009-09-30": "-43.00000", "2009-06-30": "-43.00000", "2009-03-31": "-48.00000", "2008-12-31": "-85.00000", "2008-09-30": "-62.00000", "2008-06-30": "-47.00000", "2008-03-31": "-45.00000", "2007-12-31": "-46.00000", "2007-09-30": "-45.00000", "2007-06-30": "-37.00000", "2007-03-31": "-33.00000", "2006-12-31": "-32.00000", "2006-09-30": "-32.00000", "2006-06-30": "-29.00000", "2006-03-31": "-29.00000", "2005-12-31": "-55.00000", "2005-09-30": "-31.00000", "2005-06-30": "-38.00000", "2005-03-31": "-31.00000"}, "Operating Expenses": {"2020-12-31": "1254.00000", "2020-09-30": "1236.00000", "2020-06-30": "995.00000", "2020-03-31": "3701.00000", "2019-12-31": "1668.00000", "2019-09-30": "1475.00000", "2019-06-30": "1434.00000", "2019-03-31": "1332.00000", "2018-12-31": "1522.00000", "2018-09-30": "1605.00000", "2018-06-30": "1415.00000", "2018-03-31": "1252.00000", "2017-12-31": "3688.00000", "2017-09-30": "4132.00000", "2017-06-30": "1545.00000", "2017-03-31": "1479.00000", "2016-12-31": "2938.00000", "2016-09-30": "1665.00000", "2016-06-30": "1862.00000", "2016-03-31": "1742.00000", "2015-12-31": "3584.00000", "2015-09-30": "2144.00000", "2015-06-30": "2558.00000", "2015-03-31": "2192.00000", "2014-12-31": "2270.00000", "2014-09-30": "2070.00000", "2014-06-30": "2432.00000", "2014-03-31": "1908.00000", "2013-12-31": "2733.00000", "2013-09-30": "1948.00000", "2013-06-30": "2038.00000", "2013-03-31": "5060.00000", "2012-12-31": "2635.00000", "2012-09-30": "2400.00000", "2012-06-30": "2154.00000", "2012-03-31": "1990.00000", "2011-12-31": "8929.00000", "2011-09-30": "8419.00000", "2011-06-30": "8748.00000", "2011-03-31": "8931.00000", "2010-12-31": "8233.00000", "2010-09-30": "7568.00000", "2010-06-30": "6970.00000", "2010-03-31": "8170.00000", "2009-12-31": "7756.00000", "2009-09-30": "6753.00000", "2009-06-30": "6443.00000", "2009-03-31": "6735.00000", "2008-12-31": "7176.00000", "2008-09-30": "9819.00000", "2008-06-30": "9941.00000", "2008-03-31": "9163.00000", "2007-12-31": "8301.00000", "2007-09-30": "6628.00000", "2007-06-30": "6431.00000", "2007-03-31": "6563.00000", "2006-12-31": "6313.00000", "2006-09-30": "6143.00000", "2006-06-30": "5777.00000", "2006-03-31": "6238.00000", "2005-12-31": "6393.00000", "2005-09-30": "5338.00000", "2005-06-30": "4540.00000", "2005-03-31": "4553.00000"}, "Operating Income": {"2020-12-31": "163.00000", "2020-09-30": "-60.00000", "2020-06-30": "-153.00000", "2020-03-31": "-2332.00000", "2019-12-31": "16.00000", "2019-09-30": "40.00000", "2019-06-30": "263.00000", "2019-03-31": "267.00000", "2018-12-31": "17.00000", "2018-09-30": "223.00000", "2018-06-30": "151.00000", "2018-03-31": "138.00000", "2017-12-31": "-2322.00000", "2017-09-30": "-2488.00000", "2017-06-30": "-343.00000", "2017-03-31": "-225.00000", "2016-12-31": "-1634.00000", "2016-09-30": "-469.00000", "2016-06-30": "-593.00000", "2016-03-31": "-749.00000", "2015-12-31": "-2122.00000", "2015-09-30": "-455.00000", "2015-06-30": "-623.00000", "2015-03-31": "-642.00000", "2014-12-31": "287.00000", "2014-09-30": "608.00000", "2014-06-30": "397.00000", "2014-03-31": "765.00000", "2013-12-31": "-11.00000", "2013-09-30": "772.00000", "2013-06-30": "1031.00000", "2013-03-31": "1046.00000", "2012-12-31": "318.00000", "2012-09-30": "672.00000", "2012-06-30": "1170.00000", "2012-03-31": "906.00000", "2011-12-31": "804.00000", "2011-09-30": "246.00000", "2011-06-30": "1105.00000", "2011-03-31": "1284.00000", "2010-12-31": "774.00000", "2010-09-30": "296.00000", "2010-06-30": "762.00000", "2010-03-31": "1089.00000", "2009-12-31": "922.00000", "2009-09-30": "517.00000", "2009-06-30": "308.00000", "2009-03-31": "180.00000", "2008-12-31": "204.00000", "2008-09-30": "1577.00000", "2008-06-30": "1770.00000", "2008-03-31": "1484.00000", "2007-12-31": "1235.00000", "2007-09-30": "823.00000", "2007-06-30": "990.00000", "2007-03-31": "756.00000", "2006-12-31": "842.00000", "2006-09-30": "892.00000", "2006-06-30": "941.00000", "2006-03-31": "921.00000", "2005-12-31": "665.00000", "2005-09-30": "431.00000", "2005-06-30": "423.00000", "2005-03-31": "404.00000"}, "Total Non-Operating Income/Expense": {"2020-12-31": "-118.00000", "2020-09-30": "-118.00000", "2020-06-30": "-119.00000", "2020-03-31": "-113.00000", "2019-12-31": "-80.00000", "2019-09-30": "-90.00000", "2019-06-30": "-97.00000", "2019-03-31": "-98.00000", "2018-12-31": "44.00000", "2018-09-30": "-99.00000", "2018-06-30": "-124.00000", "2018-03-31": "-130.00000", "2017-12-31": "-155.00000", "2017-09-30": "-79.00000", "2017-06-30": "-82.00000", "2017-03-31": "-84.00000", "2016-12-31": "-75.00000", "2016-09-30": "-164.00000", "2016-06-30": "-85.00000", "2016-03-31": "-85.00000", "2015-12-31": "-161.00000", "2015-09-30": "-84.00000", "2015-06-30": "-86.00000", "2015-03-31": "-85.00000", "2014-12-31": "-111.00000", "2014-09-30": "-17.00000", "2014-06-30": "669.00000", "2014-03-31": "-162.00000", "2013-12-31": "289.00000", "2013-09-30": "-92.00000", "2013-06-30": "976.00000", "2013-03-31": "548.00000", "2012-12-31": "100.00000", "2012-09-30": "318.00000", "2012-06-30": "-108.00000", "2012-03-31": "-39.00000", "2011-12-31": "-1002.00000", "2011-09-30": "-33.00000", "2011-06-30": "-144.00000", "2011-03-31": "201.00000", "2010-12-31": "-417.00000", "2010-09-30": "995.00000", "2010-06-30": "-65.00000", "2010-03-31": "-123.00000", "2009-12-31": "-211.00000", "2009-09-30": "17.00000", "2009-06-30": "-91.00000", "2009-03-31": "-120.00000", "2008-12-31": "-199.00000", "2008-09-30": "-78.00000", "2008-06-30": "-47.00000", "2008-03-31": "-14.00000", "2007-12-31": "-27.00000", "2007-09-30": "-6.00000", "2007-06-30": "63.00000", "2007-03-31": "-9.00000", "2006-12-31": "", "2006-09-30": "43.00000", "2006-06-30": "157.00000", "2006-03-31": "250.00000", "2005-12-31": "28.00000", "2005-09-30": "133.00000", "2005-06-30": "65.00000", "2005-03-31": "52.00000"}, "Pre-Tax Income": {"2020-12-31": "45.00000", "2020-09-30": "-178.00000", "2020-06-30": "-272.00000", "2020-03-31": "-2445.00000", "2019-12-31": "-64.00000", "2019-09-30": "-50.00000", "2019-06-30": "166.00000", "2019-03-31": "169.00000", "2018-12-31": "61.00000", "2018-09-30": "124.00000", "2018-06-30": "27.00000", "2018-03-31": "8.00000", "2017-12-31": "-2477.00000", "2017-09-30": "-2567.00000", "2017-06-30": "-425.00000", "2017-03-31": "-309.00000", "2016-12-31": "-1709.00000", "2016-09-30": "-633.00000", "2016-06-30": "-678.00000", "2016-03-31": "-834.00000", "2015-12-31": "-2283.00000", "2015-09-30": "-539.00000", "2015-06-30": "-709.00000", "2015-03-31": "-727.00000", "2014-12-31": "176.00000", "2014-09-30": "591.00000", "2014-06-30": "1066.00000", "2014-03-31": "603.00000", "2013-12-31": "278.00000", "2013-09-30": "680.00000", "2013-06-30": "2007.00000", "2013-03-31": "1594.00000", "2012-12-31": "418.00000", "2012-09-30": "990.00000", "2012-06-30": "1062.00000", "2012-03-31": "867.00000", "2011-12-31": "-198.00000", "2011-09-30": "213.00000", "2011-06-30": "961.00000", "2011-03-31": "1485.00000", "2010-12-31": "357.00000", "2010-09-30": "1291.00000", "2010-06-30": "697.00000", "2010-03-31": "966.00000", "2009-12-31": "711.00000", "2009-09-30": "534.00000", "2009-06-30": "217.00000", "2009-03-31": "60.00000", "2008-12-31": "5.00000", "2008-09-30": "1499.00000", "2008-06-30": "1723.00000", "2008-03-31": "1470.00000", "2007-12-31": "1208.00000", "2007-09-30": "817.00000", "2007-06-30": "1053.00000", "2007-03-31": "747.00000", "2006-12-31": "842.00000", "2006-09-30": "935.00000", "2006-06-30": "1098.00000", "2006-03-31": "1171.00000", "2005-12-31": "693.00000", "2005-09-30": "564.00000", "2005-06-30": "488.00000", "2005-03-31": "456.00000"}, "Income Taxes": {"2020-12-31": "72.00000", "2020-09-30": "5.00000", "2020-06-30": "-9.00000", "2020-03-31": "-79.00000", "2019-12-31": "119.00000", "2019-09-30": "116.00000", "2019-06-30": "132.00000", "2019-03-31": "94.00000", "2018-12-31": "27.00000", "2018-09-30": "121.00000", "2018-06-30": "114.00000", "2018-03-31": "73.00000", "2017-12-31": "158.00000", "2017-09-30": "-1974.00000", "2017-06-30": "-8.00000", "2017-03-31": "-13.00000", "2016-12-31": "3189.00000", "2016-09-30": "-316.00000", "2016-06-30": "-305.00000", "2016-03-31": "-346.00000", "2015-12-31": "-492.00000", "2015-09-30": "-300.00000", "2015-06-30": "-156.00000", "2015-03-31": "-351.00000", "2014-12-31": "181.00000", "2014-09-30": "232.00000", "2014-06-30": "92.00000", "2014-03-31": "239.00000", "2013-12-31": "-633.00000", "2013-09-30": "324.00000", "2013-06-30": "407.00000", "2013-03-31": "451.00000", "2012-12-31": "199.00000", "2012-09-30": "480.00000", "2012-06-30": "522.00000", "2012-03-31": "328.00000", "2011-12-31": "-64.00000", "2011-09-30": "-54.00000", "2011-06-30": "392.00000", "2011-03-31": "511.00000", "2010-12-31": "274.00000", "2010-09-30": "200.00000", "2010-06-30": "301.00000", "2010-03-31": "398.00000", "2009-12-31": "341.00000", "2009-09-30": "182.00000", "2009-06-30": "115.00000", "2009-03-31": "77.00000", "2008-12-31": "85.00000", "2008-09-30": "725.00000", "2008-06-30": "812.00000", "2008-03-31": "718.00000", "2007-12-31": "577.00000", "2007-09-30": "422.00000", "2007-06-30": "496.00000", "2007-03-31": "377.00000", "2006-12-31": "483.00000", "2006-09-30": "639.00000", "2006-06-30": "532.00000", "2006-03-31": "472.00000", "2005-12-31": "257.00000", "2005-09-30": "292.00000", "2005-06-30": "189.00000", "2005-03-31": "237.00000"}, "Income After Taxes": {"2020-12-31": "-27.00000", "2020-09-30": "-183.00000", "2020-06-30": "-263.00000", "2020-03-31": "-2366.00000", "2019-12-31": "-183.00000", "2019-09-30": "-166.00000", "2019-06-30": "34.00000", "2019-03-31": "75.00000", "2018-12-31": "34.00000", "2018-09-30": "3.00000", "2018-06-30": "-87.00000", "2018-03-31": "-65.00000", "2017-12-31": "-2635.00000", "2017-09-30": "-593.00000", "2017-06-30": "-417.00000", "2017-03-31": "-296.00000", "2016-12-31": "-4898.00000", "2016-09-30": "-317.00000", "2016-06-30": "-373.00000", "2016-03-31": "-488.00000", "2015-12-31": "-1791.00000", "2015-09-30": "-239.00000", "2015-06-30": "-553.00000", "2015-03-31": "-376.00000", "2014-12-31": "-5.00000", "2014-09-30": "359.00000", "2014-06-30": "974.00000", "2014-03-31": "364.00000", "2013-12-31": "911.00000", "2013-09-30": "356.00000", "2013-06-30": "1600.00000", "2013-03-31": "1143.00000", "2012-12-31": "219.00000", "2012-09-30": "510.00000", "2012-06-30": "540.00000", "2012-03-31": "539.00000", "2011-12-31": "-134.00000", "2011-09-30": "267.00000", "2011-06-30": "569.00000", "2011-03-31": "974.00000", "2010-12-31": "83.00000", "2010-09-30": "1091.00000", "2010-06-30": "396.00000", "2010-03-31": "568.00000", "2009-12-31": "370.00000", "2009-09-30": "352.00000", "2009-06-30": "102.00000", "2009-03-31": "-17.00000", "2008-12-31": "-80.00000", "2008-09-30": "774.00000", "2008-06-30": "911.00000", "2008-03-31": "752.00000", "2007-12-31": "631.00000", "2007-09-30": "395.00000", "2007-06-30": "557.00000", "2007-03-31": "370.00000", "2006-12-31": "359.00000", "2006-09-30": "296.00000", "2006-06-30": "566.00000", "2006-03-31": "699.00000", "2005-12-31": "436.00000", "2005-09-30": "272.00000", "2005-06-30": "299.00000", "2005-03-31": "219.00000"}, "Other Income": {"2020-12-31": "", "2020-09-30": "", "2020-06-30": "", "2020-03-31": "", "2019-12-31": "", "2019-09-30": "", "2019-06-30": "", "2019-03-31": "", "2018-12-31": "", "2018-09-30": "", "2018-06-30": "", "2018-03-31": "", "2017-12-31": "", "2017-09-30": "", "2017-06-30": "", "2017-03-31": "", "2016-12-31": "", "2016-09-30": "", "2016-06-30": "", "2016-03-31": "", "2015-12-31": "", "2015-09-30": "", "2015-06-30": "", "2015-03-31": "", "2014-12-31": "", "2014-09-30": "", "2014-06-30": "", "2014-03-31": "", "2013-12-31": "", "2013-09-30": "", "2013-06-30": "", "2013-03-31": "", "2012-12-31": "", "2012-09-30": "", "2012-06-30": "", "2012-03-31": "", "2011-12-31": "", "2011-09-30": "", "2011-06-30": "", "2011-03-31": "", "2010-12-31": "", "2010-09-30": "", "2010-06-30": "", "2010-03-31": "", "2009-12-31": "", "2009-09-30": "", "2009-06-30": "", "2009-03-31": "", "2008-12-31": "", "2008-09-30": "", "2008-06-30": "", "2008-03-31": "", "2007-12-31": "", "2007-09-30": "", "2007-06-30": "", "2007-03-31": "", "2006-12-31": "", "2006-09-30": "", "2006-06-30": "", "2006-03-31": "", "2005-12-31": "", "2005-09-30": "", "2005-06-30": "", "2005-03-31": ""}, "Income From Continuous Operations": {"2020-12-31": "-27.00000", "2020-09-30": "-183.00000", "2020-06-30": "-263.00000", "2020-03-31": "-2366.00000", "2019-12-31": "-183.00000", "2019-09-30": "-166.00000", "2019-06-30": "34.00000", "2019-03-31": "75.00000", "2018-12-31": "34.00000", "2018-09-30": "3.00000", "2018-06-30": "-87.00000", "2018-03-31": "-65.00000", "2017-12-31": "-2635.00000", "2017-09-30": "-593.00000", "2017-06-30": "-417.00000", "2017-03-31": "-296.00000", "2016-12-31": "-4898.00000", "2016-09-30": "-317.00000", "2016-06-30": "-373.00000", "2016-03-31": "-488.00000", "2015-12-31": "-1791.00000", "2015-09-30": "-239.00000", "2015-06-30": "-553.00000", "2015-03-31": "-376.00000", "2014-12-31": "-5.00000", "2014-09-30": "359.00000", "2014-06-30": "974.00000", "2014-03-31": "364.00000", "2013-12-31": "911.00000", "2013-09-30": "356.00000", "2013-06-30": "1600.00000", "2013-03-31": "1143.00000", "2012-12-31": "219.00000", "2012-09-30": "510.00000", "2012-06-30": "540.00000", "2012-03-31": "539.00000", "2011-12-31": "-134.00000", "2011-09-30": "267.00000", "2011-06-30": "569.00000", "2011-03-31": "974.00000", "2010-12-31": "83.00000", "2010-09-30": "1091.00000", "2010-06-30": "396.00000", "2010-03-31": "568.00000", "2009-12-31": "370.00000", "2009-09-30": "352.00000", "2009-06-30": "102.00000", "2009-03-31": "-17.00000", "2008-12-31": "-80.00000", "2008-09-30": "774.00000", "2008-06-30": "911.00000", "2008-03-31": "752.00000", "2007-12-31": "631.00000", "2007-09-30": "395.00000", "2007-06-30": "557.00000", "2007-03-31": "370.00000", "2006-12-31": "359.00000", "2006-09-30": "296.00000", "2006-06-30": "566.00000", "2006-03-31": "699.00000", "2005-12-31": "436.00000", "2005-09-30": "272.00000", "2005-06-30": "299.00000", "2005-03-31": "219.00000"}, "Income From Discontinued Operations": {"2020-12-31": "", "2020-09-30": "", "2020-06-30": "", "2020-03-31": "", "2019-12-31": "", "2019-09-30": "", "2019-06-30": "", "2019-03-31": "", "2018-12-31": "", "2018-09-30": "", "2018-06-30": "", "2018-03-31": "", "2017-12-31": "", "2017-09-30": "", "2017-06-30": "", "2017-03-31": "", "2016-12-31": "", "2016-09-30": "", "2016-06-30": "", "2016-03-31": "", "2015-12-31": "-8.00000", "2015-09-30": "-13.00000", "2015-06-30": "-14.00000", "2015-03-31": "-13.00000", "2014-12-31": "-2.00000", "2014-09-30": "671.00000", "2014-06-30": "-44.00000", "2014-03-31": "57.00000", "2013-12-31": "1004.00000", "2013-09-30": "62.00000", "2013-06-30": "16.00000", "2013-03-31": "130.00000", "2012-12-31": "157.00000", "2012-09-30": "82.00000", "2012-06-30": "-5.00000", "2012-03-31": "21.00000", "2011-12-31": "", "2011-09-30": "", "2011-06-30": "", "2011-03-31": "", "2010-12-31": "", "2010-09-30": "", "2010-06-30": "", "2010-03-31": "", "2009-12-31": "", "2009-09-30": "", "2009-06-30": "", "2009-03-31": "", "2008-12-31": "", "2008-09-30": "", "2008-06-30": "", "2008-03-31": "", "2007-12-31": "", "2007-09-30": "", "2007-06-30": "", "2007-03-31": "", "2006-12-31": "", "2006-09-30": "", "2006-06-30": "", "2006-03-31": "", "2005-12-31": "", "2005-09-30": "", "2005-06-30": "", "2005-03-31": ""}, "Net Income": {"2020-12-31": "-97.00000", "2020-09-30": "-243.00000", "2020-06-30": "-320.00000", "2020-03-31": "-2433.00000", "2019-12-31": "-222.00000", "2019-09-30": "-212.00000", "2019-06-30": "-6.00000", "2019-03-31": "28.00000", "2018-12-31": "-16.00000", "2018-09-30": "-53.00000", "2018-06-30": "-142.00000", "2018-03-31": "-117.00000", "2017-12-31": "-2689.00000", "2017-09-30": "-635.00000", "2017-06-30": "-460.00000", "2017-03-31": "-336.00000", "2016-12-31": "-4903.00000", "2016-09-30": "-351.00000", "2016-06-30": "-404.00000", "2016-03-31": "-515.00000", "2015-12-31": "-1821.00000", "2015-09-30": "-279.00000", "2015-06-30": "-567.00000", "2015-03-31": "-389.00000", "2014-12-31": "-8.00000", "2014-09-30": "1008.00000", "2014-06-30": "931.00000", "2014-03-31": "386.00000", "2013-12-31": "1925.00000", "2013-09-30": "420.00000", "2013-06-30": "1431.00000", "2013-03-31": "1276.00000", "2012-12-31": "374.00000", "2012-09-30": "557.00000", "2012-06-30": "549.00000", "2012-03-31": "545.00000", "2011-12-31": "-131.00000", "2011-09-30": "298.00000", "2011-06-30": "607.00000", "2011-03-31": "929.00000", "2010-12-31": "58.00000", "2010-09-30": "1154.00000", "2010-06-30": "375.00000", "2010-03-31": "538.00000", "2009-12-31": "358.00000", "2009-09-30": "341.00000", "2009-06-30": "100.00000", "2009-03-31": "-59.00000", "2008-12-31": "-74.00000", "2008-09-30": "775.00000", "2008-06-30": "900.00000", "2008-03-31": "759.00000", "2007-12-31": "510.00000", "2007-09-30": "395.00000", "2007-06-30": "557.00000", "2007-03-31": "370.00000", "2006-12-31": "351.00000", "2006-09-30": "284.00000", "2006-06-30": "554.00000", "2006-03-31": "687.00000", "2005-12-31": "424.00000", "2005-09-30": "260.00000", "2005-06-30": "287.00000", "2005-03-31": "207.00000"}, "EBITDA": {"2020-12-31": "", "2020-09-30": "458.00000", "2020-06-30": "356.00000", "2020-03-31": "-1771.00000", "2019-12-31": "602.00000", "2019-09-30": "584.00000", "2019-06-30": "757.00000", "2019-03-31": "765.00000", "2018-12-31": "550.00000", "2018-09-30": "712.00000", "2018-06-30": "595.00000", "2018-03-31": "555.00000", "2017-12-31": "-1676.00000", "2017-09-30": "-1729.00000", "2017-06-30": "398.00000", "2017-03-31": "512.00000", "2016-12-31": "-866.00000", "2016-09-30": "342.00000", "2016-06-30": "204.00000", "2016-03-31": "119.00000", "2015-12-31": "-1139.00000", "2015-09-30": "533.00000", "2015-06-30": "405.00000", "2015-03-31": "314.00000", "2014-12-31": "1162.00000", "2014-09-30": "1446.00000", "2014-06-30": "1182.00000", "2014-03-31": "1491.00000", "2013-12-31": "702.00000", "2013-09-30": "1453.00000", "2013-06-30": "1635.00000", "2013-03-31": "1735.00000", "2012-12-31": "1048.00000", "2012-09-30": "1400.00000", "2012-06-30": "1916.00000", "2012-03-31": "1568.00000", "2011-12-31": "1445.00000", "2011-09-30": "832.00000", "2011-06-30": "1693.00000", "2011-03-31": "1842.00000", "2010-12-31": "1407.00000", "2010-09-30": "880.00000", "2010-06-30": "1320.00000", "2010-03-31": "1631.00000", "2009-12-31": "1506.00000", "2009-09-30": "1089.00000", "2009-06-30": "866.00000", "2009-03-31": "666.00000", "2008-12-31": "772.00000", "2008-09-30": "2074.00000", "2008-06-30": "2252.00000", "2008-03-31": "1936.00000", "2007-12-31": "1765.00000", "2007-09-30": "1188.00000", "2007-06-30": "1344.00000", "2007-03-31": "1083.00000", "2006-12-31": "1195.00000", "2006-09-30": "1215.00000", "2006-06-30": "1223.00000", "2006-03-31": "1187.00000", "2005-12-31": "923.00000", "2005-09-30": "683.00000", "2005-06-30": "684.00000", "2005-03-31": "658.00000"}, "EBIT": {"2020-12-31": "163.00000", "2020-09-30": "-60.00000", "2020-06-30": "-153.00000", "2020-03-31": "-2332.00000", "2019-12-31": "16.00000", "2019-09-30": "40.00000", "2019-06-30": "263.00000", "2019-03-31": "267.00000", "2018-12-31": "17.00000", "2018-09-30": "223.00000", "2018-06-30": "151.00000", "2018-03-31": "138.00000", "2017-12-31": "-2322.00000", "2017-09-30": "-2488.00000", "2017-06-30": "-343.00000", "2017-03-31": "-225.00000", "2016-12-31": "-1634.00000", "2016-09-30": "-469.00000", "2016-06-30": "-593.00000", "2016-03-31": "-749.00000", "2015-12-31": "-2122.00000", "2015-09-30": "-455.00000", "2015-06-30": "-623.00000", "2015-03-31": "-642.00000", "2014-12-31": "287.00000", "2014-09-30": "608.00000", "2014-06-30": "397.00000", "2014-03-31": "765.00000", "2013-12-31": "-11.00000", "2013-09-30": "772.00000", "2013-06-30": "1031.00000", "2013-03-31": "1046.00000", "2012-12-31": "318.00000", "2012-09-30": "672.00000", "2012-06-30": "1170.00000", "2012-03-31": "906.00000", "2011-12-31": "804.00000", "2011-09-30": "246.00000", "2011-06-30": "1105.00000", "2011-03-31": "1284.00000", "2010-12-31": "774.00000", "2010-09-30": "296.00000", "2010-06-30": "762.00000", "2010-03-31": "1089.00000", "2009-12-31": "922.00000", "2009-09-30": "517.00000", "2009-06-30": "308.00000", "2009-03-31": "180.00000", "2008-12-31": "204.00000", "2008-09-30": "1577.00000", "2008-06-30": "1770.00000", "2008-03-31": "1484.00000", "2007-12-31": "1235.00000", "2007-09-30": "823.00000", "2007-06-30": "990.00000", "2007-03-31": "756.00000", "2006-12-31": "842.00000", "2006-09-30": "892.00000", "2006-06-30": "941.00000", "2006-03-31": "921.00000", "2005-12-31": "665.00000", "2005-09-30": "431.00000", "2005-06-30": "423.00000", "2005-03-31": "404.00000"}, "Basic Shares Outstanding": {"2020-12-31": "", "2020-09-30": "305.00000", "2020-06-30": "305.00000", "2020-03-31": "304.00000", "2019-12-31": "301.20000", "2019-09-30": "302.50000", "2019-06-30": "302.20000", "2019-03-31": "297.40000", "2018-12-31": "298.20000", "2018-09-30": "294.30000", "2018-06-30": "297.50000", "2018-03-31": "309.50000", "2017-12-31": "314.10000", "2017-09-30": "314.50000", "2017-06-30": "314.40000", "2017-03-31": "313.90000", "2016-12-31": "309.90000", "2016-09-30": "313.20000", "2016-06-30": "313.20000", "2016-03-31": "299.80000", "2015-12-31": "283.60000", "2015-09-30": "283.50000", "2015-06-30": "284.30000", "2015-03-31": "283.50000", "2014-12-31": "303.70000", "2014-09-30": "300.70000", "2014-06-30": "309.70000", "2014-03-31": "318.10000", "2013-12-31": "336.60000", "2013-09-30": "339.00000", "2013-06-30": "340.10000", "2013-03-31": "339.20000", "2012-12-31": "338.40000", "2012-09-30": "338.60000", "2012-06-30": "338.50000", "2012-03-31": "338.00000", "2011-12-31": "336.90000", "2011-09-30": "337.38000", "2011-06-30": "337.23500", "2011-03-31": "335.81800", "2010-12-31": "326.00000", "2010-09-30": "327.63400", "2010-06-30": "327.50000", "2010-03-31": "326.95600", "2009-12-31": "323.90000", "2009-09-30": "326.00000", "2009-06-30": "325.80000", "2009-03-31": "323.40000", "2008-12-31": "325.84700", "2008-09-30": "327.40000", "2008-06-30": "326.20000", "2008-03-31": "323.80000", "2007-12-31": "319.30000", "2007-09-30": "319.90000", "2007-06-30": "318.60000", "2007-03-31": "310.52500", "2006-12-31": "315.70000", "2006-09-30": "316.00000", "2006-06-30": "315.50000", "2006-03-31": "275.03100", "2005-12-31": "272.70000", "2005-09-30": "273.57500", "2005-06-30": "272.13400", "2005-03-31": "271.17900"}, "Shares Outstanding": {"2020-12-31": "305.10000", "2020-09-30": "305.00000", "2020-06-30": "305.00000", "2020-03-31": "304.00000", "2019-12-31": "301.20000", "2019-09-30": "302.50000", "2019-06-30": "302.20000", "2019-03-31": "299.70000", "2018-12-31": "298.20000", "2018-09-30": "294.30000", "2018-06-30": "297.50000", "2018-03-31": "309.50000", "2017-12-31": "314.10000", "2017-09-30": "314.50000", "2017-06-30": "314.40000", "2017-03-31": "313.90000", "2016-12-31": "309.90000", "2016-09-30": "313.20000", "2016-06-30": "313.20000", "2016-03-31": "299.80000", "2015-12-31": "283.60000", "2015-09-30": "283.50000", "2015-06-30": "284.30000", "2015-03-31": "283.50000", "2014-12-31": "307.70000", "2014-09-30": "305.00000", "2014-06-30": "314.10000", "2014-03-31": "322.60000", "2013-12-31": "334.30000", "2013-09-30": "343.30000", "2013-06-30": "344.00000", "2013-03-31": "342.60000", "2012-12-31": "340.30000", "2012-09-30": "340.00000", "2012-06-30": "340.40000", "2012-03-31": "340.30000", "2011-12-31": "339.90000", "2011-09-30": "340.22200", "2011-06-30": "340.42300", "2011-03-31": "339.20000", "2010-12-31": "328.30000", "2010-09-30": "327.63400", "2010-06-30": "327.50000", "2010-03-31": "326.95600", "2009-12-31": "326.00000", "2009-09-30": "326.00000", "2009-06-30": "325.80000", "2009-03-31": "323.40000", "2008-12-31": "325.84700", "2008-09-30": "327.40000", "2008-06-30": "326.20000", "2008-03-31": "323.80000", "2007-12-31": "319.30000", "2007-09-30": "319.90000", "2007-06-30": "318.60000", "2007-03-31": "317.28900", "2006-12-31": "315.70000", "2006-09-30": "316.00000", "2006-06-30": "315.50000", "2006-03-31": "314.83700", "2005-12-31": "312.10000", "2005-09-30": "313.23400", "2005-06-30": "311.17300", "2005-03-31": "309.72600"}, "Basic EPS": {"2020-12-31": "", "2020-09-30": "-0.80000", "2020-06-30": "-1.05000", "2020-03-31": "-8.00000", "2019-12-31": "-0.74000", "2019-09-30": "-0.70000", "2019-06-30": "-0.02000", "2019-03-31": "0.09000", "2018-12-31": "-0.06000", "2018-09-30": "-0.18000", "2018-06-30": "-0.48000", "2018-03-31": "-0.38000", "2017-12-31": "-8.57000", "2017-09-30": "-2.02000", "2017-06-30": "-1.46000", "2017-03-31": "-1.07000", "2016-12-31": "-15.79000", "2016-09-30": "-1.12000", "2016-06-30": "-1.29000", "2016-03-31": "-1.72000", "2015-12-31": "-6.44000", "2015-09-30": "-0.98000", "2015-06-30": "-1.99000", "2015-03-31": "-1.37000", "2014-12-31": "0.06000", "2014-09-30": "3.35000", "2014-06-30": "3.01000", "2014-03-31": "1.21000", "2013-12-31": "5.80000", "2013-09-30": "1.24000", "2013-06-30": "4.21000", "2013-03-31": "3.76000", "2012-12-31": "1.10000", "2012-09-30": "1.65000", "2012-06-30": "1.62000", "2012-03-31": "1.61000", "2011-12-31": "-0.41000", "2011-09-30": "0.89000", "2011-06-30": "1.80000", "2011-03-31": "2.77000", "2010-12-31": "0.17000", "2010-09-30": "3.54000", "2010-06-30": "1.15000", "2010-03-31": "1.66000", "2009-12-31": "1.10000", "2009-09-30": "1.05000", "2009-06-30": "0.31000", "2009-03-31": "-0.18000", "2008-12-31": "-0.25000", "2008-09-30": "2.40000", "2008-06-30": "2.81000", "2008-03-31": "2.39000", "2007-12-31": "1.63000", "2007-09-30": "1.26000", "2007-06-30": "1.78000", "2007-03-31": "1.19000", "2006-12-31": "1.21000", "2006-09-30": "1.03000", "2006-06-30": "2.01000", "2006-03-31": "2.50000", "2005-12-31": "1.54670", "2005-09-30": "0.95000", "2005-06-30": "1.06000", "2005-03-31": "0.76330"}, "EPS - Earnings Per Share": {"2020-12-31": "-0.32000", "2020-09-30": "-0.80000", "2020-06-30": "-1.05000", "2020-03-31": "-8.00000", "2019-12-31": "-0.74000", "2019-09-30": "-0.70000", "2019-06-30": "-0.02000", "2019-03-31": "0.09000", "2018-12-31": "-0.06000", "2018-09-30": "-0.18000", "2018-06-30": "-0.48000", "2018-03-31": "-0.38000", "2017-12-31": "-8.57000", "2017-09-30": "-2.02000", "2017-06-30": "-1.46000", "2017-03-31": "-1.07000", "2016-12-31": "-15.79000", "2016-09-30": "-1.12000", "2016-06-30": "-1.29000", "2016-03-31": "-1.72000", "2015-12-31": "-6.44000", "2015-09-30": "-0.98000", "2015-06-30": "-1.99000", "2015-03-31": "-1.37000", "2014-12-31": "0.06000", "2014-09-30": "3.31000", "2014-06-30": "2.96000", "2014-03-31": "1.20000", "2013-12-31": "5.76000", "2013-09-30": "1.23000", "2013-06-30": "4.16000", "2013-03-31": "3.72000", "2012-12-31": "1.10000", "2012-09-30": "1.64000", "2012-06-30": "1.61000", "2012-03-31": "1.60000", "2011-12-31": "-0.39000", "2011-09-30": "0.88000", "2011-06-30": "1.78000", "2011-03-31": "2.74000", "2010-12-31": "0.15000", "2010-09-30": "3.52000", "2010-06-30": "1.15000", "2010-03-31": "1.65000", "2009-12-31": "1.09000", "2009-09-30": "1.05000", "2009-06-30": "0.31000", "2009-03-31": "-0.18000", "2008-12-31": "-0.23000", "2008-09-30": "2.37000", "2008-06-30": "2.76000", "2008-03-31": "2.34000", "2007-12-31": "1.59000", "2007-09-30": "1.23000", "2007-06-30": "1.75000", "2007-03-31": "1.17000", "2006-12-31": "1.13000", "2006-09-30": "0.94000", "2006-06-30": "1.79000", "2006-03-31": "2.22000", "2005-12-31": "1.39330", "2005-09-30": "0.87000", "2005-06-30": "0.96000", "2005-03-31": "0.70670"}}, "balance sheet": {"Cash On Hand": {"2020-12-31": "1739.00000", "2019-12-31": "1545.00000", "2018-12-31": "2694.00000", "2017-12-31": "4847.00000", "2016-12-31": "2732.00000", "2015-12-31": "2716.00000", "2014-12-31": "2444.00000", "2013-12-31": "1814.00000", "2012-12-31": "642.00000", "2011-12-31": "351.00000", "2010-12-31": "1608.00000", "2009-12-31": "1362.00000", "2008-12-31": "908.00000", "2007-12-31": "607.00000", "2006-12-31": "383.00000", "2005-12-31": "315.00000"}, "Receivables": {"2020-12-31": "", "2019-12-31": "1170.00000", "2018-12-31": "1001.00000", "2017-12-31": "1024.00000", "2016-12-31": "1026.00000", "2015-12-31": "1159.00000", "2014-12-31": "2073.00000", "2013-12-31": "3525.00000", "2012-12-31": "4338.00000", "2011-12-31": "5011.00000", "2010-12-31": "4718.00000", "2009-12-31": "3924.00000", "2008-12-31": "4297.00000", "2007-12-31": "4708.00000", "2006-12-31": "3873.00000", "2005-12-31": "3655.00000"}, "Inventory": {"2020-12-31": "", "2019-12-31": "261.00000", "2018-12-31": "245.00000", "2017-12-31": "232.00000", "2016-12-31": "323.00000", "2015-12-31": "399.00000", "2014-12-31": "527.00000", "2013-12-31": "954.00000", "2012-12-31": "1259.00000", "2011-12-31": "1423.00000", "2010-12-31": "1452.00000", "2009-12-31": "1438.00000", "2008-12-31": "1308.00000", "2007-12-31": "1250.00000", "2006-12-31": "1005.00000", "2005-12-31": "855.00000"}, "Pre-Paid Expenses": {"2020-12-31": "", "2019-12-31": "", "2018-12-31": "", "2017-12-31": "", "2016-12-31": "", "2015-12-31": "", "2014-12-31": "", "2013-12-31": "", "2012-12-31": "", "2011-12-31": "", "2010-12-31": "", "2009-12-31": "", "2008-12-31": "", "2007-12-31": "", "2006-12-31": "", "2005-12-31": ""}, "Other Current Assets": {"2020-12-31": "1342.00000", "2019-12-31": "180.00000", "2018-12-31": "519.00000", "2017-12-31": "54.00000", "2016-12-31": "195.00000", "2015-12-31": "130.00000", "2014-12-31": "1269.00000", "2013-12-31": "2306.00000", "2012-12-31": "2148.00000", "2011-12-31": "1554.00000", "2010-12-31": "1002.00000", "2009-12-31": "1263.00000", "2008-12-31": "819.00000", "2007-12-31": "361.00000", "2006-12-31": "587.00000", "2005-12-31": "465.00000"}, "Total Current Assets": {"2020-12-31": "3081.00000", "2019-12-31": "3156.00000", "2018-12-31": "4459.00000", "2017-12-31": "6157.00000", "2016-12-31": "4276.00000", "2015-12-31": "4404.00000", "2014-12-31": "6313.00000", "2013-12-31": "8599.00000", "2012-12-31": "8387.00000", "2011-12-31": "8339.00000", "2010-12-31": "8780.00000", "2009-12-31": "7987.00000", "2008-12-31": "7332.00000", "2007-12-31": "6926.00000", "2006-12-31": "5848.00000", "2005-12-31": "5290.00000"}, "Property, Plant, And Equipment": {"2020-12-31": "14115.00000", "2019-12-31": "16814.00000", "2018-12-31": "16083.00000", "2017-12-31": "16192.00000", "2016-12-31": "23595.00000", "2015-12-31": "26352.00000", "2014-12-31": "27517.00000", "2013-12-31": "28771.00000", "2012-12-31": "28807.00000", "2011-12-31": "24712.00000", "2010-12-31": "21127.00000", "2009-12-31": "16627.00000", "2008-12-31": "16271.00000", "2007-12-31": "14634.00000", "2006-12-31": "12308.00000", "2005-12-31": "9512.00000"}, "Long-Term Investments": {"2020-12-31": "", "2019-12-31": "", "2018-12-31": "", "2017-12-31": "", "2016-12-31": "", "2015-12-31": "", "2014-12-31": "", "2013-12-31": "", "2012-12-31": "443.00000", "2011-12-31": "384.00000", "2010-12-31": "443.00000", "2009-12-31": "913.00000", "2008-12-31": "1127.00000", "2007-12-31": "1117.00000", "2006-12-31": "1243.00000", "2005-12-31": "1389.00000"}, "Goodwill And Intangible Assets": {"2020-12-31": "", "2019-12-31": "360.00000", "2018-12-31": "360.00000", "2017-12-31": "360.00000", "2016-12-31": "375.00000", "2015-12-31": "375.00000", "2014-12-31": "1858.00000", "2013-12-31": "1869.00000", "2012-12-31": "2208.00000", "2011-12-31": "2305.00000", "2010-12-31": "2408.00000", "2009-12-31": "1225.00000", "2008-12-31": "1225.00000", "2007-12-31": "1225.00000", "2006-12-31": "1253.00000", "2005-12-31": "977.00000"}, "Other Long-Term Assets": {"2020-12-31": "1031.00000", "2019-12-31": "626.00000", "2018-12-31": "510.00000", "2017-12-31": "382.00000", "2016-12-31": "316.00000", "2015-12-31": "373.00000", "2014-12-31": "348.00000", "2013-12-31": "1196.00000", "2012-12-31": "470.00000", "2011-12-31": "455.00000", "2010-12-31": "471.00000", "2009-12-31": "304.00000", "2008-12-31": "342.00000", "2007-12-31": "356.00000", "2006-12-31": "360.00000", "2005-12-31": "403.00000"}, "Total Long-Term Assets": {"2020-12-31": "15146.00000", "2019-12-31": "17880.00000", "2018-12-31": "16974.00000", "2017-12-31": "16955.00000", "2016-12-31": "24345.00000", "2015-12-31": "29753.00000", "2014-12-31": "32094.00000", "2013-12-31": "34155.00000", "2012-12-31": "35054.00000", "2011-12-31": "30797.00000", "2010-12-31": "26616.00000", "2009-12-31": "21478.00000", "2008-12-31": "21257.00000", "2007-12-31": "19205.00000", "2006-12-31": "16594.00000", "2005-12-31": "13825.00000"}, "Total Assets": {"2020-12-31": "18821.00000", "2019-12-31": "21782.00000", "2018-12-31": "21433.00000", "2017-12-31": "23112.00000", "2016-12-31": "28621.00000", "2015-12-31": "34157.00000", "2014-12-31": "38407.00000", "2013-12-31": "42754.00000", "2012-12-31": "43441.00000", "2011-12-31": "39136.00000", "2010-12-31": "35396.00000", "2009-12-31": "29465.00000", "2008-12-31": "28589.00000", "2007-12-31": "26131.00000", "2006-12-31": "22442.00000", "2005-12-31": "19115.00000"}, "Total Current Liabilities": {"2020-12-31": "1623.00000", "2019-12-31": "2510.00000", "2018-12-31": "2203.00000", "2017-12-31": "2435.00000", "2016-12-31": "2251.00000", "2015-12-31": "2628.00000", "2014-12-31": "4851.00000", "2013-12-31": "6558.00000", "2012-12-31": "8382.00000", "2011-12-31": "8100.00000", "2010-12-31": "7613.00000", "2009-12-31": "6850.00000", "2008-12-31": "7730.00000", "2007-12-31": "8024.00000", "2006-12-31": "6739.00000", "2005-12-31": "6447.00000"}, "Long Term Debt": {"2020-12-31": "8506.00000", "2019-12-31": "7380.00000", "2018-12-31": "6605.00000", "2017-12-31": "6397.00000", "2016-12-31": "6694.00000", "2015-12-31": "6506.00000", "2014-12-31": "5919.00000", "2013-12-31": "5420.00000", "2012-12-31": "7324.00000", "2011-12-31": "6005.00000", "2010-12-31": "5537.00000", "2009-12-31": "4319.00000", "2008-12-31": "3812.00000", "2007-12-31": "3918.00000", "2006-12-31": "3745.00000", "2005-12-31": "3759.00000"}, "Other Non-Current Liabilities": {"2020-12-31": "1879.00000", "2019-12-31": "1418.00000", "2018-12-31": "1316.00000", "2017-12-31": "1497.00000", "2016-12-31": "2941.00000", "2015-12-31": "3288.00000", "2014-12-31": "3479.00000", "2013-12-31": "3700.00000", "2012-12-31": "3870.00000", "2011-12-31": "3596.00000", "2010-12-31": "2442.00000", "2009-12-31": "2546.00000", "2008-12-31": "2415.00000", "2007-12-31": "2053.00000", "2006-12-31": "1695.00000", "2005-12-31": "1222.00000"}, "Total Long Term Liabilities": {"2020-12-31": "10863.00000", "2019-12-31": "9566.00000", "2018-12-31": "8342.00000", "2017-12-31": "8323.00000", "2016-12-31": "10779.00000", "2015-12-31": "11128.00000", "2014-12-31": "11236.00000", "2013-12-31": "11412.00000", "2012-12-31": "13856.00000", "2011-12-31": "12444.00000", "2010-12-31": "10974.00000", "2009-12-31": "9087.00000", "2008-12-31": "8468.00000", "2007-12-31": "8333.00000", "2006-12-31": "7556.00000", "2005-12-31": "6382.00000"}, "Total Liabilities": {"2020-12-31": "12486.00000", "2019-12-31": "12076.00000", "2018-12-31": "10545.00000", "2017-12-31": "10758.00000", "2016-12-31": "13030.00000", "2015-12-31": "13756.00000", "2014-12-31": "16087.00000", "2013-12-31": "17970.00000", "2012-12-31": "22238.00000", "2011-12-31": "20544.00000", "2010-12-31": "18587.00000", "2009-12-31": "15937.00000", "2008-12-31": "16198.00000", "2007-12-31": "16357.00000", "2006-12-31": "14295.00000", "2005-12-31": "12829.00000"}, "Common Stock Net": {"2020-12-31": "", "2019-12-31": "305.00000", "2018-12-31": "291.00000", "2017-12-31": "315.00000", "2016-12-31": "317.00000", "2015-12-31": "286.00000", "2014-12-31": "286.00000", "2013-12-31": "325.00000", "2012-12-31": "342.00000", "2011-12-31": "340.00000", "2010-12-31": "338.00000", "2009-12-31": "327.00000", "2008-12-31": "326.00000", "2007-12-31": "321.00000", "2006-12-31": "315.00000", "2005-12-31": "279.00000"}, "Retained Earnings (Accumulated Deficit)": {"2020-12-31": "", "2019-12-31": "3535.00000", "2018-12-31": "4257.00000", "2017-12-31": "5597.00000", "2016-12-31": "10147.00000", "2015-12-31": "16637.00000", "2014-12-31": "20052.00000", "2013-12-31": "21235.00000", "2012-12-31": "17717.00000", "2011-12-31": "15826.00000", "2010-12-31": "14254.00000", "2009-12-31": "12251.00000", "2008-12-31": "11642.00000", "2007-12-31": "9412.00000", "2006-12-31": "7707.00000", "2005-12-31": "5914.00000"}, "Comprehensive Income": {"2020-12-31": "-755.00000", "2019-12-31": "-699.00000", "2018-12-31": "-306.00000", "2017-12-31": "-686.00000", "2016-12-31": "-1704.00000", "2015-12-31": "-1664.00000", "2014-12-31": "-1410.00000", "2013-12-31": "-338.00000", "2012-12-31": "-493.00000", "2011-12-31": "-1067.00000", "2010-12-31": "-1159.00000", "2009-12-31": "-1675.00000", "2008-12-31": "-2008.00000", "2007-12-31": "-1841.00000", "2006-12-31": "-1564.00000", "2005-12-31": "-1526.00000"}, "Other Share Holders Equity": {"2020-12-31": "", "2019-12-31": "", "2018-12-31": "", "2017-12-31": "", "2016-12-31": "", "2015-12-31": "", "2014-12-31": "", "2013-12-31": "", "2012-12-31": "", "2011-12-31": "", "2010-12-31": "", "2009-12-31": "", "2008-12-31": "", "2007-12-31": "", "2006-12-31": "", "2005-12-31": ""}, "Share Holder Equity": {"2020-12-31": "6335.00000", "2019-12-31": "9706.00000", "2018-12-31": "10888.00000", "2017-12-31": "12354.00000", "2016-12-31": "15591.00000", "2015-12-31": "20401.00000", "2014-12-31": "22320.00000", "2013-12-31": "24784.00000", "2012-12-31": "21203.00000", "2011-12-31": "18592.00000", "2010-12-31": "16809.00000", "2009-12-31": "13528.00000", "2008-12-31": "12391.00000", "2007-12-31": "9774.00000", "2006-12-31": "8147.00000", "2005-12-31": "6286.00000"}, "Total Liabilities And Share Holders Equity": {"2020-12-31": "18821.00000", "2019-12-31": "21782.00000", "2018-12-31": "21433.00000", "2017-12-31": "23112.00000", "2016-12-31": "28621.00000", "2015-12-31": "34157.00000", "2014-12-31": "38407.00000", "2013-12-31": "42754.00000", "2012-12-31": "43441.00000", "2011-12-31": "39136.00000", "2010-12-31": "35396.00000", "2009-12-31": "29465.00000", "2008-12-31": "28589.00000", "2007-12-31": "26131.00000", "2006-12-31": "22442.00000", "2005-12-31": "19115.00000"}}, "balance sheet, quarterly": {"Cash On Hand": {"2020-12-31": "1739.00000", "2020-09-30": "1285.00000", "2020-06-30": "1646.00000", "2020-03-31": "2080.00000", "2019-12-31": "1545.00000", "2019-09-30": "1863.00000", "2019-06-30": "2208.00000", "2019-03-31": "2300.00000", "2018-12-31": "2694.00000", "2018-09-30": "3004.00000", "2018-06-30": "2908.00000", "2018-03-31": "3726.00000", "2017-12-31": "4847.00000", "2017-09-30": "2526.00000", "2017-06-30": "2492.00000", "2017-03-31": "2686.00000", "2016-12-31": "2732.00000", "2016-09-30": "3529.00000", "2016-06-30": "3095.00000", "2016-03-31": "3557.00000", "2015-12-31": "2716.00000", "2015-09-30": "3013.00000", "2015-06-30": "931.00000", "2015-03-31": "1506.00000", "2014-12-31": "2444.00000", "2014-09-30": "4120.00000", "2014-06-30": "2205.00000", "2014-03-31": "1288.00000", "2013-12-31": "1814.00000", "2013-09-30": "321.00000", "2013-06-30": "725.00000", "2013-03-31": "444.00000", "2012-12-31": "642.00000", "2012-09-30": "528.00000", "2012-06-30": "409.00000", "2012-03-31": "396.00000", "2011-12-31": "351.00000", "2011-09-30": "827.00000", "2011-06-30": "2194.00000", "2011-03-31": "1968.00000", "2010-12-31": "1608.00000", "2010-09-30": "2353.00000", "2010-06-30": "1363.00000", "2010-03-31": "1370.00000", "2009-12-31": "1362.00000", "2009-09-30": "957.00000", "2009-06-30": "1063.00000", "2009-03-31": "1157.00000", "2008-12-31": "908.00000", "2008-09-30": "1380.00000", "2008-06-30": "1479.00000", "2008-03-31": "902.00000", "2007-12-31": "607.00000", "2007-09-30": "565.00000", "2007-06-30": "482.00000", "2007-03-31": "249.00000", "2006-12-31": "383.00000", "2006-09-30": "546.00000", "2006-06-30": "486.00000", "2006-03-31": "504.00000", "2005-12-31": "315.00000", "2005-09-30": "759.00000", "2005-06-30": "916.00000", "2005-03-31": "844.00000"}, "Receivables": {"2020-12-31": "", "2020-09-30": "699.00000", "2020-06-30": "596.00000", "2020-03-31": "794.00000", "2019-12-31": "1170.00000", "2019-09-30": "1122.00000", "2019-06-30": "1060.00000", "2019-03-31": "1116.00000", "2018-12-31": "1001.00000", "2018-09-30": "1182.00000", "2018-06-30": "1075.00000", "2018-03-31": "997.00000", "2017-12-31": "1024.00000", "2017-09-30": "1043.00000", "2017-06-30": "938.00000", "2017-03-31": "912.00000", "2016-12-31": "1026.00000", "2016-09-30": "853.00000", "2016-06-30": "1048.00000", "2016-03-31": "852.00000", "2015-12-31": "1159.00000", "2015-09-30": "1522.00000", "2015-06-30": "1794.00000", "2015-03-31": "1711.00000", "2014-12-31": "2073.00000", "2014-09-30": "3059.00000", "2014-06-30": "2698.00000", "2014-03-31": "3225.00000", "2013-12-31": "3525.00000", "2013-09-30": "1777.00000", "2013-06-30": "1954.00000", "2013-03-31": "1840.00000", "2012-12-31": "4338.00000", "2012-09-30": "4244.00000", "2012-06-30": "4508.00000", "2012-03-31": "4984.00000", "2011-12-31": "5011.00000", "2011-09-30": "4163.00000", "2011-06-30": "4453.00000", "2011-03-31": "5157.00000", "2010-12-31": "4718.00000", "2010-09-30": "3939.00000", "2010-06-30": "3871.00000", "2010-03-31": "4503.00000", "2009-12-31": "3924.00000", "2009-09-30": "3552.00000", "2009-06-30": "4097.00000", "2009-03-31": "3899.00000", "2008-12-31": "4297.00000", "2008-09-30": "4652.00000", "2008-06-30": "6266.00000", "2008-03-31": "4850.00000", "2007-12-31": "4708.00000", "2007-09-30": "3076.00000", "2007-06-30": "3266.00000", "2007-03-31": "3457.00000", "2006-12-31": "3873.00000", "2006-09-30": "3229.00000", "2006-06-30": "3046.00000", "2006-03-31": "3102.00000", "2005-12-31": "3655.00000", "2005-09-30": "3082.00000", "2005-06-30": "2417.00000", "2005-03-31": "2548.00000"}, "Inventory": {"2020-12-31": "", "2020-09-30": "422.00000", "2020-06-30": "360.00000", "2020-03-31": "230.00000", "2019-12-31": "261.00000", "2019-09-30": "289.00000", "2019-06-30": "278.00000", "2019-03-31": "274.00000", "2018-12-31": "245.00000", "2018-09-30": "263.00000", "2018-06-30": "231.00000", "2018-03-31": "239.00000", "2017-12-31": "232.00000", "2017-09-30": "372.00000", "2017-06-30": "376.00000", "2017-03-31": "377.00000", "2016-12-31": "323.00000", "2016-09-30": "403.00000", "2016-06-30": "377.00000", "2016-03-31": "416.00000", "2015-12-31": "399.00000", "2015-09-30": "535.00000", "2015-06-30": "569.00000", "2015-03-31": "546.00000", "2014-12-31": "527.00000", "2014-09-30": "817.00000", "2014-06-30": "842.00000", "2014-03-31": "1055.00000", "2013-12-31": "954.00000", "2013-09-30": "695.00000", "2013-06-30": "683.00000", "2013-03-31": "686.00000", "2012-12-31": "1259.00000", "2012-09-30": "1218.00000", "2012-06-30": "1309.00000", "2012-03-31": "1411.00000", "2011-12-31": "1423.00000", "2011-09-30": "1516.00000", "2011-06-30": "1432.00000", "2011-03-31": "1552.00000", "2010-12-31": "1452.00000", "2010-09-30": "1682.00000", "2010-06-30": "1628.00000", "2010-03-31": "1405.00000", "2009-12-31": "1438.00000", "2009-09-30": "1424.00000", "2009-06-30": "1358.00000", "2009-03-31": "1102.00000", "2008-12-31": "1308.00000", "2008-09-30": "1817.00000", "2008-06-30": "1473.00000", "2008-03-31": "1177.00000", "2007-12-31": "1250.00000", "2007-09-30": "1341.00000", "2007-06-30": "980.00000", "2007-03-31": "1039.00000", "2006-12-31": "1005.00000", "2006-09-30": "1234.00000", "2006-06-30": "1148.00000", "2006-03-31": "668.00000", "2005-12-31": "855.00000", "2005-09-30": "918.00000", "2005-06-30": "687.00000", "2005-03-31": "578.00000"}, "Pre-Paid Expenses": {"2020-12-31": "", "2020-09-30": "", "2020-06-30": "", "2020-03-31": "", "2019-12-31": "", "2019-09-30": "", "2019-06-30": "", "2019-03-31": "", "2018-12-31": "", "2018-09-30": "", "2018-06-30": "", "2018-03-31": "", "2017-12-31": "", "2017-09-30": "", "2017-06-30": "", "2017-03-31": "", "2016-12-31": "", "2016-09-30": "", "2016-06-30": "", "2016-03-31": "", "2015-12-31": "", "2015-09-30": "", "2015-06-30": "", "2015-03-31": "", "2014-12-31": "", "2014-09-30": "", "2014-06-30": "", "2014-03-31": "", "2013-12-31": "", "2013-09-30": "", "2013-06-30": "", "2013-03-31": "", "2012-12-31": "", "2012-09-30": "", "2012-06-30": "", "2012-03-31": "", "2011-12-31": "", "2011-09-30": "", "2011-06-30": "", "2011-03-31": "", "2010-12-31": "", "2010-09-30": "", "2010-06-30": "", "2010-03-31": "", "2009-12-31": "", "2009-09-30": "", "2009-06-30": "", "2009-03-31": "", "2008-12-31": "", "2008-09-30": "", "2008-06-30": "", "2008-03-31": "", "2007-12-31": "", "2007-09-30": "", "2007-06-30": "", "2007-03-31": "", "2006-12-31": "", "2006-09-30": "", "2006-06-30": "", "2006-03-31": "", "2005-12-31": "", "2005-09-30": "", "2005-06-30": "", "2005-03-31": ""}, "Other Current Assets": {"2020-12-31": "1342.00000", "2020-09-30": "730.00000", "2020-06-30": "513.00000", "2020-03-31": "1166.00000", "2019-12-31": "180.00000", "2019-09-30": "124.00000", "2019-06-30": "138.00000", "2019-03-31": "144.00000", "2018-12-31": "519.00000", "2018-09-30": "52.00000", "2018-06-30": "480.00000", "2018-03-31": "52.00000", "2017-12-31": "54.00000", "2017-09-30": "142.00000", "2017-06-30": "464.00000", "2017-03-31": "196.00000", "2016-12-31": "195.00000", "2016-09-30": "108.00000", "2016-06-30": "111.00000", "2016-03-31": "120.00000", "2015-12-31": "130.00000", "2015-09-30": "527.00000", "2015-06-30": "632.00000", "2015-03-31": "560.00000", "2014-12-31": "1269.00000", "2014-09-30": "869.00000", "2014-06-30": "3022.00000", "2014-03-31": "1480.00000", "2013-12-31": "2306.00000", "2013-09-30": "6464.00000", "2013-06-30": "6630.00000", "2013-03-31": "8448.00000", "2012-12-31": "2148.00000", "2012-09-30": "2167.00000", "2012-06-30": "1699.00000", "2012-03-31": "1421.00000", "2011-12-31": "1554.00000", "2011-09-30": "973.00000", "2011-06-30": "807.00000", "2011-03-31": "759.00000", "2010-12-31": "1002.00000", "2010-09-30": "865.00000", "2010-06-30": "1434.00000", "2010-03-31": "1502.00000", "2009-12-31": "1263.00000", "2009-09-30": "993.00000", "2009-06-30": "990.00000", "2009-03-31": "979.00000", "2008-12-31": "819.00000", "2008-09-30": "317.00000", "2008-06-30": "474.00000", "2008-03-31": "365.00000", "2007-12-31": "361.00000", "2007-09-30": "287.00000", "2007-06-30": "285.00000", "2007-03-31": "482.00000", "2006-12-31": "587.00000", "2006-09-30": "246.00000", "2006-06-30": "313.00000", "2006-03-31": "305.00000", "2005-12-31": "465.00000", "2005-09-30": "704.00000", "2005-06-30": "470.00000", "2005-03-31": "442.00000"}, "Total Current Assets": {"2020-12-31": "3081.00000", "2020-09-30": "3136.00000", "2020-06-30": "3115.00000", "2020-03-31": "4270.00000", "2019-12-31": "3156.00000", "2019-09-30": "3398.00000", "2019-06-30": "3684.00000", "2019-03-31": "3834.00000", "2018-12-31": "4459.00000", "2018-09-30": "4501.00000", "2018-06-30": "4694.00000", "2018-03-31": "5014.00000", "2017-12-31": "6157.00000", "2017-09-30": "4083.00000", "2017-06-30": "4270.00000", "2017-03-31": "4171.00000", "2016-12-31": "4276.00000", "2016-09-30": "4893.00000", "2016-06-30": "4631.00000", "2016-03-31": "4945.00000", "2015-12-31": "4404.00000", "2015-09-30": "5597.00000", "2015-06-30": "3926.00000", "2015-03-31": "4323.00000", "2014-12-31": "6313.00000", "2014-09-30": "8865.00000", "2014-06-30": "8767.00000", "2014-03-31": "7048.00000", "2013-12-31": "8599.00000", "2013-09-30": "9257.00000", "2013-06-30": "9992.00000", "2013-03-31": "11418.00000", "2012-12-31": "8387.00000", "2012-09-30": "8157.00000", "2012-06-30": "7925.00000", "2012-03-31": "8212.00000", "2011-12-31": "8339.00000", "2011-09-30": "7479.00000", "2011-06-30": "8886.00000", "2011-03-31": "9436.00000", "2010-12-31": "8780.00000", "2010-09-30": "8839.00000", "2010-06-30": "8296.00000", "2010-03-31": "8780.00000", "2009-12-31": "7987.00000", "2009-09-30": "6926.00000", "2009-06-30": "7508.00000", "2009-03-31": "7137.00000", "2008-12-31": "7332.00000", "2008-09-30": "8166.00000", "2008-06-30": "9692.00000", "2008-03-31": "7294.00000", "2007-12-31": "6926.00000", "2007-09-30": "5269.00000", "2007-06-30": "5013.00000", "2007-03-31": "5227.00000", "2006-12-31": "5848.00000", "2006-09-30": "5255.00000", "2006-06-30": "4993.00000", "2006-03-31": "4579.00000", "2005-12-31": "5290.00000", "2005-09-30": "5463.00000", "2005-06-30": "4490.00000", "2005-03-31": "4412.00000"}, "Property, Plant, And Equipment": {"2020-12-31": "14115.00000", "2020-09-30": "14235.00000", "2020-06-30": "14825.00000", "2020-03-31": "14811.00000", "2019-12-31": "16814.00000", "2019-09-30": "16449.00000", "2019-06-30": "16107.00000", "2019-03-31": "15898.00000", "2018-12-31": "16083.00000", "2018-09-30": "16013.00000", "2018-06-30": "15869.00000", "2018-03-31": "16181.00000", "2017-12-31": "16192.00000", "2017-09-30": "20279.00000", "2017-06-30": "22793.00000", "2017-03-31": "23201.00000", "2016-12-31": "23595.00000", "2016-09-30": "25537.00000", "2016-06-30": "25769.00000", "2016-03-31": "26241.00000", "2015-12-31": "26352.00000", "2015-09-30": "26883.00000", "2015-06-30": "27298.00000", "2015-03-31": "27208.00000", "2014-12-31": "27517.00000", "2014-09-30": "27667.00000", "2014-06-30": "27236.00000", "2014-03-31": "29166.00000", "2013-12-31": "28771.00000", "2013-09-30": "27414.00000", "2013-06-30": "26170.00000", "2013-03-31": "25651.00000", "2012-12-31": "28807.00000", "2012-09-30": "28144.00000", "2012-06-30": "26556.00000", "2012-03-31": "26052.00000", "2011-12-31": "24712.00000", "2011-09-30": "24167.00000", "2011-06-30": "22528.00000", "2011-03-31": "21759.00000", "2010-12-31": "21127.00000", "2010-09-30": "19084.00000", "2010-06-30": "16535.00000", "2010-03-31": "16536.00000", "2009-12-31": "16627.00000", "2009-09-30": "16646.00000", "2009-06-30": "16421.00000", "2009-03-31": "16356.00000", "2008-12-31": "16271.00000", "2008-09-30": "16656.00000", "2008-06-30": "15754.00000", "2008-03-31": "15132.00000", "2007-12-31": "14634.00000", "2007-09-30": "14273.00000", "2007-06-30": "13754.00000", "2007-03-31": "13143.00000", "2006-12-31": "12308.00000", "2006-09-30": "11942.00000", "2006-06-30": "11682.00000", "2006-03-31": "10970.00000", "2005-12-31": "9512.00000", "2005-09-30": "9143.00000", "2005-06-30": "8780.00000", "2005-03-31": "8578.00000"}, "Long-Term Investments": {"2020-12-31": "", "2020-09-30": "", "2020-06-30": "", "2020-03-31": "", "2019-12-31": "", "2019-09-30": "", "2019-06-30": "", "2019-03-31": "", "2018-12-31": "", "2018-09-30": "", "2018-06-30": "", "2018-03-31": "", "2017-12-31": "", "2017-09-30": "", "2017-06-30": "", "2017-03-31": "", "2016-12-31": "", "2016-09-30": "", "2016-06-30": "", "2016-03-31": "", "2015-12-31": "", "2015-09-30": "", "2015-06-30": "", "2015-03-31": "", "2014-12-31": "", "2014-09-30": "145.00000", "2014-06-30": "213.00000", "2014-03-31": "485.00000", "2013-12-31": "", "2013-09-30": "441.00000", "2013-06-30": "380.00000", "2013-03-31": "337.00000", "2012-12-31": "443.00000", "2012-09-30": "401.00000", "2012-06-30": "450.00000", "2012-03-31": "415.00000", "2011-12-31": "384.00000", "2011-09-30": "391.00000", "2011-06-30": "417.00000", "2011-03-31": "446.00000", "2010-12-31": "443.00000", "2010-09-30": "775.00000", "2010-06-30": "864.00000", "2010-03-31": "847.00000", "2009-12-31": "913.00000", "2009-09-30": "975.00000", "2009-06-30": "1013.00000", "2009-03-31": "1084.00000", "2008-12-31": "1127.00000", "2008-09-30": "1108.00000", "2008-06-30": "1038.00000", "2008-03-31": "1082.00000", "2007-12-31": "1117.00000", "2007-09-30": "1191.00000", "2007-06-30": "1244.00000", "2007-03-31": "1234.00000", "2006-12-31": "1243.00000", "2006-09-30": "1279.00000", "2006-06-30": "1301.00000", "2006-03-31": "1189.00000", "2005-12-31": "1389.00000", "2005-09-30": "1303.00000", "2005-06-30": "1305.00000", "2005-03-31": "1191.00000"}, "Goodwill And Intangible Assets": {"2020-12-31": "", "2020-09-30": "360.00000", "2020-06-30": "360.00000", "2020-03-31": "360.00000", "2019-12-31": "360.00000", "2019-09-30": "360.00000", "2019-06-30": "360.00000", "2019-03-31": "360.00000", "2018-12-31": "360.00000", "2018-09-30": "360.00000", "2018-06-30": "360.00000", "2018-03-31": "360.00000", "2017-12-31": "360.00000", "2017-09-30": "360.00000", "2017-06-30": "350.00000", "2017-03-31": "375.00000", "2016-12-31": "375.00000", "2016-09-30": "375.00000", "2016-06-30": "375.00000", "2016-03-31": "375.00000", "2015-12-31": "375.00000", "2015-09-30": "1473.00000", "2015-06-30": "1473.00000", "2015-03-31": "1858.00000", "2014-12-31": "1858.00000", "2014-09-30": "1858.00000", "2014-06-30": "1858.00000", "2014-03-31": "1984.00000", "2013-12-31": "1869.00000", "2013-09-30": "1869.00000", "2013-06-30": "1869.00000", "2013-03-31": "1869.00000", "2012-12-31": "2208.00000", "2012-09-30": "2208.00000", "2012-06-30": "2266.00000", "2012-03-31": "2293.00000", "2011-12-31": "2305.00000", "2011-09-30": "2383.00000", "2011-06-30": "2388.00000", "2011-03-31": "2394.00000", "2010-12-31": "2408.00000", "2010-09-30": "2045.00000", "2010-06-30": "1218.00000", "2010-03-31": "1218.00000", "2009-12-31": "1225.00000", "2009-09-30": "1225.00000", "2009-06-30": "1225.00000", "2009-03-31": "1225.00000", "2008-12-31": "1225.00000", "2008-09-30": "1225.00000", "2008-06-30": "1225.00000", "2008-03-31": "1225.00000", "2007-12-31": "1225.00000", "2007-09-30": "1225.00000", "2007-06-30": "1225.00000", "2007-03-31": "1225.00000", "2006-12-31": "1253.00000", "2006-09-30": "1249.00000", "2006-06-30": "1249.00000", "2006-03-31": "1246.00000", "2005-12-31": "977.00000", "2005-09-30": "977.00000", "2005-06-30": "977.00000", "2005-03-31": "977.00000"}, "Other Long-Term Assets": {"2020-12-31": "1031.00000", "2020-09-30": "672.00000", "2020-06-30": "642.00000", "2020-03-31": "626.00000", "2019-12-31": "626.00000", "2019-09-30": "571.00000", "2019-06-30": "586.00000", "2019-03-31": "557.00000", "2018-12-31": "510.00000", "2018-09-30": "583.00000", "2018-06-30": "523.00000", "2018-03-31": "495.00000", "2017-12-31": "382.00000", "2017-09-30": "398.00000", "2017-06-30": "360.00000", "2017-03-31": "330.00000", "2016-12-31": "316.00000", "2016-09-30": "397.00000", "2016-06-30": "416.00000", "2016-03-31": "415.00000", "2015-12-31": "373.00000", "2015-09-30": "394.00000", "2015-06-30": "357.00000", "2015-03-31": "356.00000", "2014-12-31": "348.00000", "2014-09-30": "500.00000", "2014-06-30": "498.00000", "2014-03-31": "534.00000", "2013-12-31": "1196.00000", "2013-09-30": "298.00000", "2013-06-30": "264.00000", "2013-03-31": "362.00000", "2012-12-31": "470.00000", "2012-09-30": "430.00000", "2012-06-30": "444.00000", "2012-03-31": "444.00000", "2011-12-31": "455.00000", "2011-09-30": "597.00000", "2011-06-30": "487.00000", "2011-03-31": "479.00000", "2010-12-31": "471.00000", "2010-09-30": "272.00000", "2010-06-30": "271.00000", "2010-03-31": "285.00000", "2009-12-31": "304.00000", "2009-09-30": "338.00000", "2009-06-30": "336.00000", "2009-03-31": "333.00000", "2008-12-31": "342.00000", "2008-09-30": "314.00000", "2008-06-30": "326.00000", "2008-03-31": "315.00000", "2007-12-31": "356.00000", "2007-09-30": "344.00000", "2007-06-30": "355.00000", "2007-03-31": "366.00000", "2006-12-31": "360.00000", "2006-09-30": "310.00000", "2006-06-30": "307.00000", "2006-03-31": "227.00000", "2005-12-31": "403.00000", "2005-09-30": "249.00000", "2005-06-30": "227.00000", "2005-03-31": "222.00000"}, "Total Long-Term Assets": {"2020-12-31": "15146.00000", "2020-09-30": "15334.00000", "2020-06-30": "15905.00000", "2020-03-31": "15874.00000", "2019-12-31": "17880.00000", "2019-09-30": "17398.00000", "2019-06-30": "17074.00000", "2019-03-31": "16837.00000", "2018-12-31": "16974.00000", "2018-09-30": "16966.00000", "2018-06-30": "16770.00000", "2018-03-31": "17058.00000", "2017-12-31": "16955.00000", "2017-09-30": "22517.00000", "2017-06-30": "23528.00000", "2017-03-31": "23929.00000", "2016-12-31": "24345.00000", "2016-09-30": "29566.00000", "2016-06-30": "29603.00000", "2016-03-31": "29863.00000", "2015-12-31": "29753.00000", "2015-09-30": "30859.00000", "2015-06-30": "31632.00000", "2015-03-31": "31778.00000", "2014-12-31": "32094.00000", "2014-09-30": "32110.00000", "2014-06-30": "32304.00000", "2014-03-31": "34376.00000", "2013-12-31": "34155.00000", "2013-09-30": "32639.00000", "2013-06-30": "31436.00000", "2013-03-31": "30961.00000", "2012-12-31": "35054.00000", "2012-09-30": "34055.00000", "2012-06-30": "32689.00000", "2012-03-31": "32435.00000", "2011-12-31": "30797.00000", "2011-09-30": "29860.00000", "2011-06-30": "28105.00000", "2011-03-31": "27201.00000", "2010-12-31": "26616.00000", "2010-09-30": "24646.00000", "2010-06-30": "21204.00000", "2010-03-31": "21169.00000", "2009-12-31": "21478.00000", "2009-09-30": "21511.00000", "2009-06-30": "21408.00000", "2009-03-31": "21296.00000", "2008-12-31": "21257.00000", "2008-09-30": "21412.00000", "2008-06-30": "21047.00000", "2008-03-31": "19719.00000", "2007-12-31": "19205.00000", "2007-09-30": "18667.00000", "2007-06-30": "18224.00000", "2007-03-31": "17500.00000", "2006-12-31": "16594.00000", "2006-09-30": "16372.00000", "2006-06-30": "16251.00000", "2006-03-31": "15306.00000", "2005-12-31": "13825.00000", "2005-09-30": "13392.00000", "2005-06-30": "12969.00000", "2005-03-31": "12504.00000"}, "Total Assets": {"2020-12-31": "18821.00000", "2020-09-30": "18969.00000", "2020-06-30": "19546.00000", "2020-03-31": "20717.00000", "2019-12-31": "21782.00000", "2019-09-30": "21631.00000", "2019-06-30": "21695.00000", "2019-03-31": "21716.00000", "2018-12-31": "21433.00000", "2018-09-30": "21467.00000", "2018-06-30": "21464.00000", "2018-03-31": "22072.00000", "2017-12-31": "23112.00000", "2017-09-30": "26600.00000", "2017-06-30": "27798.00000", "2017-03-31": "28100.00000", "2016-12-31": "28621.00000", "2016-09-30": "34459.00000", "2016-06-30": "34234.00000", "2016-03-31": "34808.00000", "2015-12-31": "34157.00000", "2015-09-30": "36456.00000", "2015-06-30": "35558.00000", "2015-03-31": "36101.00000", "2014-12-31": "38407.00000", "2014-09-30": "40975.00000", "2014-06-30": "41071.00000", "2014-03-31": "41424.00000", "2013-12-31": "42754.00000", "2013-09-30": "41896.00000", "2013-06-30": "41428.00000", "2013-03-31": "42379.00000", "2012-12-31": "43441.00000", "2012-09-30": "42212.00000", "2012-06-30": "40614.00000", "2012-03-31": "40647.00000", "2011-12-31": "39136.00000", "2011-09-30": "37339.00000", "2011-06-30": "36991.00000", "2011-03-31": "36637.00000", "2010-12-31": "35396.00000", "2010-09-30": "33485.00000", "2010-06-30": "29500.00000", "2010-03-31": "29949.00000", "2009-12-31": "29465.00000", "2009-09-30": "28437.00000", "2009-06-30": "28916.00000", "2009-03-31": "28433.00000", "2008-12-31": "28589.00000", "2008-09-30": "29578.00000", "2008-06-30": "30739.00000", "2008-03-31": "27013.00000", "2007-12-31": "26131.00000", "2007-09-30": "23936.00000", "2007-06-30": "23237.00000", "2007-03-31": "22727.00000", "2006-12-31": "22442.00000", "2006-09-30": "21627.00000", "2006-06-30": "21244.00000", "2006-03-31": "19885.00000", "2005-12-31": "19115.00000", "2005-09-30": "18855.00000", "2005-06-30": "17459.00000", "2005-03-31": "16916.00000"}, "Total Current Liabilities": {"2020-12-31": "1623.00000", "2020-09-30": "1426.00000", "2020-06-30": "1564.00000", "2020-03-31": "1947.00000", "2019-12-31": "2510.00000", "2019-09-30": "2344.00000", "2019-06-30": "2332.00000", "2019-03-31": "2271.00000", "2018-12-31": "2203.00000", "2018-09-30": "1958.00000", "2018-06-30": "1945.00000", "2018-03-31": "1904.00000", "2017-12-31": "2435.00000", "2017-09-30": "2214.00000", "2017-06-30": "2118.00000", "2017-03-31": "2126.00000", "2016-12-31": "2251.00000", "2016-09-30": "2617.00000", "2016-06-30": "2139.00000", "2016-03-31": "2193.00000", "2015-12-31": "2628.00000", "2015-09-30": "2624.00000", "2015-06-30": "3493.00000", "2015-03-31": "3467.00000", "2014-12-31": "4851.00000", "2014-09-30": "5015.00000", "2014-06-30": "5257.00000", "2014-03-31": "5981.00000", "2013-12-31": "6558.00000", "2013-09-30": "6923.00000", "2013-06-30": "6733.00000", "2013-03-31": "8906.00000", "2012-12-31": "8382.00000", "2012-09-30": "7848.00000", "2012-06-30": "7084.00000", "2012-03-31": "8191.00000", "2011-12-31": "8100.00000", "2011-09-30": "6606.00000", "2011-06-30": "6796.00000", "2011-03-31": "7351.00000", "2010-12-31": "7613.00000", "2010-09-30": "6567.00000", "2010-06-30": "6330.00000", "2010-03-31": "7165.00000", "2009-12-31": "6850.00000", "2009-09-30": "6468.00000", "2009-06-30": "7613.00000", "2009-03-31": "7444.00000", "2008-12-31": "7730.00000", "2008-09-30": "8760.00000", "2008-06-30": "11237.00000", "2008-03-31": "7946.00000", "2007-12-31": "8024.00000", "2007-09-30": "6402.00000", "2007-06-30": "6218.00000", "2007-03-31": "6185.00000", "2006-12-31": "6739.00000", "2006-09-30": "6387.00000", "2006-06-30": "6811.00000", "2006-03-31": "6168.00000", "2005-12-31": "6447.00000", "2005-09-30": "7170.00000", "2005-06-30": "6103.00000", "2005-03-31": "5810.00000"}, "Long Term Debt": {"2020-12-31": "8506.00000", "2020-09-30": "8504.00000", "2020-06-30": "8434.00000", "2020-03-31": "8424.00000", "2019-12-31": "7380.00000", "2019-09-30": "6768.00000", "2019-06-30": "6757.00000", "2019-03-31": "6800.00000", "2018-12-31": "6605.00000", "2018-09-30": "6609.00000", "2018-06-30": "6352.00000", "2018-03-31": "6372.00000", "2017-12-31": "6397.00000", "2017-09-30": "6592.00000", "2017-06-30": "6612.00000", "2017-03-31": "6669.00000", "2016-12-31": "6694.00000", "2016-09-30": "6671.00000", "2016-06-30": "6450.00000", "2016-03-31": "6498.00000", "2015-12-31": "6506.00000", "2015-09-30": "6474.00000", "2015-06-30": "5888.00000", "2015-03-31": "5911.00000", "2014-12-31": "5919.00000", "2014-09-30": "5929.00000", "2014-06-30": "5953.00000", "2014-03-31": "5434.00000", "2013-12-31": "5420.00000", "2013-09-30": "5418.00000", "2013-06-30": "5446.00000", "2013-03-31": "5472.00000", "2012-12-31": "7324.00000", "2012-09-30": "7220.00000", "2012-06-30": "7546.00000", "2012-03-31": "6940.00000", "2011-12-31": "6005.00000", "2011-09-30": "5548.00000", "2011-06-30": "5506.00000", "2011-03-31": "5517.00000", "2010-12-31": "5537.00000", "2010-09-30": "5541.00000", "2010-06-30": "4293.00000", "2010-03-31": "4303.00000", "2009-12-31": "4319.00000", "2009-09-30": "4243.00000", "2009-06-30": "4178.00000", "2009-03-31": "4193.00000", "2008-12-31": "3812.00000", "2008-09-30": "3893.00000", "2008-06-30": "3877.00000", "2008-03-31": "3896.00000", "2007-12-31": "3918.00000", "2007-09-30": "3939.00000", "2007-06-30": "3961.00000", "2007-03-31": "4111.00000", "2006-12-31": "3745.00000", "2006-09-30": "3746.00000", "2006-06-30": "3679.00000", "2006-03-31": "3668.00000", "2005-12-31": "3759.00000", "2005-09-30": "3709.00000", "2005-06-30": "3761.00000", "2005-03-31": "3776.00000"}, "Other Non-Current Liabilities": {"2020-12-31": "1879.00000", "2020-09-30": "1507.00000", "2020-06-30": "1514.00000", "2020-03-31": "1483.00000", "2019-12-31": "1418.00000", "2019-09-30": "1559.00000", "2019-06-30": "1262.00000", "2019-03-31": "1236.00000", "2018-12-31": "1316.00000", "2018-09-30": "1429.00000", "2018-06-30": "1407.00000", "2018-03-31": "1434.00000", "2017-12-31": "1497.00000", "2017-09-30": "2782.00000", "2017-06-30": "2875.00000", "2017-03-31": "2947.00000", "2016-12-31": "2941.00000", "2016-09-30": "3042.00000", "2016-06-30": "3244.00000", "2016-03-31": "3163.00000", "2015-12-31": "3288.00000", "2015-09-30": "3377.00000", "2015-06-30": "3249.00000", "2015-03-31": "3262.00000", "2014-12-31": "3479.00000", "2014-09-30": "3350.00000", "2014-06-30": "3091.00000", "2014-03-31": "3298.00000", "2013-12-31": "3700.00000", "2013-09-30": "3456.00000", "2013-06-30": "3170.00000", "2013-03-31": "3266.00000", "2012-12-31": "3870.00000", "2012-09-30": "3796.00000", "2012-06-30": "3371.00000", "2012-03-31": "3451.00000", "2011-12-31": "3596.00000", "2011-09-30": "3114.00000", "2011-06-30": "2416.00000", "2011-03-31": "2442.00000", "2010-12-31": "2442.00000", "2010-09-30": "2490.00000", "2010-06-30": "2268.00000", "2010-03-31": "2283.00000", "2009-12-31": "2546.00000", "2009-09-30": "2460.00000", "2009-06-30": "2512.00000", "2009-03-31": "2379.00000", "2008-12-31": "2415.00000", "2008-09-30": "2191.00000", "2008-06-30": "2060.00000", "2008-03-31": "1993.00000", "2007-12-31": "2053.00000", "2007-09-30": "1776.00000", "2007-06-30": "1802.00000", "2007-03-31": "1735.00000", "2006-12-31": "1695.00000", "2006-09-30": "1661.00000", "2006-06-30": "1585.00000", "2006-03-31": "1365.00000", "2005-12-31": "1222.00000", "2005-09-30": "1114.00000", "2005-06-30": "1095.00000", "2005-03-31": "1077.00000"}, "Total Long Term Liabilities": {"2020-12-31": "10863.00000", "2020-09-30": "10661.00000", "2020-06-30": "10616.00000", "2020-03-31": "10592.00000", "2019-12-31": "9566.00000", "2019-09-30": "9110.00000", "2019-06-30": "8832.00000", "2019-03-31": "8892.00000", "2018-12-31": "8342.00000", "2018-09-30": "8463.00000", "2018-06-30": "8183.00000", "2018-03-31": "8231.00000", "2017-12-31": "8323.00000", "2017-09-30": "9958.00000", "2017-06-30": "10602.00000", "2017-03-31": "10741.00000", "2016-12-31": "10779.00000", "2016-09-30": "10927.00000", "2016-06-30": "10921.00000", "2016-03-31": "10981.00000", "2015-12-31": "11128.00000", "2015-09-30": "11469.00000", "2015-06-30": "10962.00000", "2015-03-31": "10967.00000", "2014-12-31": "11236.00000", "2014-09-30": "11595.00000", "2014-06-30": "11460.00000", "2014-03-31": "11201.00000", "2013-12-31": "11412.00000", "2013-09-30": "11131.00000", "2013-06-30": "10722.00000", "2013-03-31": "10948.00000", "2012-12-31": "13856.00000", "2012-09-30": "13712.00000", "2012-06-30": "13571.00000", "2012-03-31": "13299.00000", "2011-12-31": "12444.00000", "2011-09-30": "11819.00000", "2011-06-30": "11291.00000", "2011-03-31": "11169.00000", "2010-12-31": "10974.00000", "2010-09-30": "11090.00000", "2010-06-30": "8640.00000", "2010-03-31": "8757.00000", "2009-12-31": "9087.00000", "2009-09-30": "8962.00000", "2009-06-30": "8925.00000", "2009-03-31": "8858.00000", "2008-12-31": "8468.00000", "2008-09-30": "8587.00000", "2008-06-30": "8400.00000", "2008-03-31": "8312.00000", "2007-12-31": "8333.00000", "2007-09-30": "8025.00000", "2007-06-30": "7932.00000", "2007-03-31": "7929.00000", "2006-12-31": "7556.00000", "2006-09-30": "7510.00000", "2006-06-30": "7275.00000", "2006-03-31": "6958.00000", "2005-12-31": "6382.00000", "2005-09-30": "6161.00000", "2005-06-30": "6089.00000", "2005-03-31": "6080.00000"}, "Total Liabilities": {"2020-12-31": "12486.00000", "2020-09-30": "12087.00000", "2020-06-30": "12180.00000", "2020-03-31": "12539.00000", "2019-12-31": "12076.00000", "2019-09-30": "11454.00000", "2019-06-30": "11164.00000", "2019-03-31": "11163.00000", "2018-12-31": "10545.00000", "2018-09-30": "10421.00000", "2018-06-30": "10128.00000", "2018-03-31": "10135.00000", "2017-12-31": "10758.00000", "2017-09-30": "12172.00000", "2017-06-30": "12720.00000", "2017-03-31": "12867.00000", "2016-12-31": "13030.00000", "2016-09-30": "13544.00000", "2016-06-30": "13060.00000", "2016-03-31": "13174.00000", "2015-12-31": "13756.00000", "2015-09-30": "14093.00000", "2015-06-30": "14455.00000", "2015-03-31": "14434.00000", "2014-12-31": "16087.00000", "2014-09-30": "16610.00000", "2014-06-30": "16717.00000", "2014-03-31": "17182.00000", "2013-12-31": "17970.00000", "2013-09-30": "18054.00000", "2013-06-30": "17455.00000", "2013-03-31": "19854.00000", "2012-12-31": "22238.00000", "2012-09-30": "21560.00000", "2012-06-30": "20655.00000", "2012-03-31": "21490.00000", "2011-12-31": "20544.00000", "2011-09-30": "18425.00000", "2011-06-30": "18087.00000", "2011-03-31": "18520.00000", "2010-12-31": "18587.00000", "2010-09-30": "17657.00000", "2010-06-30": "14970.00000", "2010-03-31": "15922.00000", "2009-12-31": "15937.00000", "2009-09-30": "15430.00000", "2009-06-30": "16538.00000", "2009-03-31": "16302.00000", "2008-12-31": "16198.00000", "2008-09-30": "17347.00000", "2008-06-30": "19637.00000", "2008-03-31": "16258.00000", "2007-12-31": "16357.00000", "2007-09-30": "14427.00000", "2007-06-30": "14150.00000", "2007-03-31": "14114.00000", "2006-12-31": "14295.00000", "2006-09-30": "13897.00000", "2006-06-30": "14086.00000", "2006-03-31": "13126.00000", "2005-12-31": "12829.00000", "2005-09-30": "13331.00000", "2005-06-30": "12192.00000", "2005-03-31": "11890.00000"}, "Common Stock Net": {"2020-12-31": "", "2020-09-30": "307.00000", "2020-06-30": "307.00000", "2020-03-31": "307.00000", "2019-12-31": "305.00000", "2019-09-30": "305.00000", "2019-06-30": "304.00000", "2019-03-31": "304.00000", "2018-12-31": "291.00000", "2018-09-30": "296.00000", "2018-06-30": "300.00000", "2018-03-31": "308.00000", "2017-12-31": "315.00000", "2017-09-30": "318.00000", "2017-06-30": "318.00000", "2017-03-31": "318.00000", "2016-12-31": "317.00000", "2016-09-30": "317.00000", "2016-06-30": "317.00000", "2016-03-31": "317.00000", "2015-12-31": "286.00000", "2015-09-30": "286.00000", "2015-06-30": "287.00000", "2015-03-31": "287.00000", "2014-12-31": "286.00000", "2014-09-30": "299.00000", "2014-06-30": "308.00000", "2014-03-31": "314.00000", "2013-12-31": "325.00000", "2013-09-30": "338.00000", "2013-06-30": "343.00000", "2013-03-31": "343.00000", "2012-12-31": "342.00000", "2012-09-30": "342.00000", "2012-06-30": "342.00000", "2012-03-31": "342.00000", "2011-12-31": "340.00000", "2011-09-30": "340.00000", "2011-06-30": "340.00000", "2011-03-31": "340.00000", "2010-12-31": "338.00000", "2010-09-30": "328.00000", "2010-06-30": "328.00000", "2010-03-31": "328.00000", "2009-12-31": "327.00000", "2009-09-30": "327.00000", "2009-06-30": "327.00000", "2009-03-31": "327.00000", "2008-12-31": "326.00000", "2008-09-30": "326.00000", "2008-06-30": "325.00000", "2008-03-31": "323.00000", "2007-12-31": "321.00000", "2007-09-30": "319.00000", "2007-06-30": "318.00000", "2007-03-31": "317.00000", "2006-12-31": "315.00000", "2006-09-30": "281.00000", "2006-06-30": "281.00000", "2006-03-31": "93.00000", "2005-12-31": "279.00000", "2005-09-30": "93.00000", "2005-06-30": "93.00000", "2005-03-31": "92.00000"}, "Retained Earnings (Accumulated Deficit)": {"2020-12-31": "", "2020-09-30": "304.00000", "2020-06-30": "625.00000", "2020-03-31": "1021.00000", "2019-12-31": "3535.00000", "2019-09-30": "3836.00000", "2019-06-30": "4125.00000", "2019-03-31": "4207.00000", "2018-12-31": "4257.00000", "2018-09-30": "4410.00000", "2018-06-30": "4692.00000", "2018-03-31": "5166.00000", "2017-12-31": "5597.00000", "2017-09-30": "8438.00000", "2017-06-30": "9153.00000", "2017-03-31": "9692.00000", "2016-12-31": "10147.00000", "2016-09-30": "15129.00000", "2016-06-30": "15559.00000", "2016-03-31": "16042.00000", "2015-12-31": "16637.00000", "2015-09-30": "18530.00000", "2015-06-30": "18923.00000", "2015-03-31": "19578.00000", "2014-12-31": "20052.00000", "2014-09-30": "21020.00000", "2014-06-30": "20879.00000", "2014-03-31": "20693.00000", "2013-12-31": "21235.00000", "2013-09-30": "20279.00000", "2013-06-30": "20369.00000", "2013-03-31": "18958.00000", "2012-12-31": "17717.00000", "2012-09-30": "17377.00000", "2012-06-30": "16854.00000", "2012-03-31": "16337.00000", "2011-12-31": "15826.00000", "2011-09-30": "15991.00000", "2011-06-30": "15725.00000", "2011-03-31": "15151.00000", "2010-12-31": "14254.00000", "2010-09-30": "14229.00000", "2010-06-30": "13105.00000", "2010-03-31": "12761.00000", "2009-12-31": "12251.00000", "2009-09-30": "11926.00000", "2009-06-30": "11617.00000", "2009-03-31": "11550.00000", "2008-12-31": "11642.00000", "2008-09-30": "11749.00000", "2008-06-30": "11007.00000", "2008-03-31": "10139.00000", "2007-12-31": "9412.00000", "2007-09-30": "8933.00000", "2007-06-30": "8570.00000", "2007-03-31": "8046.00000", "2006-12-31": "7707.00000", "2006-09-30": "7351.00000", "2006-06-30": "7094.00000", "2006-03-31": "6570.00000", "2005-12-31": "5914.00000", "2005-09-30": "5502.00000", "2005-06-30": "5270.00000", "2005-03-31": "5010.00000"}, "Comprehensive Income": {"2020-12-31": "-755.00000", "2020-09-30": "-363.00000", "2020-06-30": "-187.00000", "2020-03-31": "239.00000", "2019-12-31": "-699.00000", "2019-09-30": "-776.00000", "2019-06-30": "-648.00000", "2019-03-31": "-650.00000", "2018-12-31": "-306.00000", "2018-09-30": "-502.00000", "2018-06-30": "-522.00000", "2018-03-31": "-571.00000", "2017-12-31": "-686.00000", "2017-09-30": "-1472.00000", "2017-06-30": "-1518.00000", "2017-03-31": "-1667.00000", "2016-12-31": "-1704.00000", "2016-09-30": "-1372.00000", "2016-06-30": "-1499.00000", "2016-03-31": "-1484.00000", "2015-12-31": "-1664.00000", "2015-09-30": "-1582.00000", "2015-06-30": "-1436.00000", "2015-03-31": "-1504.00000", "2014-12-31": "-1410.00000", "2014-09-30": "-487.00000", "2014-06-30": "-384.00000", "2014-03-31": "-276.00000", "2013-12-31": "-338.00000", "2013-09-30": "-447.00000", "2013-06-30": "-419.00000", "2013-03-31": "-452.00000", "2012-12-31": "-493.00000", "2012-09-30": "-675.00000", "2012-06-30": "-779.00000", "2012-03-31": "-1057.00000", "2011-12-31": "-1067.00000", "2011-09-30": "-867.00000", "2011-06-30": "-662.00000", "2011-03-31": "-873.00000", "2010-12-31": "-1159.00000", "2010-09-30": "-1377.00000", "2010-06-30": "-1603.00000", "2010-03-31": "-1749.00000", "2009-12-31": "-1675.00000", "2009-09-30": "-1827.00000", "2009-06-30": "-2100.00000", "2009-03-31": "-2238.00000", "2008-12-31": "-2008.00000", "2008-09-30": "-1918.00000", "2008-06-30": "-2268.00000", "2008-03-31": "-1652.00000", "2007-12-31": "-1841.00000", "2007-09-30": "-1574.00000", "2007-06-30": "-1615.00000", "2007-03-31": "-1505.00000", "2006-12-31": "-1564.00000", "2006-09-30": "-1602.00000", "2006-06-30": "-1880.00000", "2006-03-31": "-1728.00000", "2005-12-31": "-1526.00000", "2005-09-30": "-1861.00000", "2005-06-30": "-1867.00000", "2005-03-31": "-1799.00000"}, "Other Share Holders Equity": {"2020-12-31": "", "2020-09-30": "", "2020-06-30": "", "2020-03-31": "", "2019-12-31": "", "2019-09-30": "", "2019-06-30": "", "2019-03-31": "", "2018-12-31": "", "2018-09-30": "", "2018-06-30": "", "2018-03-31": "", "2017-12-31": "", "2017-09-30": "", "2017-06-30": "", "2017-03-31": "", "2016-12-31": "", "2016-09-30": "", "2016-06-30": "", "2016-03-31": "", "2015-12-31": "", "2015-09-30": "", "2015-06-30": "", "2015-03-31": "", "2014-12-31": "", "2014-09-30": "", "2014-06-30": "", "2014-03-31": "", "2013-12-31": "", "2013-09-30": "", "2013-06-30": "", "2013-03-31": "", "2012-12-31": "", "2012-09-30": "", "2012-06-30": "", "2012-03-31": "", "2011-12-31": "", "2011-09-30": "", "2011-06-30": "", "2011-03-31": "", "2010-12-31": "", "2010-09-30": "", "2010-06-30": "", "2010-03-31": "", "2009-12-31": "", "2009-09-30": "", "2009-06-30": "", "2009-03-31": "", "2008-12-31": "", "2008-09-30": "", "2008-06-30": "", "2008-03-31": "", "2007-12-31": "", "2007-09-30": "", "2007-06-30": "", "2007-03-31": "", "2006-12-31": "", "2006-09-30": "", "2006-06-30": "", "2006-03-31": "", "2005-12-31": "", "2005-09-30": "", "2005-06-30": "", "2005-03-31": ""}, "Share Holder Equity": {"2020-12-31": "6335.00000", "2020-09-30": "6882.00000", "2020-06-30": "7366.00000", "2020-03-31": "8178.00000", "2019-12-31": "9706.00000", "2019-09-30": "10177.00000", "2019-06-30": "10531.00000", "2019-03-31": "10553.00000", "2018-12-31": "10888.00000", "2018-09-30": "11046.00000", "2018-06-30": "11336.00000", "2018-03-31": "11937.00000", "2017-12-31": "12354.00000", "2017-09-30": "14428.00000", "2017-06-30": "15078.00000", "2017-03-31": "15233.00000", "2016-12-31": "15591.00000", "2016-09-30": "20915.00000", "2016-06-30": "21174.00000", "2016-03-31": "21634.00000", "2015-12-31": "20401.00000", "2015-09-30": "22363.00000", "2015-06-30": "21103.00000", "2015-03-31": "21667.00000", "2014-12-31": "22320.00000", "2014-09-30": "24365.00000", "2014-06-30": "24354.00000", "2014-03-31": "24242.00000", "2013-12-31": "24784.00000", "2013-09-30": "23842.00000", "2013-06-30": "23973.00000", "2013-03-31": "22525.00000", "2012-12-31": "21203.00000", "2012-09-30": "20652.00000", "2012-06-30": "19959.00000", "2012-03-31": "19157.00000", "2011-12-31": "18592.00000", "2011-09-30": "18914.00000", "2011-06-30": "18904.00000", "2011-03-31": "18117.00000", "2010-12-31": "16809.00000", "2010-09-30": "15828.00000", "2010-06-30": "14530.00000", "2010-03-31": "14027.00000", "2009-12-31": "13528.00000", "2009-09-30": "13007.00000", "2009-06-30": "12378.00000", "2009-03-31": "12131.00000", "2008-12-31": "12391.00000", "2008-09-30": "12231.00000", "2008-06-30": "11102.00000", "2008-03-31": "10755.00000", "2007-12-31": "9774.00000", "2007-09-30": "9509.00000", "2007-06-30": "9087.00000", "2007-03-31": "8613.00000", "2006-12-31": "8147.00000", "2006-09-30": "7730.00000", "2006-06-30": "7158.00000", "2006-03-31": "6759.00000", "2005-12-31": "6286.00000", "2005-09-30": "5524.00000", "2005-06-30": "5267.00000", "2005-03-31": "5026.00000"}, "Total Liabilities And Share Holders Equity": {"2020-12-31": "18821.00000", "2020-09-30": "18969.00000", "2020-06-30": "19546.00000", "2020-03-31": "20717.00000", "2019-12-31": "21782.00000", "2019-09-30": "21631.00000", "2019-06-30": "21695.00000", "2019-03-31": "21716.00000", "2018-12-31": "21433.00000", "2018-09-30": "21467.00000", "2018-06-30": "21464.00000", "2018-03-31": "22072.00000", "2017-12-31": "23112.00000", "2017-09-30": "26600.00000", "2017-06-30": "27798.00000", "2017-03-31": "28100.00000", "2016-12-31": "28621.00000", "2016-09-30": "34459.00000", "2016-06-30": "34234.00000", "2016-03-31": "34808.00000", "2015-12-31": "34157.00000", "2015-09-30": "36456.00000", "2015-06-30": "35558.00000", "2015-03-31": "36101.00000", "2014-12-31": "38407.00000", "2014-09-30": "40975.00000", "2014-06-30": "41071.00000", "2014-03-31": "41424.00000", "2013-12-31": "42754.00000", "2013-09-30": "41896.00000", "2013-06-30": "41428.00000", "2013-03-31": "42379.00000", "2012-12-31": "43441.00000", "2012-09-30": "42212.00000", "2012-06-30": "40614.00000", "2012-03-31": "40647.00000", "2011-12-31": "39136.00000", "2011-09-30": "37339.00000", "2011-06-30": "36991.00000", "2011-03-31": "36637.00000", "2010-12-31": "35396.00000", "2010-09-30": "33485.00000", "2010-06-30": "29500.00000", "2010-03-31": "29949.00000", "2009-12-31": "29465.00000", "2009-09-30": "28437.00000", "2009-06-30": "28916.00000", "2009-03-31": "28433.00000", "2008-12-31": "28589.00000", "2008-09-30": "29578.00000", "2008-06-30": "30739.00000", "2008-03-31": "27013.00000", "2007-12-31": "26131.00000", "2007-09-30": "23936.00000", "2007-06-30": "23237.00000", "2007-03-31": "22727.00000", "2006-12-31": "22442.00000", "2006-09-30": "21627.00000", "2006-06-30": "21244.00000", "2006-03-31": "19885.00000", "2005-12-31": "19115.00000", "2005-09-30": "18855.00000", "2005-06-30": "17459.00000", "2005-03-31": "16916.00000"}}, "cash flow statement": {"Net Income/Loss": {"2020-12-31": "-2839.00000", "2019-12-31": "-240.00000", "2018-12-31": "-115.00000", "2017-12-31": "-3941.00000", "2016-12-31": "-6076.00000", "2015-12-31": "-3007.00000", "2014-12-31": "2374.00000", "2013-12-31": "5222.00000", "2012-12-31": "2063.00000", "2011-12-31": "1676.00000", "2010-12-31": "2138.00000", "2009-12-31": "807.00000", "2008-12-31": "2357.00000", "2007-12-31": "1953.00000", "2006-12-31": "1920.00000", "2005-12-31": "1226.00000"}, "Total Depreciation And Amortization - Cash Flow": {"2020-12-31": "2074.00000", "2019-12-31": "2122.00000", "2018-12-31": "1883.00000", "2017-12-31": "2883.00000", "2016-12-31": "3244.00000", "2015-12-31": "3955.00000", "2014-12-31": "3224.00000", "2013-12-31": "2687.00000", "2012-12-31": "2866.00000", "2011-12-31": "2373.00000", "2010-12-31": "2317.00000", "2009-12-31": "2200.00000", "2008-12-31": "1999.00000", "2007-12-31": "1576.00000", "2006-12-31": "1224.00000", "2005-12-31": "1025.00000"}, "Other Non-Cash Items": {"2020-12-31": "2568.00000", "2019-12-31": "355.00000", "2018-12-31": "361.00000", "2017-12-31": "2802.00000", "2016-12-31": "3674.00000", "2015-12-31": "1021.00000", "2014-12-31": "-603.00000", "2013-12-31": "-1687.00000", "2012-12-31": "-19.00000", "2011-12-31": "1040.00000", "2010-12-31": "-34.00000", "2009-12-31": "471.00000", "2008-12-31": "383.00000", "2007-12-31": "324.00000", "2006-12-31": "451.00000", "2005-12-31": "-12.00000"}, "Total Non-Cash Items": {"2020-12-31": "4642.00000", "2019-12-31": "2477.00000", "2018-12-31": "2244.00000", "2017-12-31": "5685.00000", "2016-12-31": "6918.00000", "2015-12-31": "4976.00000", "2014-12-31": "2621.00000", "2013-12-31": "1000.00000", "2012-12-31": "2847.00000", "2011-12-31": "3413.00000", "2010-12-31": "2283.00000", "2009-12-31": "2671.00000", "2008-12-31": "2382.00000", "2007-12-31": "1900.00000", "2006-12-31": "1675.00000", "2005-12-31": "1013.00000"}, "Change In Accounts Receivable": {"2020-12-31": "", "2019-12-31": "-383.00000", "2018-12-31": "-138.00000", "2017-12-31": "-340.00000", "2016-12-31": "96.00000", "2015-12-31": "793.00000", "2014-12-31": "-199.00000", "2013-12-31": "-239.00000", "2012-12-31": "125.00000", "2011-12-31": "-280.00000", "2010-12-31": "-760.00000", "2009-12-31": "320.00000", "2008-12-31": "357.00000", "2007-12-31": "-783.00000", "2006-12-31": "-179.00000", "2005-12-31": "-1042.00000"}, "Change In Inventories": {"2020-12-31": "", "2019-12-31": "-16.00000", "2018-12-31": "-12.00000", "2017-12-31": "-64.00000", "2016-12-31": "77.00000", "2015-12-31": "29.00000", "2014-12-31": "62.00000", "2013-12-31": "134.00000", "2012-12-31": "-124.00000", "2011-12-31": "-51.00000", "2010-12-31": "-16.00000", "2009-12-31": "-137.00000", "2008-12-31": "-56.00000", "2007-12-31": "-254.00000", "2006-12-31": "-152.00000", "2005-12-31": "-270.00000"}, "Change In Accounts Payable": {"2020-12-31": "", "2019-12-31": "", "2018-12-31": "", "2017-12-31": "", "2016-12-31": "", "2015-12-31": "", "2014-12-31": "", "2013-12-31": "", "2012-12-31": "", "2011-12-31": "", "2010-12-31": "", "2009-12-31": "", "2008-12-31": "", "2007-12-31": "", "2006-12-31": "", "2005-12-31": ""}, "Change In Assets/Liabilities": {"2020-12-31": "-470.00000", "2019-12-31": "-216.00000", "2018-12-31": "-126.00000", "2017-12-31": "-317.00000", "2016-12-31": "-142.00000", "2015-12-31": "-164.00000", "2014-12-31": "-372.00000", "2013-12-31": "-209.00000", "2012-12-31": "-163.00000", "2011-12-31": "-143.00000", "2010-12-31": "-351.00000", "2009-12-31": "8.00000", "2008-12-31": "-161.00000", "2007-12-31": "80.00000", "2006-12-31": "224.00000", "2005-12-31": "147.00000"}, "Total Change In Assets/Liabilities": {"2020-12-31": "-470.00000", "2019-12-31": "-595.00000", "2018-12-31": "-190.00000", "2017-12-31": "-799.00000", "2016-12-31": "-47.00000", "2015-12-31": "12.00000", "2014-12-31": "-538.00000", "2013-12-31": "-1124.00000", "2012-12-31": "750.00000", "2011-12-31": "-105.00000", "2010-12-31": "109.00000", "2009-12-31": "-432.00000", "2008-12-31": "-51.00000", "2007-12-31": "-226.00000", "2006-12-31": "-104.00000", "2005-12-31": "-399.00000"}, "Cash Flow From Operating Activities": {"2020-12-31": "1333.00000", "2019-12-31": "1642.00000", "2018-12-31": "1939.00000", "2017-12-31": "945.00000", "2016-12-31": "795.00000", "2015-12-31": "1981.00000", "2014-12-31": "4457.00000", "2013-12-31": "5098.00000", "2012-12-31": "5660.00000", "2011-12-31": "4984.00000", "2010-12-31": "4530.00000", "2009-12-31": "3046.00000", "2008-12-31": "4688.00000", "2007-12-31": "3627.00000", "2006-12-31": "3491.00000", "2005-12-31": "1840.00000"}, "Net Change In Property, Plant, And Equipment": {"2020-12-31": "-1704.00000", "2019-12-31": "-2807.00000", "2018-12-31": "-1490.00000", "2017-12-31": "1359.00000", "2016-12-31": "-2111.00000", "2015-12-31": "-4271.00000", "2014-12-31": "-2236.00000", "2013-12-31": "-1479.00000", "2012-12-31": "-6839.00000", "2011-12-31": "-6451.00000", "2010-12-31": "-5309.00000", "2009-12-31": "-2918.00000", "2008-12-31": "-4438.00000", "2007-12-31": "-3485.00000", "2006-12-31": "-3400.00000", "2005-12-31": "-2267.00000"}, "Net Change In Intangible Assets": {"2020-12-31": "", "2019-12-31": "", "2018-12-31": "", "2017-12-31": "", "2016-12-31": "", "2015-12-31": "", "2014-12-31": "", "2013-12-31": "", "2012-12-31": "", "2011-12-31": "", "2010-12-31": "", "2009-12-31": "", "2008-12-31": "", "2007-12-31": "", "2006-12-31": "", "2005-12-31": ""}, "Net Acquisitions/Divestitures": {"2020-12-31": "", "2019-12-31": "", "2018-12-31": "", "2017-12-31": "", "2016-12-31": "", "2015-12-31": "", "2014-12-31": "", "2013-12-31": "", "2012-12-31": "", "2011-12-31": "", "2010-12-31": "", "2009-12-31": "", "2008-12-31": "", "2007-12-31": "", "2006-12-31": "", "2005-12-31": ""}, "Net Change In Short-term Investments": {"2020-12-31": "", "2019-12-31": "", "2018-12-31": "", "2017-12-31": "", "2016-12-31": "", "2015-12-31": "", "2014-12-31": "", "2013-12-31": "", "2012-12-31": "", "2011-12-31": "", "2010-12-31": "", "2009-12-31": "", "2008-12-31": "", "2007-12-31": "", "2006-12-31": "", "2005-12-31": ""}, "Net Change In Long-Term Investments": {"2020-12-31": "", "2019-12-31": "-33.00000", "2018-12-31": "-67.00000", "2017-12-31": "", "2016-12-31": "", "2015-12-31": "", "2014-12-31": "", "2013-12-31": "", "2012-12-31": "", "2011-12-31": "", "2010-12-31": "", "2009-12-31": "", "2008-12-31": "", "2007-12-31": "", "2006-12-31": "", "2005-12-31": ""}, "Net Change In Investments - Total": {"2020-12-31": "", "2019-12-31": "-33.00000", "2018-12-31": "-67.00000", "2017-12-31": "", "2016-12-31": "", "2015-12-31": "", "2014-12-31": "", "2013-12-31": "", "2012-12-31": "", "2011-12-31": "", "2010-12-31": "", "2009-12-31": "", "2008-12-31": "", "2007-12-31": "", "2006-12-31": "", "2005-12-31": ""}, "Investing Activities - Other": {"2020-12-31": "-3.00000", "2019-12-31": "-3.00000", "2018-12-31": "-9.00000", "2017-12-31": "-1.00000", "2016-12-31": "21.00000", "2015-12-31": "65.00000", "2014-12-31": "2244.00000", "2013-12-31": "1829.00000", "2012-12-31": "-212.00000", "2011-12-31": "-115.00000", "2010-12-31": "50.00000", "2009-12-31": "-6.00000", "2008-12-31": "-6.00000", "2007-12-31": "11.00000", "2006-12-31": "111.00000", "2005-12-31": "12.00000"}, "Cash Flow From Investing Activities": {"2020-12-31": "-1707.00000", "2019-12-31": "-2843.00000", "2018-12-31": "-1566.00000", "2017-12-31": "1358.00000", "2016-12-31": "-2090.00000", "2015-12-31": "-4206.00000", "2014-12-31": "8.00000", "2013-12-31": "350.00000", "2012-12-31": "-7051.00000", "2011-12-31": "-6566.00000", "2010-12-31": "-5259.00000", "2009-12-31": "-2924.00000", "2008-12-31": "-4444.00000", "2007-12-31": "-3474.00000", "2006-12-31": "-3289.00000", "2005-12-31": "-2255.00000"}, "Net Long-Term Debt": {"2020-12-31": "993.00000", "2019-12-31": "703.00000", "2018-12-31": "-633.00000", "2017-12-31": "341.00000", "2016-12-31": "41.00000", "2015-12-31": "533.00000", "2014-12-31": "8.00000", "2013-12-31": "-736.00000", "2012-12-31": "197.00000", "2011-12-31": "322.00000", "2010-12-31": "1098.00000", "2009-12-31": "1297.00000", "2008-12-31": "-62.00000", "2007-12-31": "208.00000", "2006-12-31": "-13.00000", "2005-12-31": "-50.00000"}, "Net Current Debt": {"2020-12-31": "152.00000", "2019-12-31": "32.00000", "2018-12-31": "", "2017-12-31": "-153.00000", "2016-12-31": "43.00000", "2015-12-31": "110.00000", "2014-12-31": "", "2013-12-31": "-1748.00000", "2012-12-31": "1648.00000", "2011-12-31": "100.00000", "2010-12-31": "", "2009-12-31": "-850.00000", "2008-12-31": "30.00000", "2007-12-31": "", "2006-12-31": "", "2005-12-31": ""}, "Debt Issuance/Retirement Net - Total": {"2020-12-31": "1145.00000", "2019-12-31": "735.00000", "2018-12-31": "-633.00000", "2017-12-31": "188.00000", "2016-12-31": "84.00000", "2015-12-31": "643.00000", "2014-12-31": "8.00000", "2013-12-31": "-2484.00000", "2012-12-31": "1845.00000", "2011-12-31": "422.00000", "2010-12-31": "1098.00000", "2009-12-31": "447.00000", "2008-12-31": "-32.00000", "2007-12-31": "208.00000", "2006-12-31": "-13.00000", "2005-12-31": "-50.00000"}, "Net Common Equity Issued/Repurchased": {"2020-12-31": "", "2019-12-31": "-25.00000", "2018-12-31": "-1365.00000", "2017-12-31": "-110.00000", "2016-12-31": "1087.00000", "2015-12-31": "-142.00000", "2014-12-31": "-3533.00000", "2013-12-31": "-1365.00000", "2012-12-31": "11.00000", "2011-12-31": "88.00000", "2010-12-31": "54.00000", "2009-12-31": "18.00000", "2008-12-31": "340.00000", "2007-12-31": "111.00000", "2006-12-31": "40.00000", "2005-12-31": "62.00000"}, "Net Total Equity Issued/Repurchased": {"2020-12-31": "", "2019-12-31": "-25.00000", "2018-12-31": "-1365.00000", "2017-12-31": "-110.00000", "2016-12-31": "1644.00000", "2015-12-31": "-142.00000", "2014-12-31": "-3533.00000", "2013-12-31": "-1365.00000", "2012-12-31": "11.00000", "2011-12-31": "88.00000", "2010-12-31": "54.00000", "2009-12-31": "18.00000", "2008-12-31": "340.00000", "2007-12-31": "111.00000", "2006-12-31": "40.00000", "2005-12-31": "62.00000"}, "Total Common And Preferred Stock Dividends Paid": {"2020-12-31": "-309.00000", "2019-12-31": "-316.00000", "2018-12-31": "-345.00000", "2017-12-31": "-363.00000", "2016-12-31": "-350.00000", "2015-12-31": "-287.00000", "2014-12-31": "-303.00000", "2013-12-31": "-235.00000", "2012-12-31": "-171.00000", "2011-12-31": "-136.00000", "2010-12-31": "-131.00000", "2009-12-31": "-131.00000", "2008-12-31": "-130.00000", "2007-12-31": "-127.00000", "2006-12-31": "-161.00000", "2005-12-31": "-159.00000"}, "Financial Activities - Other": {"2020-12-31": "-268.00000", "2019-12-31": "-342.00000", "2018-12-31": "-183.00000", "2017-12-31": "97.00000", "2016-12-31": "-67.00000", "2015-12-31": "2283.00000", "2014-12-31": "-7.00000", "2013-12-31": "-192.00000", "2012-12-31": "-3.00000", "2011-12-31": "-49.00000", "2010-12-31": "-46.00000", "2009-12-31": "-2.00000", "2008-12-31": "-121.00000", "2007-12-31": "-121.00000", "2006-12-31": "", "2005-12-31": ""}, "Cash Flow From Financial Activities": {"2020-12-31": "568.00000", "2019-12-31": "52.00000", "2018-12-31": "-2526.00000", "2017-12-31": "-188.00000", "2016-12-31": "1311.00000", "2015-12-31": "2497.00000", "2014-12-31": "-3835.00000", "2013-12-31": "-4276.00000", "2012-12-31": "1682.00000", "2011-12-31": "325.00000", "2010-12-31": "975.00000", "2009-12-31": "332.00000", "2008-12-31": "57.00000", "2007-12-31": "71.00000", "2006-12-31": "-134.00000", "2005-12-31": "-147.00000"}, "Net Cash Flow": {"2020-12-31": "194.00000", "2019-12-31": "-1149.00000", "2018-12-31": "-2153.00000", "2017-12-31": "2115.00000", "2016-12-31": "16.00000", "2015-12-31": "272.00000", "2014-12-31": "630.00000", "2013-12-31": "1172.00000", "2012-12-31": "291.00000", "2011-12-31": "-1257.00000", "2010-12-31": "246.00000", "2009-12-31": "454.00000", "2008-12-31": "301.00000", "2007-12-31": "224.00000", "2006-12-31": "68.00000", "2005-12-31": "-562.00000"}, "Stock-Based Compensation": {"2020-12-31": "79.00000", "2019-12-31": "85.00000", "2018-12-31": "72.00000", "2017-12-31": "86.00000", "2016-12-31": "73.00000", "2015-12-31": "97.00000", "2014-12-31": "87.00000", "2013-12-31": "60.00000", "2012-12-31": "83.00000", "2011-12-31": "86.00000", "2010-12-31": "112.00000", "2009-12-31": "128.00000", "2008-12-31": "119.00000", "2007-12-31": "87.00000", "2006-12-31": "", "2005-12-31": ""}, "Common Stock Dividends Paid": {"2020-12-31": "-309.00000", "2019-12-31": "-316.00000", "2018-12-31": "-345.00000", "2017-12-31": "-363.00000", "2016-12-31": "-350.00000", "2015-12-31": "-287.00000", "2014-12-31": "-303.00000", "2013-12-31": "-235.00000", "2012-12-31": "-171.00000", "2011-12-31": "-136.00000", "2010-12-31": "-131.00000", "2009-12-31": "-131.00000", "2008-12-31": "-130.00000", "2007-12-31": "-127.00000", "2006-12-31": "-161.00000", "2005-12-31": "-159.00000"}}, "cash flow statement, quarterly": {"Net Income/Loss": {"2020-12-31": -27, "2020-09-30": -183, "2020-06-30": -263, "2020-03-31": "-2366.00000", "2019-12-31": -183, "2019-09-30": -166, "2019-06-30": 34, "2019-03-31": "75.00000", "2018-12-31": 34, "2018-09-30": 3, "2018-06-30": -87, "2018-03-31": "-65.00000", "2017-12-31": -2635, "2017-09-30": -593, "2017-06-30": -417, "2017-03-31": "-296.00000", "2016-12-31": -4898, "2016-09-30": -317, "2016-06-30": -373, "2016-03-31": "-488.00000", "2015-12-31": -1799, "2015-09-30": -252, "2015-06-30": -567, "2015-03-31": "-389.00000", "2014-12-31": -7, "2014-09-30": 1030, "2014-06-30": 930, "2014-03-31": "421.00000", "2013-12-31": 1915, "2013-09-30": 418, "2013-06-30": 1616, "2013-03-31": "1273.00000", "2012-12-31": 376, "2012-09-30": 592, "2012-06-30": 535, "2012-03-31": "560.00000", "2011-12-31": -134, "2011-09-30": 267, "2011-06-30": 569, "2011-03-31": "974.00000", "2010-12-31": 83, "2010-09-30": 1091, "2010-06-30": 396, "2010-03-31": "568.00000", "2009-12-31": 370, "2009-09-30": 352, "2009-06-30": 102, "2009-03-31": "-17.00000", "2008-12-31": -80, "2008-09-30": 774, "2008-06-30": 911, "2008-03-31": "752.00000", "2007-12-31": 631, "2007-09-30": 395, "2007-06-30": 557, "2007-03-31": "370.00000", "2006-12-31": 359, "2006-09-30": 296, "2006-06-30": 566, "2006-03-31": "699.00000", "2005-12-31": 436, "2005-09-30": 272, "2005-06-30": 299, "2005-03-31": "219.00000"}, "Total Depreciation And Amortization - Cash Flow": {"2020-12-31": 486, "2020-09-30": 518, "2020-06-30": 509, "2020-03-31": "561.00000", "2019-12-31": 586, "2019-09-30": 544, "2019-06-30": 494, "2019-03-31": "498.00000", "2018-12-31": 533, "2018-09-30": 489, "2018-06-30": 444, "2018-03-31": "417.00000", "2017-12-31": 646, "2017-09-30": 759, "2017-06-30": 741, "2017-03-31": "737.00000", "2016-12-31": 768, "2016-09-30": 811, "2016-06-30": 797, "2016-03-31": "868.00000", "2015-12-31": 983, "2015-09-30": 988, "2015-06-30": 1028, "2015-03-31": "956.00000", "2014-12-31": 875, "2014-09-30": 838, "2014-06-30": 785, "2014-03-31": "726.00000", "2013-12-31": 713, "2013-09-30": 681, "2013-06-30": 604, "2013-03-31": "689.00000", "2012-12-31": 730, "2012-09-30": 728, "2012-06-30": 746, "2012-03-31": "662.00000", "2011-12-31": 641, "2011-09-30": 586, "2011-06-30": 588, "2011-03-31": "558.00000", "2010-12-31": 633, "2010-09-30": 584, "2010-06-30": 558, "2010-03-31": "542.00000", "2009-12-31": 584, "2009-09-30": 572, "2009-06-30": 558, "2009-03-31": "486.00000", "2008-12-31": 568, "2008-09-30": 497, "2008-06-30": 482, "2008-03-31": "452.00000", "2007-12-31": 530, "2007-09-30": 365, "2007-06-30": 354, "2007-03-31": "327.00000", "2006-12-31": 353, "2006-09-30": 323, "2006-06-30": 282, "2006-03-31": "266.00000", "2005-12-31": 258, "2005-09-30": 252, "2005-06-30": 261, "2005-03-31": "254.00000"}, "Other Non-Cash Items": {"2020-12-31": 73, "2020-09-30": 133, "2020-06-30": 55, "2020-03-31": "2307.00000", "2019-12-31": 117, "2019-09-30": 144, "2019-06-30": 32, "2019-03-31": "62.00000", "2018-12-31": 21, "2018-09-30": 189, "2018-06-30": 106, "2018-03-31": "45.00000", "2017-12-31": 2500, "2017-09-30": 262, "2017-06-30": 38, "2017-03-31": "2.00000", "2016-12-31": 4258, "2016-09-30": -185, "2016-06-30": -167, "2016-03-31": "-232.00000", "2015-12-31": 1096, "2015-09-30": -237, "2015-06-30": 258, "2015-03-31": "-96.00000", "2014-12-31": 87, "2014-09-30": -485, "2014-06-30": -447, "2014-03-31": "242.00000", "2013-12-31": -692, "2013-09-30": 447, "2013-06-30": -889, "2013-03-31": "-553.00000", "2012-12-31": -219, "2012-09-30": -81, "2012-06-30": 302, "2012-03-31": "-21.00000", "2011-12-31": 708, "2011-09-30": 180, "2011-06-30": 224, "2011-03-31": "-72.00000", "2010-12-31": 318, "2010-09-30": -565, "2010-06-30": 66, "2010-03-31": "147.00000", "2009-12-31": 71, "2009-09-30": 216, "2009-06-30": 68, "2009-03-31": "116.00000", "2008-12-31": 167, "2008-09-30": 144, "2008-06-30": 15, "2008-03-31": "57.00000", "2007-12-31": 160, "2007-09-30": 144, "2007-06-30": 13, "2007-03-31": "7.00000", "2006-12-31": 135, "2006-09-30": 305, "2006-06-30": -81, "2006-03-31": "92.00000", "2005-12-31": -51, "2005-09-30": 50, "2005-06-30": -125, "2005-03-31": "114.00000"}, "Total Non-Cash Items": {"2020-12-31": 559, "2020-09-30": 651, "2020-06-30": 564, "2020-03-31": "2868.00000", "2019-12-31": 703, "2019-09-30": 688, "2019-06-30": 526, "2019-03-31": "560.00000", "2018-12-31": 554, "2018-09-30": 678, "2018-06-30": 550, "2018-03-31": "462.00000", "2017-12-31": 3146, "2017-09-30": 1021, "2017-06-30": 779, "2017-03-31": "739.00000", "2016-12-31": 5026, "2016-09-30": 626, "2016-06-30": 630, "2016-03-31": "636.00000", "2015-12-31": 2079, "2015-09-30": 751, "2015-06-30": 1286, "2015-03-31": "860.00000", "2014-12-31": 962, "2014-09-30": 353, "2014-06-30": 338, "2014-03-31": "968.00000", "2013-12-31": 21, "2013-09-30": 1128, "2013-06-30": -285, "2013-03-31": "136.00000", "2012-12-31": 511, "2012-09-30": 647, "2012-06-30": 1048, "2012-03-31": "641.00000", "2011-12-31": 1349, "2011-09-30": 766, "2011-06-30": 812, "2011-03-31": "486.00000", "2010-12-31": 951, "2010-09-30": 19, "2010-06-30": 624, "2010-03-31": "689.00000", "2009-12-31": 655, "2009-09-30": 788, "2009-06-30": 626, "2009-03-31": "602.00000", "2008-12-31": 735, "2008-09-30": 641, "2008-06-30": 497, "2008-03-31": "509.00000", "2007-12-31": 690, "2007-09-30": 509, "2007-06-30": 367, "2007-03-31": "334.00000", "2006-12-31": 488, "2006-09-30": 628, "2006-06-30": 201, "2006-03-31": "358.00000", "2005-12-31": 207, "2005-09-30": 302, "2005-06-30": 136, "2005-03-31": "368.00000"}, "Change In Accounts Receivable": {"2020-12-31": -539, "2020-09-30": -89, "2020-06-30": 370, "2020-03-31": "258.00000", "2019-12-31": -254, "2019-09-30": -59, "2019-06-30": 47, "2019-03-31": "-117.00000", "2018-12-31": 109, "2018-09-30": -179, "2018-06-30": -57, "2018-03-31": "-11.00000", "2017-12-31": -252, "2017-09-30": -207, "2017-06-30": 4, "2017-03-31": "115.00000", "2016-12-31": -182, "2016-09-30": 199, "2016-06-30": -238, "2016-03-31": "317.00000", "2015-12-31": 304, "2015-09-30": 268, "2015-06-30": -98, "2015-03-31": "319.00000", "2014-12-31": -199, "2014-09-30": 0, "2014-06-30": 0, "2014-03-31": "", "2013-12-31": -239, "2013-09-30": 0, "2013-06-30": 0, "2013-03-31": "", "2012-12-31": 125, "2012-09-30": 0, "2012-06-30": 0, "2012-03-31": "", "2011-12-31": -280, "2011-09-30": 0, "2011-06-30": 0, "2011-03-31": "", "2010-12-31": -760, "2010-09-30": 0, "2010-06-30": 0, "2010-03-31": "", "2009-12-31": 320, "2009-09-30": 0, "2009-06-30": 0, "2009-03-31": "", "2008-12-31": 357, "2008-09-30": 0, "2008-06-30": 0, "2008-03-31": "", "2007-12-31": -783, "2007-09-30": 0, "2007-06-30": 0, "2007-03-31": "", "2006-12-31": -179, "2006-09-30": 0, "2006-06-30": 0, "2006-03-31": "", "2005-12-31": -1042, "2005-09-30": 0, "2005-06-30": 0, "2005-03-31": ""}, "Change In Inventories": {"2020-12-31": 161, "2020-09-30": -62, "2020-06-30": -130, "2020-03-31": "31.00000", "2019-12-31": 28, "2019-09-30": -11, "2019-06-30": -4, "2019-03-31": "-29.00000", "2018-12-31": 23, "2018-09-30": -36, "2018-06-30": 8, "2018-03-31": "-7.00000", "2017-12-31": -16, "2017-09-30": 4, "2017-06-30": 3, "2017-03-31": "-55.00000", "2016-12-31": 76, "2016-09-30": -24, "2016-06-30": 38, "2016-03-31": "-13.00000", "2015-12-31": 46, "2015-09-30": 30, "2015-06-30": -20, "2015-03-31": "-27.00000", "2014-12-31": 62, "2014-09-30": 0, "2014-06-30": 0, "2014-03-31": "", "2013-12-31": 134, "2013-09-30": 0, "2013-06-30": 0, "2013-03-31": "", "2012-12-31": -124, "2012-09-30": 0, "2012-06-30": 0, "2012-03-31": "", "2011-12-31": -51, "2011-09-30": 0, "2011-06-30": 0, "2011-03-31": "", "2010-12-31": -16, "2010-09-30": 0, "2010-06-30": 0, "2010-03-31": "", "2009-12-31": -137, "2009-09-30": 0, "2009-06-30": 0, "2009-03-31": "", "2008-12-31": -56, "2008-09-30": 0, "2008-06-30": 0, "2008-03-31": "", "2007-12-31": -254, "2007-09-30": 0, "2007-06-30": 0, "2007-03-31": "", "2006-12-31": -152, "2006-09-30": 0, "2006-06-30": 0, "2006-03-31": "", "2005-12-31": -270, "2005-09-30": 0, "2005-06-30": 0, "2005-03-31": ""}, "Change In Accounts Payable": {"2020-12-31": 0, "2020-09-30": 0, "2020-06-30": 0, "2020-03-31": "", "2019-12-31": 0, "2019-09-30": 0, "2019-06-30": 0, "2019-03-31": "", "2018-12-31": 0, "2018-09-30": 0, "2018-06-30": 0, "2018-03-31": "", "2017-12-31": 0, "2017-09-30": 0, "2017-06-30": 0, "2017-03-31": "", "2016-12-31": 0, "2016-09-30": 0, "2016-06-30": 0, "2016-03-31": "", "2015-12-31": 0, "2015-09-30": 0, "2015-06-30": 0, "2015-03-31": "", "2014-12-31": 0, "2014-09-30": 0, "2014-06-30": 0, "2014-03-31": "", "2013-12-31": 0, "2013-09-30": 0, "2013-06-30": 0, "2013-03-31": "", "2012-12-31": 0, "2012-09-30": 0, "2012-06-30": 0, "2012-03-31": "", "2011-12-31": 0, "2011-09-30": 0, "2011-06-30": 0, "2011-03-31": "", "2010-12-31": 0, "2010-09-30": 0, "2010-06-30": 0, "2010-03-31": "", "2009-12-31": 0, "2009-09-30": 0, "2009-06-30": 0, "2009-03-31": "", "2008-12-31": 0, "2008-09-30": 0, "2008-06-30": 0, "2008-03-31": "", "2007-12-31": 0, "2007-09-30": 0, "2007-06-30": 0, "2007-03-31": "", "2006-12-31": 0, "2006-09-30": 0, "2006-06-30": 0, "2006-03-31": "", "2005-12-31": 0, "2005-09-30": 0, "2005-06-30": 0, "2005-03-31": ""}, "Change In Assets/Liabilities": {"2020-12-31": -401, "2020-09-30": -31, "2020-06-30": -18, "2020-03-31": "-20.00000", "2019-12-31": -133, "2019-09-30": -20, "2019-06-30": -8, "2019-03-31": "-55.00000", "2018-12-31": -56, "2018-09-30": -10, "2018-06-30": -27, "2018-03-31": "-33.00000", "2017-12-31": -8, "2017-09-30": -136, "2017-06-30": -128, "2017-03-31": "-45.00000", "2016-12-31": 88, "2016-09-30": -74, "2016-06-30": -19, "2016-03-31": "-137.00000", "2015-12-31": -40, "2015-09-30": 79, "2015-06-30": -112, "2015-03-31": "-91.00000", "2014-12-31": 285, "2014-09-30": -61, "2014-06-30": -365, "2014-03-31": "-231.00000", "2013-12-31": 757, "2013-09-30": -292, "2013-06-30": -84, "2013-03-31": "-590.00000", "2012-12-31": -230, "2012-09-30": 623, "2012-06-30": -343, "2012-03-31": "-213.00000", "2011-12-31": -115, "2011-09-30": -11, "2011-06-30": 308, "2011-03-31": "-325.00000", "2010-12-31": -16, "2010-09-30": 136, "2010-06-30": -39, "2010-03-31": "-432.00000", "2009-12-31": 686, "2009-09-30": -606, "2009-06-30": -112, "2009-03-31": "40.00000", "2008-12-31": -272, "2008-09-30": -135, "2008-06-30": 324, "2008-03-31": "-78.00000", "2007-12-31": -89, "2007-09-30": -41, "2007-06-30": 275, "2007-03-31": "-65.00000", "2006-12-31": 260, "2006-09-30": -96, "2006-06-30": -81, "2006-03-31": "141.00000", "2005-12-31": 192, "2005-09-30": -90, "2005-06-30": 171, "2005-03-31": "-126.00000"}, "Total Change In Assets/Liabilities": {"2020-12-31": -46, "2020-09-30": -332, "2020-06-30": -35, "2020-03-31": "-57.00000", "2019-12-31": -234, "2019-09-30": -79, "2019-06-30": 115, "2019-03-31": "-397.00000", "2018-12-31": 293, "2018-09-30": -258, "2018-06-30": -38, "2018-03-31": "-187.00000", "2017-12-31": -168, "2017-09-30": -340, "2017-06-30": -197, "2017-03-31": "-94.00000", "2016-12-31": 198, "2016-09-30": 23, "2016-06-30": -60, "2016-03-31": "-208.00000", "2015-12-31": 343, "2015-09-30": -217, "2015-06-30": -79, "2015-03-31": "-35.00000", "2014-12-31": 119, "2014-09-30": -61, "2014-06-30": -365, "2014-03-31": "-231.00000", "2013-12-31": -158, "2013-09-30": -292, "2013-06-30": -84, "2013-03-31": "-590.00000", "2012-12-31": 683, "2012-09-30": 623, "2012-06-30": -343, "2012-03-31": "-213.00000", "2011-12-31": -77, "2011-09-30": -11, "2011-06-30": 308, "2011-03-31": "-325.00000", "2010-12-31": 444, "2010-09-30": 136, "2010-06-30": -39, "2010-03-31": "-432.00000", "2009-12-31": 246, "2009-09-30": -606, "2009-06-30": -112, "2009-03-31": "40.00000", "2008-12-31": -162, "2008-09-30": -135, "2008-06-30": 324, "2008-03-31": "-78.00000", "2007-12-31": -395, "2007-09-30": -41, "2007-06-30": 275, "2007-03-31": "-65.00000", "2006-12-31": -68, "2006-09-30": -96, "2006-06-30": -81, "2006-03-31": "141.00000", "2005-12-31": -354, "2005-09-30": -90, "2005-06-30": 171, "2005-03-31": "-126.00000"}, "Cash Flow From Operating Activities": {"2020-12-31": 486, "2020-09-30": 136, "2020-06-30": 266, "2020-03-31": "445.00000", "2019-12-31": 286, "2019-09-30": 443, "2019-06-30": 675, "2019-03-31": "238.00000", "2018-12-31": 881, "2018-09-30": 423, "2018-06-30": 425, "2018-03-31": "210.00000", "2017-12-31": 343, "2017-09-30": 88, "2017-06-30": 165, "2017-03-31": "349.00000", "2016-12-31": 326, "2016-09-30": 332, "2016-06-30": 197, "2016-03-31": "-60.00000", "2015-12-31": 623, "2015-09-30": 282, "2015-06-30": 640, "2015-03-31": "436.00000", "2014-12-31": 1074, "2014-09-30": 1322, "2014-06-30": 903, "2014-03-31": "1158.00000", "2013-12-31": 1778, "2013-09-30": 1254, "2013-06-30": 1247, "2013-03-31": "819.00000", "2012-12-31": 1570, "2012-09-30": 1862, "2012-06-30": 1240, "2012-03-31": "988.00000", "2011-12-31": 1138, "2011-09-30": 1022, "2011-06-30": 1689, "2011-03-31": "1135.00000", "2010-12-31": 1478, "2010-09-30": 1246, "2010-06-30": 981, "2010-03-31": "825.00000", "2009-12-31": 1271, "2009-09-30": 534, "2009-06-30": 616, "2009-03-31": "625.00000", "2008-12-31": 493, "2008-09-30": 1280, "2008-06-30": 1732, "2008-03-31": "1183.00000", "2007-12-31": 926, "2007-09-30": 863, "2007-06-30": 1199, "2007-03-31": "639.00000", "2006-12-31": 779, "2006-09-30": 828, "2006-06-30": 686, "2006-03-31": "1198.00000", "2005-12-31": 289, "2005-09-30": 484, "2005-06-30": 606, "2005-03-31": "461.00000"}, "Net Change In Property, Plant, And Equipment": {"2020-12-31": 108, "2020-09-30": -426, "2020-06-30": -568, "2020-03-31": "-818.00000", "2019-12-31": -825, "2019-09-30": -709, "2019-06-30": -602, "2019-03-31": "-671.00000", "2018-12-31": -664, "2018-09-30": 34, "2018-06-30": -466, "2018-03-31": "-394.00000", "2017-12-31": 1959, "2017-09-30": 91, "2017-06-30": -401, "2017-03-31": "-290.00000", "2016-12-31": -427, "2016-09-30": -529, "2016-06-30": -535, "2016-03-31": "-620.00000", "2015-12-31": -910, "2015-09-30": -938, "2015-06-30": -1112, "2015-03-31": "-1311.00000", "2014-12-31": -1528, "2014-09-30": -1215, "2014-06-30": 416, "2014-03-31": "91.00000", "2013-12-31": -892, "2013-09-30": -1404, "2013-06-30": 1007, "2013-03-31": "-190.00000", "2012-12-31": -1567, "2012-09-30": -1611, "2012-06-30": -1937, "2012-03-31": "-1724.00000", "2011-12-31": -2050, "2011-09-30": -2303, "2011-06-30": -1375, "2011-03-31": "-723.00000", "2010-12-31": -2341, "2010-09-30": -1462, "2010-06-30": -901, "2010-03-31": "-605.00000", "2009-12-31": -925, "2009-09-30": -604, "2009-06-30": -685, "2009-03-31": "-704.00000", "2008-12-31": -1156, "2008-09-30": -1277, "2008-06-30": -1156, "2008-03-31": "-849.00000", "2007-12-31": -805, "2007-09-30": -735, "2007-06-30": -839, "2007-03-31": "-1106.00000", "2006-12-31": -961, "2006-09-30": -788, "2006-06-30": -673, "2006-03-31": "-978.00000", "2005-12-31": -654, "2005-09-30": -657, "2005-06-30": -492, "2005-03-31": "-464.00000"}, "Net Change In Intangible Assets": {"2020-12-31": 0, "2020-09-30": 0, "2020-06-30": 0, "2020-03-31": "", "2019-12-31": 0, "2019-09-30": 0, "2019-06-30": 0, "2019-03-31": "", "2018-12-31": 0, "2018-09-30": 0, "2018-06-30": 0, "2018-03-31": "", "2017-12-31": 0, "2017-09-30": 0, "2017-06-30": 0, "2017-03-31": "", "2016-12-31": 0, "2016-09-30": 0, "2016-06-30": 0, "2016-03-31": "", "2015-12-31": 0, "2015-09-30": 0, "2015-06-30": 0, "2015-03-31": "", "2014-12-31": 0, "2014-09-30": 0, "2014-06-30": 0, "2014-03-31": "", "2013-12-31": 0, "2013-09-30": 0, "2013-06-30": 0, "2013-03-31": "", "2012-12-31": 0, "2012-09-30": 0, "2012-06-30": 0, "2012-03-31": "", "2011-12-31": 0, "2011-09-30": 0, "2011-06-30": 0, "2011-03-31": "", "2010-12-31": 0, "2010-09-30": 0, "2010-06-30": 0, "2010-03-31": "", "2009-12-31": 0, "2009-09-30": 0, "2009-06-30": 0, "2009-03-31": "", "2008-12-31": 0, "2008-09-30": 0, "2008-06-30": 0, "2008-03-31": "", "2007-12-31": 0, "2007-09-30": 0, "2007-06-30": 0, "2007-03-31": "", "2006-12-31": 0, "2006-09-30": 0, "2006-06-30": 0, "2006-03-31": "", "2005-12-31": 0, "2005-09-30": 0, "2005-06-30": 0, "2005-03-31": ""}, "Net Acquisitions/Divestitures": {"2020-12-31": 0, "2020-09-30": 0, "2020-06-30": 0, "2020-03-31": "", "2019-12-31": 0, "2019-09-30": 0, "2019-06-30": 0, "2019-03-31": "", "2018-12-31": 0, "2018-09-30": 0, "2018-06-30": 0, "2018-03-31": "", "2017-12-31": 0, "2017-09-30": 0, "2017-06-30": 0, "2017-03-31": "", "2016-12-31": 0, "2016-09-30": 0, "2016-06-30": 0, "2016-03-31": "", "2015-12-31": 0, "2015-09-30": 0, "2015-06-30": 0, "2015-03-31": "", "2014-12-31": 0, "2014-09-30": 0, "2014-06-30": 0, "2014-03-31": "", "2013-12-31": 0, "2013-09-30": 0, "2013-06-30": 0, "2013-03-31": "", "2012-12-31": 0, "2012-09-30": 0, "2012-06-30": 0, "2012-03-31": "", "2011-12-31": 0, "2011-09-30": 0, "2011-06-30": 0, "2011-03-31": "", "2010-12-31": 0, "2010-09-30": 0, "2010-06-30": 0, "2010-03-31": "", "2009-12-31": 0, "2009-09-30": 0, "2009-06-30": 0, "2009-03-31": "", "2008-12-31": 0, "2008-09-30": 0, "2008-06-30": 0, "2008-03-31": "", "2007-12-31": 0, "2007-09-30": 0, "2007-06-30": 0, "2007-03-31": "", "2006-12-31": 0, "2006-09-30": 0, "2006-06-30": 0, "2006-03-31": "", "2005-12-31": 0, "2005-09-30": 0, "2005-06-30": 0, "2005-03-31": ""}, "Net Change In Short-term Investments": {"2020-12-31": 0, "2020-09-30": 0, "2020-06-30": 0, "2020-03-31": "", "2019-12-31": 0, "2019-09-30": 0, "2019-06-30": 0, "2019-03-31": "", "2018-12-31": 0, "2018-09-30": 0, "2018-06-30": 0, "2018-03-31": "", "2017-12-31": 0, "2017-09-30": 0, "2017-06-30": 0, "2017-03-31": "", "2016-12-31": 0, "2016-09-30": 0, "2016-06-30": 0, "2016-03-31": "", "2015-12-31": 0, "2015-09-30": 0, "2015-06-30": 0, "2015-03-31": "", "2014-12-31": 0, "2014-09-30": 0, "2014-06-30": 0, "2014-03-31": "", "2013-12-31": 0, "2013-09-30": 0, "2013-06-30": 0, "2013-03-31": "", "2012-12-31": 0, "2012-09-30": 0, "2012-06-30": 0, "2012-03-31": "", "2011-12-31": 0, "2011-09-30": 0, "2011-06-30": 0, "2011-03-31": "", "2010-12-31": 0, "2010-09-30": 0, "2010-06-30": 0, "2010-03-31": "", "2009-12-31": 0, "2009-09-30": 0, "2009-06-30": 0, "2009-03-31": "", "2008-12-31": 0, "2008-09-30": 0, "2008-06-30": 0, "2008-03-31": "", "2007-12-31": 0, "2007-09-30": 0, "2007-06-30": 0, "2007-03-31": "", "2006-12-31": 0, "2006-09-30": 0, "2006-06-30": 0, "2006-03-31": "", "2005-12-31": 0, "2005-09-30": 0, "2005-06-30": 10, "2005-03-31": "-10.00000"}, "Net Change In Long-Term Investments": {"2020-12-31": 0, "2020-09-30": 0, "2020-06-30": 0, "2020-03-31": "", "2019-12-31": 0, "2019-09-30": -10, "2019-06-30": -16, "2019-03-31": "-7.00000", "2018-12-31": 0, "2018-09-30": -26, "2018-06-30": -17, "2018-03-31": "-24.00000", "2017-12-31": 0, "2017-09-30": 0, "2017-06-30": 0, "2017-03-31": "", "2016-12-31": 0, "2016-09-30": 0, "2016-06-30": 0, "2016-03-31": "", "2015-12-31": 0, "2015-09-30": 0, "2015-06-30": 0, "2015-03-31": "", "2014-12-31": 0, "2014-09-30": 0, "2014-06-30": 0, "2014-03-31": "", "2013-12-31": 0, "2013-09-30": 0, "2013-06-30": 0, "2013-03-31": "", "2012-12-31": 0, "2012-09-30": 0, "2012-06-30": 0, "2012-03-31": "", "2011-12-31": 0, "2011-09-30": 0, "2011-06-30": 0, "2011-03-31": "", "2010-12-31": 0, "2010-09-30": 0, "2010-06-30": 0, "2010-03-31": "", "2009-12-31": 0, "2009-09-30": 0, "2009-06-30": 0, "2009-03-31": "", "2008-12-31": 0, "2008-09-30": 0, "2008-06-30": 0, "2008-03-31": "", "2007-12-31": 0, "2007-09-30": 0, "2007-06-30": 0, "2007-03-31": "", "2006-12-31": 0, "2006-09-30": 0, "2006-06-30": 0, "2006-03-31": "", "2005-12-31": 0, "2005-09-30": 0, "2005-06-30": 0, "2005-03-31": ""}, "Net Change In Investments - Total": {"2020-12-31": 0, "2020-09-30": 0, "2020-06-30": 0, "2020-03-31": "", "2019-12-31": 0, "2019-09-30": -10, "2019-06-30": -16, "2019-03-31": "-7.00000", "2018-12-31": 0, "2018-09-30": -26, "2018-06-30": -17, "2018-03-31": "-24.00000", "2017-12-31": 0, "2017-09-30": 0, "2017-06-30": 0, "2017-03-31": "", "2016-12-31": 0, "2016-09-30": 0, "2016-06-30": 0, "2016-03-31": "", "2015-12-31": 0, "2015-09-30": 0, "2015-06-30": 0, "2015-03-31": "", "2014-12-31": 0, "2014-09-30": 0, "2014-06-30": 0, "2014-03-31": "", "2013-12-31": 0, "2013-09-30": 0, "2013-06-30": 0, "2013-03-31": "", "2012-12-31": 0, "2012-09-30": 0, "2012-06-30": 0, "2012-03-31": "", "2011-12-31": 0, "2011-09-30": 0, "2011-06-30": 0, "2011-03-31": "", "2010-12-31": 0, "2010-09-30": 0, "2010-06-30": 0, "2010-03-31": "", "2009-12-31": 0, "2009-09-30": 0, "2009-06-30": 0, "2009-03-31": "", "2008-12-31": 0, "2008-09-30": 0, "2008-06-30": 0, "2008-03-31": "", "2007-12-31": 0, "2007-09-30": 0, "2007-06-30": 0, "2007-03-31": "", "2006-12-31": 0, "2006-09-30": 0, "2006-06-30": 0, "2006-03-31": "", "2005-12-31": 0, "2005-09-30": 0, "2005-06-30": 10, "2005-03-31": "-10.00000"}, "Investing Activities - Other": {"2020-12-31": -1, "2020-09-30": 0, "2020-06-30": -2, "2020-03-31": "", "2019-12-31": 0, "2019-09-30": -2, "2019-06-30": 1, "2019-03-31": "-2.00000", "2018-12-31": -1, "2018-09-30": -3, "2018-06-30": -1, "2018-03-31": "-4.00000", "2017-12-31": 0, "2017-09-30": -1, "2017-06-30": 0, "2017-03-31": "", "2016-12-31": 3, "2016-09-30": 3, "2016-06-30": 8, "2016-03-31": "7.00000", "2015-12-31": 1, "2015-09-30": -18, "2015-06-30": -3, "2015-03-31": "85.00000", "2014-12-31": -27, "2014-09-30": 2800, "2014-06-30": -176, "2014-03-31": "-353.00000", "2013-12-31": 2054, "2013-09-30": -83, "2013-06-30": -71, "2013-03-31": "-71.00000", "2012-12-31": -102, "2012-09-30": -6, "2012-06-30": -56, "2012-03-31": "-48.00000", "2011-12-31": -41, "2011-09-30": -17, "2011-06-30": -46, "2011-03-31": "-11.00000", "2010-12-31": 75, "2010-09-30": 11, "2010-06-30": -19, "2010-03-31": "-17.00000", "2009-12-31": -32, "2009-09-30": -6, "2009-06-30": 18, "2009-03-31": "14.00000", "2008-12-31": -56, "2008-09-30": 11, "2008-06-30": 25, "2008-03-31": "14.00000", "2007-12-31": 17, "2007-09-30": -3, "2007-06-30": 17, "2007-03-31": "-20.00000", "2006-12-31": 30, "2006-09-30": 39, "2006-06-30": 1, "2006-03-31": "41.00000", "2005-12-31": -66, "2005-09-30": 46, "2005-06-30": 2, "2005-03-31": "30.00000"}, "Cash Flow From Investing Activities": {"2020-12-31": 107, "2020-09-30": -426, "2020-06-30": -570, "2020-03-31": "-818.00000", "2019-12-31": -825, "2019-09-30": -721, "2019-06-30": -617, "2019-03-31": "-680.00000", "2018-12-31": -665, "2018-09-30": 5, "2018-06-30": -484, "2018-03-31": "-422.00000", "2017-12-31": 1959, "2017-09-30": 90, "2017-06-30": -401, "2017-03-31": "-290.00000", "2016-12-31": -424, "2016-09-30": -526, "2016-06-30": -527, "2016-03-31": "-613.00000", "2015-12-31": -909, "2015-09-30": -956, "2015-06-30": -1115, "2015-03-31": "-1226.00000", "2014-12-31": -1555, "2014-09-30": 1585, "2014-06-30": 240, "2014-03-31": "-262.00000", "2013-12-31": 1162, "2013-09-30": -1487, "2013-06-30": 936, "2013-03-31": "-261.00000", "2012-12-31": -1669, "2012-09-30": -1617, "2012-06-30": -1993, "2012-03-31": "-1772.00000", "2011-12-31": -2091, "2011-09-30": -2320, "2011-06-30": -1421, "2011-03-31": "-734.00000", "2010-12-31": -2266, "2010-09-30": -1451, "2010-06-30": -920, "2010-03-31": "-622.00000", "2009-12-31": -957, "2009-09-30": -610, "2009-06-30": -667, "2009-03-31": "-690.00000", "2008-12-31": -1212, "2008-09-30": -1266, "2008-06-30": -1131, "2008-03-31": "-835.00000", "2007-12-31": -788, "2007-09-30": -738, "2007-06-30": -822, "2007-03-31": "-1126.00000", "2006-12-31": -931, "2006-09-30": -749, "2006-06-30": -672, "2006-03-31": "-937.00000", "2005-12-31": -720, "2005-09-30": -611, "2005-06-30": -480, "2005-03-31": "-444.00000"}, "Net Long-Term Debt": {"2020-12-31": -1, "2020-09-30": -3, "2020-06-30": -2, "2020-03-31": "999.00000", "2019-12-31": 758, "2019-09-30": -5, "2019-06-30": -24, "2019-03-31": "-26.00000", "2018-12-31": -23, "2018-09-30": -19, "2018-06-30": -157, "2018-03-31": "-434.00000", "2017-12-31": 448, "2017-09-30": -30, "2017-06-30": -51, "2017-03-31": "-26.00000", "2016-12-31": -649, "2016-09-30": 725, "2016-06-30": -18, "2016-03-31": "-17.00000", "2015-12-31": -16, "2015-09-30": 583, "2015-06-30": -17, "2015-03-31": "-17.00000", "2014-12-31": -37, "2014-09-30": -53, "2014-06-30": 431, "2014-03-31": "-333.00000", "2013-12-31": 19, "2013-09-30": -63, "2013-06-30": -853, "2013-03-31": "161.00000", "2012-12-31": 181, "2012-09-30": 21, "2012-06-30": -313, "2012-03-31": "308.00000", "2011-12-31": 358, "2011-09-30": 9, "2011-06-30": -14, "2011-03-31": "-31.00000", "2010-12-31": 5, "2010-09-30": 1250, "2010-06-30": -15, "2010-03-31": "-142.00000", "2009-12-31": 88, "2009-09-30": 851, "2009-06-30": -15, "2009-03-31": "373.00000", "2008-12-31": -14, "2008-09-30": -13, "2008-06-30": -15, "2008-03-31": "-20.00000", "2007-12-31": -5, "2007-09-30": -6, "2007-06-30": -150, "2007-03-31": "369.00000", "2006-12-31": -3, "2006-09-30": 69, "2006-06-30": 11, "2006-03-31": "-90.00000", "2005-12-31": -2, "2005-09-30": 1, "2005-06-30": -40, "2005-03-31": "-9.00000"}, "Net Current Debt": {"2020-12-31": 6, "2020-09-30": 74, "2020-06-30": 12, "2020-03-31": "60.00000", "2019-12-31": -144, "2019-09-30": 16, "2019-06-30": -39, "2019-03-31": "199.00000", "2018-12-31": 0, "2018-09-30": 0, "2018-06-30": 0, "2018-03-31": "", "2017-12-31": -168, "2017-09-30": 11, "2017-06-30": -1, "2017-03-31": "5.00000", "2016-12-31": 57, "2016-09-30": 6, "2016-06-30": -25, "2016-03-31": "5.00000", "2015-12-31": 110, "2015-09-30": 0, "2015-06-30": 0, "2015-03-31": "", "2014-12-31": 0, "2014-09-30": 0, "2014-06-30": 0, "2014-03-31": "", "2013-12-31": -435, "2013-09-30": 435, "2013-06-30": -835, "2013-03-31": "-913.00000", "2012-12-31": 65, "2012-09-30": -114, "2012-06-30": 1116, "2012-03-31": "581.00000", "2011-12-31": 100, "2011-09-30": 0, "2011-06-30": 0, "2011-03-31": "", "2010-12-31": 0, "2010-09-30": 0, "2010-06-30": 0, "2010-03-31": "", "2009-12-31": 0, "2009-09-30": -850, "2009-06-30": 0, "2009-03-31": "", "2008-12-31": 30, "2008-09-30": 0, "2008-06-30": 0, "2008-03-31": "", "2007-12-31": 0, "2007-09-30": 0, "2007-06-30": 0, "2007-03-31": "", "2006-12-31": 0, "2006-09-30": -68, "2006-06-30": -12, "2006-03-31": "80.00000", "2005-12-31": 0, "2005-09-30": 0, "2005-06-30": 0, "2005-03-31": ""}, "Debt Issuance/Retirement Net - Total": {"2020-12-31": 5, "2020-09-30": 71, "2020-06-30": 10, "2020-03-31": "1059.00000", "2019-12-31": 614, "2019-09-30": 11, "2019-06-30": -63, "2019-03-31": "173.00000", "2018-12-31": -23, "2018-09-30": -19, "2018-06-30": -157, "2018-03-31": "-434.00000", "2017-12-31": 280, "2017-09-30": -19, "2017-06-30": -52, "2017-03-31": "-21.00000", "2016-12-31": -592, "2016-09-30": 731, "2016-06-30": -43, "2016-03-31": "-12.00000", "2015-12-31": 94, "2015-09-30": 583, "2015-06-30": -17, "2015-03-31": "-17.00000", "2014-12-31": -37, "2014-09-30": -53, "2014-06-30": 431, "2014-03-31": "-333.00000", "2013-12-31": -416, "2013-09-30": 372, "2013-06-30": -1688, "2013-03-31": "-752.00000", "2012-12-31": 246, "2012-09-30": -93, "2012-06-30": 803, "2012-03-31": "889.00000", "2011-12-31": 458, "2011-09-30": 9, "2011-06-30": -14, "2011-03-31": "-31.00000", "2010-12-31": 5, "2010-09-30": 1250, "2010-06-30": -15, "2010-03-31": "-142.00000", "2009-12-31": 88, "2009-09-30": 1, "2009-06-30": -15, "2009-03-31": "373.00000", "2008-12-31": 16, "2008-09-30": -13, "2008-06-30": -15, "2008-03-31": "-20.00000", "2007-12-31": -5, "2007-09-30": -6, "2007-06-30": -150, "2007-03-31": "369.00000", "2006-12-31": -3, "2006-09-30": 1, "2006-06-30": -1, "2006-03-31": "-10.00000", "2005-12-31": -2, "2005-09-30": 1, "2005-06-30": -40, "2005-03-31": "-9.00000"}, "Net Common Equity Issued/Repurchased": {"2020-12-31": 0, "2020-09-30": 0, "2020-06-30": 0, "2020-03-31": "", "2019-12-31": 0, "2019-09-30": 0, "2019-06-30": 0, "2019-03-31": "-25.00000", "2018-12-31": -245, "2018-09-30": -230, "2018-06-30": -519, "2018-03-31": "-371.00000", "2017-12-31": -110, "2017-09-30": 0, "2017-06-30": 0, "2017-03-31": "", "2016-12-31": 0, "2016-09-30": 0, "2016-06-30": 0, "2016-03-31": "1087.00000", "2015-12-31": 0, "2015-09-30": -64, "2015-06-30": -11, "2015-03-31": "-67.00000", "2014-12-31": -1086, "2014-09-30": -860, "2014-06-30": -577, "2014-03-31": "-1010.00000", "2013-12-31": -949, "2013-09-30": -458, "2013-06-30": 11, "2013-03-31": "31.00000", "2012-12-31": 11, "2012-09-30": 0, "2012-06-30": 0, "2012-03-31": "", "2011-12-31": 88, "2011-09-30": 0, "2011-06-30": 0, "2011-03-31": "", "2010-12-31": 54, "2010-09-30": 0, "2010-06-30": 0, "2010-03-31": "", "2009-12-31": 18, "2009-09-30": 0, "2009-06-30": -6, "2009-03-31": "6.00000", "2008-12-31": 229, "2008-09-30": 8, "2008-06-30": 72, "2008-03-31": "31.00000", "2007-12-31": 30, "2007-09-30": -4, "2007-06-30": 38, "2007-03-31": "47.00000", "2006-12-31": 5, "2006-09-30": 20, "2006-06-30": 8, "2006-03-31": "7.00000", "2005-12-31": 1, "2005-09-30": 9, "2005-06-30": 36, "2005-03-31": "16.00000"}, "Net Total Equity Issued/Repurchased": {"2020-12-31": 0, "2020-09-30": 0, "2020-06-30": 0, "2020-03-31": "", "2019-12-31": 0, "2019-09-30": 0, "2019-06-30": 0, "2019-03-31": "-25.00000", "2018-12-31": -245, "2018-09-30": -230, "2018-06-30": -519, "2018-03-31": "-371.00000", "2017-12-31": -110, "2017-09-30": 0, "2017-06-30": 0, "2017-03-31": "", "2016-12-31": 0, "2016-09-30": 0, "2016-06-30": 0, "2016-03-31": "1644.00000", "2015-12-31": 0, "2015-09-30": -64, "2015-06-30": -11, "2015-03-31": "-67.00000", "2014-12-31": -1086, "2014-09-30": -860, "2014-06-30": -577, "2014-03-31": "-1010.00000", "2013-12-31": -949, "2013-09-30": -458, "2013-06-30": 11, "2013-03-31": "31.00000", "2012-12-31": 11, "2012-09-30": 0, "2012-06-30": 0, "2012-03-31": "", "2011-12-31": 88, "2011-09-30": 0, "2011-06-30": 0, "2011-03-31": "", "2010-12-31": 54, "2010-09-30": 0, "2010-06-30": 0, "2010-03-31": "", "2009-12-31": 18, "2009-09-30": 0, "2009-06-30": -6, "2009-03-31": "6.00000", "2008-12-31": 229, "2008-09-30": 8, "2008-06-30": 72, "2008-03-31": "31.00000", "2007-12-31": 30, "2007-09-30": -4, "2007-06-30": 38, "2007-03-31": "47.00000", "2006-12-31": 5, "2006-09-30": 20, "2006-06-30": 8, "2006-03-31": "7.00000", "2005-12-31": 1, "2005-09-30": 9, "2005-06-30": 36, "2005-03-31": "16.00000"}, "Total Common And Preferred Stock Dividends Paid": {"2020-12-31": -76, "2020-09-30": -76, "2020-06-30": -76, "2020-03-31": "-81.00000", "2019-12-31": -75, "2019-09-30": -77, "2019-06-30": -76, "2019-03-31": "-88.00000", "2018-12-31": -83, "2018-09-30": -86, "2018-06-30": -75, "2018-03-31": "-101.00000", "2017-12-31": 118, "2017-09-30": -299, "2017-06-30": -90, "2017-03-31": "-92.00000", "2016-12-31": -90, "2016-09-30": -91, "2016-06-30": -89, "2016-03-31": "-80.00000", "2015-12-31": -72, "2015-09-30": -71, "2015-06-30": -72, "2015-03-31": "-72.00000", "2014-12-31": -71, "2014-09-30": -75, "2014-06-30": -78, "2014-03-31": "-79.00000", "2013-12-31": -81, "2013-09-30": -85, "2013-06-30": -34, "2013-03-31": "-35.00000", "2012-12-31": -35, "2012-09-30": -34, "2012-06-30": -34, "2012-03-31": "-68.00000", "2011-12-31": 0, "2011-09-30": -34, "2011-06-30": -34, "2011-03-31": "-68.00000", "2010-12-31": 0, "2010-09-30": -33, "2010-06-30": -32, "2010-03-31": "-66.00000", "2009-12-31": 0, "2009-09-30": -33, "2009-06-30": -33, "2009-03-31": "-65.00000", "2008-12-31": 123, "2008-09-30": -108, "2008-06-30": -81, "2008-03-31": "-64.00000", "2007-12-31": 0, "2007-09-30": -32, "2007-06-30": -32, "2007-03-31": "-63.00000", "2006-12-31": -13, "2006-09-30": -40, "2006-06-30": -39, "2006-03-31": "-69.00000", "2005-12-31": -12, "2005-09-30": -40, "2005-06-30": -40, "2005-03-31": "-67.00000"}, "Financial Activities - Other": {"2020-12-31": -68, "2020-09-30": -66, "2020-06-30": -64, "2020-03-31": "-70.00000", "2019-12-31": -318, "2019-09-30": -1, "2019-06-30": -11, "2019-03-31": "-12.00000", "2018-12-31": -175, "2018-09-30": 3, "2018-06-30": -8, "2018-03-31": "-3.00000", "2017-12-31": -269, "2017-09-30": 174, "2017-06-30": 184, "2017-03-31": "8.00000", "2016-12-31": -17, "2016-09-30": -12, "2016-06-30": 0, "2016-03-31": "-38.00000", "2015-12-31": -33, "2015-09-30": 2308, "2015-06-30": 0, "2015-03-31": "8.00000", "2014-12-31": -1, "2014-09-30": -4, "2014-06-30": -2, "2014-03-31": "", "2013-12-31": -1, "2013-09-30": 0, "2013-06-30": -191, "2013-03-31": "", "2012-12-31": -9, "2012-09-30": 1, "2012-06-30": -3, "2012-03-31": "8.00000", "2011-12-31": -69, "2011-09-30": -44, "2011-06-30": 6, "2011-03-31": "58.00000", "2010-12-31": -16, "2010-09-30": -22, "2010-06-30": -21, "2010-03-31": "13.00000", "2009-12-31": -15, "2009-09-30": 2, "2009-06-30": 11, "2009-03-31": "", "2008-12-31": -121, "2008-09-30": 0, "2008-06-30": 0, "2008-03-31": "", "2007-12-31": -121, "2007-09-30": 0, "2007-06-30": 0, "2007-03-31": "", "2006-12-31": 0, "2006-09-30": 0, "2006-06-30": 0, "2006-03-31": "", "2005-12-31": 0, "2005-09-30": 0, "2005-06-30": 0, "2005-03-31": ""}, "Cash Flow From Financial Activities": {"2020-12-31": -139, "2020-09-30": -71, "2020-06-30": -130, "2020-03-31": "908.00000", "2019-12-31": 221, "2019-09-30": -67, "2019-06-30": -150, "2019-03-31": "48.00000", "2018-12-31": -526, "2018-09-30": -332, "2018-06-30": -759, "2018-03-31": "-909.00000", "2017-12-31": 19, "2017-09-30": -144, "2017-06-30": 42, "2017-03-31": "-105.00000", "2016-12-31": -699, "2016-09-30": 628, "2016-06-30": -132, "2016-03-31": "1514.00000", "2015-12-31": -11, "2015-09-30": 2756, "2015-06-30": -100, "2015-03-31": "-148.00000", "2014-12-31": -1195, "2014-09-30": -992, "2014-06-30": -226, "2014-03-31": "-1422.00000", "2013-12-31": -1447, "2013-09-30": -171, "2013-06-30": -1902, "2013-03-31": "-756.00000", "2012-12-31": 213, "2012-09-30": -126, "2012-06-30": 766, "2012-03-31": "829.00000", "2011-12-31": 477, "2011-09-30": -69, "2011-06-30": -42, "2011-03-31": "-41.00000", "2010-12-31": 43, "2010-09-30": 1195, "2010-06-30": -68, "2010-03-31": "-195.00000", "2009-12-31": 91, "2009-09-30": -30, "2009-06-30": -43, "2009-03-31": "314.00000", "2008-12-31": 247, "2008-09-30": -113, "2008-06-30": -24, "2008-03-31": "-53.00000", "2007-12-31": -96, "2007-09-30": -42, "2007-06-30": -144, "2007-03-31": "353.00000", "2006-12-31": -11, "2006-09-30": -19, "2006-06-30": -32, "2006-03-31": "-72.00000", "2005-12-31": -13, "2005-09-30": -30, "2005-06-30": -44, "2005-03-31": "-60.00000"}, "Net Cash Flow": {"2020-12-31": 454, "2020-09-30": -361, "2020-06-30": -434, "2020-03-31": "535.00000", "2019-12-31": -318, "2019-09-30": -345, "2019-06-30": -92, "2019-03-31": "-394.00000", "2018-12-31": -310, "2018-09-30": 96, "2018-06-30": -818, "2018-03-31": "-1121.00000", "2017-12-31": 2321, "2017-09-30": 34, "2017-06-30": -194, "2017-03-31": "-46.00000", "2016-12-31": -797, "2016-09-30": 434, "2016-06-30": -462, "2016-03-31": "841.00000", "2015-12-31": -297, "2015-09-30": 2082, "2015-06-30": -575, "2015-03-31": "-938.00000", "2014-12-31": -1676, "2014-09-30": 1915, "2014-06-30": 917, "2014-03-31": "-526.00000", "2013-12-31": 1493, "2013-09-30": -404, "2013-06-30": 281, "2013-03-31": "-198.00000", "2012-12-31": 114, "2012-09-30": 119, "2012-06-30": 13, "2012-03-31": "45.00000", "2011-12-31": -476, "2011-09-30": -1367, "2011-06-30": 226, "2011-03-31": "360.00000", "2010-12-31": -745, "2010-09-30": 990, "2010-06-30": -7, "2010-03-31": "8.00000", "2009-12-31": 405, "2009-09-30": -106, "2009-06-30": -94, "2009-03-31": "249.00000", "2008-12-31": -472, "2008-09-30": -99, "2008-06-30": 577, "2008-03-31": "295.00000", "2007-12-31": 42, "2007-09-30": 83, "2007-06-30": 233, "2007-03-31": "-134.00000", "2006-12-31": -163, "2006-09-30": 60, "2006-06-30": -18, "2006-03-31": "189.00000", "2005-12-31": -444, "2005-09-30": -157, "2005-06-30": 82, "2005-03-31": "-43.00000"}, "Stock-Based Compensation": {"2020-12-31": 16, "2020-09-30": 16, "2020-06-30": 18, "2020-03-31": "29.00000", "2019-12-31": 19, "2019-09-30": 18, "2019-06-30": 21, "2019-03-31": "27.00000", "2018-12-31": 19, "2018-09-30": 21, "2018-06-30": 19, "2018-03-31": "13.00000", "2017-12-31": 21, "2017-09-30": 21, "2017-06-30": 22, "2017-03-31": "22.00000", "2016-12-31": 4, "2016-09-30": 22, "2016-06-30": 22, "2016-03-31": "25.00000", "2015-12-31": 26, "2015-09-30": 20, "2015-06-30": 25, "2015-03-31": "26.00000", "2014-12-31": 22, "2014-09-30": 25, "2014-06-30": 18, "2014-03-31": "22.00000", "2013-12-31": 8, "2013-09-30": 18, "2013-06-30": 22, "2013-03-31": "12.00000", "2012-12-31": 23, "2012-09-30": 23, "2012-06-30": 24, "2012-03-31": "13.00000", "2011-12-31": 9, "2011-09-30": 29, "2011-06-30": 28, "2011-03-31": "20.00000", "2010-12-31": 28, "2010-09-30": 30, "2010-06-30": 30, "2010-03-31": "24.00000", "2009-12-31": 29, "2009-09-30": 31, "2009-06-30": 28, "2009-03-31": "40.00000", "2008-12-31": 119, "2008-09-30": 0, "2008-06-30": 0, "2008-03-31": "", "2007-12-31": 87, "2007-09-30": 0, "2007-06-30": 0, "2007-03-31": "", "2006-12-31": 0, "2006-09-30": 0, "2006-06-30": 0, "2006-03-31": "", "2005-12-31": 0, "2005-09-30": 0, "2005-06-30": 0, "2005-03-31": ""}, "Common Stock Dividends Paid": {"2020-12-31": -76, "2020-09-30": -76, "2020-06-30": -76, "2020-03-31": "-81.00000", "2019-12-31": -75, "2019-09-30": -77, "2019-06-30": -76, "2019-03-31": "-88.00000", "2018-12-31": -83, "2018-09-30": -86, "2018-06-30": -75, "2018-03-31": "-101.00000", "2017-12-31": 118, "2017-09-30": -299, "2017-06-30": -90, "2017-03-31": "-92.00000", "2016-12-31": -90, "2016-09-30": -91, "2016-06-30": -89, "2016-03-31": "-80.00000", "2015-12-31": -72, "2015-09-30": -71, "2015-06-30": -72, "2015-03-31": "-72.00000", "2014-12-31": -71, "2014-09-30": -75, "2014-06-30": -78, "2014-03-31": "-79.00000", "2013-12-31": -81, "2013-09-30": -85, "2013-06-30": -34, "2013-03-31": "-35.00000", "2012-12-31": -35, "2012-09-30": -34, "2012-06-30": -34, "2012-03-31": "-68.00000", "2011-12-31": 0, "2011-09-30": -34, "2011-06-30": -34, "2011-03-31": "-68.00000", "2010-12-31": 0, "2010-09-30": -33, "2010-06-30": -32, "2010-03-31": "-66.00000", "2009-12-31": 0, "2009-09-30": -33, "2009-06-30": -33, "2009-03-31": "-65.00000", "2008-12-31": 123, "2008-09-30": -108, "2008-06-30": -81, "2008-03-31": "-64.00000", "2007-12-31": 0, "2007-09-30": -32, "2007-06-30": -32, "2007-03-31": "-63.00000", "2006-12-31": -13, "2006-09-30": -40, "2006-06-30": -39, "2006-03-31": "-69.00000", "2005-12-31": -12, "2005-09-30": -40, "2005-06-30": -40, "2005-03-31": "-67.00000"}}, "financial ratios": {"Current Ratio": {"2019-12-31": "1.25740", "2018-12-31": "2.02410", "2017-12-31": "2.52850", "2016-12-31": "1.89960", "2015-12-31": "1.67580", "2014-12-31": "1.30140", "2013-12-31": "1.31120", "2012-12-31": "1.00060", "2011-12-31": "1.02950", "2010-12-31": "1.15330", "2009-12-31": "1.16600", "2008-12-31": "0.94850", "2007-12-31": "0.86320", "2006-12-31": "0.86780", "2005-12-31": "0.82050"}, "Long-term Debt / Capital": {"2019-12-31": "0.43190", "2018-12-31": "0.37760", "2017-12-31": "0.34120", "2016-12-31": "0.30040", "2015-12-31": "0.24180", "2014-12-31": "0.20960", "2013-12-31": "0.17940", "2012-12-31": "0.25670", "2011-12-31": "0.24410", "2010-12-31": "0.24780", "2009-12-31": "0.24200", "2008-12-31": "0.23530", "2007-12-31": "0.28620", "2006-12-31": "0.31490", "2005-12-31": "0.37420"}, "Debt/Equity Ratio": {"2019-12-31": "0.76040", "2018-12-31": "0.61280", "2017-12-31": "0.56480", "2016-12-31": "0.43650", "2015-12-31": "0.32310", "2014-12-31": "0.26820", "2013-12-31": "0.23390", "2012-12-31": "0.38250", "2011-12-31": "0.32580", "2010-12-31": "0.33210", "2009-12-31": "0.33020", "2008-12-31": "0.31920", "2007-12-31": "0.40720", "2006-12-31": "0.46300", "2005-12-31": "0.60210"}, "Gross Margin": {"2019-12-31": "100.00000", "2018-12-31": "100.00000", "2017-12-31": "100.00000", "2016-12-31": "100.00000", "2015-12-31": "100.00000", "2014-12-31": "83.98990", "2013-12-31": "85.51030", "2012-12-31": "89.11390", "2011-12-31": "50.92070", "2010-12-31": "30.87530", "2009-12-31": "29.21930", "2008-12-31": "28.12030", "2007-12-31": "28.98160", "2006-12-31": "29.05550", "2005-12-31": "25.08460"}, "Operating Margin": {"2019-12-31": "9.02230", "2018-12-31": "8.36630", "2017-12-31": "-98.39010", "2016-12-31": "-72.34360", "2015-12-31": "-57.89630", "2014-12-31": "19.15810", "2013-12-31": "24.22510", "2012-12-31": "25.03880", "2011-12-31": "15.00160", "2010-12-31": "8.62620", "2009-12-31": "6.50710", "2008-12-31": "12.24050", "2007-12-31": "11.98980", "2006-12-31": "12.81220", "2005-12-31": "8.45390"}, "EBIT Margin": {"2019-12-31": "9.02230", "2018-12-31": "8.36630", "2017-12-31": "-98.39010", "2016-12-31": "-72.34360", "2015-12-31": "-57.89630", "2014-12-31": "19.15810", "2013-12-31": "24.22510", "2012-12-31": "25.03880", "2011-12-31": "15.00160", "2010-12-31": "8.62620", "2009-12-31": "6.50710", "2008-12-31": "12.24050", "2007-12-31": "11.98980", "2006-12-31": "12.81220", "2005-12-31": "8.45390"}, "EBITDA Margin": {"2019-12-31": "41.69360", "2018-12-31": "38.14650", "2017-12-31": "-45.64580", "2016-12-31": "-4.22090", "2015-12-31": "1.70280", "2014-12-31": "49.18510", "2013-12-31": "46.79550", "2012-12-31": "48.44430", "2011-12-31": "26.06410", "2010-12-31": "15.46870", "2009-12-31": "13.93600", "2008-12-31": "17.10020", "2007-12-31": "16.95720", "2006-12-31": "17.17320", "2005-12-31": "12.96000"}, "Pre-Tax Profit Margin": {"2019-12-31": "3.40260", "2018-12-31": "3.47940", "2017-12-31": "-105.70800", "2016-12-31": "-80.93240", "2015-12-31": "-64.16520", "2014-12-31": "22.68790", "2013-12-31": "38.64760", "2012-12-31": "27.25190", "2011-12-31": "10.44240", "2010-12-31": "9.77790", "2009-12-31": "5.13950", "2008-12-31": "11.41880", "2007-12-31": "12.05600", "2006-12-31": "14.41550", "2005-12-31": "9.67600"}, "Net Profit Margin": {"2019-12-31": "-6.34330", "2018-12-31": "-5.18740", "2017-12-31": "-75.37510", "2016-12-31": "-129.63040", "2015-12-31": "-46.05180", "2014-12-31": "21.57960", "2013-12-31": "42.43600", "2012-12-31": "16.53740", "2011-12-31": "7.93900", "2010-12-31": "6.27550", "2009-12-31": "2.49880", "2008-12-31": "5.73730", "2007-12-31": "5.77430", "2006-12-31": "6.68400", "2005-12-31": "5.17870"}, "Asset Turnover": {"2019-12-31": "0.29820", "2018-12-31": "0.29500", "2017-12-31": "0.23650", "2016-12-31": "0.16640", "2015-12-31": "0.19430", "2014-12-31": "0.27960", "2013-12-31": "0.27850", "2012-12-31": "0.28190", "2011-12-31": "0.54810", "2010-12-31": "0.95670", "2009-12-31": "1.00510", "2008-12-31": "1.43880", "2007-12-31": "1.21420", "2006-12-31": "1.25060", "2005-12-31": "1.19000"}, "Inventory Turnover Ratio": {"2019-12-31": "", "2018-12-31": "", "2017-12-31": "", "2016-12-31": "", "2015-12-31": "", "2014-12-31": "3.26190", "2013-12-31": "1.80820", "2012-12-31": "1.05880", "2011-12-31": "7.39850", "2010-12-31": "16.12050", "2009-12-31": "14.57650", "2008-12-31": "22.60470", "2007-12-31": "18.02560", "2006-12-31": "19.81290", "2005-12-31": "19.93100"}, "Receiveable Turnover": {"2019-12-31": "5.55130", "2018-12-31": "6.31670", "2017-12-31": "5.33790", "2016-12-31": "4.64130", "2015-12-31": "5.72560", "2014-12-31": "5.17950", "2013-12-31": "3.37730", "2012-12-31": "2.82270", "2011-12-31": "4.28080", "2010-12-31": "7.17720", "2009-12-31": "7.54690", "2008-12-31": "9.57270", "2007-12-31": "6.73900", "2006-12-31": "7.24680", "2005-12-31": "6.22350"}, "Days Sales In Receivables": {"2019-12-31": "65.75060", "2018-12-31": "57.78350", "2017-12-31": "68.37910", "2016-12-31": "78.64130", "2015-12-31": "63.74850", "2014-12-31": "70.47080", "2013-12-31": "108.07430", "2012-12-31": "129.30750", "2011-12-31": "85.26480", "2010-12-31": "50.85550", "2009-12-31": "48.36430", "2008-12-31": "38.12920", "2007-12-31": "54.16270", "2006-12-31": "50.36680", "2005-12-31": "58.64840"}, "ROE - Return On Equity": {"2019-12-31": "-2.47270", "2018-12-31": "-1.05630", "2017-12-31": "-31.90320", "2016-12-31": "-38.97370", "2015-12-31": "-14.50420", "2014-12-31": "7.58060", "2013-12-31": "16.28470", "2012-12-31": "8.52710", "2011-12-31": "8.23470", "2010-12-31": "12.71940", "2009-12-31": "5.96540", "2008-12-31": "19.02190", "2007-12-31": "19.98160", "2006-12-31": "23.56700", "2005-12-31": "19.54720"}, "Return On Tangible Equity": {"2019-12-31": "-2.56790", "2018-12-31": "-1.09230", "2017-12-31": "-32.85810", "2016-12-31": "-39.93170", "2015-12-31": "-14.77580", "2014-12-31": "8.26900", "2013-12-31": "17.61290", "2012-12-31": "9.51830", "2011-12-31": "9.40010", "2010-12-31": "14.84620", "2009-12-31": "6.55940", "2008-12-31": "21.10870", "2007-12-31": "22.84480", "2006-12-31": "27.85030", "2005-12-31": "23.09290"}, "ROA - Return On Assets": {"2019-12-31": "-1.10180", "2018-12-31": "-0.53660", "2017-12-31": "-17.05180", "2016-12-31": "-21.22920", "2015-12-31": "-8.66290", "2014-12-31": "4.40540", "2013-12-31": "9.44010", "2012-12-31": "4.16200", "2011-12-31": "3.91200", "2010-12-31": "6.04020", "2009-12-31": "2.73880", "2008-12-31": "8.24440", "2007-12-31": "7.47390", "2006-12-31": "8.55540", "2005-12-31": "6.41380"}, "ROI - Return On Investment": {"2019-12-31": "-1.40470", "2018-12-31": "-0.65740", "2017-12-31": "-21.01760", "2016-12-31": "-27.26500", "2015-12-31": "-10.99710", "2014-12-31": "5.99170", "2013-12-31": "13.36250", "2012-12-31": "6.33790", "2011-12-31": "6.22430", "2010-12-31": "9.56770", "2009-12-31": "4.52180", "2008-12-31": "14.54670", "2007-12-31": "14.26380", "2006-12-31": "16.14530", "2005-12-31": "12.20510"}, "Book Value Per Share": {"2019-12-31": "31.82770", "2018-12-31": "37.36000", "2017-12-31": "39.21230", "2016-12-31": "49.25710", "2015-12-31": "71.32070", "2014-12-31": "78.08700", "2013-12-31": "76.18490", "2012-12-31": "62.08280", "2011-12-31": "54.68620", "2010-12-31": "49.77780", "2009-12-31": "41.34110", "2008-12-31": "37.99370", "2007-12-31": "30.48660", "2006-12-31": "25.86200", "2005-12-31": "22.51460"}, "Operating Cash Flow Per Share": {"2019-12-31": -1.0508, "2018-12-31": 3.4937, "2017-12-31": 0.4433, "2016-12-31": -4.4199, "2015-12-31": -7.4997, "2014-12-31": -0.4696, "2013-12-31": -1.6779, "2012-12-31": 1.9693, "2011-12-31": 0.8647, "2010-12-31": 4.4548, "2009-12-31": -5.0435, "2008-12-31": 3.0279, "2007-12-31": 0.3012, "2006-12-31": 5.1625, "2005-12-31": 5.8955}, "Free Cash Flow Per Share": {"2019-12-31": -5.3736, "2018-12-31": -5.8295, "2017-12-31": 11.5817, "2016-12-31": 3.8283, "2015-12-31": -15.2929, "2014-12-31": -3.3979, "2013-12-31": 14.0806, "2012-12-31": 0.8514, "2011-12-31": -1.9432, "2010-12-31": -2.7654, "2009-12-31": -0.3746, "2008-12-31": 0.3225, "2007-12-31": 0.1565, "2006-12-31": 1.6564, "2005-12-31": -1.3682}}, "financial ratios, quarterly": {"Current Ratio": {"2020-09-30": "2.19920", "2020-06-30": "1.99170", "2020-03-31": "2.19310", "2019-12-31": "1.25740", "2019-09-30": "1.44970", "2019-06-30": "1.57980", "2019-03-31": "1.68820", "2018-12-31": "2.02410", "2018-09-30": "2.29880", "2018-06-30": "2.41340", "2018-03-31": "2.63340", "2017-12-31": "2.52850", "2017-09-30": "1.84420", "2017-06-30": "2.01610", "2017-03-31": "1.96190", "2016-12-31": "1.89960", "2016-09-30": "1.86970", "2016-06-30": "2.16500", "2016-03-31": "2.25490", "2015-12-31": "1.67580", "2015-09-30": "2.13300", "2015-06-30": "1.12400", "2015-03-31": "1.24690", "2014-12-31": "1.30140", "2014-09-30": "1.76770", "2014-06-30": "1.66770", "2014-03-31": "1.17840", "2013-12-31": "1.31120", "2013-09-30": "1.33710", "2013-06-30": "1.48400", "2013-03-31": "1.28210", "2012-12-31": "1.00060", "2012-09-30": "1.03940", "2012-06-30": "1.11870", "2012-03-31": "1.00260", "2011-12-31": "1.02950", "2011-09-30": "1.13220", "2011-06-30": "1.30750", "2011-03-31": "1.28360", "2010-12-31": "1.15330", "2010-09-30": "1.34600", "2010-06-30": "1.31060", "2010-03-31": "1.22540", "2009-12-31": "1.16600", "2009-09-30": "1.07080", "2009-06-30": "0.98620", "2009-03-31": "0.95880", "2008-12-31": "0.94850", "2008-09-30": "0.93220", "2008-06-30": "0.86250", "2008-03-31": "0.91790", "2007-12-31": "0.86320", "2007-09-30": "0.82300", "2007-06-30": "0.80620", "2007-03-31": "0.84510", "2006-12-31": "0.86780", "2006-09-30": "0.82280", "2006-06-30": "0.73310", "2006-03-31": "0.74240", "2005-12-31": "0.82050", "2005-09-30": "0.76190", "2005-06-30": "0.73570", "2005-03-31": "0.75940"}, "Long-term Debt / Capital": {"2020-09-30": "0.55270", "2020-06-30": "0.53380", "2020-03-31": "0.50740", "2019-12-31": "0.43190", "2019-09-30": "0.39940", "2019-06-30": "0.39080", "2019-03-31": "0.39190", "2018-12-31": "0.37760", "2018-09-30": "0.37430", "2018-06-30": "0.35910", "2018-03-31": "0.34800", "2017-12-31": "0.34120", "2017-09-30": "0.31360", "2017-06-30": "0.30480", "2017-03-31": "0.30450", "2016-12-31": "0.30040", "2016-09-30": "0.24180", "2016-06-30": "0.23350", "2016-03-31": "0.23100", "2015-12-31": "0.24180", "2015-09-30": "0.22450", "2015-06-30": "0.21810", "2015-03-31": "0.21430", "2014-12-31": "0.20960", "2014-09-30": "0.19570", "2014-06-30": "0.19640", "2014-03-31": "0.18310", "2013-12-31": "0.17940", "2013-09-30": "0.18520", "2013-06-30": "0.18510", "2013-03-31": "0.19540", "2012-12-31": "0.25670", "2012-09-30": "0.25900", "2012-06-30": "0.27440", "2012-03-31": "0.26590", "2011-12-31": "0.24410", "2011-09-30": "0.22680", "2011-06-30": "0.22560", "2011-03-31": "0.23340", "2010-12-31": "0.24780", "2010-09-30": "0.25930", "2010-06-30": "0.22810", "2010-03-31": "0.23480", "2009-12-31": "0.24200", "2009-09-30": "0.24600", "2009-06-30": "0.25240", "2009-03-31": "0.25690", "2008-12-31": "0.23530", "2008-09-30": "0.24140", "2008-06-30": "0.25880", "2008-03-31": "0.26590", "2007-12-31": "0.28620", "2007-09-30": "0.29290", "2007-06-30": "0.30360", "2007-03-31": "0.32310", "2006-12-31": "0.31490", "2006-09-30": "0.32640", "2006-06-30": "0.33950", "2006-03-31": "0.35180", "2005-12-31": "0.37420", "2005-09-30": "0.40170", "2005-06-30": "0.41660", "2005-03-31": "0.42900"}, "Debt/Equity Ratio": {"2020-09-30": "1.23690", "2020-06-30": "1.14570", "2020-03-31": "1.03040", "2019-12-31": "0.76040", "2019-09-30": "0.66650", "2019-06-30": "0.64300", "2019-03-31": "0.64550", "2018-12-31": "0.61280", "2018-09-30": "0.60600", "2018-06-30": "0.56800", "2018-03-31": "0.55020", "2017-12-31": "0.56480", "2017-09-30": "0.46530", "2017-06-30": "0.44650", "2017-03-31": "0.44540", "2016-12-31": "0.43650", "2016-09-30": "0.35080", "2016-06-30": "0.30940", "2016-03-31": "0.30470", "2015-12-31": "0.32310", "2015-09-30": "0.29300", "2015-06-30": "0.28230", "2015-03-31": "0.27600", "2014-12-31": "0.26820", "2014-09-30": "0.24610", "2014-06-30": "0.24950", "2014-03-31": "0.23000", "2013-12-31": "0.23390", "2013-09-30": "0.26040", "2013-06-30": "0.24190", "2013-03-31": "0.32750", "2012-12-31": "0.38250", "2012-09-30": "0.37970", "2012-06-30": "0.39310", "2012-03-31": "0.36430", "2011-12-31": "0.32580", "2011-09-30": "0.29570", "2011-06-30": "0.29310", "2011-03-31": "0.30650", "2010-12-31": "0.33210", "2010-09-30": "0.35280", "2010-06-30": "0.29770", "2010-03-31": "0.30900", "2009-12-31": "0.33020", "2009-09-30": "0.33670", "2009-06-30": "0.34840", "2009-03-31": "0.35680", "2008-12-31": "0.31920", "2008-09-30": "0.32150", "2008-06-30": "0.35530", "2008-03-31": "0.36820", "2007-12-31": "0.40720", "2007-09-30": "0.41910", "2007-06-30": "0.43920", "2007-03-31": "0.48080", "2006-12-31": "0.46300", "2006-09-30": "0.48840", "2006-06-30": "0.52720", "2006-03-31": "0.55850", "2005-12-31": "0.60210", "2005-09-30": "0.68560", "2005-06-30": "0.71880", "2005-03-31": "0.76120"}, "Gross Margin": {"2020-09-30": "100.00000", "2020-06-30": "100.00000", "2020-03-31": "100.00000", "2019-12-31": "100.00000", "2019-09-30": "100.00000", "2019-06-30": "100.00000", "2019-03-31": "100.00000", "2018-12-31": "100.00000", "2018-09-30": "100.00000", "2018-06-30": "100.00000", "2018-03-31": "100.00000", "2017-12-31": "100.00000", "2017-09-30": "100.00000", "2017-06-30": "100.00000", "2017-03-31": "100.00000", "2016-12-31": "152.76070", "2016-09-30": "81.43810", "2016-06-30": "78.17180", "2016-03-31": "80.96680", "2015-12-31": "167.71550", "2015-09-30": "78.92240", "2015-06-30": "81.60210", "2015-03-31": "82.06450", "2014-12-31": "81.14980", "2014-09-30": "84.20460", "2014-06-30": "85.11840", "2014-03-31": "85.29740", "2013-12-31": "83.06390", "2013-09-30": "86.21320", "2013-06-30": "86.28220", "2013-03-31": "49.98360", "2012-12-31": "87.40260", "2012-09-30": "88.31380", "2012-06-30": "90.01200", "2012-03-31": "90.67680", "2011-12-31": "31.03870", "2011-09-30": "28.66710", "2011-06-30": "30.56940", "2011-03-31": "31.08170", "2010-12-31": "30.93150", "2010-09-30": "32.22280", "2010-06-30": "31.24680", "2010-03-31": "29.36600", "2009-12-31": "30.80200", "2009-09-30": "30.27510", "2009-06-30": "30.30660", "2009-03-31": "25.06150", "2008-12-31": "27.35770", "2008-09-30": "28.36080", "2008-06-30": "28.81050", "2008-03-31": "27.63220", "2007-12-31": "30.68370", "2007-09-30": "28.57340", "2007-06-30": "30.06330", "2007-03-31": "26.08280", "2006-12-31": "29.28020", "2006-09-30": "30.36250", "2006-06-30": "29.68150", "2006-03-31": "26.95910", "2005-12-31": "23.94450", "2005-09-30": "23.31430", "2005-06-30": "27.04010", "2005-03-31": "26.81060"}, "Operating Margin": {"2020-09-30": "-5.10200", "2020-06-30": "-18.17100", "2020-03-31": "-170.34330", "2019-12-31": "0.95010", "2019-09-30": "2.64030", "2019-06-30": "15.49790", "2019-03-31": "16.69790", "2018-12-31": "1.10460", "2018-09-30": "12.19910", "2018-06-30": "9.64240", "2018-03-31": "9.92810", "2017-12-31": "-169.98540", "2017-09-30": "-151.33820", "2017-06-30": "-28.53580", "2017-03-31": "-17.94260", "2016-12-31": "-125.30670", "2016-09-30": "-39.21410", "2016-06-30": "-46.72970", "2016-03-31": "-75.42800", "2015-12-31": "-145.14360", "2015-09-30": "-26.93900", "2015-06-30": "-32.19640", "2015-03-31": "-41.41940", "2014-12-31": "11.22410", "2014-09-30": "22.70350", "2014-06-30": "14.03320", "2014-03-31": "28.61950", "2013-12-31": "-0.40410", "2013-09-30": "28.38240", "2013-06-30": "33.59400", "2013-03-31": "17.13070", "2012-12-31": "10.76870", "2012-09-30": "21.87500", "2012-06-30": "35.19860", "2012-03-31": "31.28450", "2011-12-31": "8.26060", "2011-09-30": "2.83900", "2011-06-30": "11.21490", "2011-03-31": "12.56980", "2010-12-31": "8.59330", "2010-09-30": "3.76400", "2010-06-30": "9.85510", "2010-03-31": "11.76150", "2009-12-31": "10.62460", "2009-09-30": "7.11140", "2009-06-30": "4.56230", "2009-03-31": "2.60300", "2008-12-31": "2.76420", "2008-09-30": "13.83820", "2008-06-30": "15.11400", "2008-03-31": "13.93820", "2007-12-31": "12.95090", "2007-09-30": "11.04550", "2007-06-30": "13.34050", "2007-03-31": "10.32930", "2006-12-31": "11.76800", "2006-09-30": "12.67950", "2006-06-30": "14.00710", "2006-03-31": "12.86490", "2005-12-31": "9.42190", "2005-09-30": "7.47100", "2005-06-30": "8.52310", "2005-03-31": "8.15010"}, "EBIT Margin": {"2020-09-30": "-5.10200", "2020-06-30": "-18.17100", "2020-03-31": "-170.34330", "2019-12-31": "0.95010", "2019-09-30": "2.64030", "2019-06-30": "15.49790", "2019-03-31": "16.69790", "2018-12-31": "1.10460", "2018-09-30": "12.19910", "2018-06-30": "9.64240", "2018-03-31": "9.92810", "2017-12-31": "-169.98540", "2017-09-30": "-151.33820", "2017-06-30": "-28.53580", "2017-03-31": "-17.94260", "2016-12-31": "-125.30670", "2016-09-30": "-39.21410", "2016-06-30": "-46.72970", "2016-03-31": "-75.42800", "2015-12-31": "-145.14360", "2015-09-30": "-26.93900", "2015-06-30": "-32.19640", "2015-03-31": "-41.41940", "2014-12-31": "11.22410", "2014-09-30": "22.70350", "2014-06-30": "14.03320", "2014-03-31": "28.61950", "2013-12-31": "-0.40410", "2013-09-30": "28.38240", "2013-06-30": "33.59400", "2013-03-31": "17.13070", "2012-12-31": "10.76870", "2012-09-30": "21.87500", "2012-06-30": "35.19860", "2012-03-31": "31.28450", "2011-12-31": "8.26060", "2011-09-30": "2.83900", "2011-06-30": "11.21490", "2011-03-31": "12.56980", "2010-12-31": "8.59330", "2010-09-30": "3.76400", "2010-06-30": "9.85510", "2010-03-31": "11.76150", "2009-12-31": "10.62460", "2009-09-30": "7.11140", "2009-06-30": "4.56230", "2009-03-31": "2.60300", "2008-12-31": "2.76420", "2008-09-30": "13.83820", "2008-06-30": "15.11400", "2008-03-31": "13.93820", "2007-12-31": "12.95090", "2007-09-30": "11.04550", "2007-06-30": "13.34050", "2007-03-31": "10.32930", "2006-12-31": "11.76800", "2006-09-30": "12.67950", "2006-06-30": "14.00710", "2006-03-31": "12.86490", "2005-12-31": "9.42190", "2005-09-30": "7.47100", "2005-06-30": "8.52310", "2005-03-31": "8.15010"}, "EBITDA Margin": {"2020-09-30": "", "2020-06-30": "", "2020-03-31": "", "2019-12-31": "", "2019-09-30": "", "2019-06-30": "", "2019-03-31": "", "2018-12-31": "", "2018-09-30": "", "2018-06-30": "", "2018-03-31": "", "2017-12-31": "", "2017-09-30": "", "2017-06-30": "", "2017-03-31": "", "2016-12-31": "", "2016-09-30": "", "2016-06-30": "", "2016-03-31": "", "2015-12-31": "", "2015-09-30": "", "2015-06-30": "", "2015-03-31": "", "2014-12-31": "", "2014-09-30": "", "2014-06-30": "", "2014-03-31": "", "2013-12-31": "", "2013-09-30": "", "2013-06-30": "", "2013-03-31": "", "2012-12-31": "", "2012-09-30": "", "2012-06-30": "", "2012-03-31": "", "2011-12-31": "", "2011-09-30": "", "2011-06-30": "", "2011-03-31": "", "2010-12-31": "", "2010-09-30": "", "2010-06-30": "", "2010-03-31": "", "2009-12-31": "", "2009-09-30": "", "2009-06-30": "", "2009-03-31": "", "2008-12-31": "", "2008-09-30": "", "2008-06-30": "", "2008-03-31": "", "2007-12-31": "", "2007-09-30": "", "2007-06-30": "", "2007-03-31": "", "2006-12-31": "", "2006-09-30": "", "2006-06-30": "", "2006-03-31": "", "2005-12-31": "", "2005-09-30": "", "2005-06-30": "", "2005-03-31": ""}, "Pre-Tax Profit Margin": {"2020-09-30": "-15.13610", "2020-06-30": "-32.30400", "2020-03-31": "-178.59750", "2019-12-31": "-3.80050", "2019-09-30": "-3.30030", "2019-06-30": "9.78200", "2019-03-31": "10.56910", "2018-12-31": "3.96360", "2018-09-30": "6.78340", "2018-06-30": "1.72410", "2018-03-31": "0.57550", "2017-12-31": "-181.33240", "2017-09-30": "-156.14360", "2017-06-30": "-35.35770", "2017-03-31": "-24.64120", "2016-12-31": "-131.05830", "2016-09-30": "-52.92640", "2016-06-30": "-53.42790", "2016-03-31": "-83.98790", "2015-12-31": "-156.15600", "2015-09-30": "-31.91240", "2015-06-30": "-36.64080", "2015-03-31": "-46.90320", "2014-12-31": "6.88310", "2014-09-30": "22.06870", "2014-06-30": "37.68120", "2014-03-31": "22.55890", "2013-12-31": "10.21310", "2013-09-30": "25.00000", "2013-06-30": "65.39590", "2013-03-31": "26.10550", "2012-12-31": "14.15510", "2012-09-30": "32.22660", "2012-06-30": "31.94950", "2012-03-31": "29.93790", "2011-12-31": "-2.03430", "2011-09-30": "2.45820", "2011-06-30": "9.75340", "2011-03-31": "14.53750", "2010-12-31": "3.96360", "2010-09-30": "16.41660", "2010-06-30": "9.01450", "2010-03-31": "10.43310", "2009-12-31": "8.19310", "2009-09-30": "7.34530", "2009-06-30": "3.21430", "2009-03-31": "0.86770", "2008-12-31": "0.06780", "2008-09-30": "13.15370", "2008-06-30": "14.71270", "2008-03-31": "13.80670", "2007-12-31": "12.66780", "2007-09-30": "10.96500", "2007-06-30": "14.18950", "2007-03-31": "10.20630", "2006-12-31": "11.76800", "2006-09-30": "13.29070", "2006-06-30": "16.34420", "2006-03-31": "16.35700", "2005-12-31": "9.81860", "2005-09-30": "9.77640", "2005-06-30": "9.83280", "2005-03-31": "9.19910"}, "Net Profit Margin": {"2020-09-30": "-20.66330", "2020-06-30": "-38.00480", "2020-03-31": "-177.72100", "2019-12-31": "-13.18290", "2019-09-30": "-13.99340", "2019-06-30": "-0.35360", "2019-03-31": "1.75110", "2018-12-31": "-1.03960", "2018-09-30": "-2.89930", "2018-06-30": "-9.06770", "2018-03-31": "-8.41730", "2017-12-31": "-196.85210", "2017-09-30": "-38.62530", "2017-06-30": "-38.26960", "2017-03-31": "-26.79430", "2016-12-31": "-375.99690", "2016-09-30": "-29.34780", "2016-06-30": "-31.83610", "2016-03-31": "-51.86300", "2015-12-31": "-124.55540", "2015-09-30": "-16.51870", "2015-06-30": "-29.30230", "2015-03-31": "-25.09680", "2014-12-31": "-0.31290", "2014-09-30": "37.64000", "2014-06-30": "32.90920", "2014-03-31": "14.44070", "2013-12-31": "70.72010", "2013-09-30": "15.44120", "2013-06-30": "46.62760", "2013-03-31": "20.89750", "2012-12-31": "12.66510", "2012-09-30": "18.13150", "2012-06-30": "16.51630", "2012-03-31": "18.81910", "2011-12-31": "-1.34590", "2011-09-30": "3.43910", "2011-06-30": "6.16060", "2011-03-31": "9.09450", "2010-12-31": "0.64390", "2010-09-30": "14.67450", "2010-06-30": "4.85000", "2010-03-31": "5.81060", "2009-12-31": "4.12540", "2009-09-30": "4.69050", "2009-06-30": "1.48130", "2009-03-31": "-0.85320", "2008-12-31": "-1.00270", "2008-09-30": "6.80060", "2008-06-30": "7.68510", "2008-03-31": "7.12880", "2007-12-31": "5.34820", "2007-09-30": "5.30130", "2007-06-30": "7.50570", "2007-03-31": "5.05530", "2006-12-31": "4.90570", "2006-09-30": "4.03700", "2006-06-30": "8.24650", "2006-03-31": "9.59630", "2005-12-31": "6.00740", "2005-09-30": "4.50680", "2005-06-30": "5.78280", "2005-03-31": "4.17590"}, "Asset Turnover": {"2020-09-30": "0.06200", "2020-06-30": "0.04310", "2020-03-31": "0.06610", "2019-12-31": "0.07730", "2019-09-30": "0.07000", "2019-06-30": "0.07820", "2019-03-31": "0.07360", "2018-12-31": "0.07180", "2018-09-30": "0.08520", "2018-06-30": "0.07300", "2018-03-31": "0.06300", "2017-12-31": "0.05910", "2017-09-30": "0.06180", "2017-06-30": "0.04320", "2017-03-31": "0.04460", "2016-12-31": "0.04560", "2016-09-30": "0.03470", "2016-06-30": "0.03710", "2016-03-31": "0.02850", "2015-12-31": "0.04280", "2015-09-30": "0.04630", "2015-06-30": "0.05440", "2015-03-31": "0.04290", "2014-12-31": "0.06660", "2014-09-30": "0.06540", "2014-06-30": "0.06890", "2014-03-31": "0.06450", "2013-12-31": "0.06370", "2013-09-30": "0.06490", "2013-06-30": "0.07410", "2013-03-31": "0.14410", "2012-12-31": "0.06800", "2012-09-30": "0.07280", "2012-06-30": "0.08180", "2012-03-31": "0.07120", "2011-12-31": "0.24870", "2011-09-30": "0.23210", "2011-06-30": "0.26640", "2011-03-31": "0.27880", "2010-12-31": "0.25450", "2010-09-30": "0.23490", "2010-06-30": "0.26210", "2010-03-31": "0.30920", "2009-12-31": "0.29450", "2009-09-30": "0.25570", "2009-06-30": "0.23350", "2009-03-31": "0.24320", "2008-12-31": "0.25810", "2008-09-30": "0.38530", "2008-06-30": "0.38100", "2008-03-31": "0.39410", "2007-12-31": "0.36490", "2007-09-30": "0.31130", "2007-06-30": "0.31940", "2007-03-31": "0.32200", "2006-12-31": "0.31880", "2006-09-30": "0.32530", "2006-06-30": "0.31620", "2006-03-31": "0.36000", "2005-12-31": "0.36920", "2005-09-30": "0.30600", "2005-06-30": "0.28430", "2005-03-31": "0.29300"}, "Inventory Turnover Ratio": {"2020-09-30": "", "2020-06-30": "", "2020-03-31": "", "2019-12-31": "", "2019-09-30": "", "2019-06-30": "", "2019-03-31": "", "2018-12-31": "", "2018-09-30": "", "2018-06-30": "", "2018-03-31": "", "2017-12-31": "", "2017-09-30": "", "2017-06-30": "", "2017-03-31": "", "2016-12-31": "", "2016-09-30": "0.55090", "2016-06-30": "0.73470", "2016-03-31": "0.45430", "2015-12-31": "", "2015-09-30": "0.66540", "2015-06-30": "0.62570", "2015-03-31": "0.50920", "2014-12-31": "0.91460", "2014-09-30": "0.51770", "2014-06-30": "0.50000", "2014-03-31": "0.37250", "2013-12-31": "0.48320", "2013-09-30": "0.53960", "2013-06-30": "0.61640", "2013-03-31": "4.45190", "2012-12-31": "0.29550", "2012-09-30": "0.29470", "2012-06-30": "0.25360", "2012-03-31": "0.19140", "2011-12-31": "4.71680", "2011-09-30": "4.07720", "2011-06-30": "4.77720", "2011-03-31": "4.53610", "2010-12-31": "4.28440", "2010-09-30": "3.16880", "2010-06-30": "3.26540", "2010-03-31": "4.65480", "2009-12-31": "4.17590", "2009-09-30": "3.55970", "2009-06-30": "3.46470", "2009-03-31": "4.70240", "2008-12-31": "4.09860", "2008-09-30": "4.49310", "2008-06-30": "5.65990", "2008-03-31": "6.54630", "2007-12-31": "5.28800", "2007-09-30": "3.96870", "2007-06-30": "5.29590", "2007-03-31": "5.20690", "2006-12-31": "5.03480", "2006-09-30": "3.97000", "2006-06-30": "4.11500", "2006-03-31": "7.82780", "2005-12-31": "6.27840", "2005-09-30": "4.81920", "2005-06-30": "5.27070", "2005-03-31": "6.27680"}, "Receiveable Turnover": {"2020-09-30": "1.68240", "2020-06-30": "1.41280", "2020-03-31": "1.72420", "2019-12-31": "1.43930", "2019-09-30": "1.35030", "2019-06-30": "1.60090", "2019-03-31": "1.43280", "2018-12-31": "1.53750", "2018-09-30": "1.54650", "2018-06-30": "1.45670", "2018-03-31": "1.39420", "2017-12-31": "1.33400", "2017-09-30": "1.57620", "2017-06-30": "1.28150", "2017-03-31": "1.37500", "2016-12-31": "1.27100", "2016-09-30": "1.40210", "2016-06-30": "1.21090", "2016-03-31": "1.16550", "2015-12-31": "1.26140", "2015-09-30": "1.10970", "2015-06-30": "1.07860", "2015-03-31": "0.90590", "2014-12-31": "1.23350", "2014-09-30": "0.87540", "2014-06-30": "1.04860", "2014-03-31": "0.82880", "2013-12-31": "0.77220", "2013-09-30": "1.53070", "2013-06-30": "1.57060", "2013-03-31": "3.31850", "2012-12-31": "0.68070", "2012-09-30": "0.72380", "2012-06-30": "0.73740", "2012-03-31": "0.58110", "2011-12-31": "1.94230", "2011-09-30": "2.08140", "2011-06-30": "2.21270", "2011-03-31": "1.98080", "2010-12-31": "1.90910", "2010-09-30": "1.99640", "2010-06-30": "1.99740", "2010-03-31": "2.05620", "2009-12-31": "2.21150", "2009-09-30": "2.04670", "2009-06-30": "1.64780", "2009-03-31": "1.77350", "2008-12-31": "1.71750", "2008-09-30": "2.44970", "2008-06-30": "1.86900", "2008-03-31": "2.19530", "2007-12-31": "2.02550", "2007-09-30": "2.42230", "2007-06-30": "2.27220", "2007-03-31": "2.11720", "2006-12-31": "1.84740", "2006-09-30": "2.17870", "2006-06-30": "2.20550", "2006-03-31": "2.30790", "2005-12-31": "1.93110", "2005-09-30": "1.87180", "2005-06-30": "2.05340", "2005-03-31": "1.94540"}, "Days Sales In Receivables": {"2020-09-30": "53.49490", "2020-06-30": "63.70550", "2020-03-31": "52.19870", "2019-12-31": "62.52970", "2019-09-30": "66.65350", "2019-06-30": "56.21690", "2019-03-31": "62.81430", "2018-12-31": "58.53800", "2018-09-30": "58.19480", "2018-06-30": "61.78160", "2018-03-31": "64.55400", "2017-12-31": "67.46710", "2017-09-30": "57.09850", "2017-06-30": "70.23290", "2017-03-31": "65.45450", "2016-12-31": "70.81290", "2016-09-30": "64.18900", "2016-06-30": "74.32620", "2016-03-31": "77.22050", "2015-12-31": "71.34750", "2015-09-30": "81.10120", "2015-06-30": "83.44190", "2015-03-31": "99.34840", "2014-12-31": "72.96440", "2014-09-30": "102.80430", "2014-06-30": "85.83240", "2014-03-31": "108.58590", "2013-12-31": "116.55030", "2013-09-30": "58.79780", "2013-06-30": "57.30210", "2013-03-31": "27.12090", "2012-12-31": "132.21130", "2012-09-30": "124.33590", "2012-06-30": "122.05780", "2012-03-31": "154.88950", "2011-12-31": "46.33620", "2011-09-30": "43.23950", "2011-06-30": "40.67490", "2011-03-31": "45.43610", "2010-12-31": "47.14330", "2010-09-30": "45.08010", "2010-06-30": "45.05820", "2010-03-31": "43.77040", "2009-12-31": "40.69600", "2009-09-30": "43.97250", "2009-06-30": "54.61860", "2009-03-31": "50.74620", "2008-12-31": "52.40240", "2008-09-30": "36.73920", "2008-06-30": "48.15470", "2008-03-31": "40.99750", "2007-12-31": "44.43370", "2007-09-30": "37.15470", "2007-06-30": "39.60920", "2007-03-31": "42.50990", "2006-12-31": "48.71700", "2006-09-30": "41.30920", "2006-06-30": "40.80680", "2006-03-31": "38.99710", "2005-12-31": "46.60670", "2005-09-30": "48.08110", "2005-06-30": "43.83040", "2005-03-31": "46.26190"}, "ROE - Return On Equity": {"2020-09-30": "-2.65910", "2020-06-30": "-3.57050", "2020-03-31": "-28.93130", "2019-12-31": "-1.88540", "2019-09-30": "-1.63110", "2019-06-30": "0.32290", "2019-03-31": "0.71070", "2018-12-31": "0.31230", "2018-09-30": "0.02720", "2018-06-30": "-0.76750", "2018-03-31": "-0.54460", "2017-12-31": "-21.33090", "2017-09-30": "-4.11030", "2017-06-30": "-2.76580", "2017-03-31": "-1.94330", "2016-12-31": "-31.41760", "2016-09-30": "-1.51570", "2016-06-30": "-1.76170", "2016-03-31": "-2.25580", "2015-12-31": "-8.77900", "2015-09-30": "-1.06870", "2015-06-30": "-2.62050", "2015-03-31": "-1.73540", "2014-12-31": "-0.02240", "2014-09-30": "1.47340", "2014-06-30": "3.99930", "2014-03-31": "1.50150", "2013-12-31": "3.67580", "2013-09-30": "1.49320", "2013-06-30": "6.67420", "2013-03-31": "5.07440", "2012-12-31": "1.03290", "2012-09-30": "2.46950", "2012-06-30": "2.70550", "2012-03-31": "2.81360", "2011-12-31": "-0.72070", "2011-09-30": "1.41170", "2011-06-30": "3.00990", "2011-03-31": "5.37620", "2010-12-31": "0.49380", "2010-09-30": "6.89280", "2010-06-30": "2.72540", "2010-03-31": "4.04930", "2009-12-31": "2.73510", "2009-09-30": "2.70620", "2009-06-30": "0.82400", "2009-03-31": "-0.14010", "2008-12-31": "-0.64560", "2008-09-30": "6.32820", "2008-06-30": "8.20570", "2008-03-31": "6.99210", "2007-12-31": "6.45590", "2007-09-30": "4.15400", "2007-06-30": "6.12960", "2007-03-31": "4.29580", "2006-12-31": "4.40650", "2006-09-30": "3.83620", "2006-06-30": "7.92270", "2006-03-31": "10.36320", "2005-12-31": "6.95150", "2005-09-30": "4.93650", "2005-06-30": "5.69200", "2005-03-31": "4.36950"}, "Return On Tangible Equity": {"2020-09-30": "-2.80590", "2020-06-30": "-3.75390", "2020-03-31": "-30.26350", "2019-12-31": "-1.95810", "2019-09-30": "-1.69090", "2019-06-30": "0.33430", "2019-03-31": "0.73580", "2018-12-31": "0.32290", "2018-09-30": "0.02810", "2018-06-30": "-0.79260", "2018-03-31": "-0.56150", "2017-12-31": "-21.96930", "2017-09-30": "-4.21520", "2017-06-30": "-2.83130", "2017-03-31": "-1.99220", "2016-12-31": "-32.18980", "2016-09-30": "-1.54330", "2016-06-30": "-1.79340", "2016-03-31": "-2.29550", "2015-12-31": "-8.94340", "2015-09-30": "-1.14410", "2015-06-30": "-2.81710", "2015-03-31": "-1.89810", "2014-12-31": "-0.02440", "2014-09-30": "1.59510", "2014-06-30": "4.32970", "2014-03-31": "1.63540", "2013-12-31": "3.97560", "2013-09-30": "1.62020", "2013-06-30": "7.23850", "2013-03-31": "5.53350", "2012-12-31": "1.15290", "2012-09-30": "2.76510", "2012-06-30": "3.05210", "2012-03-31": "3.19620", "2011-12-31": "-0.82270", "2011-09-30": "1.61510", "2011-06-30": "3.44510", "2011-03-31": "6.19470", "2010-12-31": "0.57630", "2010-09-30": "7.91550", "2010-06-30": "2.97480", "2010-03-31": "4.43440", "2009-12-31": "3.00740", "2009-09-30": "2.98760", "2009-06-30": "0.91460", "2009-03-31": "-0.15590", "2008-12-31": "-0.71650", "2008-09-30": "7.03250", "2008-06-30": "9.22340", "2008-03-31": "7.89090", "2007-12-31": "7.38100", "2007-09-30": "4.76820", "2007-06-30": "7.08470", "2007-03-31": "5.00810", "2006-12-31": "5.20740", "2006-09-30": "4.56720", "2006-06-30": "9.57860", "2006-03-31": "12.67910", "2005-12-31": "8.21250", "2005-09-30": "5.98200", "2005-06-30": "6.96970", "2005-03-31": "5.40870"}, "ROA - Return On Assets": {"2020-09-30": "-0.96470", "2020-06-30": "-1.34550", "2020-03-31": "-11.42060", "2019-12-31": "-0.84010", "2019-09-30": "-0.76740", "2019-06-30": "0.15670", "2019-03-31": "0.34540", "2018-12-31": "0.15860", "2018-09-30": "0.01400", "2018-06-30": "-0.40530", "2018-03-31": "-0.29450", "2017-12-31": "-11.40100", "2017-09-30": "-2.22930", "2017-06-30": "-1.50010", "2017-03-31": "-1.05340", "2016-12-31": "-17.11330", "2016-09-30": "-0.91990", "2016-06-30": "-1.08960", "2016-03-31": "-1.40200", "2015-12-31": "-5.24340", "2015-09-30": "-0.65560", "2015-06-30": "-1.55520", "2015-03-31": "-1.04150", "2014-12-31": "-0.01300", "2014-09-30": "0.87610", "2014-06-30": "2.37150", "2014-03-31": "0.87870", "2013-12-31": "2.13080", "2013-09-30": "0.84970", "2013-06-30": "3.86210", "2013-03-31": "2.69710", "2012-12-31": "0.50410", "2012-09-30": "1.20820", "2012-06-30": "1.32960", "2012-03-31": "1.32610", "2011-12-31": "-0.34240", "2011-09-30": "0.71510", "2011-06-30": "1.53820", "2011-03-31": "2.65850", "2010-12-31": "0.23450", "2010-09-30": "3.25820", "2010-06-30": "1.34240", "2010-03-31": "1.89660", "2009-12-31": "1.25570", "2009-09-30": "1.23780", "2009-06-30": "0.35270", "2009-03-31": "-0.05980", "2008-12-31": "-0.27980", "2008-09-30": "2.61680", "2008-06-30": "2.96370", "2008-03-31": "2.78380", "2007-12-31": "2.41480", "2007-09-30": "1.65020", "2007-06-30": "2.39700", "2007-03-31": "1.62800", "2006-12-31": "1.59970", "2006-09-30": "1.36870", "2006-06-30": "2.66430", "2006-03-31": "3.51520", "2005-12-31": "2.28090", "2005-09-30": "1.44260", "2005-06-30": "1.71260", "2005-03-31": "1.29460"}, "ROI - Return On Investment": {"2020-09-30": "-1.18940", "2020-06-30": "-1.66460", "2020-03-31": "-14.25130", "2019-12-31": "-1.07110", "2019-09-30": "-0.97960", "2019-06-30": "0.19670", "2019-03-31": "0.43220", "2018-12-31": "0.19440", "2018-09-30": "0.01700", "2018-06-30": "-0.49190", "2018-03-31": "-0.35500", "2017-12-31": "-14.05260", "2017-09-30": "-2.82110", "2017-06-30": "-1.92250", "2017-03-31": "-1.35150", "2016-12-31": "-21.97890", "2016-09-30": "-1.14910", "2016-06-30": "-1.35030", "2016-03-31": "-1.73470", "2015-12-31": "-6.65630", "2015-09-30": "-0.82880", "2015-06-30": "-2.04880", "2015-03-31": "-1.36340", "2014-12-31": "-0.01770", "2014-09-30": "1.18510", "2014-06-30": "3.21380", "2014-03-31": "1.22660", "2013-12-31": "3.01620", "2013-09-30": "1.21670", "2013-06-30": "5.43870", "2013-03-31": "4.08260", "2012-12-31": "0.76770", "2012-09-30": "1.82980", "2012-06-30": "1.96330", "2012-03-31": "2.06540", "2011-12-31": "-0.54480", "2011-09-30": "1.09150", "2011-06-30": "2.33100", "2011-03-31": "4.12120", "2010-12-31": "0.37140", "2010-09-30": "5.10550", "2010-06-30": "2.10380", "2010-03-31": "3.09870", "2009-12-31": "2.07320", "2009-09-30": "2.04060", "2009-06-30": "0.61610", "2009-03-31": "-0.10410", "2008-12-31": "-0.49370", "2008-09-30": "4.80030", "2008-06-30": "6.08180", "2008-03-31": "5.13280", "2007-12-31": "4.60850", "2007-09-30": "2.93720", "2007-06-30": "4.26890", "2007-03-31": "2.90790", "2006-12-31": "3.01880", "2006-09-30": "2.57930", "2006-06-30": "5.22280", "2006-03-31": "6.70380", "2005-12-31": "4.34050", "2005-09-30": "2.94600", "2005-06-30": "3.31190", "2005-03-31": "2.48810"}, "Book Value Per Share": {"2020-09-30": "22.41130", "2020-06-30": "23.98220", "2020-03-31": "26.62470", "2019-12-31": "31.82770", "2019-09-30": "33.39940", "2019-06-30": "34.58670", "2019-03-31": "34.68180", "2018-12-31": "37.36000", "2018-09-30": "37.28570", "2018-06-30": "37.82600", "2018-03-31": "38.74960", "2017-12-31": "39.21230", "2017-09-30": "45.40620", "2017-06-30": "47.43840", "2017-03-31": "47.91520", "2016-12-31": "49.25710", "2016-09-30": "66.05690", "2016-06-30": "66.86370", "2016-03-31": "68.30660", "2015-12-31": "71.32070", "2015-09-30": "78.16580", "2015-06-30": "73.51480", "2015-03-31": "75.39440", "2014-12-31": "78.08700", "2014-09-30": "81.49670", "2014-06-30": "79.14210", "2014-03-31": "77.15270", "2013-12-31": "76.18490", "2013-09-30": "70.62730", "2013-06-30": "69.81050", "2013-03-31": "65.61360", "2012-12-31": "62.08280", "2012-09-30": "60.46610", "2012-06-30": "58.44300", "2012-03-31": "56.07840", "2011-12-31": "54.68620", "2011-09-30": "55.64580", "2011-06-30": "55.61930", "2011-03-31": "53.32500", "2010-12-31": "49.77780", "2010-09-30": "48.18310", "2010-06-30": "44.24210", "2010-03-31": "42.72110", "2009-12-31": "41.34110", "2009-09-30": "39.76810", "2009-06-30": "37.84720", "2009-03-31": "37.09470", "2008-12-31": "37.99370", "2008-09-30": "37.51060", "2008-06-30": "34.12470", "2008-03-31": "33.30120", "2007-12-31": "30.48660", "2007-09-30": "29.76690", "2007-06-30": "28.57630", "2007-03-31": "27.14660", "2006-12-31": "25.86200", "2006-09-30": "27.49340", "2006-06-30": "25.51640", "2006-03-31": "24.10580", "2005-12-31": "22.51460", "2005-09-30": "19.79180", "2005-06-30": "18.90110", "2005-03-31": "18.14740"}, "Operating Cash Flow Per Share": {"2020-09-30": 0.4459, "2020-06-30": 0.8673, "2020-03-31": "1.46380", "2019-12-31": 0.9689, "2019-09-30": 1.4614, "2019-06-30": 2.2271, "2019-03-31": "0.79410", "2018-12-31": 2.9073, "2018-09-30": 1.4605, "2018-06-30": 1.456, "2018-03-31": "0.67850", "2017-12-31": 1.0945, "2017-09-30": 0.2792, "2017-06-30": 0.5231, "2017-03-31": "1.11180", "2016-12-31": 1.0679, "2016-09-30": 1.06, "2016-06-30": 0.6375, "2016-03-31": "-0.20010", "2015-12-31": 2.1951, "2015-09-30": 1.0054, "2015-06-30": 2.2468, "2015-03-31": "1.53790", "2014-12-31": 3.3931, "2014-09-30": 4.5302, "2014-06-30": 2.972, "2014-03-31": "3.58960", "2013-12-31": 5.579, "2013-09-30": 3.665, "2013-06-30": 3.6153, "2013-03-31": "2.39050", "2012-12-31": 4.603, "2012-09-30": 5.4842, "2012-06-30": 3.6419, "2012-03-31": "2.90330", "2011-12-31": 3.3587, "2011-09-30": 3.0088, "2011-06-30": 4.9495, "2011-03-31": "3.34610", "2010-12-31": 4.4831, "2010-09-30": 3.8008, "2010-06-30": 2.9912, "2010-03-31": "2.52330", "2009-12-31": 3.8988, "2009-09-30": 1.6357, "2009-06-30": 1.8765, "2009-03-31": "1.93260", "2008-12-31": 1.574, "2008-09-30": 3.8769, "2008-06-30": 5.2827, "2008-03-31": "3.65350", "2007-12-31": 2.9159, "2007-09-30": 2.6743, "2007-06-30": 3.7551, "2007-03-31": "2.01390", "2006-12-31": 2.4757, "2006-09-30": 2.6108, "2006-06-30": 2.1664, "2006-03-31": "3.80510", "2005-12-31": 0.9439, "2005-09-30": 1.5226, "2005-06-30": 1.9406, "2005-03-31": "1.48840"}, "Free Cash Flow Per Share": {"2020-09-30": -0.9508, "2020-06-30": -0.9861, "2020-03-31": "-1.22700", "2019-12-31": -1.7985, "2019-09-30": -0.8781, "2019-06-30": 0.2535, "2019-03-31": "-1.44480", "2018-12-31": 0.7174, "2018-09-30": 1.5446, "2018-06-30": -0.1618, "2018-03-31": "-0.59450", "2017-12-31": 7.3288, "2017-09-30": 0.5694, "2017-06-30": -0.751, "2017-03-31": "0.18800", "2016-12-31": -0.3672, "2016-09-30": -0.629, "2016-06-30": -0.9821, "2016-03-31": "-2.26820", "2015-12-31": -1.0095, "2015-09-30": -2.3273, "2015-06-30": -1.6516, "2015-03-31": "-3.08640", "2014-12-31": -1.5524, "2014-09-30": 0.5948, "2014-06-30": 4.304, "2014-03-31": "3.87170", "2013-12-31": 2.8646, "2013-09-30": -0.4198, "2013-06-30": 6.5448, "2013-03-31": "1.83600", "2012-12-31": 0.0119, "2012-09-30": 0.7333, "2012-06-30": -2.047, "2012-03-31": "-2.16280", "2011-12-31": -2.6847, "2011-09-30": -3.7639, "2011-06-30": 0.918, "2011-03-31": "1.21460", "2010-12-31": -2.6292, "2010-09-30": -0.6596, "2010-06-30": 0.2431, "2010-03-31": "0.67290", "2009-12-31": 1.0613, "2009-09-30": -0.2144, "2009-06-30": -0.21, "2009-03-31": "-0.24430", "2008-12-31": -2.0214, "2008-09-30": -0.0011, "2008-06-30": 1.7582, "2008-03-31": "1.03150", "2007-12-31": 0.3791, "2007-09-30": 0.4014, "2007-06-30": 1.136, "2007-03-31": "-1.47180", "2006-12-31": -0.5757, "2006-09-30": 0.1254, "2006-06-30": 0.0397, "2006-03-31": "0.69880", "2005-12-31": -1.1703, "2005-09-30": -0.5546, "2005-06-30": 0.3664, "2005-03-31": "-0.00970"}}, "revenue": {"Hess Annual Revenue (Millions of US $)": {"2020": "$4,804", "2019": "$6,495", "2018": "$6,323", "2017": "$5,466", "2016": "$4,762", "2015": "$6,636", "2014": "$10,737", "2013": "$11,905", "2012": "$12,245", "2011": "$21,451", "2010": "$33,862", "2009": "$29,614", "2008": "$41,134", "2007": "$31,727", "2006": "$28,067", "2005": "$22,747"}, "Hess Quarterly Revenue (Millions of US $)": {"2020-12-31": "$1,417", "2020-09-30": "$1,176", "2020-06-30": "$842", "2020-03-31": "$1,369", "2019-12-31": "$1,684", "2019-09-30": "$1,515", "2019-06-30": "$1,697", "2019-03-31": "$1,599", "2018-12-31": "$1,539", "2018-09-30": "$1,828", "2018-06-30": "$1,566", "2018-03-31": "$1,390", "2017-12-31": "$1,366", "2017-09-30": "$1,644", "2017-06-30": "$1,202", "2017-03-31": "$1,254", "2016-12-31": "$1,304", "2016-09-30": "$1,196", "2016-06-30": "$1,269", "2016-03-31": "$993", "2015-12-31": "$1,462", "2015-09-30": "$1,689", "2015-06-30": "$1,935", "2015-03-31": "$1,550", "2014-12-31": "$2,557", "2014-09-30": "$2,678", "2014-06-30": "$2,829", "2014-03-31": "$2,673", "2013-12-31": "$2,722", "2013-09-30": "$2,720", "2013-06-30": "$3,069", "2013-03-31": "$6,106", "2012-12-31": "$2,953", "2012-09-30": "$3,072", "2012-06-30": "$3,324", "2012-03-31": "$2,896", "2011-12-31": "$9,733", "2011-09-30": "$8,665", "2011-06-30": "$9,853", "2011-03-31": "$10,215", "2010-12-31": "$9,007", "2010-09-30": "$7,864", "2010-06-30": "$7,732", "2010-03-31": "$9,259", "2009-12-31": "$8,678", "2009-09-30": "$7,270", "2009-06-30": "$6,751", "2009-03-31": "$6,915", "2008-12-31": "$7,380", "2008-09-30": "$11,396", "2008-06-30": "$11,711", "2008-03-31": "$10,647", "2007-12-31": "$9,536", "2007-09-30": "$7,451", "2007-06-30": "$7,421", "2007-03-31": "$7,319", "2006-12-31": "$7,155", "2006-09-30": "$7,035", "2006-06-30": "$6,718", "2006-03-31": "$7,159", "2005-12-31": "$7,058", "2005-09-30": "$5,769", "2005-06-30": "$4,963", "2005-03-31": "$4,957"}}, "gross-profit": {"Hess Annual Gross Profit (Millions of US $)": {"2020": "$4,804", "2019": "$6,495", "2018": "$6,323", "2017": "$5,466", "2016": "$4,762", "2015": "$6,636", "2014": "$9,018", "2013": "$10,180", "2012": "$10,912", "2011": "$10,923", "2010": "$10,455", "2009": "$8,653", "2008": "$11,567", "2007": "$9,195", "2006": "$8,155", "2005": "$5,706"}, "Hess Quarterly Gross Profit (Millions of US $)": {"2020-12-31": "$1,417", "2020-09-30": "$1,176", "2020-06-30": "$842", "2020-03-31": "$1,369", "2019-12-31": "$1,684", "2019-09-30": "$1,515", "2019-06-30": "$1,697", "2019-03-31": "$1,599", "2018-12-31": "$1,539", "2018-09-30": "$1,828", "2018-06-30": "$1,566", "2018-03-31": "$1,390", "2017-12-31": "$1,366", "2017-09-30": "$1,644", "2017-06-30": "$1,202", "2017-03-31": "$1,254", "2016-12-31": "$1,304", "2016-09-30": "$974", "2016-06-30": "$992", "2016-03-31": "$804", "2015-12-31": "$1,462", "2015-09-30": "$1,333", "2015-06-30": "$1,579", "2015-03-31": "$1,272", "2014-12-31": "$2,075", "2014-09-30": "$2,255", "2014-06-30": "$2,408", "2014-03-31": "$2,280", "2013-12-31": "$2,261", "2013-09-30": "$2,345", "2013-06-30": "$2,648", "2013-03-31": "$3,052", "2012-12-31": "$2,581", "2012-09-30": "$2,713", "2012-06-30": "$2,992", "2012-03-31": "$2,626", "2011-12-31": "$3,021", "2011-09-30": "$2,484", "2011-06-30": "$3,012", "2011-03-31": "$3,175", "2010-12-31": "$2,786", "2010-09-30": "$2,534", "2010-06-30": "$2,416", "2010-03-31": "$2,719", "2009-12-31": "$2,673", "2009-09-30": "$2,201", "2009-06-30": "$2,046", "2009-03-31": "$1,733", "2008-12-31": "$2,019", "2008-09-30": "$3,232", "2008-06-30": "$3,374", "2008-03-31": "$2,942", "2007-12-31": "$2,926", "2007-09-30": "$2,129", "2007-06-30": "$2,231", "2007-03-31": "$1,909", "2006-12-31": "$2,095", "2006-09-30": "$2,136", "2006-06-30": "$1,994", "2006-03-31": "$1,930", "2005-12-31": "$1,690", "2005-09-30": "$1,345", "2005-06-30": "$1,342", "2005-03-31": "$1,329"}}, "operating-income": {"Hess Annual Operating Income (Millions of US $)": {"2020": "$-2,382", "2019": "$586", "2018": "$529", "2017": "$-5,378", "2016": "$-3,445", "2015": "$-3,842", "2014": "$2,057", "2013": "$2,884", "2012": "$3,066", "2011": "$3,218", "2010": "$2,921", "2009": "$1,927", "2008": "$5,035", "2007": "$3,804", "2006": "$3,596", "2005": "$1,923"}, "Hess Quarterly Operating Income (Millions of US $)": {"2020-12-31": "$163", "2020-09-30": "$-60", "2020-06-30": "$-153", "2020-03-31": "$-2,332", "2019-12-31": "$16", "2019-09-30": "$40", "2019-06-30": "$263", "2019-03-31": "$267", "2018-12-31": "$17", "2018-09-30": "$223", "2018-06-30": "$151", "2018-03-31": "$138", "2017-12-31": "$-2,322", "2017-09-30": "$-2,488", "2017-06-30": "$-343", "2017-03-31": "$-225", "2016-12-31": "$-1,634", "2016-09-30": "$-469", "2016-06-30": "$-593", "2016-03-31": "$-749", "2015-12-31": "$-2,122", "2015-09-30": "$-455", "2015-06-30": "$-623", "2015-03-31": "$-642", "2014-12-31": "$287", "2014-09-30": "$608", "2014-06-30": "$397", "2014-03-31": "$765", "2013-12-31": "$-11", "2013-09-30": "$772", "2013-06-30": "$1,031", "2013-03-31": "$1,046", "2012-12-31": "$318", "2012-09-30": "$672", "2012-06-30": "$1,170", "2012-03-31": "$906", "2011-12-31": "$804", "2011-09-30": "$246", "2011-06-30": "$1,105", "2011-03-31": "$1,284", "2010-12-31": "$774", "2010-09-30": "$296", "2010-06-30": "$762", "2010-03-31": "$1,089", "2009-12-31": "$922", "2009-09-30": "$517", "2009-06-30": "$308", "2009-03-31": "$180", "2008-12-31": "$204", "2008-09-30": "$1,577", "2008-06-30": "$1,770", "2008-03-31": "$1,484", "2007-12-31": "$1,235", "2007-09-30": "$823", "2007-06-30": "$990", "2007-03-31": "$756", "2006-12-31": "$842", "2006-09-30": "$892", "2006-06-30": "$941", "2006-03-31": "$921", "2005-12-31": "$665", "2005-09-30": "$431", "2005-06-30": "$423", "2005-03-31": "$404"}}, "ebitda": {"Hess Annual EBITDA (Millions of US $)": {"2019": "$2,708", "2018": "$2,412", "2017": "$-2,495", "2016": "$-201", "2015": "$113", "2014": "$5,281", "2013": "$5,571", "2012": "$5,932", "2011": "$5,591", "2010": "$5,238", "2009": "$4,127", "2008": "$7,034", "2007": "$5,380", "2006": "$4,820", "2005": "$2,948"}, "Hess Quarterly EBITDA (Millions of US $)": {"2020-09-30": "$458", "2020-06-30": "$356", "2020-03-31": "$-1,771", "2019-12-31": "$602", "2019-09-30": "$584", "2019-06-30": "$757", "2019-03-31": "$765", "2018-12-31": "$550", "2018-09-30": "$712", "2018-06-30": "$595", "2018-03-31": "$555", "2017-12-31": "$-1,676", "2017-09-30": "$-1,729", "2017-06-30": "$398", "2017-03-31": "$512", "2016-12-31": "$-866", "2016-09-30": "$342", "2016-06-30": "$204", "2016-03-31": "$119", "2015-12-31": "$-1,139", "2015-09-30": "$533", "2015-06-30": "$405", "2015-03-31": "$314", "2014-12-31": "$1,162", "2014-09-30": "$1,446", "2014-06-30": "$1,182", "2014-03-31": "$1,491", "2013-12-31": "$702", "2013-09-30": "$1,453", "2013-06-30": "$1,635", "2013-03-31": "$1,735", "2012-12-31": "$1,048", "2012-09-30": "$1,400", "2012-06-30": "$1,916", "2012-03-31": "$1,568", "2011-12-31": "$1,445", "2011-09-30": "$832", "2011-06-30": "$1,693", "2011-03-31": "$1,842", "2010-12-31": "$1,407", "2010-09-30": "$880", "2010-06-30": "$1,320", "2010-03-31": "$1,631", "2009-12-31": "$1,506", "2009-09-30": "$1,089", "2009-06-30": "$866", "2009-03-31": "$666", "2008-12-31": "$772", "2008-09-30": "$2,074", "2008-06-30": "$2,252", "2008-03-31": "$1,936", "2007-12-31": "$1,765", "2007-09-30": "$1,188", "2007-06-30": "$1,344", "2007-03-31": "$1,083", "2006-12-31": "$1,195", "2006-09-30": "$1,215", "2006-06-30": "$1,223", "2006-03-31": "$1,187", "2005-12-31": "$923", "2005-09-30": "$683", "2005-06-30": "$684", "2005-03-31": "$658"}}, "net-income": {"Hess Annual Net Income (Millions of US $)": {"2020": "$-3,093", "2019": "$-412", "2018": "$-328", "2017": "$-4,120", "2016": "$-6,173", "2015": "$-3,056", "2014": "$2,317", "2013": "$5,052", "2012": "$2,025", "2011": "$1,703", "2010": "$2,125", "2009": "$740", "2008": "$2,360", "2007": "$1,832", "2006": "$1,876", "2005": "$1,178"}, "Hess Quarterly Net Income (Millions of US $)": {"2020-12-31": "$-97", "2020-09-30": "$-243", "2020-06-30": "$-320", "2020-03-31": "$-2,433", "2019-12-31": "$-222", "2019-09-30": "$-212", "2019-06-30": "$-6", "2019-03-31": "$28", "2018-12-31": "$-16", "2018-09-30": "$-53", "2018-06-30": "$-142", "2018-03-31": "$-117", "2017-12-31": "$-2,689", "2017-09-30": "$-635", "2017-06-30": "$-460", "2017-03-31": "$-336", "2016-12-31": "$-4,903", "2016-09-30": "$-351", "2016-06-30": "$-404", "2016-03-31": "$-515", "2015-12-31": "$-1,821", "2015-09-30": "$-279", "2015-06-30": "$-567", "2015-03-31": "$-389", "2014-12-31": "$-8", "2014-09-30": "$1,008", "2014-06-30": "$931", "2014-03-31": "$386", "2013-12-31": "$1,925", "2013-09-30": "$420", "2013-06-30": "$1,431", "2013-03-31": "$1,276", "2012-12-31": "$374", "2012-09-30": "$557", "2012-06-30": "$549", "2012-03-31": "$545", "2011-12-31": "$-131", "2011-09-30": "$298", "2011-06-30": "$607", "2011-03-31": "$929", "2010-12-31": "$58", "2010-09-30": "$1,154", "2010-06-30": "$375", "2010-03-31": "$538", "2009-12-31": "$358", "2009-09-30": "$341", "2009-06-30": "$100", "2009-03-31": "$-59", "2008-12-31": "$-74", "2008-09-30": "$775", "2008-06-30": "$900", "2008-03-31": "$759", "2007-12-31": "$510", "2007-09-30": "$395", "2007-06-30": "$557", "2007-03-31": "$370", "2006-12-31": "$351", "2006-09-30": "$284", "2006-06-30": "$554", "2006-03-31": "$687", "2005-12-31": "$424", "2005-09-30": "$260", "2005-06-30": "$287", "2005-03-31": "$207"}}, "eps-earnings-per-share-diluted": {"Hess Annual EPS": {"2020": "$-10.15", "2019": "$-1.37", "2018": "$-1.10", "2017": "$-13.12", "2016": "$-19.92", "2015": "$-10.78", "2014": "$7.53", "2013": "$14.82", "2012": "$5.95", "2011": "$5.01", "2010": "$6.47", "2009": "$2.27", "2008": "$7.24", "2007": "$5.74", "2006": "$6.08", "2005": "$3.93"}, "Hess Quarterly EPS": {"2020-12-31": "$-0.32", "2020-09-30": "$-0.80", "2020-06-30": "$-1.05", "2020-03-31": "$-8.00", "2019-12-31": "$-0.74", "2019-09-30": "$-0.70", "2019-06-30": "$-0.02", "2019-03-31": "$0.09", "2018-12-31": "$-0.06", "2018-09-30": "$-0.18", "2018-06-30": "$-0.48", "2018-03-31": "$-0.38", "2017-12-31": "$-8.57", "2017-09-30": "$-2.02", "2017-06-30": "$-1.46", "2017-03-31": "$-1.07", "2016-12-31": "$-15.79", "2016-09-30": "$-1.12", "2016-06-30": "$-1.29", "2016-03-31": "$-1.72", "2015-12-31": "$-6.44", "2015-09-30": "$-0.98", "2015-06-30": "$-1.99", "2015-03-31": "$-1.37", "2014-12-31": "$0.06", "2014-09-30": "$3.31", "2014-06-30": "$2.96", "2014-03-31": "$1.20", "2013-12-31": "$5.76", "2013-09-30": "$1.23", "2013-06-30": "$4.16", "2013-03-31": "$3.72", "2012-12-31": "$1.10", "2012-09-30": "$1.64", "2012-06-30": "$1.61", "2012-03-31": "$1.60", "2011-12-31": "$-0.39", "2011-09-30": "$0.88", "2011-06-30": "$1.78", "2011-03-31": "$2.74", "2010-12-31": "$0.15", "2010-09-30": "$3.52", "2010-06-30": "$1.15", "2010-03-31": "$1.65", "2009-12-31": "$1.09", "2009-09-30": "$1.05", "2009-06-30": "$0.31", "2009-03-31": "$-0.18", "2008-12-31": "$-0.23", "2008-09-30": "$2.37", "2008-06-30": "$2.76", "2008-03-31": "$2.34", "2007-12-31": "$1.59", "2007-09-30": "$1.23", "2007-06-30": "$1.75", "2007-03-31": "$1.17", "2006-12-31": "$1.13", "2006-09-30": "$0.94", "2006-06-30": "$1.79", "2006-03-31": "$2.22", "2005-12-31": "$1.39", "2005-09-30": "$0.87", "2005-06-30": "$0.96", "2005-03-31": "$0.71"}}, "shares-outstanding": {"Hess Annual Shares Outstanding (Millions of Shares)": {"2020": "305", "2019": "301", "2018": "298", "2017": "314", "2016": "310", "2015": "284", "2014": "308", "2013": "341", "2012": "340", "2011": "340", "2010": "328", "2009": "326", "2008": "326", "2007": "319", "2006": "316", "2005": "312"}, "Hess Quarterly Shares Outstanding (Millions of Shares)": {"2020-12-31": "305", "2020-09-30": "305", "2020-06-30": "305", "2020-03-31": "304", "2019-12-31": "301", "2019-09-30": "303", "2019-06-30": "302", "2019-03-31": "300", "2018-12-31": "298", "2018-09-30": "294", "2018-06-30": "298", "2018-03-31": "310", "2017-12-31": "314", "2017-09-30": "315", "2017-06-30": "314", "2017-03-31": "314", "2016-12-31": "310", "2016-09-30": "313", "2016-06-30": "313", "2016-03-31": "300", "2015-12-31": "284", "2015-09-30": "284", "2015-06-30": "284", "2015-03-31": "284", "2014-12-31": "308", "2014-09-30": "305", "2014-06-30": "314", "2014-03-31": "323", "2013-12-31": "334", "2013-09-30": "343", "2013-06-30": "344", "2013-03-31": "343", "2012-12-31": "340", "2012-09-30": "340", "2012-06-30": "340", "2012-03-31": "340", "2011-12-31": "340", "2011-09-30": "340", "2011-06-30": "340", "2011-03-31": "339", "2010-12-31": "328", "2010-09-30": "328", "2010-06-30": "328", "2010-03-31": "327", "2009-12-31": "326", "2009-09-30": "326", "2009-06-30": "326", "2009-03-31": "323", "2008-12-31": "326", "2008-09-30": "327", "2008-06-30": "326", "2008-03-31": "324", "2007-12-31": "319", "2007-09-30": "320", "2007-06-30": "319", "2007-03-31": "317", "2006-12-31": "316", "2006-09-30": "316", "2006-06-30": "316", "2006-03-31": "315", "2005-12-31": "312", "2005-09-30": "313", "2005-06-30": "311", "2005-03-31": "310"}}, "total-assets": {"Hess Annual Total Assets (Millions of US $)": {"2019": "$21,782", "2018": "$21,433", "2017": "$23,112", "2016": "$28,621", "2015": "$34,157", "2014": "$38,407", "2013": "$42,754", "2012": "$43,441", "2011": "$39,136", "2010": "$35,396", "2009": "$29,465", "2008": "$28,589", "2007": "$26,131", "2006": "$22,442", "2005": "$19,115"}, "Hess Quarterly Total Assets (Millions of US $)": {"2020-09-30": "$18,969", "2020-06-30": "$19,546", "2020-03-31": "$20,717", "2019-12-31": "$21,782", "2019-09-30": "$21,631", "2019-06-30": "$21,695", "2019-03-31": "$21,716", "2018-12-31": "$21,433", "2018-09-30": "$21,467", "2018-06-30": "$21,464", "2018-03-31": "$22,072", "2017-12-31": "$23,112", "2017-09-30": "$26,600", "2017-06-30": "$27,798", "2017-03-31": "$28,100", "2016-12-31": "$28,621", "2016-09-30": "$34,459", "2016-06-30": "$34,234", "2016-03-31": "$34,808", "2015-12-31": "$34,157", "2015-09-30": "$36,456", "2015-06-30": "$35,558", "2015-03-31": "$36,101", "2014-12-31": "$38,407", "2014-09-30": "$40,975", "2014-06-30": "$41,071", "2014-03-31": "$41,424", "2013-12-31": "$42,754", "2013-09-30": "$41,896", "2013-06-30": "$41,428", "2013-03-31": "$42,379", "2012-12-31": "$43,441", "2012-09-30": "$42,212", "2012-06-30": "$40,614", "2012-03-31": "$40,647", "2011-12-31": "$39,136", "2011-09-30": "$37,339", "2011-06-30": "$36,991", "2011-03-31": "$36,637", "2010-12-31": "$35,396", "2010-09-30": "$33,485", "2010-06-30": "$29,500", "2010-03-31": "$29,949", "2009-12-31": "$29,465", "2009-09-30": "$28,437", "2009-06-30": "$28,916", "2009-03-31": "$28,433", "2008-12-31": "$28,589", "2008-09-30": "$29,578", "2008-06-30": "$30,739", "2008-03-31": "$27,013", "2007-12-31": "$26,131", "2007-09-30": "$23,936", "2007-06-30": "$23,237", "2007-03-31": "$22,727", "2006-12-31": "$22,442", "2006-09-30": "$21,627", "2006-06-30": "$21,244", "2006-03-31": "$19,885", "2005-12-31": "$19,115", "2005-09-30": "$18,855", "2005-06-30": "$17,459", "2005-03-31": "$16,916"}}, "cash-on-hand": {"Hess Annual Cash on Hand (Millions of US $)": {"2019": "$1,545", "2018": "$2,694", "2017": "$4,847", "2016": "$2,732", "2015": "$2,716", "2014": "$2,444", "2013": "$1,814", "2012": "$642", "2011": "$351", "2010": "$1,608", "2009": "$1,362", "2008": "$908", "2007": "$607", "2006": "$383", "2005": "$315"}, "Hess Quarterly Cash on Hand (Millions of US $)": {"2020-09-30": "$1,285", "2020-06-30": "$1,646", "2020-03-31": "$2,080", "2019-12-31": "$1,545", "2019-09-30": "$1,863", "2019-06-30": "$2,208", "2019-03-31": "$2,300", "2018-12-31": "$2,694", "2018-09-30": "$3,004", "2018-06-30": "$2,908", "2018-03-31": "$3,726", "2017-12-31": "$4,847", "2017-09-30": "$2,526", "2017-06-30": "$2,492", "2017-03-31": "$2,686", "2016-12-31": "$2,732", "2016-09-30": "$3,529", "2016-06-30": "$3,095", "2016-03-31": "$3,557", "2015-12-31": "$2,716", "2015-09-30": "$3,013", "2015-06-30": "$931", "2015-03-31": "$1,506", "2014-12-31": "$2,444", "2014-09-30": "$4,120", "2014-06-30": "$2,205", "2014-03-31": "$1,288", "2013-12-31": "$1,814", "2013-09-30": "$321", "2013-06-30": "$725", "2013-03-31": "$444", "2012-12-31": "$642", "2012-09-30": "$528", "2012-06-30": "$409", "2012-03-31": "$396", "2011-12-31": "$351", "2011-09-30": "$827", "2011-06-30": "$2,194", "2011-03-31": "$1,968", "2010-12-31": "$1,608", "2010-09-30": "$2,353", "2010-06-30": "$1,363", "2010-03-31": "$1,370", "2009-12-31": "$1,362", "2009-09-30": "$957", "2009-06-30": "$1,063", "2009-03-31": "$1,157", "2008-12-31": "$908", "2008-09-30": "$1,380", "2008-06-30": "$1,479", "2008-03-31": "$902", "2007-12-31": "$607", "2007-09-30": "$565", "2007-06-30": "$482", "2007-03-31": "$249", "2006-12-31": "$383", "2006-09-30": "$546", "2006-06-30": "$486", "2006-03-31": "$504", "2005-12-31": "$315", "2005-09-30": "$759", "2005-06-30": "$916", "2005-03-31": "$844"}}, "long-term-debt": {"Hess Annual Long Term Debt (Millions of US $)": {"2019": "$7,380", "2018": "$6,605", "2017": "$6,397", "2016": "$6,694", "2015": "$6,506", "2014": "$5,919", "2013": "$5,420", "2012": "$7,324", "2011": "$6,005", "2010": "$5,537", "2009": "$4,319", "2008": "$3,812", "2007": "$3,918", "2006": "$3,745", "2005": "$3,759"}, "Hess Quarterly Long Term Debt (Millions of US $)": {"2020-09-30": "$8,504", "2020-06-30": "$8,434", "2020-03-31": "$8,424", "2019-12-31": "$7,380", "2019-09-30": "$6,768", "2019-06-30": "$6,757", "2019-03-31": "$6,800", "2018-12-31": "$6,605", "2018-09-30": "$6,609", "2018-06-30": "$6,352", "2018-03-31": "$6,372", "2017-12-31": "$6,397", "2017-09-30": "$6,592", "2017-06-30": "$6,612", "2017-03-31": "$6,669", "2016-12-31": "$6,694", "2016-09-30": "$6,671", "2016-06-30": "$6,450", "2016-03-31": "$6,498", "2015-12-31": "$6,506", "2015-09-30": "$6,474", "2015-06-30": "$5,888", "2015-03-31": "$5,911", "2014-12-31": "$5,919", "2014-09-30": "$5,929", "2014-06-30": "$5,953", "2014-03-31": "$5,434", "2013-12-31": "$5,420", "2013-09-30": "$5,418", "2013-06-30": "$5,446", "2013-03-31": "$5,472", "2012-12-31": "$7,324", "2012-09-30": "$7,220", "2012-06-30": "$7,546", "2012-03-31": "$6,940", "2011-12-31": "$6,005", "2011-09-30": "$5,548", "2011-06-30": "$5,506", "2011-03-31": "$5,517", "2010-12-31": "$5,537", "2010-09-30": "$5,541", "2010-06-30": "$4,293", "2010-03-31": "$4,303", "2009-12-31": "$4,319", "2009-09-30": "$4,243", "2009-06-30": "$4,178", "2009-03-31": "$4,193", "2008-12-31": "$3,812", "2008-09-30": "$3,893", "2008-06-30": "$3,877", "2008-03-31": "$3,896", "2007-12-31": "$3,918", "2007-09-30": "$3,939", "2007-06-30": "$3,961", "2007-03-31": "$4,111", "2006-12-31": "$3,745", "2006-09-30": "$3,746", "2006-06-30": "$3,679", "2006-03-31": "$3,668", "2005-12-31": "$3,759", "2005-09-30": "$3,709", "2005-06-30": "$3,761", "2005-03-31": "$3,776"}}, "total-liabilities": {"Hess Annual Total Liabilities (Millions of US $)": {"2019": "$12,076", "2018": "$10,545", "2017": "$10,758", "2016": "$13,030", "2015": "$13,756", "2014": "$16,087", "2013": "$17,970", "2012": "$22,238", "2011": "$20,544", "2010": "$18,587", "2009": "$15,937", "2008": "$16,198", "2007": "$16,357", "2006": "$14,295", "2005": "$12,829"}, "Hess Quarterly Total Liabilities (Millions of US $)": {"2020-09-30": "$12,087", "2020-06-30": "$12,180", "2020-03-31": "$12,539", "2019-12-31": "$12,076", "2019-09-30": "$11,454", "2019-06-30": "$11,164", "2019-03-31": "$11,163", "2018-12-31": "$10,545", "2018-09-30": "$10,421", "2018-06-30": "$10,128", "2018-03-31": "$10,135", "2017-12-31": "$10,758", "2017-09-30": "$12,172", "2017-06-30": "$12,720", "2017-03-31": "$12,867", "2016-12-31": "$13,030", "2016-09-30": "$13,544", "2016-06-30": "$13,060", "2016-03-31": "$13,174", "2015-12-31": "$13,756", "2015-09-30": "$14,093", "2015-06-30": "$14,455", "2015-03-31": "$14,434", "2014-12-31": "$16,087", "2014-09-30": "$16,610", "2014-06-30": "$16,717", "2014-03-31": "$17,182", "2013-12-31": "$17,970", "2013-09-30": "$18,054", "2013-06-30": "$17,455", "2013-03-31": "$19,854", "2012-12-31": "$22,238", "2012-09-30": "$21,560", "2012-06-30": "$20,655", "2012-03-31": "$21,490", "2011-12-31": "$20,544", "2011-09-30": "$18,425", "2011-06-30": "$18,087", "2011-03-31": "$18,520", "2010-12-31": "$18,587", "2010-09-30": "$17,657", "2010-06-30": "$14,970", "2010-03-31": "$15,922", "2009-12-31": "$15,937", "2009-09-30": "$15,430", "2009-06-30": "$16,538", "2009-03-31": "$16,302", "2008-12-31": "$16,198", "2008-09-30": "$17,347", "2008-06-30": "$19,637", "2008-03-31": "$16,258", "2007-12-31": "$16,357", "2007-09-30": "$14,427", "2007-06-30": "$14,150", "2007-03-31": "$14,114", "2006-12-31": "$14,295", "2006-09-30": "$13,897", "2006-06-30": "$14,086", "2006-03-31": "$13,126", "2005-12-31": "$12,829", "2005-09-30": "$13,331", "2005-06-30": "$12,192", "2005-03-31": "$11,890"}}, "total-share-holder-equity": {"Hess Annual Share Holder Equity (Millions of US $)": {"2019": "$9,706", "2018": "$10,888", "2017": "$12,354", "2016": "$15,591", "2015": "$20,401", "2014": "$22,320", "2013": "$24,784", "2012": "$21,203", "2011": "$18,592", "2010": "$16,809", "2009": "$13,528", "2008": "$12,391", "2007": "$9,774", "2006": "$8,147", "2005": "$6,286"}, "Hess Quarterly Share Holder Equity (Millions of US $)": {"2020-09-30": "$6,882", "2020-06-30": "$7,366", "2020-03-31": "$8,178", "2019-12-31": "$9,706", "2019-09-30": "$10,177", "2019-06-30": "$10,531", "2019-03-31": "$10,553", "2018-12-31": "$10,888", "2018-09-30": "$11,046", "2018-06-30": "$11,336", "2018-03-31": "$11,937", "2017-12-31": "$12,354", "2017-09-30": "$14,428", "2017-06-30": "$15,078", "2017-03-31": "$15,233", "2016-12-31": "$15,591", "2016-09-30": "$20,915", "2016-06-30": "$21,174", "2016-03-31": "$21,634", "2015-12-31": "$20,401", "2015-09-30": "$22,363", "2015-06-30": "$21,103", "2015-03-31": "$21,667", "2014-12-31": "$22,320", "2014-09-30": "$24,365", "2014-06-30": "$24,354", "2014-03-31": "$24,242", "2013-12-31": "$24,784", "2013-09-30": "$23,842", "2013-06-30": "$23,973", "2013-03-31": "$22,525", "2012-12-31": "$21,203", "2012-09-30": "$20,652", "2012-06-30": "$19,959", "2012-03-31": "$19,157", "2011-12-31": "$18,592", "2011-09-30": "$18,914", "2011-06-30": "$18,904", "2011-03-31": "$18,117", "2010-12-31": "$16,809", "2010-09-30": "$15,828", "2010-06-30": "$14,530", "2010-03-31": "$14,027", "2009-12-31": "$13,528", "2009-09-30": "$13,007", "2009-06-30": "$12,378", "2009-03-31": "$12,131", "2008-12-31": "$12,391", "2008-09-30": "$12,231", "2008-06-30": "$11,102", "2008-03-31": "$10,755", "2007-12-31": "$9,774", "2007-09-30": "$9,509", "2007-06-30": "$9,087", "2007-03-31": "$8,613", "2006-12-31": "$8,147", "2006-09-30": "$7,730", "2006-06-30": "$7,158", "2006-03-31": "$6,759", "2005-12-31": "$6,286", "2005-09-30": "$5,524", "2005-06-30": "$5,267", "2005-03-31": "$5,026"}}, "profit-margins": {"current": "-64.38%"}, "gross margin": {"2020-12-31": "100.00%", "2020-09-30": "100.00%", "2020-06-30": "100.00%", "2020-03-31": "100.00%", "2019-12-31": "100.00%", "2019-09-30": "100.00%", "2019-06-30": "100.00%", "2019-03-31": "100.00%", "2018-12-31": "100.00%", "2018-09-30": "100.00%", "2018-06-30": "100.00%", "2018-03-31": "100.00%", "2017-12-31": "100.00%", "2017-09-30": "100.00%", "2017-06-30": "95.52%", "2017-03-31": "90.07%", "2016-12-31": "85.55%", "2016-09-30": "86.02%", "2016-06-30": "84.81%", "2016-03-31": "85.18%", "2015-12-31": "85.08%", "2015-09-30": "80.96%", "2015-06-30": "82.35%", "2015-03-31": "83.32%", "2014-12-31": "83.99%", "2014-09-30": "84.42%", "2014-06-30": "84.92%", "2014-03-31": "85.25%", "2013-12-31": "70.51%", "2013-09-30": "71.57%", "2013-06-30": "72.33%", "2013-03-31": "73.36%", "2012-12-31": "89.11%", "2012-09-30": "59.67%", "2012-06-30": "45.18%", "2012-03-31": "35.78%", "2011-12-31": "30.40%", "2011-09-30": "30.36%", "2011-06-30": "31.15%", "2011-03-31": "31.34%", "2010-12-31": "30.88%", "2010-09-30": "30.84%", "2010-06-30": "30.39%", "2010-03-31": "30.16%", "2009-12-31": "29.22%", "2009-09-30": "28.25%", "2009-06-30": "27.83%", "2009-03-31": "27.69%", "2008-12-31": "28.12%", "2008-09-30": "28.81%", "2008-06-30": "28.90%", "2008-03-31": "29.18%", "2007-12-31": "28.98%", "2007-09-30": "28.50%", "2007-06-30": "28.94%", "2007-03-31": "28.82%", "2006-12-31": "29.06%", "2006-09-30": "27.71%", "2006-06-30": "26.06%", "2006-03-31": "25.28%", "2005-12-31": "25.08%"}, "operating margin": {"2020-12-31": "-49.58%", "2020-09-30": "-49.87%", "2020-06-30": "-44.90%", "2020-03-31": "-32.13%", "2019-12-31": "9.02%", "2019-09-30": "9.24%", "2019-06-30": "11.56%", "2019-03-31": "10.07%", "2018-12-31": "8.37%", "2018-09-30": "-29.43%", "2018-06-30": "-75.78%", "2018-03-31": "-89.52%", "2017-12-31": "-98.39%", "2017-09-30": "-86.79%", "2017-06-30": "-53.89%", "2017-03-31": "-58.15%", "2016-12-31": "-72.34%", "2016-09-30": "-79.94%", "2016-06-30": "-72.40%", "2016-03-31": "-64.96%", "2015-12-31": "-57.90%", "2015-09-30": "-18.54%", "2015-06-30": "-4.24%", "2015-03-31": "6.76%", "2014-12-31": "19.16%", "2014-09-30": "16.13%", "2014-06-30": "17.57%", "2014-03-31": "22.86%", "2013-12-31": "19.42%", "2013-09-30": "21.33%", "2013-06-30": "20.18%", "2013-03-31": "20.74%", "2012-12-31": "25.04%", "2012-09-30": "18.67%", "2012-06-30": "12.70%", "2012-03-31": "9.83%", "2011-12-31": "8.94%", "2011-09-30": "9.03%", "2011-06-30": "9.36%", "2011-03-31": "8.95%", "2010-12-31": "8.63%", "2010-09-30": "9.15%", "2010-06-30": "9.99%", "2010-03-31": "8.87%", "2009-12-31": "6.51%", "2009-09-30": "4.27%", "2009-06-30": "6.99%", "2009-03-31": "9.98%", "2008-12-31": "12.24%", "2008-09-30": "14.01%", "2008-06-30": "13.50%", "2008-03-31": "12.93%", "2007-12-31": "11.99%", "2007-09-30": "11.62%", "2007-06-30": "12.03%", "2007-03-31": "12.16%", "2006-12-31": "12.81%", "2006-09-30": "12.22%", "2006-06-30": "11.08%", "2006-03-31": "9.78%", "2005-12-31": "8.45%"}, "ebitda margin": {"2020-09-30": "-7.00%", "2020-06-30": "-4.23%", "2020-03-31": "2.75%", "2019-12-31": "41.69%", "2019-09-30": "41.83%", "2019-06-30": "41.78%", "2019-03-31": "40.14%", "2018-12-31": "38.15%", "2018-09-30": "3.02%", "2018-06-30": "-37.80%", "2018-03-31": "-43.77%", "2017-12-31": "-45.65%", "2017-09-30": "-31.18%", "2017-06-30": "7.79%", "2017-03-31": "3.82%", "2016-12-31": "-4.22%", "2016-09-30": "-9.63%", "2016-06-30": "-5.23%", "2016-03-31": "-1.35%", "2015-12-31": "1.70%", "2015-09-30": "31.22%", "2015-06-30": "38.15%", "2015-03-31": "42.69%", "2014-12-31": "49.19%", "2014-09-30": "44.22%", "2014-06-30": "44.12%", "2014-03-31": "47.22%", "2013-12-31": "37.80%", "2013-09-30": "39.54%", "2013-06-30": "38.28%", "2013-03-31": "39.46%", "2012-12-31": "48.44%", "2012-09-30": "33.27%", "2012-06-30": "23.40%", "2012-03-31": "17.78%", "2011-12-31": "15.11%", "2011-09-30": "15.30%", "2011-06-30": "15.76%", "2011-03-31": "15.65%", "2010-12-31": "15.47%", "2010-09-30": "15.92%", "2010-06-30": "16.84%", "2010-03-31": "15.93%", "2009-12-31": "13.94%", "2009-09-30": "11.98%", "2009-06-30": "13.49%", "2009-03-31": "15.41%", "2008-12-31": "17.10%", "2008-09-30": "18.54%", "2008-06-30": "18.15%", "2008-03-31": "17.78%", "2007-12-31": "16.96%", "2007-09-30": "16.39%", "2007-06-30": "16.72%", "2007-03-31": "16.71%", "2006-12-31": "17.17%", "2006-09-30": "16.26%", "2006-06-30": "15.04%", "2006-03-31": "13.94%", "2005-12-31": "12.96%"}, "pre tax profit margin": {"2020-12-31": "-59.33%", "2020-09-30": "-58.35%", "2020-06-30": "-52.33%", "2020-03-31": "-38.20%", "2019-12-31": "3.40%", "2019-09-30": "5.45%", "2019-06-30": "7.80%", "2019-03-31": "5.83%", "2018-12-31": "3.48%", "2018-09-30": "-37.69%", "2018-06-30": "-83.96%", "2018-03-31": "-97.48%", "2017-12-31": "-105.71%", "2017-09-30": "-92.71%", "2017-06-30": "-62.07%", "2017-03-31": "-66.28%", "2016-12-31": "-80.93%", "2016-09-30": "-90.00%", "2016-06-30": "-80.07%", "2016-03-31": "-71.80%", "2015-12-31": "-64.17%", "2015-09-30": "-23.27%", "2015-06-30": "-7.67%", "2015-03-31": "11.50%", "2014-12-31": "22.69%", "2014-09-30": "23.28%", "2014-06-30": "24.00%", "2014-03-31": "31.90%", "2013-12-31": "31.19%", "2013-09-30": "31.65%", "2013-06-30": "32.95%", "2013-03-31": "26.30%", "2012-12-31": "27.25%", "2012-09-30": "14.30%", "2012-06-30": "7.90%", "2012-03-31": "5.92%", "2011-12-31": "6.40%", "2011-09-30": "7.99%", "2011-06-30": "11.08%", "2011-03-31": "11.00%", "2010-12-31": "9.78%", "2010-09-30": "10.93%", "2010-06-30": "8.83%", "2010-03-31": "7.60%", "2009-12-31": "5.14%", "2009-09-30": "2.88%", "2009-06-30": "5.49%", "2009-03-31": "8.79%", "2008-12-31": "11.42%", "2008-09-30": "13.63%", "2008-06-30": "13.26%", "2008-03-31": "12.97%", "2007-12-31": "12.06%", "2007-09-30": "11.79%", "2007-06-30": "12.36%", "2007-03-31": "12.83%", "2006-12-31": "14.42%", "2006-09-30": "13.93%", "2006-06-30": "13.20%", "2006-03-31": "11.69%", "2005-12-31": "9.68%"}, "net profit margin": {"2020-12-31": "-64.38%", "2020-09-30": "-63.46%", "2020-06-30": "-58.91%", "2020-03-31": "-45.86%", "2019-12-31": "-6.34%", "2019-09-30": "-3.24%", "2019-06-30": "-0.71%", "2019-03-31": "-2.80%", "2018-12-31": "-5.19%", "2018-09-30": "-48.80%", "2018-06-30": "-60.06%", "2018-03-31": "-69.64%", "2017-12-31": "-75.38%", "2017-09-30": "-117.21%", "2017-06-30": "-122.07%", "2017-03-31": "-119.33%", "2016-12-31": "-129.63%", "2016-09-30": "-62.83%", "2016-06-30": "-55.77%", "2016-03-31": "-52.34%", "2015-12-31": "-46.05%", "2015-09-30": "-16.08%", "2015-06-30": "0.50%", "2015-03-31": "16.04%", "2014-12-31": "21.58%", "2014-09-30": "38.98%", "2014-06-30": "33.46%", "2014-03-31": "37.21%", "2013-12-31": "34.56%", "2013-09-30": "23.58%", "2013-06-30": "23.93%", "2013-03-31": "17.83%", "2012-12-31": "16.54%", "2012-09-30": "7.99%", "2012-06-30": "5.12%", "2012-03-31": "4.23%", "2011-12-31": "4.43%", "2011-09-30": "5.01%", "2011-06-30": "7.44%", "2011-03-31": "7.23%", "2010-12-31": "6.28%", "2010-09-30": "7.23%", "2010-06-30": "4.89%", "2010-03-31": "4.18%", "2009-12-31": "2.50%", "2009-09-30": "1.09%", "2009-06-30": "2.29%", "2009-03-31": "4.12%", "2008-12-31": "5.74%", "2008-09-30": "6.80%", "2008-06-30": "6.52%", "2008-03-31": "6.34%", "2007-12-31": "5.77%", "2007-09-30": "5.70%", "2007-06-30": "5.40%", "2007-03-31": "5.52%", "2006-12-31": "6.68%", "2006-09-30": "6.97%", "2006-06-30": "7.21%", "2006-03-31": "6.65%", "2005-12-31": "5.18%"}, "pe ratio": {"current": "0.00", "2021-02-05": "0.00", "2020-12-31": "0.00", "2020-09-30": "0.00", "2020-06-30": "0.00", "2020-03-31": "0.00", "2019-12-31": "0.00", "2019-09-30": "0.00", "2019-06-30": "385.41", "2019-03-31": "0.00", "2018-12-31": "0.00", "2018-09-30": "0.00", "2018-06-30": "0.00", "2018-03-31": "0.00", "2017-12-31": "0.00", "2017-09-30": "0.00", "2017-06-30": "0.00", "2017-03-31": "0.00", "2016-12-31": "0.00", "2016-09-30": "0.00", "2016-06-30": "0.00", "2016-03-31": "0.00", "2015-12-31": "0.00", "2015-09-30": "0.00", "2015-06-30": "0.00", "2015-03-31": "12.47", "2014-12-31": "8.85", "2014-09-30": "6.33", "2014-06-30": "7.86", "2014-03-31": "5.93", "2013-12-31": "4.92", "2013-09-30": "6.31", "2013-06-30": "5.21", "2013-03-31": "7.25", "2012-12-31": "7.10", "2012-09-30": "10.49", "2012-06-30": "10.21", "2012-03-31": "13.22", "2011-12-31": "9.82", "2011-09-30": "8.13", "2011-06-30": "7.85", "2011-03-31": "9.68", "2010-12-31": "10.14", "2010-09-30": "6.85", "2010-06-30": "8.73", "2010-03-31": "13.04", "2009-12-31": "22.69", "2009-09-30": "48.04", "2009-06-30": "20.18", "2009-03-31": "9.77", "2008-12-31": "6.29", "2008-09-30": "7.68", "2008-06-30": "13.49", "2008-03-31": "10.80", "2007-12-31": "14.85", "2007-09-30": "10.64", "2007-06-30": "10.04", "2007-03-31": "9.43", "2006-12-31": "6.95"}, "price sales": {"2021-02-05": "3.61", "2020-12-31": "3.35", "2020-09-30": "2.44", "2020-06-30": "2.87", "2020-03-31": "1.58", "2019-12-31": "3.03", "2019-09-30": "2.79", "2019-06-30": "2.76", "2019-03-31": "2.65", "2018-12-31": "1.84", "2018-09-30": "3.37", "2018-06-30": "3.30", "2018-03-31": "2.69", "2017-12-31": "2.58", "2017-09-30": "2.55", "2017-06-30": "2.59", "2017-03-31": "2.79", "2016-12-31": "3.74", "2016-09-30": "3.02", "2016-06-30": "2.98", "2016-03-31": "2.26", "2015-12-31": "1.88", "2015-09-30": "1.70", "2015-06-30": "2.05", "2015-03-31": "1.92", "2014-12-31": "1.91", "2014-09-30": "2.45", "2014-06-30": "2.63", "2014-03-31": "2.20", "2013-12-31": "1.71", "2013-09-30": "1.57", "2013-06-30": "1.31", "2013-03-31": "1.38", "2012-12-31": "1.28", "2012-09-30": "0.84", "2012-06-30": "0.52", "2012-03-31": "0.56", "2011-12-31": "0.43", "2011-09-30": "0.41", "2011-06-30": "0.58", "2011-03-31": "0.70", "2010-12-31": "0.64", "2010-09-30": "0.50", "2010-06-30": "0.43", "2010-03-31": "0.55", "2009-12-31": "0.57", "2009-09-30": "0.52", "2009-06-30": "0.46", "2009-03-31": "0.40", "2008-12-31": "0.36", "2008-09-30": "0.52", "2008-06-30": "0.88", "2008-03-31": "0.68", "2007-12-31": "0.86", "2007-09-30": "0.61", "2007-06-30": "0.54", "2007-03-31": "0.52", "2006-12-31": "0.47"}, "price book": {"current": "2.76", "2021-02-05": "2.54", "2020-09-30": "1.82", "2020-06-30": "2.14", "2020-03-31": "1.23", "2019-12-31": "2.05", "2019-09-30": "1.76", "2019-06-30": "1.78", "2019-03-31": "1.68", "2018-12-31": "1.04", "2018-09-30": "1.84", "2018-06-30": "1.69", "2018-03-31": "1.24", "2017-12-31": "1.14", "2017-09-30": "0.97", "2017-06-30": "0.86", "2017-03-31": "0.93", "2016-12-31": "1.17", "2016-09-30": "0.75", "2016-06-30": "0.82", "2016-03-31": "0.70", "2015-12-31": "0.62", "2015-09-30": "0.58", "2015-06-30": "0.82", "2015-03-31": "0.81", "2014-12-31": "0.84", "2014-09-30": "1.03", "2014-06-30": "1.11", "2014-03-31": "0.95", "2013-12-31": "0.96", "2013-09-30": "0.96", "2013-06-30": "0.83", "2013-03-31": "0.95", "2012-12-31": "0.74", "2012-09-30": "0.77", "2012-06-30": "0.65", "2012-03-31": "0.91", "2011-12-31": "0.90", "2011-09-30": "0.82", "2011-06-30": "1.16", "2011-03-31": "1.38", "2010-12-31": "1.32", "2010-09-30": "1.05", "2010-06-30": "0.98", "2010-03-31": "1.25", "2009-12-31": "1.25", "2009-09-30": "1.15", "2009-06-30": "1.21", "2009-03-31": "1.24", "2008-12-31": "1.20", "2008-09-30": "1.85", "2008-06-30": "3.13", "2008-03-31": "2.24", "2007-12-31": "2.80", "2007-09-30": "1.89", "2007-06-30": "1.74", "2007-03-31": "1.72", "2006-12-31": "1.61", "2006-09-30": "1.26", "2006-06-30": "1.73", "2006-03-31": "1.64"}, "price fcf": {"2021-02-05": "", "2020-09-30": "$-4.96", "2020-06-30": "$-4.89", "2020-03-31": "$-3.65", "2019-12-31": "$-3.87", "2019-09-30": "$-1.35", "2019-06-30": "$1.07", "2019-03-31": "$0.66", "2018-12-31": "$1.51", "2018-09-30": "$8.12", "2018-06-30": "$7.14", "2018-03-31": "$6.55", "2017-12-31": "$7.34", "2017-09-30": "$-0.36", "2017-06-30": "$-1.56", "2017-03-31": "$-1.79", "2016-12-31": "$-4.25", "2016-09-30": "$-4.89", "2016-06-30": "$-6.59", "2016-03-31": "$-7.26", "2015-12-31": "$-8.07", "2015-09-30": "$-8.62", "2015-06-30": "$-5.70", "2015-03-31": "$0.26", "2014-12-31": "$7.22", "2014-09-30": "$11.64", "2014-06-30": "$10.62", "2014-03-31": "$12.86", "2013-12-31": "$10.83", "2013-09-30": "$7.97", "2013-06-30": "$9.13", "2013-03-31": "$0.53", "2012-12-31": "$-3.46", "2012-09-30": "$-6.16", "2012-06-30": "$-10.66", "2012-03-31": "$-7.69", "2011-12-31": "$-4.32", "2011-09-30": "$-4.26", "2011-06-30": "$-1.16", "2011-03-31": "$-1.83", "2010-12-31": "$-2.37", "2010-09-30": "$1.32", "2010-06-30": "$1.76", "2010-03-31": "$1.31", "2009-12-31": "$0.39", "2009-09-30": "$-2.69", "2009-06-30": "$-2.48", "2009-03-31": "$-0.51", "2008-12-31": "$0.77", "2008-09-30": "$3.17", "2008-06-30": "$3.57", "2008-03-31": "$2.95", "2007-12-31": "$0.44", "2007-09-30": "$-0.51", "2007-06-30": "$-0.79", "2007-03-31": "$-1.88", "2006-12-31": "$0.29"}, "net worth": {"value": "$17.48B"}, "current ratio": {"2020-12-31": "1.90", "2020-09-30": "2.20", "2020-06-30": "1.99", "2020-03-31": "2.19", "2019-12-31": "1.26", "2019-09-30": "1.45", "2019-06-30": "1.58", "2019-03-31": "1.69", "2018-12-31": "2.02", "2018-09-30": "2.30", "2018-06-30": "2.41", "2018-03-31": "2.63", "2017-12-31": "2.53", "2017-09-30": "1.84", "2017-06-30": "2.02", "2017-03-31": "1.96", "2016-12-31": "1.90", "2016-09-30": "1.87", "2016-06-30": "2.17", "2016-03-31": "2.26", "2015-12-31": "1.68", "2015-09-30": "2.13", "2015-06-30": "1.12", "2015-03-31": "1.25", "2014-12-31": "1.30", "2014-09-30": "1.77", "2014-06-30": "1.67", "2014-03-31": "1.18", "2013-12-31": "1.31", "2013-09-30": "1.34", "2013-06-30": "1.48", "2013-03-31": "1.28", "2012-12-31": "1.00", "2012-09-30": "1.04", "2012-06-30": "1.12", "2012-03-31": "1.00", "2011-12-31": "1.03", "2011-09-30": "1.13", "2011-06-30": "1.31", "2011-03-31": "1.28", "2010-12-31": "1.15", "2010-09-30": "1.35", "2010-06-30": "1.31", "2010-03-31": "1.23", "2009-12-31": "1.17", "2009-09-30": "1.07", "2009-06-30": "0.99", "2009-03-31": "0.96", "2008-12-31": "0.95", "2008-09-30": "0.93", "2008-06-30": "0.86", "2008-03-31": "0.92", "2007-12-31": "0.86", "2007-09-30": "0.82", "2007-06-30": "0.81", "2007-03-31": "0.85", "2006-12-31": "0.87", "2006-09-30": "0.82", "2006-06-30": "0.73", "2006-03-31": "0.74", "2005-12-31": "0.82", "2005-09-30": "0.76", "2005-06-30": "0.74", "2005-03-31": "0.76"}, "quick ratio": {"2020-12-31": "0.00", "2020-09-30": "1.90", "2020-06-30": "1.76", "2020-03-31": "2.08", "2019-12-31": "1.15", "2019-09-30": "1.33", "2019-06-30": "1.46", "2019-03-31": "1.57", "2018-12-31": "1.91", "2018-09-30": "2.16", "2018-06-30": "2.30", "2018-03-31": "2.51", "2017-12-31": "2.43", "2017-09-30": "1.68", "2017-06-30": "1.84", "2017-03-31": "1.79", "2016-12-31": "1.76", "2016-09-30": "1.72", "2016-06-30": "1.99", "2016-03-31": "2.07", "2015-12-31": "1.52", "2015-09-30": "1.93", "2015-06-30": "0.96", "2015-03-31": "1.09", "2014-12-31": "1.19", "2014-09-30": "1.61", "2014-06-30": "1.51", "2014-03-31": "1.00", "2013-12-31": "1.17", "2013-09-30": "1.24", "2013-06-30": "1.38", "2013-03-31": "1.21", "2012-12-31": "0.85", "2012-09-30": "0.88", "2012-06-30": "0.93", "2012-03-31": "0.83", "2011-12-31": "0.85", "2011-09-30": "0.90", "2011-06-30": "1.10", "2011-03-31": "1.07", "2010-12-31": "0.96", "2010-09-30": "1.09", "2010-06-30": "1.05", "2010-03-31": "1.03", "2009-12-31": "0.96", "2009-09-30": "0.85", "2009-06-30": "0.81", "2009-03-31": "0.81", "2008-12-31": "0.78", "2008-09-30": "0.73", "2008-06-30": "0.73", "2008-03-31": "0.77", "2007-12-31": "0.71", "2007-09-30": "0.61", "2007-06-30": "0.65", "2007-03-31": "0.68", "2006-12-31": "0.72", "2006-09-30": "0.63", "2006-06-30": "0.57", "2006-03-31": "0.63", "2005-12-31": "0.69", "2005-09-30": "0.63", "2005-06-30": "0.62", "2005-03-31": "0.66"}, "debt equity ratio": {"current": "1.34", "2020-12-31": "1.97", "2020-09-30": "1.76", "2020-06-30": "1.65", "2020-03-31": "1.53", "2019-12-31": "1.24", "2019-09-30": "1.13", "2019-06-30": "1.06", "2019-03-31": "1.06", "2018-12-31": "0.97", "2018-09-30": "0.94", "2018-06-30": "0.89", "2018-03-31": "0.85", "2017-12-31": "0.87", "2017-09-30": "0.84", "2017-06-30": "0.84", "2017-03-31": "0.85", "2016-12-31": "0.84", "2016-09-30": "0.65", "2016-06-30": "0.62", "2016-03-31": "0.61", "2015-12-31": "0.67", "2015-09-30": "0.63", "2015-06-30": "0.69", "2015-03-31": "0.67", "2014-12-31": "0.72", "2014-09-30": "0.68", "2014-06-30": "0.69", "2014-03-31": "0.71", "2013-12-31": "0.73", "2013-09-30": "0.76", "2013-06-30": "0.73", "2013-03-31": "0.88", "2012-12-31": "1.05", "2012-09-30": "1.04", "2012-06-30": "1.04", "2012-03-31": "1.12", "2011-12-31": "1.11", "2011-09-30": "0.97", "2011-06-30": "0.96", "2011-03-31": "1.02", "2010-12-31": "1.11", "2010-09-30": "1.12", "2010-06-30": "1.03", "2010-03-31": "1.14", "2009-12-31": "1.18", "2009-09-30": "1.19", "2009-06-30": "1.34", "2009-03-31": "1.34", "2008-12-31": "1.31", "2008-09-30": "1.42", "2008-06-30": "1.77", "2008-03-31": "1.51", "2007-12-31": "1.67", "2007-09-30": "1.52", "2007-06-30": "1.56", "2007-03-31": "1.64", "2006-12-31": "1.76", "2006-09-30": "1.80", "2006-06-30": "1.97", "2006-03-31": "1.94", "2005-12-31": "2.04", "2005-09-30": "2.41", "2005-06-30": "2.32", "2005-03-31": "2.37"}, "return on equity": {"2020-12-31": "-43.02%", "2020-09-30": "-40.06%", "2020-06-30": "-35.98%", "2020-03-31": "-29.78%", "2019-12-31": "-4.02%", "2019-09-30": "-1.95%", "2019-06-30": "-0.44%", "2019-03-31": "-1.67%", "2018-12-31": "-2.90%", "2018-09-30": "-25.72%", "2018-06-30": "-28.63%", "2018-03-31": "-29.01%", "2017-12-31": "-28.87%", "2017-09-30": "-42.00%", "2017-06-30": "-36.22%", "2017-03-31": "-32.88%", "2016-12-31": "-31.13%", "2016-09-30": "-14.70%", "2016-06-30": "-14.11%", "2016-03-31": "-14.89%", "2015-12-31": "-14.29%", "2015-09-30": "-5.69%", "2015-06-30": "0.20%", "2015-03-31": "6.65%", "2014-12-31": "9.73%", "2014-09-30": "17.39%", "2014-06-30": "15.07%", "2014-03-31": "17.19%", "2013-12-31": "21.24%", "2013-09-30": "15.30%", "2013-06-30": "16.47%", "2013-03-31": "13.07%", "2012-12-31": "10.00%", "2012-09-30": "7.76%", "2012-06-30": "6.58%", "2012-03-31": "6.98%", "2011-12-31": "9.14%", "2011-09-30": "10.40%", "2011-06-30": "15.78%", "2011-03-31": "15.42%", "2010-12-31": "13.89%", "2010-09-30": "16.75%", "2010-06-30": "11.70%", "2010-03-31": "10.10%", "2009-12-31": "5.80%", "2009-09-30": "2.47%", "2009-06-30": "6.04%", "2009-03-31": "12.89%", "2008-12-31": "20.31%", "2008-09-30": "26.85%", "2008-06-30": "24.93%", "2008-03-31": "22.71%", "2007-12-31": "19.81%", "2007-09-30": "18.93%", "2007-06-30": "18.61%", "2007-03-31": "19.70%", "2006-12-31": "25.19%", "2006-09-30": "27.91%", "2006-06-30": "29.93%", "2006-03-31": "27.82%", "2005-12-31": "21.32%"}, "return on assets": {"2020-12-31": "-15.85%", "2020-09-30": "-15.89%", "2020-06-30": "-15.23%", "2020-03-31": "-13.39%", "2019-12-31": "-1.90%", "2019-09-30": "-0.95%", "2019-06-30": "-0.22%", "2019-03-31": "-0.85%", "2018-12-31": "-1.52%", "2018-09-30": "-13.62%", "2018-06-30": "-15.37%", "2018-03-31": "-15.67%", "2017-12-31": "-15.60%", "2017-09-30": "-22.80%", "2017-06-30": "-20.34%", "2017-03-31": "-19.12%", "2016-12-31": "-18.69%", "2016-09-30": "-8.98%", "2016-06-30": "-8.65%", "2016-03-31": "-9.03%", "2015-12-31": "-8.59%", "2015-09-30": "-3.39%", "2015-06-30": "0.12%", "2015-03-31": "3.94%", "2014-12-31": "5.73%", "2014-09-30": "10.23%", "2014-06-30": "8.76%", "2014-03-31": "9.94%", "2013-12-31": "12.00%", "2013-09-30": "8.28%", "2013-06-30": "8.59%", "2013-03-31": "6.54%", "2012-12-31": "4.85%", "2012-09-30": "3.74%", "2012-06-30": "3.20%", "2012-03-31": "3.42%", "2011-12-31": "4.54%", "2011-09-30": "5.17%", "2011-06-30": "7.71%", "2011-03-31": "7.45%", "2010-12-31": "6.62%", "2010-09-30": "7.92%", "2010-06-30": "5.49%", "2010-03-31": "4.58%", "2009-12-31": "2.57%", "2009-09-30": "1.08%", "2009-06-30": "2.57%", "2009-03-31": "5.26%", "2008-12-31": "8.14%", "2008-09-30": "10.38%", "2008-06-30": "9.51%", "2008-03-31": "8.86%", "2007-12-31": "7.63%", "2007-09-30": "7.25%", "2007-06-30": "6.94%", "2007-03-31": "7.08%", "2006-12-31": "8.81%", "2006-09-30": "9.52%", "2006-06-30": "9.73%", "2006-03-31": "8.81%", "2005-12-31": "6.51%"}, "return on investments": {"2020-12-31": "-15.21%", "2020-09-30": "-15.59%", "2020-06-30": "-14.63%", "2020-03-31": "-11.85%", "2019-12-31": "3.41%", "2019-09-30": "3.40%", "2019-06-30": "4.41%", "2019-03-31": "3.75%", "2018-12-31": "2.97%", "2018-09-30": "-10.00%", "2018-06-30": "-23.87%", "2018-03-31": "-25.15%", "2017-12-31": "-25.81%", "2017-09-30": "-21.59%", "2017-06-30": "-11.43%", "2017-03-31": "-11.75%", "2016-12-31": "-13.05%", "2016-09-30": "-14.27%", "2016-06-30": "-14.06%", "2016-03-31": "-14.25%", "2015-12-31": "-13.93%", "2015-09-30": "-5.13%", "2015-06-30": "-1.31%", "2015-03-31": "2.23%", "2014-12-31": "6.94%", "2014-09-30": "5.84%", "2014-06-30": "6.44%", "2014-03-31": "8.63%", "2013-12-31": "9.71%", "2013-09-30": "11.00%", "2013-06-30": "10.78%", "2013-03-31": "11.46%", "2012-12-31": "11.15%", "2012-09-30": "13.39%", "2012-06-30": "12.18%", "2012-03-31": "12.30%", "2011-12-31": "14.17%", "2011-09-30": "14.38%", "2011-06-30": "15.08%", "2011-03-31": "14.46%", "2010-12-31": "14.45%", "2010-09-30": "16.07%", "2010-06-30": "18.21%", "2010-03-31": "16.21%", "2009-12-31": "11.34%", "2009-09-30": "7.29%", "2009-06-30": "13.92%", "2009-03-31": "23.45%", "2008-12-31": "32.51%", "2008-09-30": "40.82%", "2008-06-30": "37.43%", "2008-03-31": "33.06%", "2007-12-31": "28.76%", "2007-09-30": "26.69%", "2007-06-30": "28.33%", "2007-03-31": "29.24%", "2006-12-31": "32.23%", "2006-09-30": "31.96%", "2006-06-30": "29.18%", "2006-03-31": "25.20%", "2005-12-31": "20.73%"}, "return on tangible equity": {"2020-09-30": "-41.94%", "2020-06-30": "-37.51%", "2020-03-31": "-30.93%", "2019-12-31": "-4.17%", "2019-09-30": "-2.02%", "2019-06-30": "-0.45%", "2019-03-31": "-1.73%", "2018-12-31": "-3.00%", "2018-09-30": "-26.54%", "2018-06-30": "-29.48%", "2018-03-31": "-29.80%", "2017-12-31": "-29.61%", "2017-09-30": "-43.04%", "2017-06-30": "-37.04%", "2017-03-31": "-33.57%", "2016-12-31": "-31.73%", "2016-09-30": "-14.96%", "2016-06-30": "-14.55%", "2016-03-31": "-15.56%", "2015-12-31": "-15.21%", "2015-09-30": "-6.15%", "2015-06-30": "0.21%", "2015-03-31": "7.23%", "2014-12-31": "10.57%", "2014-09-30": "18.85%", "2014-06-30": "16.34%", "2014-03-31": "18.65%", "2013-12-31": "23.06%", "2013-09-30": "16.73%", "2013-06-30": "18.14%", "2013-03-31": "14.55%", "2012-12-31": "11.25%", "2012-09-30": "8.77%", "2012-06-30": "7.49%", "2012-03-31": "7.97%", "2011-12-31": "10.47%", "2011-09-30": "11.98%", "2011-06-30": "18.19%", "2011-03-31": "17.59%", "2010-12-31": "15.65%", "2010-09-30": "18.58%", "2010-06-30": "12.84%", "2010-03-31": "11.13%", "2009-12-31": "6.41%", "2009-09-30": "2.74%", "2009-06-30": "6.71%", "2009-03-31": "14.36%", "2008-12-31": "22.70%", "2008-09-30": "30.22%", "2008-06-30": "28.30%", "2008-03-31": "25.96%", "2007-12-31": "22.84%", "2007-09-30": "21.99%", "2007-06-30": "21.83%", "2007-03-31": "23.38%", "2006-12-31": "30.26%", "2006-09-30": "33.59%", "2006-06-30": "36.19%", "2006-03-31": "33.74%", "2005-12-31": "25.90%"}, "dividend yield history": {"last payout": "$1.00", "last yield": "1.76%"}}