{"ticker": "HPE", "price": {"title": "Hewlett Packard Enterprise Historical Annual Stock Price Data", "value": 13.14, "historical": {"2020": {"Average Stock Price": "10.7261", "Year Open": "16.1700", "Year High": "16.1700", "Year Low": "7.8300", "Year Close": "11.8500", "Annual % Change": "-25.28%"}, "2019": {"Average Stock Price": "15.1866", "Year Open": "13.4600", "Year High": "17.4600", "Year Low": "12.6800", "Year Close": "15.8600", "Annual % Change": "20.06%"}, "2018": {"Average Stock Price": "16.1365", "Year Open": "14.6100", "Year High": "19.4100", "Year Low": "12.2700", "Year Close": "13.2100", "Annual % Change": "-8.01%"}, "2017": {"Average Stock Price": "17.8750", "Year Open": "23.2000", "Year High": "24.7800", "Year Low": "13.1000", "Year Close": "14.3600", "Annual % Change": "-37.94%"}, "2016": {"Average Stock Price": "19.0784", "Year Open": "15.1300", "Year High": "24.6800", "Year Low": "12.0600", "Year Close": "23.1400", "Annual % Change": "52.24%"}, "2015": {"Average Stock Price": "14.4038", "Year Open": "14.4900", "Year High": "15.6100", "Year Low": "13.2200", "Year Close": "15.2000", "Annual % Change": "0.00%"}}}, "market cap": {"value": "$17B"}, "income statement": {"Revenue": {"2020-10-31": "26982.00000", "2019-10-31": "29135.00000", "2018-10-31": "30852.00000", "2017-10-31": "28871.00000", "2016-10-31": "30280.00000", "2015-10-31": "31077.00000", "2014-10-31": "55123.00000", "2013-10-31": "57371.00000", "2012-10-31": "61042.00000"}, "Cost Of Goods Sold": {"2020-10-31": "18513.00000", "2019-10-31": "19642.00000", "2018-10-31": "21621.00000", "2017-10-31": "20202.00000", "2016-10-31": "20507.00000", "2015-10-31": "21013.00000", "2014-10-31": "39486.00000", "2013-10-31": "41630.00000", "2012-10-31": "44143.00000"}, "Gross Profit": {"2020-10-31": "8469.00000", "2019-10-31": "9493.00000", "2018-10-31": "9231.00000", "2017-10-31": "8669.00000", "2016-10-31": "9773.00000", "2015-10-31": "10064.00000", "2014-10-31": "15637.00000", "2013-10-31": "15741.00000", "2012-10-31": "16899.00000"}, "Research And Development Expenses": {"2020-10-31": "1874.00000", "2019-10-31": "1842.00000", "2018-10-31": "1667.00000", "2017-10-31": "1490.00000", "2016-10-31": "1714.00000", "2015-10-31": "1676.00000", "2014-10-31": "2197.00000", "2013-10-31": "1956.00000", "2012-10-31": "2120.00000"}, "SG&A Expenses": {"2020-10-31": "4624.00000", "2019-10-31": "4907.00000", "2018-10-31": "4921.00000", "2017-10-31": "5012.00000", "2016-10-31": "5380.00000", "2015-10-31": "5142.00000", "2014-10-31": "8717.00000", "2013-10-31": "8601.00000", "2012-10-31": "8678.00000"}, "Other Operating Income Or Expenses": {"2020-10-31": "-976.00000", "2019-10-31": "-446.00000", "2018-10-31": "-423.00000", "2017-10-31": "-691.00000", "2016-10-31": "2058.00000", "2015-10-31": "-790.00000", "2014-10-31": "", "2013-10-31": "", "2012-10-31": ""}, "Operating Expenses": {"2020-10-31": "27311.00000", "2019-10-31": "27861.00000", "2018-10-31": "29115.00000", "2017-10-31": "28307.00000", "2016-10-31": "26377.00000", "2015-10-31": "29131.00000", "2014-10-31": "52788.00000", "2013-10-31": "54419.00000", "2012-10-31": "75181.00000"}, "Operating Income": {"2020-10-31": "-329.00000", "2019-10-31": "1274.00000", "2018-10-31": "1737.00000", "2017-10-31": "564.00000", "2016-10-31": "3903.00000", "2015-10-31": "1946.00000", "2014-10-31": "2335.00000", "2013-10-31": "2952.00000", "2012-10-31": "-14139.00000"}, "Total Non-Operating Income/Expense": {"2020-10-31": "-113.00000", "2019-10-31": "279.00000", "2018-10-31": "-1469.00000", "2017-10-31": "-292.00000", "2016-10-31": "-43.00000", "2015-10-31": "-11.00000", "2014-10-31": "-91.00000", "2013-10-31": "-81.00000", "2012-10-31": "-175.00000"}, "Pre-Tax Income": {"2020-10-31": "-442.00000", "2019-10-31": "1553.00000", "2018-10-31": "268.00000", "2017-10-31": "272.00000", "2016-10-31": "3860.00000", "2015-10-31": "1935.00000", "2014-10-31": "2244.00000", "2013-10-31": "2871.00000", "2012-10-31": "-14314.00000"}, "Income Taxes": {"2020-10-31": "-120.00000", "2019-10-31": "504.00000", "2018-10-31": "-1744.00000", "2017-10-31": "-164.00000", "2016-10-31": "623.00000", "2015-10-31": "-705.00000", "2014-10-31": "596.00000", "2013-10-31": "820.00000", "2012-10-31": "447.00000"}, "Income After Taxes": {"2020-10-31": "-322.00000", "2019-10-31": "1049.00000", "2018-10-31": "2012.00000", "2017-10-31": "436.00000", "2016-10-31": "3237.00000", "2015-10-31": "2640.00000", "2014-10-31": "1648.00000", "2013-10-31": "2051.00000", "2012-10-31": "-14761.00000"}, "Other Income": {"2020-10-31": "", "2019-10-31": "", "2018-10-31": "", "2017-10-31": "", "2016-10-31": "", "2015-10-31": "", "2014-10-31": "", "2013-10-31": "", "2012-10-31": ""}, "Income From Continuous Operations": {"2020-10-31": "-322.00000", "2019-10-31": "1049.00000", "2018-10-31": "2012.00000", "2017-10-31": "436.00000", "2016-10-31": "3237.00000", "2015-10-31": "2640.00000", "2014-10-31": "1648.00000", "2013-10-31": "2051.00000", "2012-10-31": "-14761.00000"}, "Income From Discontinued Operations": {"2020-10-31": "", "2019-10-31": "", "2018-10-31": "-104.00000", "2017-10-31": "-92.00000", "2016-10-31": "-76.00000", "2015-10-31": "-179.00000", "2014-10-31": "", "2013-10-31": "", "2012-10-31": ""}, "Net Income": {"2020-10-31": "-322.00000", "2019-10-31": "1049.00000", "2018-10-31": "1908.00000", "2017-10-31": "344.00000", "2016-10-31": "3161.00000", "2015-10-31": "2461.00000", "2014-10-31": "1648.00000", "2013-10-31": "2051.00000", "2012-10-31": "-14761.00000"}, "EBITDA": {"2020-10-31": "3161.00000", "2019-10-31": "3809.00000", "2018-10-31": "4401.00000", "2017-10-31": "3615.00000", "2016-10-31": "7678.00000", "2015-10-31": "5893.00000", "2014-10-31": "6479.00000", "2013-10-31": "7348.00000", "2012-10-31": "7527.00000"}, "EBIT": {"2020-10-31": "-329.00000", "2019-10-31": "1274.00000", "2018-10-31": "1737.00000", "2017-10-31": "564.00000", "2016-10-31": "3903.00000", "2015-10-31": "1946.00000", "2014-10-31": "2335.00000", "2013-10-31": "2952.00000", "2012-10-31": "-14139.00000"}, "Basic Shares Outstanding": {"2020-10-31": "1294.00000", "2019-10-31": "1353.00000", "2018-10-31": "1529.00000", "2017-10-31": "1646.00000", "2016-10-31": "1715.00000", "2015-10-31": "1804.00000", "2014-10-31": "1804.00000", "2013-10-31": "1804.00000", "2012-10-31": ""}, "Shares Outstanding": {"2020-10-31": "1294.00000", "2019-10-31": "1366.00000", "2018-10-31": "1553.00000", "2017-10-31": "1674.00000", "2016-10-31": "1739.00000", "2015-10-31": "1834.00000", "2014-10-31": "1834.00000", "2013-10-31": "1834.00000", "2012-10-31": ""}, "Basic EPS": {"2020-10-31": "-0.25000", "2019-10-31": "0.78000", "2018-10-31": "1.25000", "2017-10-31": "0.21000", "2016-10-31": "1.84000", "2015-10-31": "1.36000", "2014-10-31": "0.91000", "2013-10-31": "1.14000", "2012-10-31": ""}, "EPS - Earnings Per Share": {"2020-10-31": "-0.25000", "2019-10-31": "0.77000", "2018-10-31": "1.23000", "2017-10-31": "0.21000", "2016-10-31": "1.82000", "2015-10-31": "1.34000", "2014-10-31": "0.90000", "2013-10-31": "1.12000", "2012-10-31": "0.00000"}}, "income statement, quarterly": {"Revenue": {"2020-10-31": "7208.00000", "2020-07-31": "6816.00000", "2020-04-30": "6009.00000", "2020-01-31": "6949.00000", "2019-10-31": "7215.00000", "2019-07-31": "7217.00000", "2019-04-30": "7150.00000", "2019-01-31": "7553.00000", "2018-10-31": "7946.00000", "2018-07-31": "7764.00000", "2018-04-30": "7468.00000", "2018-01-31": "7674.00000", "2017-10-31": "7660.00000", "2017-07-31": "7501.00000", "2017-04-30": "6808.00000", "2017-01-31": "6902.00000", "2016-10-31": "1042.00000", "2016-07-31": "8005.00000", "2016-04-30": "8509.00000", "2016-01-31": "12724.00000", "2015-10-31": "25714.00000", "2015-07-31": "13057.00000", "2015-04-30": "12549.00000", "2015-01-31": "13053.00000", "2014-10-31": "28406.00000", "2013-10-31": "", "2012-10-31": ""}, "Cost Of Goods Sold": {"2020-10-31": "5002.00000", "2020-07-31": "4749.00000", "2020-04-30": "4095.00000", "2020-01-31": "4667.00000", "2019-10-31": "4822.00000", "2019-07-31": "4768.00000", "2019-04-30": "4845.00000", "2019-01-31": "5207.00000", "2018-10-31": "5507.00000", "2018-07-31": "5399.00000", "2018-04-30": "5210.00000", "2018-01-31": "5505.00000", "2017-10-31": "5408.00000", "2017-07-31": "5306.00000", "2017-04-30": "4799.00000", "2017-01-31": "4689.00000", "2016-10-31": "839.00000", "2016-07-31": "5089.00000", "2016-04-30": "5467.00000", "2016-01-31": "9112.00000", "2015-10-31": "19363.00000", "2015-07-31": "9307.00000", "2015-04-30": "8965.00000", "2015-01-31": "9433.00000", "2014-10-31": "21425.00000", "2013-10-31": "", "2012-10-31": ""}, "Gross Profit": {"2020-10-31": "2206.00000", "2020-07-31": "2067.00000", "2020-04-30": "1914.00000", "2020-01-31": "2282.00000", "2019-10-31": "2393.00000", "2019-07-31": "2449.00000", "2019-04-30": "2305.00000", "2019-01-31": "2346.00000", "2018-10-31": "2439.00000", "2018-07-31": "2365.00000", "2018-04-30": "2258.00000", "2018-01-31": "2169.00000", "2017-10-31": "2252.00000", "2017-07-31": "2195.00000", "2017-04-30": "2009.00000", "2017-01-31": "2213.00000", "2016-10-31": "203.00000", "2016-07-31": "2916.00000", "2016-04-30": "3042.00000", "2016-01-31": "3612.00000", "2015-10-31": "6351.00000", "2015-07-31": "3750.00000", "2015-04-30": "3584.00000", "2015-01-31": "3620.00000", "2014-10-31": "6981.00000", "2013-10-31": "", "2012-10-31": ""}, "Research And Development Expenses": {"2020-10-31": "484.00000", "2020-07-31": "455.00000", "2020-04-30": "450.00000", "2020-01-31": "485.00000", "2019-10-31": "438.00000", "2019-07-31": "481.00000", "2019-04-30": "457.00000", "2019-01-31": "466.00000", "2018-10-31": "440.00000", "2018-07-31": "435.00000", "2018-04-30": "403.00000", "2018-01-31": "389.00000", "2017-10-31": "368.00000", "2017-07-31": "390.00000", "2017-04-30": "376.00000", "2017-01-31": "356.00000", "2016-10-31": "-43.00000", "2016-07-31": "551.00000", "2016-04-30": "621.00000", "2016-01-31": "585.00000", "2015-10-31": "934.00000", "2015-07-31": "602.00000", "2015-04-30": "552.00000", "2015-01-31": "532.00000", "2014-10-31": "876.00000", "2013-10-31": "", "2012-10-31": ""}, "SG&A Expenses": {"2020-10-31": "1166.00000", "2020-07-31": "1131.00000", "2020-04-30": "1109.00000", "2020-01-31": "1218.00000", "2019-10-31": "1229.00000", "2019-07-31": "1253.00000", "2019-04-30": "1214.00000", "2019-01-31": "1211.00000", "2018-10-31": "1237.00000", "2018-07-31": "1221.00000", "2018-04-30": "1245.00000", "2018-01-31": "1218.00000", "2017-10-31": "1294.00000", "2017-07-31": "1285.00000", "2017-04-30": "1229.00000", "2017-01-31": "1204.00000", "2016-10-31": "159.00000", "2016-07-31": "1575.00000", "2016-04-30": "1648.00000", "2016-01-31": "1998.00000", "2015-10-31": "3089.00000", "2015-07-31": "2040.00000", "2015-04-30": "1974.00000", "2015-01-31": "1973.00000", "2014-10-31": "", "2013-10-31": "", "2012-10-31": ""}, "Other Operating Income Or Expenses": {"2020-10-31": "-306.00000", "2020-07-31": "-359.00000", "2020-04-30": "-222.00000", "2020-01-31": "-89.00000", "2019-10-31": "-151.00000", "2019-07-31": "-170.00000", "2019-04-30": "-47.00000", "2019-01-31": "-78.00000", "2018-10-31": "68.00000", "2018-07-31": "-124.00000", "2018-04-30": "-146.00000", "2018-01-31": "-221.00000", "2017-10-31": "-652.00000", "2017-07-31": "-14.00000", "2017-04-30": "-18.00000", "2017-01-31": "-7.00000", "2016-10-31": "135.00000", "2016-07-31": "2093.00000", "2016-04-30": "-91.00000", "2016-01-31": "-79.00000", "2015-10-31": "-563.00000", "2015-07-31": "-569.00000", "2015-04-30": "-159.00000", "2015-01-31": "-44.00000", "2014-10-31": "", "2013-10-31": "", "2012-10-31": ""}, "Operating Expenses": {"2020-10-31": "7063.00000", "2020-07-31": "6804.00000", "2020-04-30": "6843.00000", "2020-01-31": "6601.00000", "2019-10-31": "6755.00000", "2019-07-31": "7293.00000", "2019-04-30": "6716.00000", "2019-01-31": "7097.00000", "2018-10-31": "7293.00000", "2018-07-31": "7274.00000", "2018-04-30": "7102.00000", "2018-01-31": "7446.00000", "2017-10-31": "7945.00000", "2017-07-31": "7300.00000", "2017-04-30": "6613.00000", "2017-01-31": "6449.00000", "2016-10-31": "619.00000", "2016-07-31": "5360.00000", "2016-04-30": "8058.00000", "2016-01-31": "12340.00000", "2015-10-31": "24806.00000", "2015-07-31": "12813.00000", "2015-04-30": "12121.00000", "2015-01-31": "12321.00000", "2014-10-31": "", "2013-10-31": "", "2012-10-31": ""}, "Operating Income": {"2020-10-31": "145.00000", "2020-07-31": "12.00000", "2020-04-30": "-834.00000", "2020-01-31": "348.00000", "2019-10-31": "460.00000", "2019-07-31": "-76.00000", "2019-04-30": "434.00000", "2019-01-31": "456.00000", "2018-10-31": "653.00000", "2018-07-31": "490.00000", "2018-04-30": "366.00000", "2018-01-31": "228.00000", "2017-10-31": "-285.00000", "2017-07-31": "201.00000", "2017-04-30": "195.00000", "2017-01-31": "453.00000", "2016-10-31": "423.00000", "2016-07-31": "2645.00000", "2016-04-30": "451.00000", "2016-01-31": "384.00000", "2015-10-31": "908.00000", "2015-07-31": "244.00000", "2015-04-30": "428.00000", "2015-01-31": "732.00000", "2014-10-31": "28406.00000", "2013-10-31": "", "2012-10-31": ""}, "Total Non-Operating Income/Expense": {"2020-10-31": "-20.00000", "2020-07-31": "-46.00000", "2020-04-30": "-77.00000", "2020-01-31": "30.00000", "2019-10-31": "263.00000", "2019-07-31": "-189.00000", "2019-04-30": "6.00000", "2019-01-31": "199.00000", "2018-10-31": "-77.00000", "2018-07-31": "-25.00000", "2018-04-30": "-482.00000", "2018-01-31": "-885.00000", "2017-10-31": "-16.00000", "2017-07-31": "-76.00000", "2017-04-30": "-82.00000", "2017-01-31": "-118.00000", "2016-10-31": "224.00000", "2016-07-31": "-81.00000", "2016-04-30": "-121.00000", "2016-01-31": "-65.00000", "2015-10-31": "485.00000", "2015-07-31": "4.00000", "2015-04-30": "-30.00000", "2015-01-31": "-18.00000", "2014-10-31": "", "2013-10-31": "", "2012-10-31": ""}, "Pre-Tax Income": {"2020-10-31": "125.00000", "2020-07-31": "-34.00000", "2020-04-30": "-911.00000", "2020-01-31": "378.00000", "2019-10-31": "723.00000", "2019-07-31": "-265.00000", "2019-04-30": "440.00000", "2019-01-31": "655.00000", "2018-10-31": "576.00000", "2018-07-31": "465.00000", "2018-04-30": "-116.00000", "2018-01-31": "-657.00000", "2017-10-31": "-301.00000", "2017-07-31": "125.00000", "2017-04-30": "113.00000", "2017-01-31": "335.00000", "2016-10-31": "647.00000", "2016-07-31": "2564.00000", "2016-04-30": "330.00000", "2016-01-31": "319.00000", "2015-10-31": "1393.00000", "2015-07-31": "248.00000", "2015-04-30": "398.00000", "2015-01-31": "714.00000", "2014-10-31": "1762.00000", "2013-10-31": "", "2012-10-31": ""}, "Income Taxes": {"2020-10-31": "-32.00000", "2020-07-31": "-43.00000", "2020-04-30": "-90.00000", "2020-01-31": "45.00000", "2019-10-31": "243.00000", "2019-07-31": "-238.00000", "2019-04-30": "21.00000", "2019-01-31": "478.00000", "2018-10-31": "1348.00000", "2018-07-31": "13.00000", "2018-04-30": "-966.00000", "2018-01-31": "-2139.00000", "2017-10-31": "-679.00000", "2017-07-31": "-160.00000", "2017-04-30": "591.00000", "2017-01-31": "84.00000", "2016-10-31": "456.00000", "2016-07-31": "107.00000", "2016-04-30": "8.00000", "2016-01-31": "52.00000", "2015-10-31": "70.00000", "2015-07-31": "24.00000", "2015-04-30": "93.00000", "2015-01-31": "167.00000", "2014-10-31": "432.00000", "2013-10-31": "", "2012-10-31": ""}, "Income After Taxes": {"2020-10-31": "157.00000", "2020-07-31": "9.00000", "2020-04-30": "-821.00000", "2020-01-31": "333.00000", "2019-10-31": "480.00000", "2019-07-31": "-27.00000", "2019-04-30": "419.00000", "2019-01-31": "177.00000", "2018-10-31": "-772.00000", "2018-07-31": "452.00000", "2018-04-30": "850.00000", "2018-01-31": "1482.00000", "2017-10-31": "378.00000", "2017-07-31": "285.00000", "2017-04-30": "-478.00000", "2017-01-31": "251.00000", "2016-10-31": "191.00000", "2016-07-31": "2457.00000", "2016-04-30": "322.00000", "2016-01-31": "267.00000", "2015-10-31": "1323.00000", "2015-07-31": "224.00000", "2015-04-30": "305.00000", "2015-01-31": "547.00000", "2014-10-31": "", "2013-10-31": "", "2012-10-31": ""}, "Other Income": {"2020-10-31": "", "2020-07-31": "", "2020-04-30": "", "2020-01-31": "", "2019-10-31": "", "2019-07-31": "", "2019-04-30": "", "2019-01-31": "", "2018-10-31": "", "2018-07-31": "", "2018-04-30": "", "2018-01-31": "", "2017-10-31": "", "2017-07-31": "", "2017-04-30": "", "2017-01-31": "", "2016-10-31": "", "2016-07-31": "", "2016-04-30": "", "2016-01-31": "", "2015-10-31": "", "2015-07-31": "", "2015-04-30": "", "2015-01-31": "", "2014-10-31": "", "2013-10-31": "", "2012-10-31": ""}, "Income From Continuous Operations": {"2020-10-31": "157.00000", "2020-07-31": "9.00000", "2020-04-30": "-821.00000", "2020-01-31": "333.00000", "2019-10-31": "480.00000", "2019-07-31": "-27.00000", "2019-04-30": "419.00000", "2019-01-31": "177.00000", "2018-10-31": "-772.00000", "2018-07-31": "452.00000", "2018-04-30": "850.00000", "2018-01-31": "1482.00000", "2017-10-31": "378.00000", "2017-07-31": "285.00000", "2017-04-30": "-478.00000", "2017-01-31": "251.00000", "2016-10-31": "191.00000", "2016-07-31": "2457.00000", "2016-04-30": "322.00000", "2016-01-31": "267.00000", "2015-10-31": "1323.00000", "2015-07-31": "224.00000", "2015-04-30": "305.00000", "2015-01-31": "547.00000", "2014-10-31": "", "2013-10-31": "", "2012-10-31": ""}, "Income From Discontinued Operations": {"2020-10-31": "", "2020-07-31": "", "2020-04-30": "", "2020-01-31": "", "2019-10-31": "", "2019-07-31": "", "2019-04-30": "", "2019-01-31": "", "2018-10-31": "15.00000", "2018-07-31": "-1.00000", "2018-04-30": "-72.00000", "2018-01-31": "-46.00000", "2017-10-31": "146.00000", "2017-07-31": "-120.00000", "2017-04-30": "-134.00000", "2017-01-31": "16.00000", "2016-10-31": "111.00000", "2016-07-31": "-185.00000", "2016-04-30": "-2.00000", "2016-01-31": "", "2015-10-31": "", "2015-07-31": "", "2015-04-30": "", "2015-01-31": "", "2014-10-31": "", "2013-10-31": "", "2012-10-31": ""}, "Net Income": {"2020-10-31": "157.00000", "2020-07-31": "9.00000", "2020-04-30": "-821.00000", "2020-01-31": "333.00000", "2019-10-31": "480.00000", "2019-07-31": "-27.00000", "2019-04-30": "419.00000", "2019-01-31": "177.00000", "2018-10-31": "-757.00000", "2018-07-31": "451.00000", "2018-04-30": "778.00000", "2018-01-31": "1436.00000", "2017-10-31": "524.00000", "2017-07-31": "165.00000", "2017-04-30": "-612.00000", "2017-01-31": "267.00000", "2016-10-31": "302.00000", "2016-07-31": "2272.00000", "2016-04-30": "320.00000", "2016-01-31": "267.00000", "2015-10-31": "1323.00000", "2015-07-31": "224.00000", "2015-04-30": "305.00000", "2015-01-31": "547.00000", "2014-10-31": "1330.00000", "2013-10-31": "", "2012-10-31": ""}, "EBITDA": {"2020-10-31": "797.00000", "2020-07-31": "654.00000", "2020-04-30": "672.00000", "2020-01-31": "1038.00000", "2019-10-31": "1076.00000", "2019-07-31": "556.00000", "2019-04-30": "1082.00000", "2019-01-31": "1095.00000", "2018-10-31": "1386.00000", "2018-07-31": "1131.00000", "2018-04-30": "1021.00000", "2018-01-31": "863.00000", "2017-10-31": "397.00000", "2017-07-31": "938.00000", "2017-04-30": "987.00000", "2017-01-31": "1293.00000", "2016-10-31": "1295.00000", "2016-07-31": "3599.00000", "2016-04-30": "1411.00000", "2016-01-31": "1373.00000", "2015-10-31": "1896.00000", "2015-07-31": "1233.00000", "2015-04-30": "1401.00000", "2015-01-31": "1729.00000", "2014-10-31": "28406.00000", "2013-10-31": "", "2012-10-31": ""}, "EBIT": {"2020-10-31": "145.00000", "2020-07-31": "12.00000", "2020-04-30": "-834.00000", "2020-01-31": "348.00000", "2019-10-31": "460.00000", "2019-07-31": "-76.00000", "2019-04-30": "434.00000", "2019-01-31": "456.00000", "2018-10-31": "653.00000", "2018-07-31": "490.00000", "2018-04-30": "366.00000", "2018-01-31": "228.00000", "2017-10-31": "-285.00000", "2017-07-31": "201.00000", "2017-04-30": "195.00000", "2017-01-31": "453.00000", "2016-10-31": "423.00000", "2016-07-31": "2645.00000", "2016-04-30": "451.00000", "2016-01-31": "384.00000", "2015-10-31": "908.00000", "2015-07-31": "244.00000", "2015-04-30": "428.00000", "2015-01-31": "732.00000", "2014-10-31": "", "2013-10-31": "", "2012-10-31": ""}, "Basic Shares Outstanding": {"2020-10-31": "1294.00000", "2020-07-31": "1292.00000", "2020-04-30": "1291.00000", "2020-01-31": "1300.00000", "2019-10-31": "1353.00000", "2019-07-31": "1334.00000", "2019-04-30": "1367.00000", "2019-01-31": "1401.00000", "2018-10-31": "1529.00000", "2018-07-31": "1513.00000", "2018-04-30": "1552.00000", "2018-01-31": "1591.00000", "2017-10-31": "1646.00000", "2017-07-31": "1641.00000", "2017-04-30": "1658.00000", "2017-01-31": "1669.00000", "2016-10-31": "1715.00000", "2016-07-31": "1681.00000", "2016-04-30": "1725.00000", "2016-01-31": "1761.00000", "2015-10-31": "1802.00000", "2015-07-31": "1804.00000", "2015-04-30": "1804.00000", "2015-01-31": "1804.00000", "2014-10-31": "1862.00000", "2013-10-31": "", "2012-10-31": ""}, "Shares Outstanding": {"2020-10-31": "1294.00000", "2020-07-31": "1300.00000", "2020-04-30": "1291.00000", "2020-01-31": "1300.00000", "2019-10-31": "1366.00000", "2019-07-31": "1334.00000", "2019-04-30": "1382.00000", "2019-01-31": "1401.00000", "2018-10-31": "1553.00000", "2018-07-31": "1531.00000", "2018-04-30": "1582.00000", "2018-01-31": "1619.00000", "2017-10-31": "1674.00000", "2017-07-31": "1667.00000", "2017-04-30": "1658.00000", "2017-01-31": "1700.00000", "2016-10-31": "1739.00000", "2016-07-31": "1715.00000", "2016-04-30": "1751.00000", "2016-01-31": "1778.00000", "2015-10-31": "1821.00000", "2015-07-31": "1834.00000", "2015-04-30": "1834.00000", "2015-01-31": "1834.00000", "2014-10-31": "1896.00000", "2013-10-31": "", "2012-10-31": ""}, "Basic EPS": {"2020-10-31": "0.12000", "2020-07-31": "0.01000", "2020-04-30": "-0.64000", "2020-01-31": "0.26000", "2019-10-31": "0.36000", "2019-07-31": "-0.02000", "2019-04-30": "0.31000", "2019-01-31": "0.13000", "2018-10-31": "-0.45000", "2018-07-31": "0.30000", "2018-04-30": "0.50000", "2018-01-31": "0.90000", "2017-10-31": "0.32000", "2017-07-31": "0.10000", "2017-04-30": "-0.37000", "2017-01-31": "0.16000", "2016-10-31": "0.15000", "2016-07-31": "1.35000", "2016-04-30": "0.19000", "2016-01-31": "0.15000", "2015-10-31": "0.73000", "2015-07-31": "0.13000", "2015-04-30": "0.17000", "2015-01-31": "0.30000", "2014-10-31": "0.71000", "2013-10-31": "", "2012-10-31": ""}, "EPS - Earnings Per Share": {"2020-10-31": "0.13000", "2020-07-31": "0.01000", "2020-04-30": "-0.64000", "2020-01-31": "0.25000", "2019-10-31": "0.36000", "2019-07-31": "-0.02000", "2019-04-30": "0.30000", "2019-01-31": "0.13000", "2018-10-31": "-0.44000", "2018-07-31": "0.29000", "2018-04-30": "0.49000", "2018-01-31": "0.89000", "2017-10-31": "0.32000", "2017-07-31": "0.10000", "2017-04-30": "-0.37000", "2017-01-31": "0.16000", "2016-10-31": "0.17000", "2016-07-31": "1.32000", "2016-04-30": "0.18000", "2016-01-31": "0.15000", "2015-10-31": "0.73000", "2015-07-31": "0.13000", "2015-04-30": "0.16000", "2015-01-31": "0.30000", "2014-10-31": "0.70000", "2013-10-31": "0.00000", "2012-10-31": "0.00000"}}, "balance sheet": {"Cash On Hand": {"2020-10-31": "4233.00000", "2019-10-31": "3753.00000", "2018-10-31": "4880.00000", "2017-10-31": "9579.00000", "2016-10-31": "12987.00000", "2015-10-31": "9842.00000", "2014-10-31": "2319.00000", "2013-10-31": "2182.00000", "2012-10-31": ""}, "Receivables": {"2020-10-31": "7180.00000", "2019-10-31": "6529.00000", "2018-10-31": "6659.00000", "2017-10-31": "6451.00000", "2016-10-31": "6511.00000", "2015-10-31": "11456.00000", "2014-10-31": "11397.00000", "2013-10-31": "12628.00000", "2012-10-31": ""}, "Inventory": {"2020-10-31": "2674.00000", "2019-10-31": "2387.00000", "2018-10-31": "2447.00000", "2017-10-31": "2315.00000", "2016-10-31": "1720.00000", "2015-10-31": "2198.00000", "2014-10-31": "1884.00000", "2013-10-31": "2078.00000", "2012-10-31": ""}, "Pre-Paid Expenses": {"2020-10-31": "", "2019-10-31": "", "2018-10-31": "", "2017-10-31": "", "2016-10-31": "", "2015-10-31": "", "2014-10-31": "", "2013-10-31": "", "2012-10-31": ""}, "Other Current Assets": {"2020-10-31": "2469.00000", "2019-10-31": "2474.00000", "2018-10-31": "3286.00000", "2017-10-31": "3099.00000", "2016-10-31": "2694.00000", "2015-10-31": "6468.00000", "2014-10-31": "6431.00000", "2013-10-31": "7491.00000", "2012-10-31": ""}, "Total Current Assets": {"2020-10-31": "16556.00000", "2019-10-31": "15143.00000", "2018-10-31": "17272.00000", "2017-10-31": "21444.00000", "2016-10-31": "28917.00000", "2015-10-31": "29964.00000", "2014-10-31": "22031.00000", "2013-10-31": "24379.00000", "2012-10-31": ""}, "Property, Plant, And Equipment": {"2020-10-31": "5625.00000", "2019-10-31": "6054.00000", "2018-10-31": "6138.00000", "2017-10-31": "6269.00000", "2016-10-31": "6375.00000", "2015-10-31": "9886.00000", "2014-10-31": "8520.00000", "2013-10-31": "8510.00000", "2012-10-31": ""}, "Long-Term Investments": {"2020-10-31": "2170.00000", "2019-10-31": "2254.00000", "2018-10-31": "2398.00000", "2017-10-31": "2535.00000", "2016-10-31": "2648.00000", "2015-10-31": "", "2014-10-31": "", "2013-10-31": "", "2012-10-31": ""}, "Goodwill And Intangible Assets": {"2020-10-31": "19120.00000", "2019-10-31": "19434.00000", "2018-10-31": "18326.00000", "2017-10-31": "18558.00000", "2016-10-31": "16765.00000", "2015-10-31": "29191.00000", "2014-10-31": "28017.00000", "2013-10-31": "28882.00000", "2012-10-31": "0.00000"}, "Other Long-Term Assets": {"2020-10-31": "", "2019-10-31": "", "2018-10-31": "", "2017-10-31": "", "2016-10-31": "", "2015-10-31": "", "2014-10-31": "", "2013-10-31": "", "2012-10-31": ""}, "Total Long-Term Assets": {"2020-10-31": "37459.00000", "2019-10-31": "36660.00000", "2018-10-31": "38221.00000", "2017-10-31": "39962.00000", "2016-10-31": "50712.00000", "2015-10-31": "49952.00000", "2014-10-31": "43040.00000", "2013-10-31": "44396.00000", "2012-10-31": ""}, "Total Assets": {"2020-10-31": "54015.00000", "2019-10-31": "51803.00000", "2018-10-31": "55493.00000", "2017-10-31": "61406.00000", "2016-10-31": "79629.00000", "2015-10-31": "79916.00000", "2014-10-31": "65071.00000", "2013-10-31": "68775.00000", "2012-10-31": "0.00000"}, "Total Current Liabilities": {"2020-10-31": "18738.00000", "2019-10-31": "19159.00000", "2018-10-31": "17198.00000", "2017-10-31": "18924.00000", "2016-10-31": "22529.00000", "2015-10-31": "21993.00000", "2014-10-31": "19760.00000", "2013-10-31": "20912.00000", "2012-10-31": ""}, "Long Term Debt": {"2020-10-31": "12186.00000", "2019-10-31": "9395.00000", "2018-10-31": "10136.00000", "2017-10-31": "10182.00000", "2016-10-31": "12168.00000", "2015-10-31": "15103.00000", "2014-10-31": "485.00000", "2013-10-31": "617.00000", "2012-10-31": ""}, "Other Non-Current Liabilities": {"2020-10-31": "6995.00000", "2019-10-31": "6100.00000", "2018-10-31": "6885.00000", "2017-10-31": "8795.00000", "2016-10-31": "8874.00000", "2015-10-31": "8902.00000", "2014-10-31": "7654.00000", "2013-10-31": "8871.00000", "2012-10-31": ""}, "Total Long Term Liabilities": {"2020-10-31": "19181.00000", "2019-10-31": "15495.00000", "2018-10-31": "17021.00000", "2017-10-31": "18977.00000", "2016-10-31": "25582.00000", "2015-10-31": "24005.00000", "2014-10-31": "8139.00000", "2013-10-31": "9488.00000", "2012-10-31": ""}, "Total Liabilities": {"2020-10-31": "37919.00000", "2019-10-31": "34654.00000", "2018-10-31": "34219.00000", "2017-10-31": "37901.00000", "2016-10-31": "48111.00000", "2015-10-31": "45998.00000", "2014-10-31": "27899.00000", "2013-10-31": "30400.00000", "2012-10-31": "0.00000"}, "Common Stock Net": {"2020-10-31": "13.00000", "2019-10-31": "13.00000", "2018-10-31": "14.00000", "2017-10-31": "16.00000", "2016-10-31": "17.00000", "2015-10-31": "", "2014-10-31": "", "2013-10-31": "", "2012-10-31": "0.00000"}, "Retained Earnings (Accumulated Deficit)": {"2020-10-31": "-8375.00000", "2019-10-31": "-7632.00000", "2018-10-31": "-5899.00000", "2017-10-31": "-7238.00000", "2016-10-31": "2782.00000", "2015-10-31": "", "2014-10-31": "", "2013-10-31": "", "2012-10-31": ""}, "Comprehensive Income": {"2020-10-31": "-3939.00000", "2019-10-31": "-3727.00000", "2018-10-31": "-3218.00000", "2017-10-31": "-2895.00000", "2016-10-31": "-6599.00000", "2015-10-31": "-5015.00000", "2014-10-31": "-2248.00000", "2013-10-31": "-1695.00000", "2012-10-31": ""}, "Other Share Holders Equity": {"2020-10-31": "", "2019-10-31": "", "2018-10-31": "", "2017-10-31": "", "2016-10-31": "", "2015-10-31": "38550.00000", "2014-10-31": "39024.00000", "2013-10-31": "39683.00000", "2012-10-31": "0.00000"}, "Share Holder Equity": {"2020-10-31": "16096.00000", "2019-10-31": "17149.00000", "2018-10-31": "21274.00000", "2017-10-31": "23505.00000", "2016-10-31": "31518.00000", "2015-10-31": "33918.00000", "2014-10-31": "37172.00000", "2013-10-31": "38375.00000", "2012-10-31": "0.00000"}, "Total Liabilities And Share Holders Equity": {"2020-10-31": "54015.00000", "2019-10-31": "51803.00000", "2018-10-31": "55493.00000", "2017-10-31": "61406.00000", "2016-10-31": "79629.00000", "2015-10-31": "79916.00000", "2014-10-31": "65071.00000", "2013-10-31": "68775.00000", "2012-10-31": "0.00000"}}, "balance sheet, quarterly": {"Cash On Hand": {"2020-10-31": "4233.00000", "2020-07-31": "8465.00000", "2020-04-30": "5131.00000", "2020-01-31": "3171.00000", "2019-10-31": "3753.00000", "2019-07-31": "3693.00000", "2019-04-30": "3585.00000", "2019-01-31": "3781.00000", "2018-10-31": "4880.00000", "2018-07-31": "5193.00000", "2018-04-30": "6986.00000", "2018-01-31": "7673.00000", "2017-10-31": "9579.00000", "2017-07-31": "7757.00000", "2017-04-30": "8101.00000", "2017-01-31": "9858.00000", "2016-10-31": "12987.00000", "2016-07-31": "10743.00000", "2016-04-30": "9010.00000", "2016-01-31": "8505.00000", "2015-10-31": "9842.00000", "2015-07-31": "", "2015-04-30": "", "2015-01-31": "", "2014-10-31": "2319.00000", "2013-10-31": "2182.00000", "2012-10-31": ""}, "Receivables": {"2020-10-31": "7180.00000", "2020-07-31": "6653.00000", "2020-04-30": "6240.00000", "2020-01-31": "6455.00000", "2019-10-31": "6529.00000", "2019-07-31": "6532.00000", "2019-04-30": "6596.00000", "2019-01-31": "6670.00000", "2018-10-31": "6659.00000", "2018-07-31": "6341.00000", "2018-04-30": "6602.00000", "2018-01-31": "6613.00000", "2017-10-31": "6451.00000", "2017-07-31": "7140.00000", "2017-04-30": "7039.00000", "2017-01-31": "9404.00000", "2016-10-31": "6511.00000", "2016-07-31": "9981.00000", "2016-04-30": "10724.00000", "2016-01-31": "10846.00000", "2015-10-31": "11456.00000", "2015-07-31": "", "2015-04-30": "", "2015-01-31": "", "2014-10-31": "11397.00000", "2013-10-31": "12628.00000", "2012-10-31": ""}, "Inventory": {"2020-10-31": "2674.00000", "2020-07-31": "3469.00000", "2020-04-30": "3476.00000", "2020-01-31": "2560.00000", "2019-10-31": "2387.00000", "2019-07-31": "2216.00000", "2019-04-30": "2182.00000", "2019-01-31": "2300.00000", "2018-10-31": "2447.00000", "2018-07-31": "2771.00000", "2018-04-30": "2848.00000", "2018-01-31": "2431.00000", "2017-10-31": "2315.00000", "2017-07-31": "2144.00000", "2017-04-30": "2041.00000", "2017-01-31": "1988.00000", "2016-10-31": "1720.00000", "2016-07-31": "1848.00000", "2016-04-30": "2099.00000", "2016-01-31": "2345.00000", "2015-10-31": "2198.00000", "2015-07-31": "", "2015-04-30": "", "2015-01-31": "", "2014-10-31": "1884.00000", "2013-10-31": "2078.00000", "2012-10-31": ""}, "Pre-Paid Expenses": {"2020-10-31": "", "2020-07-31": "", "2020-04-30": "", "2020-01-31": "", "2019-10-31": "", "2019-07-31": "", "2019-04-30": "", "2019-01-31": "", "2018-10-31": "", "2018-07-31": "", "2018-04-30": "", "2018-01-31": "", "2017-10-31": "", "2017-07-31": "", "2017-04-30": "", "2017-01-31": "", "2016-10-31": "", "2016-07-31": "", "2016-04-30": "", "2016-01-31": "", "2015-10-31": "", "2015-07-31": "", "2015-04-30": "", "2015-01-31": "", "2014-10-31": "", "2013-10-31": "", "2012-10-31": ""}, "Other Current Assets": {"2020-10-31": "2469.00000", "2020-07-31": "2796.00000", "2020-04-30": "3136.00000", "2020-01-31": "2565.00000", "2019-10-31": "2474.00000", "2019-07-31": "2676.00000", "2019-04-30": "2637.00000", "2019-01-31": "2681.00000", "2018-10-31": "3286.00000", "2018-07-31": "3162.00000", "2018-04-30": "3356.00000", "2018-01-31": "3782.00000", "2017-10-31": "3099.00000", "2017-07-31": "6102.00000", "2017-04-30": "3092.00000", "2017-01-31": "4275.00000", "2016-10-31": "2694.00000", "2016-07-31": "5898.00000", "2016-04-30": "9314.00000", "2016-01-31": "6060.00000", "2015-10-31": "6468.00000", "2015-07-31": "", "2015-04-30": "", "2015-01-31": "", "2014-10-31": "6431.00000", "2013-10-31": "7491.00000", "2012-10-31": ""}, "Total Current Assets": {"2020-10-31": "16556.00000", "2020-07-31": "21383.00000", "2020-04-30": "17983.00000", "2020-01-31": "14751.00000", "2019-10-31": "15143.00000", "2019-07-31": "15117.00000", "2019-04-30": "15000.00000", "2019-01-31": "15432.00000", "2018-10-31": "17272.00000", "2018-07-31": "17467.00000", "2018-04-30": "19792.00000", "2018-01-31": "20499.00000", "2017-10-31": "21444.00000", "2017-07-31": "23143.00000", "2017-04-30": "20273.00000", "2017-01-31": "25525.00000", "2016-10-31": "28917.00000", "2016-07-31": "28470.00000", "2016-04-30": "31147.00000", "2016-01-31": "27756.00000", "2015-10-31": "29964.00000", "2015-07-31": "", "2015-04-30": "", "2015-01-31": "", "2014-10-31": "22031.00000", "2013-10-31": "24379.00000", "2012-10-31": ""}, "Property, Plant, And Equipment": {"2020-10-31": "5625.00000", "2020-07-31": "5709.00000", "2020-04-30": "5588.00000", "2020-01-31": "5711.00000", "2019-10-31": "6054.00000", "2019-07-31": "6000.00000", "2019-04-30": "6138.00000", "2019-01-31": "6141.00000", "2018-10-31": "6138.00000", "2018-07-31": "6184.00000", "2018-04-30": "6208.00000", "2018-01-31": "6338.00000", "2017-10-31": "6269.00000", "2017-07-31": "6730.00000", "2017-04-30": "6692.00000", "2017-01-31": "9497.00000", "2016-10-31": "6375.00000", "2016-07-31": "9579.00000", "2016-04-30": "9674.00000", "2016-01-31": "9700.00000", "2015-10-31": "9886.00000", "2015-07-31": "", "2015-04-30": "", "2015-01-31": "", "2014-10-31": "16960.00000", "2013-10-31": "17062.00000", "2012-10-31": ""}, "Long-Term Investments": {"2020-10-31": "2170.00000", "2020-07-31": "2269.00000", "2020-04-30": "2276.00000", "2020-01-31": "2290.00000", "2019-10-31": "2254.00000", "2019-07-31": "2346.00000", "2019-04-30": "2421.00000", "2019-01-31": "2413.00000", "2018-10-31": "2398.00000", "2018-07-31": "2513.00000", "2018-04-30": "2517.00000", "2018-01-31": "2561.00000", "2017-10-31": "2535.00000", "2017-07-31": "2626.00000", "2017-04-30": "2620.00000", "2017-01-31": "2620.00000", "2016-10-31": "2648.00000", "2016-07-31": "2675.00000", "2016-04-30": "", "2016-01-31": "", "2015-10-31": "", "2015-07-31": "", "2015-04-30": "", "2015-01-31": "", "2014-10-31": "", "2013-10-31": "", "2012-10-31": ""}, "Goodwill And Intangible Assets": {"2020-10-31": "19120.00000", "2020-07-31": "18276.00000", "2020-04-30": "18373.00000", "2020-01-31": "19313.00000", "2019-10-31": "19434.00000", "2019-07-31": "18205.00000", "2019-04-30": "18264.00000", "2019-01-31": "18334.00000", "2018-10-31": "18326.00000", "2018-07-31": "18486.00000", "2018-04-30": "18444.00000", "2018-01-31": "18481.00000", "2017-10-31": "18558.00000", "2017-07-31": "26902.00000", "2017-04-30": "27038.00000", "2017-01-31": "25416.00000", "2016-10-31": "16765.00000", "2016-07-31": "25382.00000", "2016-04-30": "25680.00000", "2016-01-31": "29166.00000", "2015-10-31": "29191.00000", "2015-07-31": "0.00000", "2015-04-30": "0.00000", "2015-01-31": "0.00000", "2014-10-31": "28017.00000", "2013-10-31": "28882.00000", "2012-10-31": "0.00000"}, "Other Long-Term Assets": {"2020-10-31": "", "2020-07-31": "", "2020-04-30": "", "2020-01-31": "", "2019-10-31": "", "2019-07-31": "", "2019-04-30": "", "2019-01-31": "", "2018-10-31": "", "2018-07-31": "", "2018-04-30": "", "2018-01-31": "", "2017-10-31": "", "2017-07-31": "", "2017-04-30": "", "2017-01-31": "", "2016-10-31": "", "2016-07-31": "", "2016-04-30": "", "2016-01-31": "", "2015-10-31": "", "2015-07-31": "", "2015-04-30": "", "2015-01-31": "", "2014-10-31": "6503.00000", "2013-10-31": "7004.00000", "2012-10-31": ""}, "Total Long-Term Assets": {"2020-10-31": "37459.00000", "2020-07-31": "36856.00000", "2020-04-30": "36532.00000", "2020-01-31": "37493.00000", "2019-10-31": "36660.00000", "2019-07-31": "35643.00000", "2019-04-30": "36140.00000", "2019-01-31": "36326.00000", "2018-10-31": "38221.00000", "2018-07-31": "40046.00000", "2018-04-30": "40084.00000", "2018-01-31": "41120.00000", "2017-10-31": "39962.00000", "2017-07-31": "47788.00000", "2017-04-30": "47197.00000", "2017-01-31": "51137.00000", "2016-10-31": "50712.00000", "2016-07-31": "50351.00000", "2016-04-30": "46917.00000", "2016-01-31": "49596.00000", "2015-10-31": "49952.00000", "2015-07-31": "", "2015-04-30": "", "2015-01-31": "", "2014-10-31": "51480.00000", "2013-10-31": "52948.00000", "2012-10-31": ""}, "Total Assets": {"2020-10-31": "54015.00000", "2020-07-31": "58239.00000", "2020-04-30": "54515.00000", "2020-01-31": "52244.00000", "2019-10-31": "51803.00000", "2019-07-31": "50760.00000", "2019-04-30": "51140.00000", "2019-01-31": "51758.00000", "2018-10-31": "55493.00000", "2018-07-31": "57513.00000", "2018-04-30": "59876.00000", "2018-01-31": "61619.00000", "2017-10-31": "61406.00000", "2017-07-31": "70931.00000", "2017-04-30": "67470.00000", "2017-01-31": "76662.00000", "2016-10-31": "79629.00000", "2016-07-31": "78821.00000", "2016-04-30": "78064.00000", "2016-01-31": "77352.00000", "2015-10-31": "79916.00000", "2015-07-31": "0.00000", "2015-04-30": "0.00000", "2015-01-31": "0.00000", "2014-10-31": "65071.00000", "2013-10-31": "68775.00000", "2012-10-31": "0.00000"}, "Total Current Liabilities": {"2020-10-31": "18738.00000", "2020-07-31": "21610.00000", "2020-04-30": "20197.00000", "2020-01-31": "18754.00000", "2019-10-31": "19159.00000", "2019-07-31": "17158.00000", "2019-04-30": "16077.00000", "2019-01-31": "16459.00000", "2018-10-31": "17198.00000", "2018-07-31": "17407.00000", "2018-04-30": "19084.00000", "2018-01-31": "19343.00000", "2017-10-31": "18924.00000", "2017-07-31": "18279.00000", "2017-04-30": "17578.00000", "2017-01-31": "21686.00000", "2016-10-31": "22529.00000", "2016-07-31": "19484.00000", "2016-04-30": "20597.00000", "2016-01-31": "20351.00000", "2015-10-31": "21993.00000", "2015-07-31": "", "2015-04-30": "", "2015-01-31": "", "2014-10-31": "19760.00000", "2013-10-31": "20912.00000", "2012-10-31": ""}, "Long Term Debt": {"2020-10-31": "12186.00000", "2020-07-31": "13730.00000", "2020-04-30": "11553.00000", "2020-01-31": "9362.00000", "2019-10-31": "9395.00000", "2019-07-31": "10453.00000", "2019-04-30": "10332.00000", "2019-01-31": "10280.00000", "2018-10-31": "10136.00000", "2018-07-31": "9963.00000", "2018-04-30": "9970.00000", "2018-01-31": "10040.00000", "2017-10-31": "10182.00000", "2017-07-31": "14527.00000", "2017-04-30": "11904.00000", "2017-01-31": "12270.00000", "2016-10-31": "12168.00000", "2016-07-31": "15354.00000", "2016-04-30": "15247.00000", "2016-01-31": "15229.00000", "2015-10-31": "15103.00000", "2015-07-31": "", "2015-04-30": "", "2015-01-31": "", "2014-10-31": "485.00000", "2013-10-31": "617.00000", "2012-10-31": ""}, "Other Non-Current Liabilities": {"2020-10-31": "6995.00000", "2020-07-31": "6693.00000", "2020-04-30": "6507.00000", "2020-01-31": "6885.00000", "2019-10-31": "6100.00000", "2019-07-31": "5569.00000", "2019-04-30": "6490.00000", "2019-01-31": "6684.00000", "2018-10-31": "6885.00000", "2018-07-31": "6681.00000", "2018-04-30": "6856.00000", "2018-01-31": "8247.00000", "2017-10-31": "8795.00000", "2017-07-31": "9075.00000", "2017-04-30": "8941.00000", "2017-01-31": "11132.00000", "2016-10-31": "8874.00000", "2016-07-31": "11157.00000", "2016-04-30": "10196.00000", "2016-01-31": "10138.00000", "2015-10-31": "8902.00000", "2015-07-31": "", "2015-04-30": "", "2015-01-31": "", "2014-10-31": "7654.00000", "2013-10-31": "8871.00000", "2012-10-31": ""}, "Total Long Term Liabilities": {"2020-10-31": "19181.00000", "2020-07-31": "20423.00000", "2020-04-30": "18060.00000", "2020-01-31": "16247.00000", "2019-10-31": "15495.00000", "2019-07-31": "16022.00000", "2019-04-30": "16822.00000", "2019-01-31": "16964.00000", "2018-10-31": "17021.00000", "2018-07-31": "16644.00000", "2018-04-30": "16826.00000", "2018-01-31": "18287.00000", "2017-10-31": "18977.00000", "2017-07-31": "23602.00000", "2017-04-30": "20845.00000", "2017-01-31": "23402.00000", "2016-10-31": "25582.00000", "2016-07-31": "26511.00000", "2016-04-30": "25443.00000", "2016-01-31": "25367.00000", "2015-10-31": "24005.00000", "2015-07-31": "", "2015-04-30": "", "2015-01-31": "", "2014-10-31": "8139.00000", "2013-10-31": "9488.00000", "2012-10-31": ""}, "Total Liabilities": {"2020-10-31": "37919.00000", "2020-07-31": "42033.00000", "2020-04-30": "38257.00000", "2020-01-31": "35001.00000", "2019-10-31": "34654.00000", "2019-07-31": "33180.00000", "2019-04-30": "32899.00000", "2019-01-31": "33423.00000", "2018-10-31": "34219.00000", "2018-07-31": "34051.00000", "2018-04-30": "35910.00000", "2018-01-31": "37630.00000", "2017-10-31": "37901.00000", "2017-07-31": "41881.00000", "2017-04-30": "38423.00000", "2017-01-31": "45088.00000", "2016-10-31": "48111.00000", "2016-07-31": "45995.00000", "2016-04-30": "46040.00000", "2016-01-31": "45718.00000", "2015-10-31": "45998.00000", "2015-07-31": "0.00000", "2015-04-30": "0.00000", "2015-01-31": "0.00000", "2014-10-31": "27899.00000", "2013-10-31": "30400.00000", "2012-10-31": "0.00000"}, "Common Stock Net": {"2020-10-31": "13.00000", "2020-07-31": "13.00000", "2020-04-30": "13.00000", "2020-01-31": "13.00000", "2019-10-31": "13.00000", "2019-07-31": "13.00000", "2019-04-30": "13.00000", "2019-01-31": "14.00000", "2018-10-31": "14.00000", "2018-07-31": "15.00000", "2018-04-30": "15.00000", "2018-01-31": "16.00000", "2017-10-31": "16.00000", "2017-07-31": "16.00000", "2017-04-30": "16.00000", "2017-01-31": "17.00000", "2016-10-31": "17.00000", "2016-07-31": "17.00000", "2016-04-30": "17.00000", "2016-01-31": "17.00000", "2015-10-31": "", "2015-07-31": "0.00000", "2015-04-30": "0.00000", "2015-01-31": "0.00000", "2014-10-31": "0.00000", "2013-10-31": "0.00000", "2012-10-31": "0.00000"}, "Retained Earnings (Accumulated Deficit)": {"2020-10-31": "-8375.00000", "2020-07-31": "-8377.00000", "2020-04-30": "-8385.00000", "2020-01-31": "-7411.00000", "2019-10-31": "-7632.00000", "2019-07-31": "-7959.00000", "2019-04-30": "-7765.00000", "2019-01-31": "-8034.00000", "2018-10-31": "-5899.00000", "2018-07-31": "-5021.00000", "2018-04-30": "-5306.00000", "2018-01-31": "-6057.00000", "2017-10-31": "-7238.00000", "2017-07-31": "-1676.00000", "2017-04-30": "-1867.00000", "2017-01-31": "2760.00000", "2016-10-31": "2782.00000", "2016-07-31": "2486.00000", "2016-04-30": "301.00000", "2016-01-31": "86.00000", "2015-10-31": "", "2015-07-31": "", "2015-04-30": "", "2015-01-31": "", "2014-10-31": "", "2013-10-31": "", "2012-10-31": ""}, "Comprehensive Income": {"2020-10-31": "-3939.00000", "2020-07-31": "-3756.00000", "2020-04-30": "-3625.00000", "2020-01-31": "-3700.00000", "2019-10-31": "-3727.00000", "2019-07-31": "-3150.00000", "2019-04-30": "-3180.00000", "2019-01-31": "-3294.00000", "2018-10-31": "-3218.00000", "2018-07-31": "-2906.00000", "2018-04-30": "-2982.00000", "2018-01-31": "-2955.00000", "2017-10-31": "-2895.00000", "2017-07-31": "-3360.00000", "2017-04-30": "-3544.00000", "2017-01-31": "-6124.00000", "2016-10-31": "-6599.00000", "2016-07-31": "-5177.00000", "2016-04-30": "-5167.00000", "2016-01-31": "-5092.00000", "2015-10-31": "-5015.00000", "2015-07-31": "", "2015-04-30": "", "2015-01-31": "", "2014-10-31": "", "2013-10-31": "", "2012-10-31": ""}, "Other Share Holders Equity": {"2020-10-31": "", "2020-07-31": "", "2020-04-30": "", "2020-01-31": "", "2019-10-31": "", "2019-07-31": "", "2019-04-30": "", "2019-01-31": "", "2018-10-31": "", "2018-07-31": "", "2018-04-30": "", "2018-01-31": "", "2017-10-31": "", "2017-07-31": "", "2017-04-30": "", "2017-01-31": "", "2016-10-31": "", "2016-07-31": "", "2016-04-30": "", "2016-01-31": "", "2015-10-31": "38550.00000", "2015-07-31": "0.00000", "2015-04-30": "0.00000", "2015-01-31": "0.00000", "2014-10-31": "37172.00000", "2013-10-31": "38375.00000", "2012-10-31": "0.00000"}, "Share Holder Equity": {"2020-10-31": "16096.00000", "2020-07-31": "16206.00000", "2020-04-30": "16258.00000", "2020-01-31": "17243.00000", "2019-10-31": "17149.00000", "2019-07-31": "17580.00000", "2019-04-30": "18241.00000", "2019-01-31": "18335.00000", "2018-10-31": "21274.00000", "2018-07-31": "23462.00000", "2018-04-30": "23966.00000", "2018-01-31": "23989.00000", "2017-10-31": "23505.00000", "2017-07-31": "29050.00000", "2017-04-30": "29047.00000", "2017-01-31": "31574.00000", "2016-10-31": "31518.00000", "2016-07-31": "32826.00000", "2016-04-30": "32024.00000", "2016-01-31": "31634.00000", "2015-10-31": "33918.00000", "2015-07-31": "0.00000", "2015-04-30": "0.00000", "2015-01-31": "0.00000", "2014-10-31": "37172.00000", "2013-10-31": "38375.00000", "2012-10-31": "0.00000"}, "Total Liabilities And Share Holders Equity": {"2020-10-31": "54015.00000", "2020-07-31": "58239.00000", "2020-04-30": "54515.00000", "2020-01-31": "52244.00000", "2019-10-31": "51803.00000", "2019-07-31": "50760.00000", "2019-04-30": "51140.00000", "2019-01-31": "51758.00000", "2018-10-31": "55493.00000", "2018-07-31": "57513.00000", "2018-04-30": "59876.00000", "2018-01-31": "61619.00000", "2017-10-31": "61406.00000", "2017-07-31": "70931.00000", "2017-04-30": "67470.00000", "2017-01-31": "76662.00000", "2016-10-31": "79629.00000", "2016-07-31": "78821.00000", "2016-04-30": "78064.00000", "2016-01-31": "77352.00000", "2015-10-31": "79916.00000", "2015-07-31": "0.00000", "2015-04-30": "0.00000", "2015-01-31": "0.00000", "2014-10-31": "65071.00000", "2013-10-31": "68775.00000", "2012-10-31": "0.00000"}}, "cash flow statement": {"Net Income/Loss": {"2020-10-31": "-322.00000", "2019-10-31": "1049.00000", "2018-10-31": "1908.00000", "2017-10-31": "344.00000", "2016-10-31": "3161.00000", "2015-10-31": "2461.00000", "2014-10-31": "1648.00000", "2013-10-31": "2051.00000", "2012-10-31": "-14761.00000"}, "Total Depreciation And Amortization - Cash Flow": {"2020-10-31": "3490.00000", "2019-10-31": "2535.00000", "2018-10-31": "2664.00000", "2017-10-31": "3051.00000", "2016-10-31": "3775.00000", "2015-10-31": "3947.00000", "2014-10-31": "4144.00000", "2013-10-31": "4396.00000", "2012-10-31": "21666.00000"}, "Other Non-Cash Items": {"2020-10-31": "1318.00000", "2019-10-31": "2148.00000", "2018-10-31": "3231.00000", "2017-10-31": "1063.00000", "2016-10-31": "-1468.00000", "2015-10-31": "-520.00000", "2014-10-31": "1766.00000", "2013-10-31": "1675.00000", "2012-10-31": "2089.00000"}, "Total Non-Cash Items": {"2020-10-31": "4808.00000", "2019-10-31": "4683.00000", "2018-10-31": "5895.00000", "2017-10-31": "4114.00000", "2016-10-31": "2307.00000", "2015-10-31": "3427.00000", "2014-10-31": "5910.00000", "2013-10-31": "6071.00000", "2012-10-31": "23755.00000"}, "Change In Accounts Receivable": {"2020-10-31": "-948.00000", "2019-10-31": "-36.00000", "2018-10-31": "-586.00000", "2017-10-31": "-5.00000", "2016-10-31": "690.00000", "2015-10-31": "-384.00000", "2014-10-31": "1414.00000", "2013-10-31": "1058.00000", "2012-10-31": "26.00000"}, "Change In Inventories": {"2020-10-31": "-527.00000", "2019-10-31": "46.00000", "2018-10-31": "-260.00000", "2017-10-31": "-542.00000", "2016-10-31": "34.00000", "2015-10-31": "-424.00000", "2014-10-31": "69.00000", "2013-10-31": "-251.00000", "2012-10-31": "-39.00000"}, "Change In Accounts Payable": {"2020-10-31": "-225.00000", "2019-10-31": "-525.00000", "2018-10-31": "-27.00000", "2017-10-31": "992.00000", "2016-10-31": "66.00000", "2015-10-31": "868.00000", "2014-10-31": "611.00000", "2013-10-31": "472.00000", "2012-10-31": "-669.00000"}, "Change In Assets/Liabilities": {"2020-10-31": "-424.00000", "2019-10-31": "-127.00000", "2018-10-31": "550.00000", "2017-10-31": "-3303.00000", "2016-10-31": "-2817.00000", "2015-10-31": "-3243.00000", "2014-10-31": "-3145.00000", "2013-10-31": "-1194.00000", "2012-10-31": "-1582.00000"}, "Total Change In Assets/Liabilities": {"2020-10-31": "-2246.00000", "2019-10-31": "-1735.00000", "2018-10-31": "-4839.00000", "2017-10-31": "-3123.00000", "2016-10-31": "-412.00000", "2015-10-31": "-2227.00000", "2014-10-31": "-647.00000", "2013-10-31": "617.00000", "2012-10-31": "-1754.00000"}, "Cash Flow From Operating Activities": {"2020-10-31": "2240.00000", "2019-10-31": "3997.00000", "2018-10-31": "2964.00000", "2017-10-31": "1335.00000", "2016-10-31": "5056.00000", "2015-10-31": "3661.00000", "2014-10-31": "6911.00000", "2013-10-31": "8739.00000", "2012-10-31": "7240.00000"}, "Net Change In Property, Plant, And Equipment": {"2020-10-31": "-1680.00000", "2019-10-31": "-2259.00000", "2018-10-31": "-1862.00000", "2017-10-31": "-2458.00000", "2016-10-31": "-2830.00000", "2015-10-31": "-2964.00000", "2014-10-31": "-3014.00000", "2013-10-31": "-2127.00000", "2012-10-31": "-3042.00000"}, "Net Change In Intangible Assets": {"2020-10-31": "", "2019-10-31": "", "2018-10-31": "", "2017-10-31": "", "2016-10-31": "", "2015-10-31": "", "2014-10-31": "", "2013-10-31": "", "2012-10-31": ""}, "Net Acquisitions/Divestitures": {"2020-10-31": "-866.00000", "2019-10-31": "-1526.00000", "2018-10-31": "-194.00000", "2017-10-31": "-2222.00000", "2016-10-31": "3320.00000", "2015-10-31": "-2504.00000", "2014-10-31": "-43.00000", "2013-10-31": "-167.00000", "2012-10-31": "-31.00000"}, "Net Change In Short-term Investments": {"2020-10-31": "", "2019-10-31": "", "2018-10-31": "", "2017-10-31": "", "2016-10-31": "", "2015-10-31": "", "2014-10-31": "", "2013-10-31": "", "2012-10-31": ""}, "Net Change In Long-Term Investments": {"2020-10-31": "-53.00000", "2019-10-31": "-13.00000", "2018-10-31": "65.00000", "2017-10-31": "-7.00000", "2016-10-31": "-71.00000", "2015-10-31": "55.00000", "2014-10-31": "83.00000", "2013-10-31": "67.00000", "2012-10-31": "-86.00000"}, "Net Change In Investments - Total": {"2020-10-31": "-53.00000", "2019-10-31": "-13.00000", "2018-10-31": "65.00000", "2017-10-31": "-7.00000", "2016-10-31": "-71.00000", "2015-10-31": "55.00000", "2014-10-31": "83.00000", "2013-10-31": "67.00000", "2012-10-31": "-86.00000"}, "Investing Activities - Other": {"2020-10-31": "21.00000", "2019-10-31": "341.00000", "2018-10-31": "111.00000", "2017-10-31": "-662.00000", "2016-10-31": "", "2015-10-31": "", "2014-10-31": "", "2013-10-31": "", "2012-10-31": ""}, "Cash Flow From Investing Activities": {"2020-10-31": "-2578.00000", "2019-10-31": "-3457.00000", "2018-10-31": "-1880.00000", "2017-10-31": "-5349.00000", "2016-10-31": "419.00000", "2015-10-31": "-5413.00000", "2014-10-31": "-2974.00000", "2013-10-31": "-2227.00000", "2012-10-31": "-3159.00000"}, "Net Long-Term Debt": {"2020-10-31": "1908.00000", "2019-10-31": "1314.00000", "2018-10-31": "-1681.00000", "2017-10-31": "-1524.00000", "2016-10-31": "241.00000", "2015-10-31": "-194.00000", "2014-10-31": "-283.00000", "2013-10-31": "-1117.00000", "2012-10-31": "3.00000"}, "Net Current Debt": {"2020-10-31": "-9.00000", "2019-10-31": "-53.00000", "2018-10-31": "5.00000", "2017-10-31": "18.00000", "2016-10-31": "-71.00000", "2015-10-31": "-39.00000", "2014-10-31": "18.00000", "2013-10-31": "-121.00000", "2012-10-31": "-14.00000"}, "Debt Issuance/Retirement Net - Total": {"2020-10-31": "1899.00000", "2019-10-31": "1261.00000", "2018-10-31": "-1676.00000", "2017-10-31": "-1506.00000", "2016-10-31": "170.00000", "2015-10-31": "-233.00000", "2014-10-31": "-265.00000", "2013-10-31": "-1238.00000", "2012-10-31": "-11.00000"}, "Net Common Equity Issued/Repurchased": {"2020-10-31": "-355.00000", "2019-10-31": "-2249.00000", "2018-10-31": "-3568.00000", "2017-10-31": "-2556.00000", "2016-10-31": "-2662.00000", "2015-10-31": "", "2014-10-31": "", "2013-10-31": "", "2012-10-31": ""}, "Net Total Equity Issued/Repurchased": {"2020-10-31": "-355.00000", "2019-10-31": "-2249.00000", "2018-10-31": "-3568.00000", "2017-10-31": "-2556.00000", "2016-10-31": "-2662.00000", "2015-10-31": "", "2014-10-31": "", "2013-10-31": "", "2012-10-31": ""}, "Total Common And Preferred Stock Dividends Paid": {"2020-10-31": "-625.00000", "2019-10-31": "-608.00000", "2018-10-31": "-579.00000", "2017-10-31": "5080.00000", "2016-10-31": "-373.00000", "2015-10-31": "-32.00000", "2014-10-31": "-37.00000", "2013-10-31": "-31.00000", "2012-10-31": "-19.00000"}, "Financial Activities - Other": {"2020-10-31": "-36.00000", "2019-10-31": "48.00000", "2018-10-31": "231.00000", "2017-10-31": "-854.00000", "2016-10-31": "535.00000", "2015-10-31": "9540.00000", "2014-10-31": "-3498.00000", "2013-10-31": "-5195.00000", "2012-10-31": "-4491.00000"}, "Cash Flow From Financial Activities": {"2020-10-31": "883.00000", "2019-10-31": "-1548.00000", "2018-10-31": "-5592.00000", "2017-10-31": "164.00000", "2016-10-31": "-2330.00000", "2015-10-31": "9275.00000", "2014-10-31": "-3800.00000", "2013-10-31": "-6464.00000", "2012-10-31": "-4521.00000"}, "Net Cash Flow": {"2020-10-31": "545.00000", "2019-10-31": "-1008.00000", "2018-10-31": "-4508.00000", "2017-10-31": "-3850.00000", "2016-10-31": "3145.00000", "2015-10-31": "7523.00000", "2014-10-31": "137.00000", "2013-10-31": "48.00000", "2012-10-31": "-440.00000"}, "Stock-Based Compensation": {"2020-10-31": "274.00000", "2019-10-31": "268.00000", "2018-10-31": "286.00000", "2017-10-31": "428.00000", "2016-10-31": "558.00000", "2015-10-31": "565.00000", "2014-10-31": "427.00000", "2013-10-31": "374.00000", "2012-10-31": "438.00000"}, "Common Stock Dividends Paid": {"2020-10-31": "-625.00000", "2019-10-31": "-608.00000", "2018-10-31": "-579.00000", "2017-10-31": "5080.00000", "2016-10-31": "-373.00000", "2015-10-31": "-32.00000", "2014-10-31": "-37.00000", "2013-10-31": "-31.00000", "2012-10-31": "-19.00000"}}, "cash flow statement, quarterly": {"Net Income/Loss": {"2020-10-31": 157, "2020-07-31": 9, "2020-04-30": -821, "2020-01-31": "333.00000", "2019-10-31": 480, "2019-07-31": -27, "2019-04-30": 419, "2019-01-31": "177.00000", "2018-10-31": -757, "2018-07-31": 451, "2018-04-30": 778, "2018-01-31": "1436.00000", "2017-10-31": 524, "2017-07-31": 165, "2017-04-30": -612, "2017-01-31": "267.00000", "2016-10-31": 302, "2016-07-31": 2272, "2016-04-30": 320, "2016-01-31": "267.00000", "2015-10-31": 1385, "2015-07-31": 224, "2015-04-30": 305, "2015-01-31": "547.00000", "2014-10-31": -403, "2013-10-31": 16812, "2012-10-31": -14761}, "Total Depreciation And Amortization - Cash Flow": {"2020-10-31": 652, "2020-07-31": 642, "2020-04-30": 1506, "2020-01-31": "690.00000", "2019-10-31": 616, "2019-07-31": 632, "2019-04-30": 648, "2019-01-31": "639.00000", "2018-10-31": 733, "2018-07-31": 641, "2018-04-30": 655, "2018-01-31": "635.00000", "2017-10-31": 682, "2017-07-31": 737, "2017-04-30": 792, "2017-01-31": "840.00000", "2016-10-31": 872, "2016-07-31": 954, "2016-04-30": 960, "2016-01-31": "989.00000", "2015-10-31": 988, "2015-07-31": 989, "2015-04-30": 973, "2015-01-31": "997.00000", "2014-10-31": -252, "2013-10-31": -17270, "2012-10-31": 21666}, "Other Non-Cash Items": {"2020-10-31": 456, "2020-07-31": 444, "2020-04-30": 297, "2020-01-31": "121.00000", "2019-10-31": 545, "2019-07-31": 913, "2019-04-30": 139, "2019-01-31": "551.00000", "2018-10-31": 3589, "2018-07-31": 139, "2018-04-30": 440, "2018-01-31": "-937.00000", "2017-10-31": -487, "2017-07-31": 25, "2017-04-30": 1174, "2017-01-31": "351.00000", "2016-10-31": 97, "2016-07-31": -2493, "2016-04-30": 126, "2016-01-31": "802.00000", "2015-10-31": -711, "2015-07-31": 534, "2015-04-30": 619, "2015-01-31": "-962.00000", "2014-10-31": 0, "2013-10-31": 0, "2012-10-31": 0}, "Total Non-Cash Items": {"2020-10-31": 1108, "2020-07-31": 1086, "2020-04-30": 1803, "2020-01-31": "811.00000", "2019-10-31": 1161, "2019-07-31": 1545, "2019-04-30": 787, "2019-01-31": "1190.00000", "2018-10-31": 4322, "2018-07-31": 780, "2018-04-30": 1095, "2018-01-31": "-302.00000", "2017-10-31": 195, "2017-07-31": 762, "2017-04-30": 1966, "2017-01-31": "1191.00000", "2016-10-31": 969, "2016-07-31": -1539, "2016-04-30": 1086, "2016-01-31": "1791.00000", "2015-10-31": 277, "2015-07-31": 1523, "2015-04-30": 1592, "2015-01-31": "35.00000", "2014-10-31": -252, "2013-10-31": -17270, "2012-10-31": 21666}, "Change In Accounts Receivable": {"2020-10-31": -606, "2020-07-31": -592, "2020-04-30": 272, "2020-01-31": "-22.00000", "2019-10-31": -26, "2019-07-31": -121, "2019-04-30": 154, "2019-01-31": "-43.00000", "2018-10-31": -495, "2018-07-31": 223, "2018-04-30": 7, "2018-01-31": "-321.00000", "2017-10-31": -128, "2017-07-31": -298, "2017-04-30": -171, "2017-01-31": "592.00000", "2016-10-31": -46, "2016-07-31": 579, "2016-04-30": -515, "2016-01-31": "672.00000", "2015-10-31": -847, "2015-07-31": 52, "2015-04-30": -208, "2015-01-31": "619.00000", "2014-10-31": 0, "2013-10-31": 0, "2012-10-31": 0}, "Change In Inventories": {"2020-10-31": 726, "2020-07-31": -57, "2020-04-30": -992, "2020-01-31": "-204.00000", "2019-10-31": -20, "2019-07-31": -87, "2019-04-30": 54, "2019-01-31": "99.00000", "2018-10-31": 285, "2018-07-31": 42, "2018-04-30": -441, "2018-01-31": "-146.00000", "2017-10-31": -201, "2017-07-31": -131, "2017-04-30": -78, "2017-01-31": "-132.00000", "2016-10-31": 31, "2016-07-31": 189, "2016-04-30": -4, "2016-01-31": "-182.00000", "2015-10-31": 40, "2015-07-31": -245, "2015-04-30": -85, "2015-01-31": "-134.00000", "2014-10-31": 0, "2013-10-31": 0, "2012-10-31": 0}, "Change In Accounts Payable": {"2020-10-31": -656, "2020-07-31": 504, "2020-04-30": 177, "2020-01-31": "-250.00000", "2019-10-31": 301, "2019-07-31": -261, "2019-04-30": -309, "2019-01-31": "-256.00000", "2018-10-31": -99, "2018-07-31": -105, "2018-04-30": 284, "2018-01-31": "-107.00000", "2017-10-31": 340, "2017-07-31": 523, "2017-04-30": 360, "2017-01-31": "-231.00000", "2016-10-31": 749, "2016-07-31": -271, "2016-04-30": 376, "2016-01-31": "-788.00000", "2015-10-31": 861, "2015-07-31": 584, "2015-04-30": -110, "2015-01-31": "-467.00000", "2014-10-31": 0, "2013-10-31": 0, "2012-10-31": 0}, "Change In Assets/Liabilities": {"2020-10-31": 55, "2020-07-31": 482, "2020-04-30": -241, "2020-01-31": "-720.00000", "2019-10-31": -492, "2019-07-31": 1083, "2019-04-30": -40, "2019-01-31": "-678.00000", "2018-10-31": 315, "2018-07-31": -88, "2018-04-30": -268, "2018-01-31": "591.00000", "2017-10-31": -236, "2017-07-31": 150, "2017-04-30": -362, "2017-01-31": "-2855.00000", "2016-10-31": -529, "2016-07-31": -644, "2016-04-30": -249, "2016-01-31": "-1395.00000", "2015-10-31": -1498, "2015-07-31": -39, "2015-04-30": -341, "2015-01-31": "-1365.00000", "2014-10-31": 0, "2013-10-31": 0, "2012-10-31": 0}, "Total Change In Assets/Liabilities": {"2020-10-31": -518, "2020-07-31": 377, "2020-04-30": -882, "2020-01-31": "-1223.00000", "2019-10-31": -209, "2019-07-31": -322, "2019-04-30": -219, "2019-01-31": "-985.00000", "2018-10-31": -2239, "2018-07-31": 18, "2018-04-30": -1626, "2018-01-31": "-992.00000", "2017-10-31": 112, "2017-07-31": 28, "2017-04-30": -615, "2017-01-31": "-2648.00000", "2016-10-31": 1039, "2016-07-31": 981, "2016-04-30": -299, "2016-01-31": "-2133.00000", "2015-10-31": -1820, "2015-07-31": 316, "2015-04-30": -709, "2015-01-31": "-14.00000", "2014-10-31": -1264, "2013-10-31": 2371, "2012-10-31": -1754}, "Cash Flow From Operating Activities": {"2020-10-31": 747, "2020-07-31": 1472, "2020-04-30": 100, "2020-01-31": "-79.00000", "2019-10-31": 1432, "2019-07-31": 1196, "2019-04-30": 987, "2019-01-31": "382.00000", "2018-10-31": 1326, "2018-07-31": 1249, "2018-04-30": 247, "2018-01-31": "142.00000", "2017-10-31": 831, "2017-07-31": 955, "2017-04-30": 739, "2017-01-31": "-1190.00000", "2016-10-31": 2310, "2016-07-31": 1714, "2016-04-30": 1107, "2016-01-31": "-75.00000", "2015-10-31": -158, "2015-07-31": 2063, "2015-04-30": 1188, "2015-01-31": "568.00000", "2014-10-31": -1828, "2013-10-31": 1499, "2012-10-31": 7240}, "Net Change In Property, Plant, And Equipment": {"2020-10-31": -524, "2020-07-31": -548, "2020-04-30": -502, "2020-01-31": "-106.00000", "2019-10-31": -554, "2019-07-31": -548, "2019-04-30": -585, "2019-01-31": "-572.00000", "2018-10-31": -294, "2018-07-31": -498, "2018-04-30": -516, "2018-01-31": "-554.00000", "2017-10-31": -456, "2017-07-31": -463, "2017-04-30": -700, "2017-01-31": "-839.00000", "2016-10-31": -735, "2016-07-31": -743, "2016-04-30": -596, "2016-01-31": "-756.00000", "2015-10-31": -625, "2015-07-31": -1082, "2015-04-30": -569, "2015-01-31": "-688.00000", "2014-10-31": -887, "2013-10-31": 915, "2012-10-31": -3042}, "Net Change In Intangible Assets": {"2020-10-31": 0, "2020-07-31": 0, "2020-04-30": 0, "2020-01-31": "", "2019-10-31": 0, "2019-07-31": 0, "2019-04-30": 0, "2019-01-31": "", "2018-10-31": 0, "2018-07-31": 0, "2018-04-30": 0, "2018-01-31": "", "2017-10-31": 0, "2017-07-31": 0, "2017-04-30": 0, "2017-01-31": "", "2016-10-31": 0, "2016-07-31": 0, "2016-04-30": 0, "2016-01-31": "", "2015-10-31": 0, "2015-07-31": 0, "2015-04-30": 0, "2015-01-31": "", "2014-10-31": 0, "2013-10-31": 0, "2012-10-31": 0}, "Net Acquisitions/Divestitures": {"2020-10-31": -853, "2020-07-31": 0, "2020-04-30": -7, "2020-01-31": "-6.00000", "2019-10-31": -1445, "2019-07-31": -5, "2019-04-30": 0, "2019-01-31": "-76.00000", "2018-10-31": 0, "2018-07-31": -178, "2018-04-30": -16, "2018-01-31": "", "2017-10-31": -152, "2017-07-31": 0, "2017-04-30": -1758, "2017-01-31": "-312.00000", "2016-10-31": 554, "2016-07-31": 2464, "2016-04-30": 237, "2016-01-31": "65.00000", "2015-10-31": 60, "2015-07-31": -2425, "2015-04-30": -138, "2015-01-31": "-1.00000", "2014-10-31": 124, "2013-10-31": -136, "2012-10-31": -31}, "Net Change In Short-term Investments": {"2020-10-31": 0, "2020-07-31": 0, "2020-04-30": 0, "2020-01-31": "", "2019-10-31": 0, "2019-07-31": 0, "2019-04-30": 0, "2019-01-31": "", "2018-10-31": 0, "2018-07-31": 0, "2018-04-30": 0, "2018-01-31": "", "2017-10-31": 0, "2017-07-31": 0, "2017-04-30": 0, "2017-01-31": "", "2016-10-31": 0, "2016-07-31": 0, "2016-04-30": 0, "2016-01-31": "", "2015-10-31": 0, "2015-07-31": 0, "2015-04-30": 0, "2015-01-31": "", "2014-10-31": 0, "2013-10-31": 0, "2012-10-31": 0}, "Net Change In Long-Term Investments": {"2020-10-31": -4, "2020-07-31": -4, "2020-04-30": 6, "2020-01-31": "-51.00000", "2019-10-31": 8, "2019-07-31": 2, "2019-04-30": -19, "2019-01-31": "-4.00000", "2018-10-31": 1, "2018-07-31": -13, "2018-04-30": 80, "2018-01-31": "-3.00000", "2017-10-31": 10, "2017-07-31": 7, "2017-04-30": -18, "2017-01-31": "-6.00000", "2016-10-31": -30, "2016-07-31": 30, "2016-04-30": -70, "2016-01-31": "-1.00000", "2015-10-31": -14, "2015-07-31": 56, "2015-04-30": 34, "2015-01-31": "-21.00000", "2014-10-31": 0, "2013-10-31": 0, "2012-10-31": 0}, "Net Change In Investments - Total": {"2020-10-31": -4, "2020-07-31": -4, "2020-04-30": 6, "2020-01-31": "-51.00000", "2019-10-31": 8, "2019-07-31": 2, "2019-04-30": -19, "2019-01-31": "-4.00000", "2018-10-31": 1, "2018-07-31": -13, "2018-04-30": 80, "2018-01-31": "-3.00000", "2017-10-31": 10, "2017-07-31": 7, "2017-04-30": -18, "2017-01-31": "-6.00000", "2016-10-31": -30, "2016-07-31": 30, "2016-04-30": -70, "2016-01-31": "-1.00000", "2015-10-31": -14, "2015-07-31": 56, "2015-04-30": 34, "2015-01-31": "-21.00000", "2014-10-31": 16, "2013-10-31": 153, "2012-10-31": -86}, "Investing Activities - Other": {"2020-10-31": -43, "2020-07-31": -498, "2020-04-30": 463, "2020-01-31": "99.00000", "2019-10-31": -67, "2019-07-31": 216, "2019-04-30": 156, "2019-01-31": "36.00000", "2018-10-31": 53, "2018-07-31": 329, "2018-04-30": 303, "2018-01-31": "-574.00000", "2017-10-31": -327, "2017-07-31": -158, "2017-04-30": -177, "2017-01-31": "", "2016-10-31": 0, "2016-07-31": 0, "2016-04-30": 0, "2016-01-31": "", "2015-10-31": 0, "2015-07-31": 0, "2015-04-30": 0, "2015-01-31": "", "2014-10-31": 0, "2013-10-31": 0, "2012-10-31": 0}, "Cash Flow From Investing Activities": {"2020-10-31": -1424, "2020-07-31": -1050, "2020-04-30": -40, "2020-01-31": "-64.00000", "2019-10-31": -2058, "2019-07-31": -335, "2019-04-30": -448, "2019-01-31": "-616.00000", "2018-10-31": -240, "2018-07-31": -360, "2018-04-30": -149, "2018-01-31": "-1131.00000", "2017-10-31": -925, "2017-07-31": -614, "2017-04-30": -2653, "2017-01-31": "-1157.00000", "2016-10-31": -211, "2016-07-31": 1751, "2016-04-30": -429, "2016-01-31": "-692.00000", "2015-10-31": -579, "2015-07-31": -3451, "2015-04-30": -673, "2015-01-31": "-710.00000", "2014-10-31": -747, "2013-10-31": 932, "2012-10-31": -3159}, "Net Long-Term Debt": {"2020-10-31": -3438, "2020-07-31": 2712, "2020-04-30": 2744, "2020-01-31": "-110.00000", "2019-10-31": 1176, "2019-07-31": 73, "2019-04-30": 10, "2019-01-31": "55.00000", "2018-10-31": -37, "2018-07-31": -1645, "2018-04-30": -16, "2018-01-31": "17.00000", "2017-10-31": 52, "2017-07-31": -15, "2017-04-30": -1547, "2017-01-31": "-14.00000", "2016-10-31": 27, "2016-07-31": -2, "2016-04-30": 25, "2016-01-31": "191.00000", "2015-10-31": -140, "2015-07-31": -95, "2015-04-30": -8, "2015-01-31": "49.00000", "2014-10-31": 0, "2013-10-31": 0, "2012-10-31": 0}, "Net Current Debt": {"2020-10-31": -45, "2020-07-31": -46, "2020-04-30": -45, "2020-01-31": "127.00000", "2019-10-31": -78, "2019-07-31": 0, "2019-04-30": 37, "2019-01-31": "-12.00000", "2018-10-31": -79, "2018-07-31": 109, "2018-04-30": -22, "2018-01-31": "-3.00000", "2017-10-31": -12, "2017-07-31": 2, "2017-04-30": 4, "2017-01-31": "24.00000", "2016-10-31": -20, "2016-07-31": -15, "2016-04-30": -38, "2016-01-31": "2.00000", "2015-10-31": 38, "2015-07-31": -176, "2015-04-30": 29, "2015-01-31": "70.00000", "2014-10-31": 139, "2013-10-31": -107, "2012-10-31": -14}, "Debt Issuance/Retirement Net - Total": {"2020-10-31": -3483, "2020-07-31": 2666, "2020-04-30": 2699, "2020-01-31": "17.00000", "2019-10-31": 1098, "2019-07-31": 73, "2019-04-30": 47, "2019-01-31": "43.00000", "2018-10-31": -116, "2018-07-31": -1536, "2018-04-30": -38, "2018-01-31": "14.00000", "2017-10-31": 40, "2017-07-31": -13, "2017-04-30": -1543, "2017-01-31": "10.00000", "2016-10-31": 7, "2016-07-31": -17, "2016-04-30": -13, "2016-01-31": "193.00000", "2015-10-31": -102, "2015-07-31": -271, "2015-04-30": 21, "2015-01-31": "119.00000", "2014-10-31": 834, "2013-10-31": -1120, "2012-10-31": 3}, "Net Common Equity Issued/Repurchased": {"2020-10-31": 0, "2020-07-31": 0, "2020-04-30": -151, "2020-01-31": "-204.00000", "2019-10-31": -284, "2019-07-31": -577, "2019-04-30": -574, "2019-01-31": "-814.00000", "2018-10-31": -983, "2018-07-31": -936, "2018-04-30": -907, "2018-01-31": "-742.00000", "2017-10-31": -620, "2017-07-31": -625, "2017-04-30": -628, "2017-01-31": "-683.00000", "2016-10-31": -79, "2016-07-31": -1389, "2016-04-30": -1, "2016-01-31": "-1193.00000", "2015-10-31": 0, "2015-07-31": 0, "2015-04-30": 0, "2015-01-31": "", "2014-10-31": 0, "2013-10-31": 0, "2012-10-31": 0}, "Net Total Equity Issued/Repurchased": {"2020-10-31": 0, "2020-07-31": 0, "2020-04-30": -151, "2020-01-31": "-204.00000", "2019-10-31": -284, "2019-07-31": -577, "2019-04-30": -574, "2019-01-31": "-814.00000", "2018-10-31": -983, "2018-07-31": -936, "2018-04-30": -907, "2018-01-31": "-742.00000", "2017-10-31": -620, "2017-07-31": -625, "2017-04-30": -628, "2017-01-31": "-683.00000", "2016-10-31": -79, "2016-07-31": -1389, "2016-04-30": -1, "2016-01-31": "-1193.00000", "2015-10-31": 0, "2015-07-31": 0, "2015-04-30": 0, "2015-01-31": "", "2014-10-31": 0, "2013-10-31": 0, "2012-10-31": 0}, "Total Common And Preferred Stock Dividends Paid": {"2020-10-31": -153, "2020-07-31": -154, "2020-04-30": -162, "2020-01-31": "-156.00000", "2019-10-31": -147, "2019-07-31": -150, "2019-04-30": -154, "2019-01-31": "-157.00000", "2018-10-31": -164, "2018-07-31": -171, "2018-04-30": -124, "2018-01-31": "-120.00000", "2017-10-31": 2395, "2017-07-31": -107, "2017-04-30": 2901, "2017-01-31": "-109.00000", "2016-10-31": -92, "2016-07-31": -91, "2016-04-30": -94, "2016-01-31": "-96.00000", "2015-10-31": -22, "2015-07-31": 0, "2015-04-30": 0, "2015-01-31": "-10.00000", "2014-10-31": -6, "2013-10-31": -12, "2012-10-31": -19}, "Financial Activities - Other": {"2020-10-31": -3, "2020-07-31": 13, "2020-04-30": -4, "2020-01-31": "-42.00000", "2019-10-31": 24, "2019-07-31": 15, "2019-04-30": 26, "2019-01-31": "-17.00000", "2018-10-31": 12, "2018-07-31": 15, "2018-04-30": 285, "2018-01-31": "-81.00000", "2017-10-31": -341, "2017-07-31": 60, "2017-04-30": -573, "2017-01-31": "", "2016-10-31": 32, "2016-07-31": 5, "2016-04-30": -28, "2016-01-31": "526.00000", "2015-10-31": 7929, "2015-07-31": 1714, "2015-04-30": -329, "2015-01-31": "226.00000", "2014-10-31": 1697, "2013-10-31": -704, "2012-10-31": -4491}, "Cash Flow From Financial Activities": {"2020-10-31": -3639, "2020-07-31": 2525, "2020-04-30": 2382, "2020-01-31": "-385.00000", "2019-10-31": 691, "2019-07-31": -639, "2019-04-30": -655, "2019-01-31": "-945.00000", "2018-10-31": -1251, "2018-07-31": -2628, "2018-04-30": -784, "2018-01-31": "-929.00000", "2017-10-31": 1474, "2017-07-31": -685, "2017-04-30": 157, "2017-01-31": "-782.00000", "2016-10-31": -132, "2016-07-31": -1492, "2016-04-30": -136, "2016-01-31": "-570.00000", "2015-10-31": 7805, "2015-07-31": 1443, "2015-04-30": -308, "2015-01-31": "335.00000", "2014-10-31": 2664, "2013-10-31": -1943, "2012-10-31": -4521}, "Net Cash Flow": {"2020-10-31": -4316, "2020-07-31": 2947, "2020-04-30": 2442, "2020-01-31": "-528.00000", "2019-10-31": 65, "2019-07-31": 222, "2019-04-30": -116, "2019-01-31": "-1179.00000", "2018-10-31": -165, "2018-07-31": -1739, "2018-04-30": -686, "2018-01-31": "-1918.00000", "2017-10-31": 1380, "2017-07-31": -344, "2017-04-30": -1757, "2017-01-31": "-3129.00000", "2016-10-31": 2244, "2016-07-31": 1733, "2016-04-30": 505, "2016-01-31": "-1337.00000", "2015-10-31": 7068, "2015-07-31": 55, "2015-04-30": 207, "2015-01-31": "193.00000", "2014-10-31": 89, "2013-10-31": 488, "2012-10-31": -440}, "Stock-Based Compensation": {"2020-10-31": 59, "2020-07-31": 55, "2020-04-30": 67, "2020-01-31": "93.00000", "2019-10-31": 61, "2019-07-31": 58, "2019-04-30": 74, "2019-01-31": "75.00000", "2018-10-31": 44, "2018-07-31": 56, "2018-04-30": 83, "2018-01-31": "103.00000", "2017-10-31": 79, "2017-07-31": 97, "2017-04-30": 107, "2017-01-31": "145.00000", "2016-10-31": 126, "2016-07-31": 129, "2016-04-30": 138, "2016-01-31": "165.00000", "2015-10-31": 212, "2015-07-31": 117, "2015-04-30": 97, "2015-01-31": "139.00000", "2014-10-31": 0, "2013-10-31": 0, "2012-10-31": 0}, "Common Stock Dividends Paid": {"2020-10-31": -153, "2020-07-31": -154, "2020-04-30": -162, "2020-01-31": "-156.00000", "2019-10-31": -147, "2019-07-31": -150, "2019-04-30": -154, "2019-01-31": "-157.00000", "2018-10-31": -164, "2018-07-31": -171, "2018-04-30": -124, "2018-01-31": "-120.00000", "2017-10-31": 2395, "2017-07-31": -107, "2017-04-30": 2901, "2017-01-31": "-109.00000", "2016-10-31": -92, "2016-07-31": -91, "2016-04-30": -94, "2016-01-31": "-96.00000", "2015-10-31": -22, "2015-07-31": 0, "2015-04-30": 0, "2015-01-31": "-10.00000", "2014-10-31": 0, "2013-10-31": 0, "2012-10-31": 0}}, "financial ratios": {"Current Ratio": {"2020-10-31": "0.88360", "2019-10-31": "0.79040", "2018-10-31": "1.00430", "2017-10-31": "1.13320", "2016-10-31": "1.28350", "2015-10-31": "1.36240", "2014-10-31": "1.11490", "2013-10-31": "1.16580", "2012-10-31": ""}, "Long-term Debt / Capital": {"2020-10-31": "0.43090", "2019-10-31": "0.35390", "2018-10-31": "0.32270", "2017-10-31": "0.30230", "2016-10-31": "0.27850", "2015-10-31": "0.30810", "2014-10-31": "0.01290", "2013-10-31": "0.01580", "2012-10-31": ""}, "Debt/Equity Ratio": {"2020-10-31": "0.99040", "2019-10-31": "0.80590", "2018-10-31": "0.57070", "2017-10-31": "0.59700", "2016-10-31": "0.49790", "2015-10-31": "0.46570", "2014-10-31": "0.03710", "2013-10-31": "0.04360", "2012-10-31": ""}, "Gross Margin": {"2020-10-31": "31.38760", "2019-10-31": "32.58280", "2018-10-31": "29.92030", "2017-10-31": "30.02670", "2016-10-31": "32.27540", "2015-10-31": "32.38410", "2014-10-31": "28.36750", "2013-10-31": "27.43720", "2012-10-31": "27.68420"}, "Operating Margin": {"2020-10-31": "-1.21930", "2019-10-31": "4.37270", "2018-10-31": "5.63010", "2017-10-31": "1.95350", "2016-10-31": "12.88970", "2015-10-31": "6.26190", "2014-10-31": "4.23600", "2013-10-31": "5.14550", "2012-10-31": "-23.16270"}, "EBIT Margin": {"2020-10-31": "-1.21930", "2019-10-31": "4.37270", "2018-10-31": "5.63010", "2017-10-31": "1.95350", "2016-10-31": "12.88970", "2015-10-31": "6.26190", "2014-10-31": "4.23600", "2013-10-31": "5.14550", "2012-10-31": "-23.16270"}, "EBITDA Margin": {"2020-10-31": "11.71520", "2019-10-31": "13.07360", "2018-10-31": "14.26490", "2017-10-31": "12.52120", "2016-10-31": "25.35670", "2015-10-31": "18.96260", "2014-10-31": "11.75370", "2013-10-31": "12.80790", "2012-10-31": "12.33090"}, "Pre-Tax Profit Margin": {"2020-10-31": "-1.63810", "2019-10-31": "5.33040", "2018-10-31": "0.86870", "2017-10-31": "0.94210", "2016-10-31": "12.74770", "2015-10-31": "6.22650", "2014-10-31": "4.07090", "2013-10-31": "5.00430", "2012-10-31": "-23.44940"}, "Net Profit Margin": {"2020-10-31": "-1.19340", "2019-10-31": "3.60050", "2018-10-31": "6.18440", "2017-10-31": "1.19150", "2016-10-31": "10.43920", "2015-10-31": "7.91900", "2014-10-31": "2.98970", "2013-10-31": "3.57500", "2012-10-31": "-24.18170"}, "Asset Turnover": {"2020-10-31": "0.49950", "2019-10-31": "0.56240", "2018-10-31": "0.55600", "2017-10-31": "0.47020", "2016-10-31": "0.38030", "2015-10-31": "0.38890", "2014-10-31": "0.84710", "2013-10-31": "0.83420", "2012-10-31": ""}, "Inventory Turnover Ratio": {"2020-10-31": "6.92330", "2019-10-31": "8.22870", "2018-10-31": "8.83570", "2017-10-31": "8.72660", "2016-10-31": "11.92270", "2015-10-31": "9.56010", "2014-10-31": "20.95860", "2013-10-31": "20.03370", "2012-10-31": ""}, "Receiveable Turnover": {"2020-10-31": "3.75790", "2019-10-31": "4.46240", "2018-10-31": "4.63310", "2017-10-31": "4.47540", "2016-10-31": "4.65060", "2015-10-31": "2.71270", "2014-10-31": "4.83660", "2013-10-31": "4.54320", "2012-10-31": ""}, "Days Sales In Receivables": {"2020-10-31": "97.12770", "2019-10-31": "81.79460", "2018-10-31": "78.78050", "2017-10-31": "81.55640", "2016-10-31": "78.48460", "2015-10-31": "134.55090", "2014-10-31": "75.46590", "2013-10-31": "80.34060", "2012-10-31": ""}, "ROE - Return On Equity": {"2020-10-31": "-2.00050", "2019-10-31": "6.11700", "2018-10-31": "9.45760", "2017-10-31": "1.85490", "2016-10-31": "10.27030", "2015-10-31": "7.78350", "2014-10-31": "4.43340", "2013-10-31": "5.34460", "2012-10-31": ""}, "Return On Tangible Equity": {"2020-10-31": "10.64820", "2019-10-31": "-45.90810", "2018-10-31": "68.24970", "2017-10-31": "8.81340", "2016-10-31": "21.94130", "2015-10-31": "55.84940", "2014-10-31": "18.00110", "2013-10-31": "21.60540", "2012-10-31": ""}, "ROA - Return On Assets": {"2020-10-31": "-0.59610", "2019-10-31": "2.02500", "2018-10-31": "3.62570", "2017-10-31": "0.71000", "2016-10-31": "4.06510", "2015-10-31": "3.30350", "2014-10-31": "2.53260", "2013-10-31": "2.98220", "2012-10-31": ""}, "ROI - Return On Investment": {"2020-10-31": "-1.13850", "2019-10-31": "3.95190", "2018-10-31": "6.40560", "2017-10-31": "1.29430", "2016-10-31": "7.40970", "2015-10-31": "5.38540", "2014-10-31": "4.37630", "2013-10-31": "5.26010", "2012-10-31": ""}, "Book Value Per Share": {"2020-10-31": "12.50660", "2019-10-31": "13.25270", "2018-10-31": "14.95010", "2017-10-31": "14.73670", "2016-10-31": "18.91840", "2015-10-31": "19.45960", "2014-10-31": "19.79340", "2013-10-31": "20.43400", "2012-10-31": ""}, "Operating Cash Flow Per Share": {"2020-10-31": -1.195, "2019-10-31": 1.0175, "2018-10-31": 1.1111, "2017-10-31": -2.1099, "2016-10-31": 0.9112, "2015-10-31": -1.7721, "2014-10-31": -0.9967, "2013-10-31": 4.765, "2012-10-31": 0}, "Free Cash Flow Per Share": {"2020-10-31": -0.8395, "2019-10-31": 0.5627, "2018-10-31": 1.3804, "2017-10-31": -1.9508, "2016-10-31": 0.9, "2015-10-31": -1.7449, "2014-10-31": -1.4803, "2013-10-31": 3.6052, "2012-10-31": 0}}, "financial ratios, quarterly": {"Current Ratio": {"2020-10-31": "0.88360", "2020-07-31": "0.98950", "2020-04-30": "0.89040", "2020-01-31": "0.78660", "2019-10-31": "0.79040", "2019-07-31": "0.88100", "2019-04-30": "0.93300", "2019-01-31": "0.93760", "2018-10-31": "1.00430", "2018-07-31": "1.00340", "2018-04-30": "1.03710", "2018-01-31": "1.05980", "2017-10-31": "1.13320", "2017-07-31": "1.26610", "2017-04-30": "1.15330", "2017-01-31": "1.17700", "2016-10-31": "1.28350", "2016-07-31": "1.46120", "2016-04-30": "1.51220", "2016-01-31": "1.36390", "2015-10-31": "1.36240", "2015-07-31": "", "2015-04-30": "", "2015-01-31": "", "2014-10-31": "1.11490", "2013-10-31": "", "2012-10-31": ""}, "Long-term Debt / Capital": {"2020-10-31": "0.43090", "2020-07-31": "0.45860", "2020-04-30": "0.41540", "2020-01-31": "0.35190", "2019-10-31": "0.35390", "2019-07-31": "0.37290", "2019-04-30": "0.36160", "2019-01-31": "0.35930", "2018-10-31": "0.32270", "2018-07-31": "0.29810", "2018-04-30": "0.29380", "2018-01-31": "0.29500", "2017-10-31": "0.30230", "2017-07-31": "0.33340", "2017-04-30": "0.29070", "2017-01-31": "0.27990", "2016-10-31": "0.27850", "2016-07-31": "0.31870", "2016-04-30": "0.32250", "2016-01-31": "0.32500", "2015-10-31": "0.30810", "2015-07-31": "", "2015-04-30": "", "2015-01-31": "", "2014-10-31": "0.01290", "2013-10-31": "", "2012-10-31": ""}, "Debt/Equity Ratio": {"2020-10-31": "0.99040", "2020-07-31": "1.20060", "2020-04-30": "1.02810", "2020-01-31": "0.80450", "2019-10-31": "0.80590", "2019-07-31": "0.72010", "2019-04-30": "0.68230", "2019-01-31": "0.67370", "2018-10-31": "0.57070", "2018-07-31": "0.52380", "2018-04-30": "0.57690", "2018-01-31": "0.58170", "2017-10-31": "0.59700", "2017-07-31": "0.57130", "2017-04-30": "0.47900", "2017-01-31": "0.50010", "2016-10-31": "0.49790", "2016-07-31": "0.49550", "2016-04-30": "0.50620", "2016-01-31": "0.51020", "2015-10-31": "0.46570", "2015-07-31": "", "2015-04-30": "", "2015-01-31": "", "2014-10-31": "0.03710", "2013-10-31": "", "2012-10-31": ""}, "Gross Margin": {"2020-10-31": "30.60490", "2020-07-31": "30.32570", "2020-04-30": "31.85220", "2020-01-31": "32.83930", "2019-10-31": "33.16700", "2019-07-31": "33.93380", "2019-04-30": "32.23780", "2019-01-31": "31.06050", "2018-10-31": "30.69470", "2018-07-31": "30.46110", "2018-04-30": "30.23570", "2018-01-31": "28.26430", "2017-10-31": "29.39950", "2017-07-31": "29.26280", "2017-04-30": "29.50940", "2017-01-31": "32.06320", "2016-10-31": "19.48180", "2016-07-31": "36.42720", "2016-04-30": "35.75040", "2016-01-31": "28.38730", "2015-10-31": "24.69860", "2015-07-31": "28.72020", "2015-04-30": "28.56010", "2015-01-31": "27.73310", "2014-10-31": "", "2013-10-31": "", "2012-10-31": ""}, "Operating Margin": {"2020-10-31": "2.01170", "2020-07-31": "0.17610", "2020-04-30": "-13.87920", "2020-01-31": "5.00790", "2019-10-31": "6.37560", "2019-07-31": "-1.05310", "2019-04-30": "6.06990", "2019-01-31": "6.03730", "2018-10-31": "8.21800", "2018-07-31": "6.31120", "2018-04-30": "4.90090", "2018-01-31": "2.97110", "2017-10-31": "-3.72060", "2017-07-31": "2.67960", "2017-04-30": "2.86430", "2017-01-31": "6.56330", "2016-10-31": "40.59500", "2016-07-31": "33.04190", "2016-04-30": "5.30030", "2016-01-31": "3.01790", "2015-10-31": "3.53120", "2015-07-31": "1.86870", "2015-04-30": "3.41060", "2015-01-31": "5.60790", "2014-10-31": "100.00000", "2013-10-31": "", "2012-10-31": ""}, "EBIT Margin": {"2020-10-31": "2.01170", "2020-07-31": "0.17610", "2020-04-30": "-13.87920", "2020-01-31": "5.00790", "2019-10-31": "6.37560", "2019-07-31": "-1.05310", "2019-04-30": "6.06990", "2019-01-31": "6.03730", "2018-10-31": "8.21800", "2018-07-31": "6.31120", "2018-04-30": "4.90090", "2018-01-31": "2.97110", "2017-10-31": "-3.72060", "2017-07-31": "2.67960", "2017-04-30": "2.86430", "2017-01-31": "6.56330", "2016-10-31": "40.59500", "2016-07-31": "33.04190", "2016-04-30": "5.30030", "2016-01-31": "3.01790", "2015-10-31": "3.53120", "2015-07-31": "1.86870", "2015-04-30": "3.41060", "2015-01-31": "5.60790", "2014-10-31": "", "2013-10-31": "", "2012-10-31": ""}, "EBITDA Margin": {"2020-10-31": "", "2020-07-31": "", "2020-04-30": "", "2020-01-31": "", "2019-10-31": "", "2019-07-31": "", "2019-04-30": "", "2019-01-31": "", "2018-10-31": "", "2018-07-31": "", "2018-04-30": "", "2018-01-31": "", "2017-10-31": "", "2017-07-31": "", "2017-04-30": "", "2017-01-31": "", "2016-10-31": "", "2016-07-31": "", "2016-04-30": "", "2016-01-31": "", "2015-10-31": "", "2015-07-31": "", "2015-04-30": "", "2015-01-31": "", "2014-10-31": "", "2013-10-31": "", "2012-10-31": ""}, "Pre-Tax Profit Margin": {"2020-10-31": "1.73420", "2020-07-31": "-0.49880", "2020-04-30": "-15.16060", "2020-01-31": "5.43960", "2019-10-31": "10.02080", "2019-07-31": "-3.67190", "2019-04-30": "6.15380", "2019-01-31": "8.67210", "2018-10-31": "7.24890", "2018-07-31": "5.98920", "2018-04-30": "-1.55330", "2018-01-31": "-8.56140", "2017-10-31": "-3.92950", "2017-07-31": "1.66640", "2017-04-30": "1.65980", "2017-01-31": "4.85370", "2016-10-31": "62.09210", "2016-07-31": "32.03000", "2016-04-30": "3.87820", "2016-01-31": "2.50710", "2015-10-31": "5.41730", "2015-07-31": "1.89940", "2015-04-30": "3.17160", "2015-01-31": "5.47000", "2014-10-31": "6.20290", "2013-10-31": "", "2012-10-31": ""}, "Net Profit Margin": {"2020-10-31": "2.17810", "2020-07-31": "0.13200", "2020-04-30": "-13.66280", "2020-01-31": "4.79210", "2019-10-31": "6.65280", "2019-07-31": "-0.37410", "2019-04-30": "5.86010", "2019-01-31": "2.34340", "2018-10-31": "-9.52680", "2018-07-31": "5.80890", "2018-04-30": "10.41780", "2018-01-31": "18.71250", "2017-10-31": "6.84070", "2017-07-31": "2.19970", "2017-04-30": "-8.98940", "2017-01-31": "3.86840", "2016-10-31": "28.98270", "2016-07-31": "28.38230", "2016-04-30": "3.76070", "2016-01-31": "2.09840", "2015-10-31": "5.14510", "2015-07-31": "1.71560", "2015-04-30": "2.43050", "2015-01-31": "4.19060", "2014-10-31": "4.68210", "2013-10-31": "", "2012-10-31": ""}, "Asset Turnover": {"2020-10-31": "0.13340", "2020-07-31": "0.11700", "2020-04-30": "0.11020", "2020-01-31": "0.13300", "2019-10-31": "0.13930", "2019-07-31": "0.14220", "2019-04-30": "0.13980", "2019-01-31": "0.14590", "2018-10-31": "0.14320", "2018-07-31": "0.13500", "2018-04-30": "0.12470", "2018-01-31": "0.12450", "2017-10-31": "0.12470", "2017-07-31": "0.10580", "2017-04-30": "0.10090", "2017-01-31": "0.09000", "2016-10-31": "0.01310", "2016-07-31": "0.10160", "2016-04-30": "0.10900", "2016-01-31": "0.16450", "2015-10-31": "0.32180", "2015-07-31": "", "2015-04-30": "", "2015-01-31": "", "2014-10-31": "0.43650", "2013-10-31": "", "2012-10-31": ""}, "Inventory Turnover Ratio": {"2020-10-31": "1.87060", "2020-07-31": "1.36900", "2020-04-30": "1.17810", "2020-01-31": "1.82300", "2019-10-31": "2.02010", "2019-07-31": "2.15160", "2019-04-30": "2.22040", "2019-01-31": "2.26390", "2018-10-31": "2.25050", "2018-07-31": "1.94840", "2018-04-30": "1.82940", "2018-01-31": "2.26450", "2017-10-31": "2.33610", "2017-07-31": "2.47480", "2017-04-30": "2.35130", "2017-01-31": "2.35870", "2016-10-31": "0.48780", "2016-07-31": "2.75380", "2016-04-30": "2.60460", "2016-01-31": "3.88570", "2015-10-31": "8.80940", "2015-07-31": "", "2015-04-30": "", "2015-01-31": "", "2014-10-31": "11.37210", "2013-10-31": "", "2012-10-31": ""}, "Receiveable Turnover": {"2020-10-31": "1.00390", "2020-07-31": "1.02450", "2020-04-30": "0.96300", "2020-01-31": "1.07650", "2019-10-31": "1.10510", "2019-07-31": "1.10490", "2019-04-30": "1.08400", "2019-01-31": "1.13240", "2018-10-31": "1.19330", "2018-07-31": "1.22440", "2018-04-30": "1.13120", "2018-01-31": "1.16040", "2017-10-31": "1.18740", "2017-07-31": "1.05060", "2017-04-30": "0.96720", "2017-01-31": "0.73390", "2016-10-31": "0.16000", "2016-07-31": "0.80200", "2016-04-30": "0.79350", "2016-01-31": "1.17320", "2015-10-31": "2.24460", "2015-07-31": "", "2015-04-30": "", "2015-01-31": "", "2014-10-31": "2.49240", "2013-10-31": "", "2012-10-31": ""}, "Days Sales In Receivables": {"2020-10-31": "89.65040", "2020-07-31": "87.84770", "2020-04-30": "93.45980", "2020-01-31": "83.60200", "2019-10-31": "81.44280", "2019-07-31": "81.45770", "2019-04-30": "83.02660", "2019-01-31": "79.47840", "2018-10-31": "75.42290", "2018-07-31": "73.50460", "2018-04-30": "79.56350", "2018-01-31": "77.55670", "2017-10-31": "75.79500", "2017-07-31": "85.66860", "2017-04-30": "93.05380", "2017-01-31": "122.62530", "2016-10-31": "562.37040", "2016-07-31": "112.21610", "2016-04-30": "113.42810", "2016-01-31": "76.71650", "2015-10-31": "40.09650", "2015-07-31": "", "2015-04-30": "", "2015-01-31": "", "2014-10-31": "36.10960", "2013-10-31": "", "2012-10-31": ""}, "ROE - Return On Equity": {"2020-10-31": "0.97540", "2020-07-31": "0.05550", "2020-04-30": "-5.04980", "2020-01-31": "1.93120", "2019-10-31": "2.79900", "2019-07-31": "-0.15360", "2019-04-30": "2.29700", "2019-01-31": "0.96540", "2018-10-31": "-3.62880", "2018-07-31": "1.92650", "2018-04-30": "3.54670", "2018-01-31": "6.17780", "2017-10-31": "1.60820", "2017-07-31": "0.98110", "2017-04-30": "-1.64560", "2017-01-31": "0.79500", "2016-10-31": "0.60600", "2016-07-31": "7.48490", "2016-04-30": "1.00550", "2016-01-31": "0.84400", "2015-10-31": "3.90060", "2015-07-31": "", "2015-04-30": "", "2015-01-31": "", "2014-10-31": "", "2013-10-31": "", "2012-10-31": ""}, "Return On Tangible Equity": {"2020-10-31": "-5.19180", "2020-07-31": "-0.43480", "2020-04-30": "38.81800", "2020-01-31": "-16.08700", "2019-10-31": "-21.00660", "2019-07-31": "4.32000", "2019-04-30": "-1821.73900", "2019-01-31": "17700.00000", "2018-10-31": "-26.18730", "2018-07-31": "9.08360", "2018-04-30": "15.39300", "2018-01-31": "26.90630", "2017-10-31": "7.64100", "2017-07-31": "13.26820", "2017-04-30": "-23.79290", "2017-01-31": "4.07600", "2016-10-31": "1.29470", "2016-07-31": "33.00650", "2016-04-30": "5.07570", "2016-01-31": "10.81850", "2015-10-31": "27.98820", "2015-07-31": "", "2015-04-30": "", "2015-01-31": "", "2014-10-31": "", "2013-10-31": "", "2012-10-31": ""}, "ROA - Return On Assets": {"2020-10-31": "0.29070", "2020-07-31": "0.01550", "2020-04-30": "-1.50600", "2020-01-31": "0.63740", "2019-10-31": "0.92660", "2019-07-31": "-0.05320", "2019-04-30": "0.81930", "2019-01-31": "0.34200", "2018-10-31": "-1.39120", "2018-07-31": "0.78590", "2018-04-30": "1.41960", "2018-01-31": "2.40510", "2017-10-31": "0.61560", "2017-07-31": "0.40180", "2017-04-30": "-0.70850", "2017-01-31": "0.32740", "2016-10-31": "0.23990", "2016-07-31": "3.11720", "2016-04-30": "0.41250", "2016-01-31": "0.34520", "2015-10-31": "1.65550", "2015-07-31": "", "2015-04-30": "", "2015-01-31": "", "2014-10-31": "", "2013-10-31": "", "2012-10-31": ""}, "ROI - Return On Investment": {"2020-10-31": "0.55510", "2020-07-31": "0.03010", "2020-04-30": "-2.95210", "2020-01-31": "1.25160", "2019-10-31": "1.80830", "2019-07-31": "-0.09630", "2019-04-30": "1.46640", "2019-01-31": "0.61860", "2018-10-31": "-2.45780", "2018-07-31": "1.35230", "2018-04-30": "2.50470", "2018-01-31": "4.35510", "2017-10-31": "1.12210", "2017-07-31": "0.65400", "2017-04-30": "-1.16720", "2017-01-31": "0.57250", "2016-10-31": "0.43720", "2016-07-31": "5.09960", "2016-04-30": "0.68120", "2016-01-31": "0.56970", "2015-10-31": "2.69880", "2015-07-31": "", "2015-04-30": "", "2015-01-31": "", "2014-10-31": "", "2013-10-31": "", "2012-10-31": ""}, "Book Value Per Share": {"2020-10-31": "12.50660", "2020-07-31": "12.60190", "2020-04-30": "12.68180", "2020-01-31": "13.33570", "2019-10-31": "13.25270", "2019-07-31": "13.41990", "2019-04-30": "13.55200", "2019-01-31": "13.30550", "2018-10-31": "14.95010", "2018-07-31": "15.83130", "2018-04-30": "15.69480", "2018-01-31": "15.30890", "2017-10-31": "14.73670", "2017-07-31": "17.88790", "2017-04-30": "17.64700", "2017-01-31": "18.98620", "2016-10-31": "18.91840", "2016-07-31": "19.72720", "2016-04-30": "18.57540", "2016-01-31": "18.25390", "2015-10-31": "19.45960", "2015-07-31": "", "2015-04-30": "", "2015-01-31": "", "2014-10-31": "", "2013-10-31": "", "2012-10-31": ""}, "Operating Cash Flow Per Share": {"2020-10-31": 0.5826, "2020-07-31": 1.1322, "2020-04-30": 0.0771, "2020-01-31": "-0.06080", "2019-10-31": 1.0033, "2019-07-31": 0.9322, "2019-04-30": 0.7179, "2019-01-31": "0.27270", "2018-10-31": 0.8387, "2018-07-31": 0.824, "2018-04-30": 0.1582, "2018-01-31": "0.08770", "2017-10-31": 0.4952, "2017-07-31": 0.5743, "2017-04-30": 0.428, "2017-01-31": "-0.70000", "2016-10-31": 1.3062, "2016-07-31": 1.0118, "2016-04-30": 0.6316, "2016-01-31": "-0.04220", "2015-10-31": -0.0719, "2015-07-31": 1.1248, "2015-04-30": 0.6478, "2015-01-31": "0.30970", "2014-10-31": 3.645, "2013-10-31": 0, "2012-10-31": 0}, "Free Cash Flow Per Share": {"2020-10-31": 0.1736, "2020-07-31": 0.7139, "2020-04-30": -0.3124, "2020-01-31": "-0.14230", "2019-10-31": 0.6276, "2019-07-31": 0.4913, "2019-04-30": 0.289, "2019-01-31": "-0.13560", "2018-10-31": 0.6639, "2018-07-31": 0.4762, "2018-04-30": -0.176, "2018-01-31": "-0.25450", "2017-10-31": 0.2278, "2017-07-31": 0.3016, "2017-04-30": -0.0067, "2017-01-31": "-1.19350", "2016-10-31": 0.9004, "2016-07-31": 0.5624, "2016-04-30": 0.2846, "2016-01-31": "-0.46740", "2015-10-31": -0.4242, "2015-07-31": 0.5349, "2015-04-30": 0.3375, "2015-01-31": "-0.06540", "2014-10-31": 2.0554, "2013-10-31": 0, "2012-10-31": 0}}, "revenue": {"Hewlett Packard Enterprise Annual Revenue (Millions of US $)": {"2020": "$26,982", "2019": "$29,135", "2018": "$30,852", "2017": "$28,871", "2016": "$30,280", "2015": "$31,077", "2014": "$55,123", "2013": "$57,371", "2012": "$61,042"}, "Hewlett Packard Enterprise Quarterly Revenue (Millions of US $)": {"2020-10-31": "$7,208", "2020-07-31": "$6,816", "2020-04-30": "$6,009", "2020-01-31": "$6,949", "2019-10-31": "$7,215", "2019-07-31": "$7,217", "2019-04-30": "$7,150", "2019-01-31": "$7,553", "2018-10-31": "$7,946", "2018-07-31": "$7,764", "2018-04-30": "$7,468", "2018-01-31": "$7,674", "2017-10-31": "$7,660", "2017-07-31": "$7,501", "2017-04-30": "$6,808", "2017-01-31": "$6,902", "2016-10-31": "$1,042", "2016-07-31": "$8,005", "2016-04-30": "$8,509", "2016-01-31": "$12,724", "2015-10-31": "$25,714", "2015-07-31": "$13,057", "2015-04-30": "$12,549", "2015-01-31": "$13,053", "2014-10-31": "$28,406", "2013-10-31": "", "2012-10-31": ""}}, "gross-profit": {"Hewlett Packard Enterprise Annual Gross Profit (Millions of US $)": {"2020": "$8,469", "2019": "$9,493", "2018": "$9,231", "2017": "$8,669", "2016": "$9,773", "2015": "$10,064", "2014": "$15,637", "2013": "$15,741", "2012": "$16,899"}, "Hewlett Packard Enterprise Quarterly Gross Profit (Millions of US $)": {"2020-10-31": "$2,206", "2020-07-31": "$2,067", "2020-04-30": "$1,914", "2020-01-31": "$2,282", "2019-10-31": "$2,393", "2019-07-31": "$2,449", "2019-04-30": "$2,305", "2019-01-31": "$2,346", "2018-10-31": "$2,439", "2018-07-31": "$2,365", "2018-04-30": "$2,258", "2018-01-31": "$2,169", "2017-10-31": "$2,252", "2017-07-31": "$2,195", "2017-04-30": "$2,009", "2017-01-31": "$2,213", "2016-10-31": "$203", "2016-07-31": "$2,916", "2016-04-30": "$3,042", "2016-01-31": "$3,612", "2015-10-31": "$6,351", "2015-07-31": "$3,750", "2015-04-30": "$3,584", "2015-01-31": "$3,620", "2014-10-31": "$6,981", "2013-10-31": "", "2012-10-31": ""}}, "operating-income": {"Hewlett Packard Enterprise Annual Operating Income (Millions of US $)": {"2020": "$-329", "2019": "$1,274", "2018": "$1,737", "2017": "$564", "2016": "$3,903", "2015": "$1,946", "2014": "$2,335", "2013": "$2,952", "2012": "$-14,139"}, "Hewlett Packard Enterprise Quarterly Operating Income (Millions of US $)": {"2020-10-31": "$145", "2020-07-31": "$12", "2020-04-30": "$-834", "2020-01-31": "$348", "2019-10-31": "$460", "2019-07-31": "$-76", "2019-04-30": "$434", "2019-01-31": "$456", "2018-10-31": "$653", "2018-07-31": "$490", "2018-04-30": "$366", "2018-01-31": "$228", "2017-10-31": "$-285", "2017-07-31": "$201", "2017-04-30": "$195", "2017-01-31": "$453", "2016-10-31": "$423", "2016-07-31": "$2,645", "2016-04-30": "$451", "2016-01-31": "$384", "2015-10-31": "$908", "2015-07-31": "$244", "2015-04-30": "$428", "2015-01-31": "$732", "2014-10-31": "$28,406", "2013-10-31": "", "2012-10-31": ""}}, "ebitda": {"Hewlett Packard Enterprise Annual EBITDA (Millions of US $)": {"2020": "$3,161", "2019": "$3,809", "2018": "$4,401", "2017": "$3,615", "2016": "$7,678", "2015": "$5,893", "2014": "$6,479", "2013": "$7,348", "2012": "$7,527"}, "Hewlett Packard Enterprise Quarterly EBITDA (Millions of US $)": {"2020-10-31": "$797", "2020-07-31": "$654", "2020-04-30": "$672", "2020-01-31": "$1,038", "2019-10-31": "$1,076", "2019-07-31": "$556", "2019-04-30": "$1,082", "2019-01-31": "$1,095", "2018-10-31": "$1,386", "2018-07-31": "$1,131", "2018-04-30": "$1,021", "2018-01-31": "$863", "2017-10-31": "$397", "2017-07-31": "$938", "2017-04-30": "$987", "2017-01-31": "$1,293", "2016-10-31": "$1,295", "2016-07-31": "$3,599", "2016-04-30": "$1,411", "2016-01-31": "$1,373", "2015-10-31": "$1,896", "2015-07-31": "$1,233", "2015-04-30": "$1,401", "2015-01-31": "$1,729", "2014-10-31": "$28,406", "2013-10-31": "", "2012-10-31": ""}}, "net-income": {"Hewlett Packard Enterprise Annual Net Income (Millions of US $)": {"2020": "$-322", "2019": "$1,049", "2018": "$1,908", "2017": "$344", "2016": "$3,161", "2015": "$2,461", "2014": "$1,648", "2013": "$2,051", "2012": "$-14,761"}, "Hewlett Packard Enterprise Quarterly Net Income (Millions of US $)": {"2020-10-31": "$157", "2020-07-31": "$9", "2020-04-30": "$-821", "2020-01-31": "$333", "2019-10-31": "$480", "2019-07-31": "$-27", "2019-04-30": "$419", "2019-01-31": "$177", "2018-10-31": "$-757", "2018-07-31": "$451", "2018-04-30": "$778", "2018-01-31": "$1,436", "2017-10-31": "$524", "2017-07-31": "$165", "2017-04-30": "$-612", "2017-01-31": "$267", "2016-10-31": "$302", "2016-07-31": "$2,272", "2016-04-30": "$320", "2016-01-31": "$267", "2015-10-31": "$1,323", "2015-07-31": "$224", "2015-04-30": "$305", "2015-01-31": "$547", "2014-10-31": "$1,330", "2013-10-31": "", "2012-10-31": ""}}, "eps-earnings-per-share-diluted": {"Hewlett Packard Enterprise Annual EPS": {"2020": "$-0.25", "2019": "$0.77", "2018": "$1.23", "2017": "$0.21", "2016": "$1.82", "2015": "$1.34", "2014": "$0.90", "2013": "$1.12", "2012": "$0.00"}, "Hewlett Packard Enterprise Quarterly EPS": {"2020-10-31": "$0.13", "2020-07-31": "$0.01", "2020-04-30": "$-0.64", "2020-01-31": "$0.25", "2019-10-31": "$0.36", "2019-07-31": "$-0.02", "2019-04-30": "$0.30", "2019-01-31": "$0.13", "2018-10-31": "$-0.44", "2018-07-31": "$0.29", "2018-04-30": "$0.49", "2018-01-31": "$0.89", "2017-10-31": "$0.32", "2017-07-31": "$0.10", "2017-04-30": "$-0.37", "2017-01-31": "$0.16", "2016-10-31": "$0.17", "2016-07-31": "$1.32", "2016-04-30": "$0.18", "2016-01-31": "$0.15", "2015-10-31": "$0.73", "2015-07-31": "$0.13", "2015-04-30": "$0.16", "2015-01-31": "$0.30", "2014-10-31": "$0.70", "2013-10-31": "$0.00", "2012-10-31": "$0.00"}}, "shares-outstanding": {"Hewlett Packard Enterprise Annual Shares Outstanding (Millions of Shares)": {"2020": "1,294", "2019": "1,366", "2018": "1,553", "2017": "1,674", "2016": "1,739", "2015": "1,834", "2014": "1,834", "2013": "1,834", "2012": ""}, "Hewlett Packard Enterprise Quarterly Shares Outstanding (Millions of Shares)": {"2020-10-31": "1,294", "2020-07-31": "1,300", "2020-04-30": "1,291", "2020-01-31": "1,300", "2019-10-31": "1,366", "2019-07-31": "1,334", "2019-04-30": "1,382", "2019-01-31": "1,401", "2018-10-31": "1,553", "2018-07-31": "1,531", "2018-04-30": "1,582", "2018-01-31": "1,619", "2017-10-31": "1,674", "2017-07-31": "1,667", "2017-04-30": "1,658", "2017-01-31": "1,700", "2016-10-31": "1,739", "2016-07-31": "1,715", "2016-04-30": "1,751", "2016-01-31": "1,778", "2015-10-31": "1,821", "2015-07-31": "1,834", "2015-04-30": "1,834", "2015-01-31": "1,834", "2014-10-31": "1,896", "2013-10-31": "", "2012-10-31": ""}}, "total-assets": {"Hewlett Packard Enterprise Annual Total Assets (Millions of US $)": {"2020": "$54,015", "2019": "$51,803", "2018": "$55,493", "2017": "$61,406", "2016": "$79,629", "2015": "$79,916", "2014": "$65,071", "2013": "$68,775", "2012": "$0"}, "Hewlett Packard Enterprise Quarterly Total Assets (Millions of US $)": {"2020-10-31": "$54,015", "2020-07-31": "$58,239", "2020-04-30": "$54,515", "2020-01-31": "$52,244", "2019-10-31": "$51,803", "2019-07-31": "$50,760", "2019-04-30": "$51,140", "2019-01-31": "$51,758", "2018-10-31": "$55,493", "2018-07-31": "$57,513", "2018-04-30": "$59,876", "2018-01-31": "$61,619", "2017-10-31": "$61,406", "2017-07-31": "$70,931", "2017-04-30": "$67,470", "2017-01-31": "$76,662", "2016-10-31": "$79,629", "2016-07-31": "$78,821", "2016-04-30": "$78,064", "2016-01-31": "$77,352", "2015-10-31": "$79,916", "2015-07-31": "$0", "2015-04-30": "$0", "2015-01-31": "$0", "2014-10-31": "$65,071", "2013-10-31": "$68,775", "2012-10-31": "$0"}}, "cash-on-hand": {"Hewlett Packard Enterprise Annual Cash on Hand (Millions of US $)": {"2020": "$4,233", "2019": "$3,753", "2018": "$4,880", "2017": "$9,579", "2016": "$12,987", "2015": "$9,842", "2014": "$2,319", "2013": "$2,182", "2012": "$"}, "Hewlett Packard Enterprise Quarterly Cash on Hand (Millions of US $)": {"2020-10-31": "$4,233", "2020-07-31": "$8,465", "2020-04-30": "$5,131", "2020-01-31": "$3,171", "2019-10-31": "$3,753", "2019-07-31": "$3,693", "2019-04-30": "$3,585", "2019-01-31": "$3,781", "2018-10-31": "$4,880", "2018-07-31": "$5,193", "2018-04-30": "$6,986", "2018-01-31": "$7,673", "2017-10-31": "$9,579", "2017-07-31": "$7,757", "2017-04-30": "$8,101", "2017-01-31": "$9,858", "2016-10-31": "$12,987", "2016-07-31": "$10,743", "2016-04-30": "$9,010", "2016-01-31": "$8,505", "2015-10-31": "$9,842", "2015-07-31": "", "2015-04-30": "", "2015-01-31": "", "2014-10-31": "$2,319", "2013-10-31": "$2,182", "2012-10-31": ""}}, "long-term-debt": {"Hewlett Packard Enterprise Annual Long Term Debt (Millions of US $)": {"2020": "$12,186", "2019": "$9,395", "2018": "$10,136", "2017": "$10,182", "2016": "$12,168", "2015": "$15,103", "2014": "$485", "2013": "$617", "2012": "$"}, "Hewlett Packard Enterprise Quarterly Long Term Debt (Millions of US $)": {"2020-10-31": "$12,186", "2020-07-31": "$13,730", "2020-04-30": "$11,553", "2020-01-31": "$9,362", "2019-10-31": "$9,395", "2019-07-31": "$10,453", "2019-04-30": "$10,332", "2019-01-31": "$10,280", "2018-10-31": "$10,136", "2018-07-31": "$9,963", "2018-04-30": "$9,970", "2018-01-31": "$10,040", "2017-10-31": "$10,182", "2017-07-31": "$14,527", "2017-04-30": "$11,904", "2017-01-31": "$12,270", "2016-10-31": "$12,168", "2016-07-31": "$15,354", "2016-04-30": "$15,247", "2016-01-31": "$15,229", "2015-10-31": "$15,103", "2015-07-31": "", "2015-04-30": "", "2015-01-31": "", "2014-10-31": "$485", "2013-10-31": "$617", "2012-10-31": ""}}, "total-liabilities": {"Hewlett Packard Enterprise Annual Total Liabilities (Millions of US $)": {"2020": "$37,919", "2019": "$34,654", "2018": "$34,219", "2017": "$37,901", "2016": "$48,111", "2015": "$45,998", "2014": "$27,899", "2013": "$30,400", "2012": "$0"}, "Hewlett Packard Enterprise Quarterly Total Liabilities (Millions of US $)": {"2020-10-31": "$37,919", "2020-07-31": "$42,033", "2020-04-30": "$38,257", "2020-01-31": "$35,001", "2019-10-31": "$34,654", "2019-07-31": "$33,180", "2019-04-30": "$32,899", "2019-01-31": "$33,423", "2018-10-31": "$34,219", "2018-07-31": "$34,051", "2018-04-30": "$35,910", "2018-01-31": "$37,630", "2017-10-31": "$37,901", "2017-07-31": "$41,881", "2017-04-30": "$38,423", "2017-01-31": "$45,088", "2016-10-31": "$48,111", "2016-07-31": "$45,995", "2016-04-30": "$46,040", "2016-01-31": "$45,718", "2015-10-31": "$45,998", "2015-07-31": "$0", "2015-04-30": "$0", "2015-01-31": "$0", "2014-10-31": "$27,899", "2013-10-31": "$30,400", "2012-10-31": "$0"}}, "total-share-holder-equity": {"Hewlett Packard Enterprise Annual Share Holder Equity (Millions of US $)": {"2020": "$16,096", "2019": "$17,149", "2018": "$21,274", "2017": "$23,505", "2016": "$31,518", "2015": "$33,918", "2014": "$37,172", "2013": "$38,375", "2012": "$0"}, "Hewlett Packard Enterprise Quarterly Share Holder Equity (Millions of US $)": {"2020-10-31": "$16,096", "2020-07-31": "$16,206", "2020-04-30": "$16,258", "2020-01-31": "$17,243", "2019-10-31": "$17,149", "2019-07-31": "$17,580", "2019-04-30": "$18,241", "2019-01-31": "$18,335", "2018-10-31": "$21,274", "2018-07-31": "$23,462", "2018-04-30": "$23,966", "2018-01-31": "$23,989", "2017-10-31": "$23,505", "2017-07-31": "$29,050", "2017-04-30": "$29,047", "2017-01-31": "$31,574", "2016-10-31": "$31,518", "2016-07-31": "$32,826", "2016-04-30": "$32,024", "2016-01-31": "$31,634", "2015-10-31": "$33,918", "2015-07-31": "$0", "2015-04-30": "$0", "2015-01-31": "$0", "2014-10-31": "$37,172", "2013-10-31": "$38,375", "2012-10-31": "$0"}}, "profit-margins": {"current": "-1.19%"}, "gross margin": {"2020-10-31": "31.39%", "2020-07-31": "32.07%", "2020-04-30": "33.00%", "2020-01-31": "33.05%", "2019-10-31": "32.58%", "2019-07-31": "31.94%", "2019-04-30": "31.09%", "2019-01-31": "30.61%", "2018-10-31": "29.92%", "2018-07-31": "29.59%", "2018-04-30": "29.28%", "2018-01-31": "29.10%", "2017-10-31": "30.03%", "2017-07-31": "29.75%", "2017-04-30": "32.26%", "2017-01-31": "34.24%", "2016-10-31": "32.28%", "2016-07-31": "28.97%", "2016-04-30": "27.92%", "2016-01-31": "27.01%", "2015-10-31": "26.88%", "2015-07-31": "26.74%"}, "operating margin": {"2020-10-31": "-1.22%", "2020-07-31": "-0.05%", "2020-04-30": "-0.37%", "2020-01-31": "4.09%", "2019-10-31": "4.37%", "2019-07-31": "4.91%", "2019-04-30": "6.68%", "2019-01-31": "6.39%", "2018-10-31": "5.63%", "2018-07-31": "2.61%", "2018-04-30": "1.68%", "2018-01-31": "1.14%", "2017-10-31": "1.95%", "2017-07-31": "5.72%", "2017-04-30": "16.33%", "2017-01-31": "16.24%", "2016-10-31": "12.89%", "2016-07-31": "7.99%", "2016-04-30": "3.31%", "2016-01-31": "3.07%", "2015-10-31": "3.59%", "2015-07-31": "44.45%"}, "ebitda margin": {"2020-10-31": "11.72%", "2020-07-31": "12.75%", "2020-04-30": "12.20%", "2020-01-31": "13.15%", "2019-10-31": "13.07%", "2019-07-31": "13.79%", "2019-04-30": "15.43%", "2019-01-31": "15.08%", "2018-10-31": "14.26%", "2018-07-31": "11.16%", "2018-04-30": "10.62%", "2018-01-31": "10.74%", "2017-10-31": "12.52%", "2017-07-31": "20.28%", "2017-04-30": "31.52%", "2017-01-31": "31.07%", "2016-10-31": "25.36%", "2016-07-31": "15.07%", "2016-04-30": "9.85%", "2016-01-31": "9.22%", "2015-10-31": "9.72%", "2015-07-31": "48.86%"}, "pre tax profit margin": {"2020-10-31": "-1.64%", "2020-07-31": "0.58%", "2020-04-30": "-0.27%", "2020-01-31": "4.47%", "2019-10-31": "5.33%", "2019-07-31": "4.71%", "2019-04-30": "7.02%", "2019-01-31": "5.14%", "2018-10-31": "0.87%", "2018-07-31": "-1.99%", "2018-04-30": "-3.13%", "2018-01-31": "-2.43%", "2017-10-31": "0.94%", "2017-07-31": "5.48%", "2017-04-30": "16.08%", "2017-01-31": "15.85%", "2016-10-31": "12.75%", "2016-07-31": "8.38%", "2016-04-30": "3.82%", "2016-01-31": "3.68%", "2015-10-31": "4.28%", "2015-07-31": "4.66%"}, "net profit margin": {"2020-10-31": "-1.19%", "2020-07-31": "0.00%", "2020-04-30": "-0.13%", "2020-01-31": "4.22%", "2019-10-31": "3.60%", "2019-07-31": "-0.63%", "2019-04-30": "0.95%", "2019-01-31": "2.11%", "2018-10-31": "6.18%", "2018-07-31": "10.43%", "2018-04-30": "9.58%", "2018-01-31": "5.10%", "2017-10-31": "1.19%", "2017-07-31": "0.55%", "2017-04-30": "9.79%", "2017-01-31": "12.92%", "2016-10-31": "10.44%", "2016-07-31": "7.61%", "2016-04-30": "3.56%", "2016-01-31": "3.31%", "2015-10-31": "3.73%", "2015-07-31": "3.59%"}, "pe ratio": {"current": "9.73", "2021-02-05": "0.00", "2020-10-31": "0.00", "2020-07-31": "0.00", "2020-04-30": "0.00", "2020-01-31": "14.98", "2019-10-31": "20.25", "2019-07-31": "0.00", "2019-04-30": "74.51", "2019-01-31": "37.68", "2018-10-31": "12.41", "2018-07-31": "7.21", "2018-04-30": "8.74", "2018-01-31": "16.03", "2017-10-31": "60.60", "2017-07-31": "227.54", "2017-04-30": "13.09", "2017-01-31": "8.37", "2016-10-31": "8.32"}, "price sales": {"2021-02-05": "0.63", "2020-10-31": "0.41", "2020-07-31": "0.47", "2020-04-30": "0.47", "2020-01-31": "0.63", "2019-10-31": "0.73", "2019-07-31": "0.65", "2019-04-30": "0.72", "2019-01-31": "0.72", "2018-10-31": "0.73", "2018-07-31": "0.75", "2018-04-30": "0.85", "2018-01-31": "0.84", "2017-10-31": "0.74", "2017-07-31": "1.20", "2017-04-30": "1.26", "2017-01-31": "1.09", "2016-10-31": "0.88"}, "price book": {"current": "1.05", "2021-02-05": "1.05", "2020-10-31": "0.68", "2020-07-31": "0.77", "2020-04-30": "0.77", "2020-01-31": "1.00", "2019-10-31": "1.18", "2019-07-31": "1.02", "2019-04-30": "1.10", "2019-01-31": "1.10", "2018-10-31": "0.95", "2018-07-31": "0.91", "2018-04-30": "1.00", "2018-01-31": "0.98", "2017-10-31": "0.86", "2017-07-31": "0.89", "2017-04-30": "0.96", "2017-01-31": "0.81", "2016-10-31": "0.80", "2016-07-31": "0.72", "2016-04-30": "0.60", "2016-01-31": "0.51"}, "price fcf": {"2021-02-05": "", "2020-10-31": "$0.43", "2020-07-31": "$0.89", "2020-04-30": "$0.66", "2020-01-31": "$1.27", "2019-10-31": "$1.27", "2019-07-31": "$1.31", "2019-04-30": "$1.29", "2019-01-31": "$0.83", "2018-10-31": "$0.71", "2018-07-31": "$0.27", "2018-04-30": "$0.10", "2018-01-31": "$0.27", "2017-10-31": "$-0.67", "2017-07-31": "$0.00", "2017-04-30": "$0.26", "2017-01-31": "$0.55", "2016-10-31": "$1.28"}, "net worth": {"value": "$17B"}, "current ratio": {"current": "0.88", "2020-10-31": "0.88", "2020-07-31": "0.99", "2020-04-30": "0.89", "2020-01-31": "0.79", "2019-10-31": "0.79", "2019-07-31": "0.88", "2019-04-30": "0.93", "2019-01-31": "0.94", "2018-10-31": "1.00", "2018-07-31": "1.00", "2018-04-30": "1.04", "2018-01-31": "1.06", "2017-10-31": "1.13", "2017-07-31": "1.27", "2017-04-30": "1.15", "2017-01-31": "1.18", "2016-10-31": "1.28", "2016-07-31": "1.46", "2016-04-30": "1.51", "2016-01-31": "1.36", "2015-10-31": "1.36", "2015-07-31": "0.00", "2015-04-30": "0.00", "2015-01-31": "0.00", "2014-10-31": "1.12", "2013-10-31": "1.17", "2012-10-31": "0.00"}, "quick ratio": {"2020-10-31": "0.74", "2020-07-31": "0.83", "2020-04-30": "0.72", "2020-01-31": "0.65", "2019-10-31": "0.67", "2019-07-31": "0.75", "2019-04-30": "0.80", "2019-01-31": "0.80", "2018-10-31": "0.86", "2018-07-31": "0.84", "2018-04-30": "0.89", "2018-01-31": "0.93", "2017-10-31": "1.01", "2017-07-31": "1.15", "2017-04-30": "1.04", "2017-01-31": "1.09", "2016-10-31": "1.21", "2016-07-31": "1.37", "2016-04-30": "1.41", "2016-01-31": "1.25", "2015-10-31": "1.26", "2015-07-31": "0.00", "2015-04-30": "0.00", "2015-01-31": "0.00", "2014-10-31": "1.02", "2013-10-31": "1.07", "2012-10-31": "0.00"}, "debt equity ratio": {"current": "0.76", "2020-10-31": "2.36", "2020-07-31": "2.59", "2020-04-30": "2.35", "2020-01-31": "2.03", "2019-10-31": "2.02", "2019-07-31": "1.89", "2019-04-30": "1.80", "2019-01-31": "1.82", "2018-10-31": "1.61", "2018-07-31": "1.45", "2018-04-30": "1.50", "2018-01-31": "1.57", "2017-10-31": "1.61", "2017-07-31": "1.44", "2017-04-30": "1.32", "2017-01-31": "1.43", "2016-10-31": "1.53", "2016-07-31": "1.40", "2016-04-30": "1.44", "2016-01-31": "1.45", "2015-10-31": "1.36", "2015-07-31": "0.00", "2015-04-30": "0.00", "2015-01-31": "0.00", "2014-10-31": "0.75", "2013-10-31": "0.79", "2012-10-31": "0.00"}, "return on equity": {"2020-10-31": "-1.96%", "2020-07-31": "0.01%", "2020-04-30": "-0.21%", "2020-01-31": "6.86%", "2019-10-31": "5.88%", "2019-07-31": "-1.00%", "2019-04-30": "1.43%", "2019-01-31": "2.98%", "2018-10-31": "8.23%", "2018-07-31": "13.44%", "2018-04-30": "11.55%", "2018-01-31": "5.73%", "2017-10-31": "1.22%", "2017-07-31": "0.40%", "2017-04-30": "7.13%", "2017-01-31": "9.88%", "2016-10-31": "9.88%", "2016-07-31": "12.83%", "2016-04-30": "8.75%", "2016-01-31": "12.93%", "2015-10-31": "28.29%", "2015-07-31": "25.89%"}, "return on assets": {"2020-10-31": "-0.59%", "2020-07-31": "0.00%", "2020-04-30": "-0.07%", "2020-01-31": "2.34%", "2019-10-31": "2.04%", "2019-07-31": "-0.36%", "2019-04-30": "0.54%", "2019-01-31": "1.16%", "2018-10-31": "3.25%", "2018-07-31": "5.31%", "2018-04-30": "4.57%", "2018-01-31": "2.31%", "2017-10-31": "0.50%", "2017-07-31": "0.17%", "2017-04-30": "2.95%", "2017-01-31": "4.04%", "2016-10-31": "4.03%", "2016-07-31": "5.32%", "2016-04-30": "3.63%", "2016-01-31": "5.39%", "2015-10-31": "12.01%", "2015-07-31": "14.79%"}, "return on investments": {"2020-10-31": "-1.17%", "2020-07-31": "-0.05%", "2020-04-30": "-0.37%", "2020-01-31": "4.25%", "2019-10-31": "4.56%", "2019-07-31": "5.03%", "2019-04-30": "6.66%", "2019-01-31": "6.17%", "2018-10-31": "5.23%", "2018-07-31": "2.37%", "2018-04-30": "1.40%", "2018-01-31": "0.89%", "2017-10-31": "1.39%", "2017-07-31": "2.96%", "2017-04-30": "8.41%", "2017-01-31": "8.68%", "2016-10-31": "8.39%", "2016-07-31": "9.17%", "2016-04-30": "5.55%", "2016-01-31": "8.19%", "2015-10-31": "18.87%", "2015-07-31": "316.65%"}, "return on tangible equity": {"2020-10-31": "13.88%", "2020-07-31": "-0.05%", "2020-04-30": "1.97%", "2020-01-31": "-96.34%", "2019-10-31": "-143.11%", "2019-07-31": "-32.68%", "2019-04-30": "14.68%", "2019-01-31": "19.31%", "2018-10-31": "40.27%", "2018-07-31": "60.88%", "2018-04-30": "64.07%", "2018-01-31": "41.42%", "2017-10-31": "9.02%", "2017-07-31": "1.95%", "2017-04-30": "29.36%", "2017-01-31": "36.44%", "2016-10-31": "40.78%", "2016-07-31": "79.72%", "2016-04-30": "63.05%", "2016-01-31": "117.80%", "2015-10-31": "203.00%", "2015-07-31": "105.12%"}, "dividend yield history": {"last payout": "$0.48", "last yield": "3.65%"}}