{"ticker": "HXL", "price": {"title": "Hexcel Historical Annual Stock Price Data", "value": 47.49, "historical": {"2021": {"Average Stock Price": "47.7154", "Year Open": "46.5800", "Year High": "50.9500", "Year Low": "43.6600", "Year Close": "47.4900", "Annual % Change": "-2.06%"}, "2020": {"Average Stock Price": "45.9049", "Year Open": "75.3500", "Year High": "79.8900", "Year Low": "26.7500", "Year Close": "48.4900", "Annual % Change": "-33.86%"}, "2019": {"Average Stock Price": "74.7039", "Year Open": "57.7600", "Year High": "85.3300", "Year Low": "56.1800", "Year Close": "73.3100", "Annual % Change": "27.85%"}, "2018": {"Average Stock Price": "65.5433", "Year Open": "61.6700", "Year High": "73.2600", "Year Low": "53.7600", "Year Close": "57.3400", "Annual % Change": "-7.29%"}, "2017": {"Average Stock Price": "54.7596", "Year Open": "52.0700", "Year High": "63.7600", "Year Low": "49.7600", "Year Close": "61.8500", "Annual % Change": "20.24%"}, "2016": {"Average Stock Price": "44.4151", "Year Open": "45.2800", "Year High": "54.9700", "Year Low": "38.3800", "Year Close": "51.4400", "Annual % Change": "10.74%"}, "2015": {"Average Stock Price": "47.9574", "Year Open": "41.2800", "Year High": "54.4800", "Year Low": "40.3800", "Year Close": "46.4500", "Annual % Change": "11.95%"}, "2014": {"Average Stock Price": "41.4457", "Year Open": "44.3200", "Year High": "46.4000", "Year Low": "36.9200", "Year Close": "41.4900", "Annual % Change": "-7.16%"}, "2013": {"Average Stock Price": "34.8001", "Year Open": "27.9500", "Year High": "44.6900", "Year Low": "26.5000", "Year Close": "44.6900", "Annual % Change": "65.76%"}, "2012": {"Average Stock Price": "25.0289", "Year Open": "24.4600", "Year High": "27.8000", "Year Low": "22.5300", "Year Close": "26.9600", "Annual % Change": "11.36%"}, "2011": {"Average Stock Price": "21.2942", "Year Open": "18.1700", "Year High": "25.9700", "Year Low": "17.5800", "Year Close": "24.2100", "Annual % Change": "33.83%"}, "2010": {"Average Stock Price": "15.9758", "Year Open": "13.5400", "Year High": "19.2100", "Year Low": "10.1300", "Year Close": "18.0900", "Annual % Change": "39.37%"}, "2009": {"Average Stock Price": "9.7554", "Year Open": "7.7300", "Year High": "13.5600", "Year Low": "4.5900", "Year Close": "12.9800", "Annual % Change": "75.64%"}, "2008": {"Average Stock Price": "17.4596", "Year Open": "23.5000", "Year High": "26.4600", "Year Low": "5.7600", "Year Close": "7.3900", "Annual % Change": "-69.56%"}, "2007": {"Average Stock Price": "21.7727", "Year Open": "17.5700", "Year High": "26.7900", "Year Low": "16.4300", "Year Close": "24.2800", "Annual % Change": "39.46%"}, "2006": {"Average Stock Price": "18.1600", "Year Open": "18.1000", "Year High": "24.3800", "Year Low": "13.5000", "Year Close": "17.4100", "Annual % Change": "-3.55%"}, "2005": {"Average Stock Price": "16.7110", "Year Open": "14.6400", "Year High": "19.7900", "Year Low": "14.2000", "Year Close": "18.0500", "Annual % Change": "24.48%"}, "2004": {"Average Stock Price": "11.0344", "Year Open": "7.3800", "Year High": "17.7500", "Year Low": "6.8100", "Year Close": "14.5000", "Annual % Change": "95.68%"}, "2003": {"Average Stock Price": "4.6442", "Year Open": "3.0800", "Year High": "7.6000", "Year Low": "2.6000", "Year Close": "7.4100", "Annual % Change": "147.00%"}, "2002": {"Average Stock Price": "3.3099", "Year Open": "3.0000", "Year High": "5.1500", "Year Low": "1.3300", "Year Close": "3.0000", "Annual % Change": "-2.60%"}, "2001": {"Average Stock Price": "8.0381", "Year Open": "9.0000", "Year High": "12.7500", "Year Low": "2.1500", "Year Close": "3.0800", "Annual % Change": "-65.54%"}, "2000": {"Average Stock Price": "9.1868", "Year Open": "5.5000", "Year High": "15.1300", "Year Low": "4.8130", "Year Close": "8.9380", "Annual % Change": "60.67%"}, "1999": {"Average Stock Price": "7.9207", "Year Open": "8.1880", "Year High": "11.3800", "Year Low": "5.0000", "Year Close": "5.5630", "Annual % Change": "-33.58%"}, "1998": {"Average Stock Price": "19.0821", "Year Open": "24.0000", "Year High": "31.0600", "Year Low": "7.0630", "Year Close": "8.3750", "Annual % Change": "-66.42%"}, "1997": {"Average Stock Price": "22.3408", "Year Open": "16.0000", "Year High": "31.7500", "Year Low": "16.0000", "Year Close": "24.9400", "Annual % Change": "53.48%"}, "1996": {"Average Stock Price": "14.9918", "Year Open": "10.8800", "Year High": "20.0000", "Year Low": "10.6200", "Year Close": "16.2500", "Annual % Change": "44.44%"}, "1995": {"Average Stock Price": "7.5412", "Year Open": "4.2500", "Year High": "11.8800", "Year Low": "4.2500", "Year Close": "11.2500", "Annual % Change": "150.00%"}, "1994": {"Average Stock Price": "3.9816", "Year Open": "3.3750", "Year High": "6.3750", "Year Low": "2.8750", "Year Close": "4.5000", "Annual % Change": "12.50%"}, "1993": {"Average Stock Price": "8.4489", "Year Open": "9.3750", "Year High": "11.1300", "Year Low": "2.3750", "Year Close": "4.0000", "Annual % Change": "-56.76%"}, "1992": {"Average Stock Price": "12.0130", "Year Open": "11.3800", "Year High": "14.2500", "Year Low": "8.2500", "Year Close": "9.2500", "Annual % Change": "-22.14%"}, "1991": {"Average Stock Price": "12.6740", "Year Open": "10.6300", "Year High": "16.1300", "Year Low": "9.7500", "Year Close": "11.8800", "Annual % Change": "10.51%"}, "1990": {"Average Stock Price": "13.0641", "Year Open": "19.1300", "Year High": "19.1300", "Year Low": "7.0000", "Year Close": "10.7500", "Annual % Change": "-43.78%"}, "1989": {"Average Stock Price": "27.9138", "Year Open": "32.8800", "Year High": "35.2500", "Year Low": "18.5000", "Year Close": "19.1200", "Annual % Change": "-41.17%"}, "1988": {"Average Stock Price": "32.7095", "Year Open": "25.3333", "Year High": "41.7500", "Year Low": "23.5000", "Year Close": "32.5000", "Annual % Change": "27.85%"}}}, "market cap": {"value": "$3.97B"}, "income statement": {"Revenue": {"2020-12-31": "1502.40000", "2019-12-31": "2355.70000", "2018-12-31": "2189.10000", "2017-12-31": "1973.30000", "2016-12-31": "2004.30000", "2015-12-31": "1861.20000", "2014-12-31": "1855.50000", "2013-12-31": "1678.20000", "2012-12-31": "1578.20000", "2011-12-31": "1392.40000", "2010-12-31": "1173.60000", "2009-12-31": "1108.30000", "2008-12-31": "1324.90000", "2007-12-31": "1171.10000", "2006-12-31": "1049.50000", "2005-12-31": "957.60000"}, "Cost Of Goods Sold": {"2020-12-31": "1262.70000", "2019-12-31": "1715.30000", "2018-12-31": "1608.30000", "2017-12-31": "1421.50000", "2016-12-31": "1439.70000", "2015-12-31": "1328.40000", "2014-12-31": "1346.70000", "2013-12-31": "1224.20000", "2012-12-31": "1171.50000", "2011-12-31": "1050.30000", "2010-12-31": "891.00000", "2009-12-31": "859.80000", "2008-12-31": "1035.70000", "2007-12-31": "888.10000", "2006-12-31": "801.00000", "2005-12-31": "733.40000"}, "Gross Profit": {"2020-12-31": "239.70010", "2019-12-31": "640.39990", "2018-12-31": "580.80000", "2017-12-31": "551.80000", "2016-12-31": "564.60010", "2015-12-31": "532.79990", "2014-12-31": "508.80000", "2013-12-31": "454.00000", "2012-12-31": "406.70000", "2011-12-31": "342.10000", "2010-12-31": "282.60000", "2009-12-31": "248.50010", "2008-12-31": "289.20010", "2007-12-31": "283.00000", "2006-12-31": "248.50000", "2005-12-31": "224.20000"}, "Research And Development Expenses": {"2020-12-31": "46.60000", "2019-12-31": "56.50000", "2018-12-31": "55.90000", "2017-12-31": "49.40000", "2016-12-31": "46.90000", "2015-12-31": "44.30000", "2014-12-31": "47.90000", "2013-12-31": "41.70000", "2012-12-31": "36.70000", "2011-12-31": "32.60000", "2010-12-31": "30.80000", "2009-12-31": "30.10000", "2008-12-31": "31.40000", "2007-12-31": "34.20000", "2006-12-31": "29.70000", "2005-12-31": "24.80000"}, "SG&A Expenses": {"2020-12-31": "121.10000", "2019-12-31": "158.70000", "2018-12-31": "146.00000", "2017-12-31": "151.80000", "2016-12-31": "157.60000", "2015-12-31": "156.10000", "2014-12-31": "149.10000", "2013-12-31": "141.40000", "2012-12-31": "130.70000", "2011-12-31": "120.50000", "2010-12-31": "118.50000", "2009-12-31": "107.20000", "2008-12-31": "112.90000", "2007-12-31": "114.00000", "2006-12-31": "105.50000", "2005-12-31": "97.10000"}, "Other Operating Income Or Expenses": {"2020-12-31": "-57.90000", "2019-12-31": "", "2018-12-31": "-7.70000", "2017-12-31": "", "2016-12-31": "", "2015-12-31": "", "2014-12-31": "-6.00000", "2013-12-31": "", "2012-12-31": "9.50000", "2011-12-31": "3.00000", "2010-12-31": "-3.50000", "2009-12-31": "-7.50000", "2008-12-31": "-10.20000", "2007-12-31": "-12.60000", "2006-12-31": "", "2005-12-31": "-15.10000"}, "Operating Expenses": {"2020-12-31": "1488.30000", "2019-12-31": "1930.50000", "2018-12-31": "1817.90000", "2017-12-31": "1622.70000", "2016-12-31": "1644.20000", "2015-12-31": "1528.80000", "2014-12-31": "1549.70000", "2013-12-31": "1407.30000", "2012-12-31": "1329.40000", "2011-12-31": "1200.40000", "2010-12-31": "1043.80000", "2009-12-31": "1004.60000", "2008-12-31": "1194.00000", "2007-12-31": "1056.20000", "2006-12-31": "946.10000", "2005-12-31": "873.30000"}, "Operating Income": {"2020-12-31": "14.10010", "2019-12-31": "425.20000", "2018-12-31": "371.20010", "2017-12-31": "350.60000", "2016-12-31": "360.10010", "2015-12-31": "332.39990", "2014-12-31": "305.80000", "2013-12-31": "270.90000", "2012-12-31": "248.80000", "2011-12-31": "192.00000", "2010-12-31": "129.79990", "2009-12-31": "103.70010", "2008-12-31": "130.90000", "2007-12-31": "114.89990", "2006-12-31": "103.40000", "2005-12-31": "84.30000"}, "Total Non-Operating Income/Expense": {"2020-12-31": "-41.80000", "2019-12-31": "-45.50000", "2018-12-31": "-37.70000", "2017-12-31": "-27.40000", "2016-12-31": "-22.50000", "2015-12-31": "-14.20000", "2014-12-31": "-8.50000", "2013-12-31": "-8.30000", "2012-12-31": "-11.10000", "2011-12-31": "-16.50000", "2010-12-31": "-30.00000", "2009-12-31": "-26.10000", "2008-12-31": "-20.20000", "2007-12-31": "-22.50000", "2006-12-31": "-23.70000", "2005-12-31": "-70.50000"}, "Pre-Tax Income": {"2020-12-31": "-27.70000", "2019-12-31": "379.70000", "2018-12-31": "333.50000", "2017-12-31": "323.20000", "2016-12-31": "337.60000", "2015-12-31": "318.20000", "2014-12-31": "297.30000", "2013-12-31": "262.60000", "2012-12-31": "237.70000", "2011-12-31": "175.50000", "2010-12-31": "99.80000", "2009-12-31": "77.60000", "2008-12-31": "110.70000", "2007-12-31": "92.40000", "2006-12-31": "79.70000", "2005-12-31": "13.80000"}, "Income Taxes": {"2020-12-31": "-61.00000", "2019-12-31": "76.80000", "2018-12-31": "62.50000", "2017-12-31": "42.50000", "2016-12-31": "90.30000", "2015-12-31": "83.00000", "2014-12-31": "89.30000", "2013-12-31": "76.00000", "2012-12-31": "74.10000", "2011-12-31": "41.60000", "2010-12-31": "22.90000", "2009-12-31": "22.00000", "2008-12-31": "15.60000", "2007-12-31": "33.40000", "2006-12-31": "34.70000", "2005-12-31": "-113.80000"}, "Income After Taxes": {"2020-12-31": "33.30000", "2019-12-31": "302.90000", "2018-12-31": "271.00000", "2017-12-31": "280.70000", "2016-12-31": "247.30000", "2015-12-31": "235.20000", "2014-12-31": "208.00000", "2013-12-31": "186.60000", "2012-12-31": "163.60000", "2011-12-31": "133.90000", "2010-12-31": "76.90000", "2009-12-31": "55.60000", "2008-12-31": "95.10000", "2007-12-31": "59.00000", "2006-12-31": "45.00000", "2005-12-31": "127.60000"}, "Other Income": {"2020-12-31": "", "2019-12-31": "", "2018-12-31": "", "2017-12-31": "", "2016-12-31": "", "2015-12-31": "", "2014-12-31": "", "2013-12-31": "", "2012-12-31": "", "2011-12-31": "", "2010-12-31": "", "2009-12-31": "", "2008-12-31": "", "2007-12-31": "", "2006-12-31": "", "2005-12-31": ""}, "Income From Continuous Operations": {"2020-12-31": "31.70000", "2019-12-31": "306.60000", "2018-12-31": "276.60000", "2017-12-31": "284.00000", "2016-12-31": "249.80000", "2015-12-31": "237.20000", "2014-12-31": "209.40000", "2013-12-31": "187.90000", "2012-12-31": "164.30000", "2011-12-31": "135.50000", "2010-12-31": "77.40000", "2009-12-31": "56.30000", "2008-12-31": "111.20000", "2007-12-31": "63.30000", "2006-12-31": "64.90000", "2005-12-31": "131.20000"}, "Income From Discontinued Operations": {"2020-12-31": "", "2019-12-31": "", "2018-12-31": "", "2017-12-31": "", "2016-12-31": "", "2015-12-31": "", "2014-12-31": "", "2013-12-31": "", "2012-12-31": "", "2011-12-31": "", "2010-12-31": "", "2009-12-31": "", "2008-12-31": "", "2007-12-31": "-2.00000", "2006-12-31": "1.00000", "2005-12-31": "10.10000"}, "Net Income": {"2020-12-31": "31.70000", "2019-12-31": "306.60000", "2018-12-31": "276.60000", "2017-12-31": "284.00000", "2016-12-31": "249.80000", "2015-12-31": "237.20000", "2014-12-31": "209.40000", "2013-12-31": "187.90000", "2012-12-31": "164.30000", "2011-12-31": "135.50000", "2010-12-31": "77.40000", "2009-12-31": "56.30000", "2008-12-31": "111.20000", "2007-12-31": "61.30000", "2006-12-31": "65.90000", "2005-12-31": "110.50000"}, "EBITDA": {"2020-12-31": "156.20010", "2019-12-31": "567.79990", "2018-12-31": "495.90010", "2017-12-31": "455.80000", "2016-12-31": "455.10010", "2015-12-31": "409.89990", "2014-12-31": "378.60000", "2013-12-31": "332.30000", "2012-12-31": "309.10000", "2011-12-31": "254.40000", "2010-12-31": "193.29990", "2009-12-31": "155.20010", "2008-12-31": "176.50000", "2007-12-31": "156.39990", "2006-12-31": "142.40000", "2005-12-31": "125.10000"}, "EBIT": {"2020-12-31": "14.10010", "2019-12-31": "425.20000", "2018-12-31": "371.20010", "2017-12-31": "350.60000", "2016-12-31": "360.10010", "2015-12-31": "332.39990", "2014-12-31": "305.80000", "2013-12-31": "270.90000", "2012-12-31": "248.80000", "2011-12-31": "192.00000", "2010-12-31": "129.79990", "2009-12-31": "103.70010", "2008-12-31": "130.90000", "2007-12-31": "114.89990", "2006-12-31": "103.40000", "2005-12-31": "84.30000"}, "Basic Shares Outstanding": {"2020-12-31": "83.80000", "2019-12-31": "84.90000", "2018-12-31": "87.90000", "2017-12-31": "90.60000", "2016-12-31": "92.80000", "2015-12-31": "95.80000", "2014-12-31": "96.80000", "2013-12-31": "100.00000", "2012-12-31": "100.20000", "2011-12-31": "98.80000", "2010-12-31": "97.60000", "2009-12-31": "96.90000", "2008-12-31": "96.40000", "2007-12-31": "94.70000", "2006-12-31": "93.40000", "2005-12-31": "60.00000"}, "Shares Outstanding": {"2020-12-31": "84.00000", "2019-12-31": "85.80000", "2018-12-31": "89.00000", "2017-12-31": "91.90000", "2016-12-31": "94.20000", "2015-12-31": "97.20000", "2014-12-31": "98.70000", "2013-12-31": "102.10000", "2012-12-31": "102.00000", "2011-12-31": "100.70000", "2010-12-31": "99.90000", "2009-12-31": "98.20000", "2008-12-31": "97.60000", "2007-12-31": "96.50000", "2006-12-31": "95.50000", "2005-12-31": "93.70000"}, "Basic EPS": {"2020-12-31": "0.38000", "2019-12-31": "3.61000", "2018-12-31": "3.15000", "2017-12-31": "3.13000", "2016-12-31": "2.69000", "2015-12-31": "2.48000", "2014-12-31": "2.16000", "2013-12-31": "1.88000", "2012-12-31": "1.64000", "2011-12-31": "1.37000", "2010-12-31": "0.79000", "2009-12-31": "0.58000", "2008-12-31": "1.15000", "2007-12-31": "0.65000", "2006-12-31": "0.71000", "2005-12-31": "1.84000"}, "EPS - Earnings Per Share": {"2020-12-31": "0.38000", "2019-12-31": "3.57000", "2018-12-31": "3.11000", "2017-12-31": "3.09000", "2016-12-31": "2.65000", "2015-12-31": "2.44000", "2014-12-31": "2.12000", "2013-12-31": "1.84000", "2012-12-31": "1.61000", "2011-12-31": "1.35000", "2010-12-31": "0.77000", "2009-12-31": "0.57000", "2008-12-31": "1.14000", "2007-12-31": "0.64000", "2006-12-31": "0.69000", "2005-12-31": "1.51000"}}, "income statement, quarterly": {"Revenue": {"2020-12-31": "295.80000", "2020-09-30": "286.90000", "2020-06-30": "378.70000", "2020-03-31": "541.00000", "2019-12-31": "564.29990", "2019-09-30": "572.50000", "2019-06-30": "609.00000", "2019-03-31": "609.90000", "2018-12-31": "561.00010", "2018-09-30": "540.50000", "2018-06-30": "547.50000", "2018-03-31": "540.10000", "2017-12-31": "511.70010", "2017-09-30": "491.50000", "2017-06-30": "491.30000", "2017-03-31": "478.80000", "2016-12-31": "483.50010", "2016-09-30": "500.50000", "2016-06-30": "522.60000", "2016-03-31": "497.70000", "2015-12-31": "464.89990", "2015-09-30": "448.80000", "2015-06-30": "475.70000", "2015-03-31": "471.80000", "2014-12-31": "471.80000", "2014-09-30": "451.90000", "2014-06-30": "470.10000", "2014-03-31": "461.70000", "2013-12-31": "426.79990", "2013-09-30": "412.30000", "2013-06-30": "422.60000", "2013-03-31": "416.50000", "2012-12-31": "387.30000", "2012-09-30": "391.60000", "2012-06-30": "399.20000", "2012-03-31": "400.10000", "2011-12-31": "355.30010", "2011-09-30": "351.80000", "2011-06-30": "353.70000", "2011-03-31": "331.60000", "2010-12-31": "311.00000", "2010-09-30": "294.50000", "2010-06-30": "305.10000", "2010-03-31": "263.00000", "2009-12-31": "266.60010", "2009-09-30": "257.10000", "2009-06-30": "277.30000", "2009-03-31": "307.30000", "2008-12-31": "289.50000", "2008-09-30": "331.40000", "2008-06-30": "359.50000", "2008-03-31": "344.50000", "2007-12-31": "317.60000", "2007-09-30": "281.10000", "2007-06-30": "289.80000", "2007-03-31": "282.60000", "2006-12-31": "222.00000", "2006-09-30": "252.30000", "2006-06-30": "274.00000", "2006-03-31": "301.20000", "2005-12-31": "79.10000", "2005-09-30": "276.60000", "2005-06-30": "311.30000", "2005-03-31": "290.60000"}, "Cost Of Goods Sold": {"2020-12-31": "265.40000", "2020-09-30": "273.40000", "2020-06-30": "323.80000", "2020-03-31": "400.10000", "2019-12-31": "417.80000", "2019-09-30": "414.60000", "2019-06-30": "440.20000", "2019-03-31": "442.70000", "2018-12-31": "410.60000", "2018-09-30": "397.50000", "2018-06-30": "402.70000", "2018-03-31": "397.50000", "2017-12-31": "369.49990", "2017-09-30": "355.90000", "2017-06-30": "351.40000", "2017-03-31": "344.70000", "2016-12-31": "347.89990", "2016-09-30": "364.80000", "2016-06-30": "372.30000", "2016-03-31": "354.70000", "2015-12-31": "337.10000", "2015-09-30": "324.70000", "2015-06-30": "336.60000", "2015-03-31": "330.00000", "2014-12-31": "343.29990", "2014-09-30": "329.90000", "2014-06-30": "341.00000", "2014-03-31": "332.50000", "2013-12-31": "313.70000", "2013-09-30": "300.20000", "2013-06-30": "305.80000", "2013-03-31": "304.50000", "2012-12-31": "291.70000", "2012-09-30": "292.40000", "2012-06-30": "293.70000", "2012-03-31": "293.70000", "2011-12-31": "269.70000", "2011-09-30": "265.30000", "2011-06-30": "266.70000", "2011-03-31": "248.60000", "2010-12-31": "243.40000", "2010-09-30": "224.00000", "2010-06-30": "226.70000", "2010-03-31": "196.90000", "2009-12-31": "210.30000", "2009-09-30": "205.00000", "2009-06-30": "214.20000", "2009-03-31": "230.30000", "2008-12-31": "227.60000", "2008-09-30": "260.30000", "2008-06-30": "283.40000", "2008-03-31": "264.40000", "2007-12-31": "243.40000", "2007-09-30": "214.20000", "2007-06-30": "219.40000", "2007-03-31": "211.10000", "2006-12-31": "168.30000", "2006-09-30": "195.00000", "2006-06-30": "206.50000", "2006-03-31": "231.20000", "2005-12-31": "49.70000", "2005-09-30": "218.20000", "2005-06-30": "240.70000", "2005-03-31": "224.80000"}, "Gross Profit": {"2020-12-31": "30.40000", "2020-09-30": "13.50000", "2020-06-30": "54.90000", "2020-03-31": "140.90000", "2019-12-31": "146.49990", "2019-09-30": "157.90000", "2019-06-30": "168.80000", "2019-03-31": "167.20000", "2018-12-31": "150.40010", "2018-09-30": "143.00000", "2018-06-30": "144.80000", "2018-03-31": "142.60000", "2017-12-31": "142.20010", "2017-09-30": "135.60000", "2017-06-30": "139.90000", "2017-03-31": "134.10000", "2016-12-31": "135.60020", "2016-09-30": "135.70000", "2016-06-30": "150.30000", "2016-03-31": "143.00000", "2015-12-31": "127.79990", "2015-09-30": "124.10000", "2015-06-30": "139.10000", "2015-03-31": "141.80000", "2014-12-31": "128.50010", "2014-09-30": "122.00000", "2014-06-30": "129.10000", "2014-03-31": "129.20000", "2013-12-31": "113.10000", "2013-09-30": "112.10000", "2013-06-30": "116.80000", "2013-03-31": "112.00000", "2012-12-31": "95.60000", "2012-09-30": "99.20000", "2012-06-30": "105.50000", "2012-03-31": "106.40000", "2011-12-31": "85.60000", "2011-09-30": "86.50000", "2011-06-30": "87.00000", "2011-03-31": "83.00000", "2010-12-31": "67.60000", "2010-09-30": "70.50000", "2010-06-30": "78.40000", "2010-03-31": "66.10000", "2009-12-31": "56.30010", "2009-09-30": "52.10000", "2009-06-30": "63.10000", "2009-03-31": "77.00000", "2008-12-31": "61.90000", "2008-09-30": "71.10000", "2008-06-30": "76.10000", "2008-03-31": "80.10000", "2007-12-31": "74.20000", "2007-09-30": "66.90000", "2007-06-30": "70.40000", "2007-03-31": "71.50000", "2006-12-31": "53.70000", "2006-09-30": "57.30000", "2006-06-30": "67.50000", "2006-03-31": "70.00000", "2005-12-31": "29.40000", "2005-09-30": "58.40000", "2005-06-30": "70.60000", "2005-03-31": "65.80000"}, "Research And Development Expenses": {"2020-12-31": "10.60000", "2020-09-30": "10.70000", "2020-06-30": "11.30000", "2020-03-31": "14.00000", "2019-12-31": "13.20000", "2019-09-30": "14.20000", "2019-06-30": "14.20000", "2019-03-31": "14.90000", "2018-12-31": "15.20000", "2018-09-30": "13.90000", "2018-06-30": "13.00000", "2018-03-31": "13.80000", "2017-12-31": "12.90000", "2017-09-30": "11.80000", "2017-06-30": "12.10000", "2017-03-31": "12.60000", "2016-12-31": "12.10000", "2016-09-30": "11.50000", "2016-06-30": "11.60000", "2016-03-31": "11.70000", "2015-12-31": "10.80000", "2015-09-30": "10.60000", "2015-06-30": "10.40000", "2015-03-31": "12.50000", "2014-12-31": "13.30000", "2014-09-30": "10.10000", "2014-06-30": "10.90000", "2014-03-31": "13.60000", "2013-12-31": "10.40000", "2013-09-30": "10.20000", "2013-06-30": "10.10000", "2013-03-31": "11.00000", "2012-12-31": "10.00000", "2012-09-30": "8.90000", "2012-06-30": "8.60000", "2012-03-31": "9.20000", "2011-12-31": "8.20000", "2011-09-30": "7.90000", "2011-06-30": "7.90000", "2011-03-31": "8.60000", "2010-12-31": "7.80000", "2010-09-30": "7.30000", "2010-06-30": "8.30000", "2010-03-31": "7.40000", "2009-12-31": "7.50000", "2009-09-30": "8.40000", "2009-06-30": "6.40000", "2009-03-31": "7.80000", "2008-12-31": "7.30000", "2008-09-30": "7.60000", "2008-06-30": "8.00000", "2008-03-31": "8.50000", "2007-12-31": "8.50000", "2007-09-30": "7.70000", "2007-06-30": "8.50000", "2007-03-31": "9.50000", "2006-12-31": "7.90000", "2006-09-30": "6.80000", "2006-06-30": "7.40000", "2006-03-31": "7.60000", "2005-12-31": "5.30000", "2005-09-30": "6.00000", "2005-06-30": "7.70000", "2005-03-31": "5.80000"}, "SG&A Expenses": {"2020-12-31": "25.90000", "2020-09-30": "24.60000", "2020-06-30": "24.10000", "2020-03-31": "46.50000", "2019-12-31": "35.90000", "2019-09-30": "33.80000", "2019-06-30": "39.50000", "2019-03-31": "49.50000", "2018-12-31": "31.70000", "2018-09-30": "32.60000", "2018-06-30": "35.30000", "2018-03-31": "46.40000", "2017-12-31": "36.10000", "2017-09-30": "34.70000", "2017-06-30": "38.10000", "2017-03-31": "42.90000", "2016-12-31": "36.50000", "2016-09-30": "35.10000", "2016-06-30": "38.60000", "2016-03-31": "47.40000", "2015-12-31": "35.80000", "2015-09-30": "35.50000", "2015-06-30": "38.10000", "2015-03-31": "46.70000", "2014-12-31": "38.10000", "2014-09-30": "32.90000", "2014-06-30": "37.10000", "2014-03-31": "41.00000", "2013-12-31": "35.70000", "2013-09-30": "32.90000", "2013-06-30": "34.80000", "2013-03-31": "38.00000", "2012-12-31": "31.30000", "2012-09-30": "30.30000", "2012-06-30": "32.50000", "2012-03-31": "36.60000", "2011-12-31": "28.00000", "2011-09-30": "29.90000", "2011-06-30": "29.70000", "2011-03-31": "32.90000", "2010-12-31": "28.80000", "2010-09-30": "28.70000", "2010-06-30": "29.60000", "2010-03-31": "31.40000", "2009-12-31": "26.80000", "2009-09-30": "25.80000", "2009-06-30": "25.30000", "2009-03-31": "29.30000", "2008-12-31": "24.10000", "2008-09-30": "26.90000", "2008-06-30": "30.00000", "2008-03-31": "31.90000", "2007-12-31": "29.20000", "2007-09-30": "26.40000", "2007-06-30": "27.40000", "2007-03-31": "31.00000", "2006-12-31": "23.20000", "2006-09-30": "26.10000", "2006-06-30": "25.90000", "2006-03-31": "30.30000", "2005-12-31": "17.20000", "2005-09-30": "26.90000", "2005-06-30": "26.50000", "2005-03-31": "26.50000"}, "Other Operating Income Or Expenses": {"2020-12-31": "-14.30000", "2020-09-30": "-15.80000", "2020-06-30": "-13.10000", "2020-03-31": "-14.70000", "2019-12-31": "", "2019-09-30": "", "2019-06-30": "", "2019-03-31": "", "2018-12-31": "", "2018-09-30": "", "2018-06-30": "", "2018-03-31": "", "2017-12-31": "", "2017-09-30": "", "2017-06-30": "", "2017-03-31": "", "2016-12-31": "", "2016-09-30": "", "2016-06-30": "", "2016-03-31": "", "2015-12-31": "", "2015-09-30": "", "2015-06-30": "", "2015-03-31": "", "2014-12-31": "", "2014-09-30": "", "2014-06-30": "-6.00000", "2014-03-31": "", "2013-12-31": "", "2013-09-30": "", "2013-06-30": "", "2013-03-31": "", "2012-12-31": "", "2012-09-30": "", "2012-06-30": "9.50000", "2012-03-31": "", "2011-12-31": "", "2011-09-30": "-2.70000", "2011-06-30": "0.00000", "2011-03-31": "5.70000", "2010-12-31": "", "2010-09-30": "0.00000", "2010-06-30": "", "2010-03-31": "-3.50000", "2009-12-31": "-7.50000", "2009-09-30": "1.70000", "2009-06-30": "-1.70000", "2009-03-31": "", "2008-12-31": "0.10000", "2008-09-30": "", "2008-06-30": "-7.60000", "2008-03-31": "-2.70000", "2007-12-31": "", "2007-09-30": "", "2007-06-30": "", "2007-03-31": "", "2006-12-31": "", "2006-09-30": "", "2006-06-30": "", "2006-03-31": "", "2005-12-31": "0.00000", "2005-09-30": "-15.80000", "2005-06-30": "0.90000", "2005-03-31": "-0.20000"}, "Operating Expenses": {"2020-12-31": "316.20000", "2020-09-30": "324.50000", "2020-06-30": "372.30000", "2020-03-31": "475.30000", "2019-12-31": "466.90000", "2019-09-30": "462.60000", "2019-06-30": "493.90000", "2019-03-31": "507.10000", "2018-12-31": "465.20000", "2018-09-30": "444.00000", "2018-06-30": "451.00000", "2018-03-31": "457.70000", "2017-12-31": "418.50010", "2017-09-30": "402.40000", "2017-06-30": "401.60000", "2017-03-31": "400.20000", "2016-12-31": "396.49990", "2016-09-30": "411.40000", "2016-06-30": "422.50000", "2016-03-31": "413.80000", "2015-12-31": "383.70000", "2015-09-30": "370.80000", "2015-06-30": "385.10000", "2015-03-31": "389.20000", "2014-12-31": "394.69990", "2014-09-30": "372.90000", "2014-06-30": "395.00000", "2014-03-31": "387.10000", "2013-12-31": "359.79990", "2013-09-30": "343.30000", "2013-06-30": "350.70000", "2013-03-31": "353.50000", "2012-12-31": "332.99980", "2012-09-30": "331.60000", "2012-06-30": "325.30000", "2012-03-31": "339.50000", "2011-12-31": "305.90010", "2011-09-30": "305.80000", "2011-06-30": "304.30000", "2011-03-31": "284.40000", "2010-12-31": "280.00010", "2010-09-30": "260.00000", "2010-06-30": "264.60000", "2010-03-31": "239.20000", "2009-12-31": "252.10000", "2009-09-30": "237.50000", "2009-06-30": "247.60000", "2009-03-31": "267.40000", "2008-12-31": "260.90000", "2008-09-30": "294.80000", "2008-06-30": "330.20000", "2008-03-31": "308.10000", "2007-12-31": "296.80000", "2007-09-30": "250.90000", "2007-06-30": "255.80000", "2007-03-31": "252.70000", "2006-12-31": "205.50000", "2006-09-30": "228.40000", "2006-06-30": "240.10000", "2006-03-31": "272.10000", "2005-12-31": "73.30000", "2005-09-30": "267.90000", "2005-06-30": "274.40000", "2005-03-31": "257.70000"}, "Operating Income": {"2020-12-31": "-20.40000", "2020-09-30": "-37.60000", "2020-06-30": "6.40000", "2020-03-31": "65.70000", "2019-12-31": "97.39990", "2019-09-30": "109.90000", "2019-06-30": "115.10000", "2019-03-31": "102.80000", "2018-12-31": "95.80010", "2018-09-30": "96.50000", "2018-06-30": "96.50000", "2018-03-31": "82.40000", "2017-12-31": "93.20000", "2017-09-30": "89.10000", "2017-06-30": "89.70000", "2017-03-31": "78.60000", "2016-12-31": "87.00020", "2016-09-30": "89.10000", "2016-06-30": "100.10000", "2016-03-31": "83.90000", "2015-12-31": "81.19990", "2015-09-30": "78.00000", "2015-06-30": "90.60000", "2015-03-31": "82.60000", "2014-12-31": "77.10010", "2014-09-30": "79.00000", "2014-06-30": "75.10000", "2014-03-31": "74.60000", "2013-12-31": "67.00000", "2013-09-30": "69.00000", "2013-06-30": "71.90000", "2013-03-31": "63.00000", "2012-12-31": "54.30010", "2012-09-30": "60.00000", "2012-06-30": "73.90000", "2012-03-31": "60.60000", "2011-12-31": "49.40000", "2011-09-30": "46.00000", "2011-06-30": "49.40000", "2011-03-31": "47.20000", "2010-12-31": "30.99990", "2010-09-30": "34.50000", "2010-06-30": "40.50000", "2010-03-31": "23.80000", "2009-12-31": "14.50010", "2009-09-30": "19.60000", "2009-06-30": "29.70000", "2009-03-31": "39.90000", "2008-12-31": "28.60000", "2008-09-30": "36.60000", "2008-06-30": "29.30000", "2008-03-31": "36.40000", "2007-12-31": "20.80000", "2007-09-30": "30.20000", "2007-06-30": "34.00000", "2007-03-31": "29.90000", "2006-12-31": "16.50000", "2006-09-30": "23.90000", "2006-06-30": "33.90000", "2006-03-31": "29.10000", "2005-12-31": "5.80000", "2005-09-30": "8.70000", "2005-06-30": "36.90000", "2005-03-31": "32.90000"}, "Total Non-Operating Income/Expense": {"2020-12-31": "-9.40000", "2020-09-30": "-9.70000", "2020-06-30": "-10.70000", "2020-03-31": "-12.00000", "2019-12-31": "-10.60000", "2019-09-30": "-11.00000", "2019-06-30": "-11.90000", "2019-03-31": "-12.00000", "2018-12-31": "-10.40000", "2018-09-30": "-10.60000", "2018-06-30": "-8.70000", "2018-03-31": "-8.00000", "2017-12-31": "-7.40000", "2017-09-30": "-7.00000", "2017-06-30": "-6.80000", "2017-03-31": "-6.20000", "2016-12-31": "-5.30000", "2016-09-30": "-5.50000", "2016-06-30": "-6.10000", "2016-03-31": "-5.60000", "2015-12-31": "-5.20000", "2015-09-30": "-4.60000", "2015-06-30": "-2.50000", "2015-03-31": "-1.90000", "2014-12-31": "-2.10000", "2014-09-30": "-2.60000", "2014-06-30": "-2.00000", "2014-03-31": "-1.80000", "2013-12-31": "-1.60000", "2013-09-30": "-1.90000", "2013-06-30": "-3.10000", "2013-03-31": "-1.70000", "2012-12-31": "-1.80000", "2012-09-30": "-2.20000", "2012-06-30": "-4.10000", "2012-03-31": "-3.00000", "2011-12-31": "-2.30000", "2011-09-30": "-2.20000", "2011-06-30": "-2.90000", "2011-03-31": "-9.10000", "2010-12-31": "-4.20000", "2010-09-30": "-12.10000", "2010-06-30": "-7.10000", "2010-03-31": "-6.60000", "2009-12-31": "-6.30000", "2009-09-30": "-6.90000", "2009-06-30": "-7.50000", "2009-03-31": "-5.40000", "2008-12-31": "-4.00000", "2008-09-30": "-5.30000", "2008-06-30": "-5.90000", "2008-03-31": "-5.00000", "2007-12-31": "-4.60000", "2007-09-30": "-5.80000", "2007-06-30": "-6.00000", "2007-03-31": "-6.10000", "2006-12-31": "-4.10000", "2006-09-30": "-5.70000", "2006-06-30": "-6.10000", "2006-03-31": "-7.80000", "2005-12-31": "-2.90000", "2005-09-30": "-7.40000", "2005-06-30": "-8.00000", "2005-03-31": "-52.20000"}, "Pre-Tax Income": {"2020-12-31": "-29.80000", "2020-09-30": "-47.30000", "2020-06-30": "-4.30000", "2020-03-31": "53.70000", "2019-12-31": "86.80000", "2019-09-30": "98.90000", "2019-06-30": "103.20000", "2019-03-31": "90.80000", "2018-12-31": "85.40000", "2018-09-30": "85.90000", "2018-06-30": "87.80000", "2018-03-31": "74.40000", "2017-12-31": "85.80000", "2017-09-30": "82.10000", "2017-06-30": "82.90000", "2017-03-31": "72.40000", "2016-12-31": "81.70000", "2016-09-30": "83.60000", "2016-06-30": "94.00000", "2016-03-31": "78.30000", "2015-12-31": "76.00000", "2015-09-30": "73.40000", "2015-06-30": "88.10000", "2015-03-31": "80.70000", "2014-12-31": "75.00000", "2014-09-30": "76.40000", "2014-06-30": "73.10000", "2014-03-31": "72.80000", "2013-12-31": "65.40000", "2013-09-30": "67.10000", "2013-06-30": "68.80000", "2013-03-31": "61.30000", "2012-12-31": "52.50000", "2012-09-30": "57.80000", "2012-06-30": "69.80000", "2012-03-31": "57.60000", "2011-12-31": "47.10000", "2011-09-30": "43.80000", "2011-06-30": "46.50000", "2011-03-31": "38.10000", "2010-12-31": "26.80000", "2010-09-30": "22.40000", "2010-06-30": "33.40000", "2010-03-31": "17.20000", "2009-12-31": "8.20000", "2009-09-30": "12.70000", "2009-06-30": "22.20000", "2009-03-31": "34.50000", "2008-12-31": "24.60000", "2008-09-30": "31.30000", "2008-06-30": "23.40000", "2008-03-31": "31.40000", "2007-12-31": "16.20000", "2007-09-30": "24.40000", "2007-06-30": "28.00000", "2007-03-31": "23.80000", "2006-12-31": "12.40000", "2006-09-30": "18.20000", "2006-06-30": "27.80000", "2006-03-31": "21.30000", "2005-12-31": "2.90000", "2005-09-30": "1.30000", "2005-06-30": "28.90000", "2005-03-31": "-19.30000"}, "Income Taxes": {"2020-12-31": "-12.30000", "2020-09-30": "-56.90000", "2020-06-30": "-3.60000", "2020-03-31": "11.80000", "2019-12-31": "14.40000", "2019-09-30": "18.20000", "2019-06-30": "23.60000", "2019-03-31": "20.60000", "2018-12-31": "20.60000", "2018-09-30": "7.80000", "2018-06-30": "20.00000", "2018-03-31": "14.10000", "2017-12-31": "-1.80000", "2017-09-30": "13.60000", "2017-06-30": "22.10000", "2017-03-31": "8.60000", "2016-12-31": "22.80000", "2016-09-30": "16.10000", "2016-06-30": "28.70000", "2016-03-31": "22.70000", "2015-12-31": "22.40000", "2015-09-30": "20.70000", "2015-06-30": "27.00000", "2015-03-31": "12.90000", "2014-12-31": "22.40000", "2014-09-30": "21.20000", "2014-06-30": "22.90000", "2014-03-31": "22.80000", "2013-12-31": "18.80000", "2013-09-30": "18.70000", "2013-06-30": "20.60000", "2013-03-31": "17.90000", "2012-12-31": "15.60000", "2012-09-30": "18.00000", "2012-06-30": "22.10000", "2012-03-31": "18.40000", "2011-12-31": "8.10000", "2011-09-30": "12.00000", "2011-06-30": "9.30000", "2011-03-31": "12.20000", "2010-12-31": "4.00000", "2010-09-30": "6.80000", "2010-06-30": "10.60000", "2010-03-31": "1.50000", "2009-12-31": "2.60000", "2009-09-30": "2.50000", "2009-06-30": "5.70000", "2009-03-31": "11.20000", "2008-12-31": "-3.30000", "2008-09-30": "11.30000", "2008-06-30": "-2.00000", "2008-03-31": "9.60000", "2007-12-31": "4.30000", "2007-09-30": "7.20000", "2007-06-30": "11.90000", "2007-03-31": "10.00000", "2006-12-31": "11.40000", "2006-09-30": "4.00000", "2006-06-30": "10.90000", "2006-03-31": "8.40000", "2005-12-31": "-122.40000", "2005-09-30": "1.40000", "2005-06-30": "3.60000", "2005-03-31": "3.60000"}, "Income After Taxes": {"2020-12-31": "-17.50000", "2020-09-30": "9.60000", "2020-06-30": "-0.70000", "2020-03-31": "41.90000", "2019-12-31": "72.40000", "2019-09-30": "80.70000", "2019-06-30": "79.60000", "2019-03-31": "70.20000", "2018-12-31": "64.80000", "2018-09-30": "78.10000", "2018-06-30": "67.80000", "2018-03-31": "60.30000", "2017-12-31": "87.60000", "2017-09-30": "68.50000", "2017-06-30": "60.80000", "2017-03-31": "63.80000", "2016-12-31": "58.90000", "2016-09-30": "67.50000", "2016-06-30": "65.30000", "2016-03-31": "55.60000", "2015-12-31": "53.60000", "2015-09-30": "52.70000", "2015-06-30": "61.10000", "2015-03-31": "67.80000", "2014-12-31": "52.60000", "2014-09-30": "55.20000", "2014-06-30": "50.20000", "2014-03-31": "50.00000", "2013-12-31": "46.60000", "2013-09-30": "48.40000", "2013-06-30": "48.20000", "2013-03-31": "43.40000", "2012-12-31": "36.90000", "2012-09-30": "39.80000", "2012-06-30": "47.70000", "2012-03-31": "39.20000", "2011-12-31": "39.00000", "2011-09-30": "31.80000", "2011-06-30": "37.20000", "2011-03-31": "25.90000", "2010-12-31": "22.80000", "2010-09-30": "15.60000", "2010-06-30": "22.80000", "2010-03-31": "15.70000", "2009-12-31": "5.60000", "2009-09-30": "10.20000", "2009-06-30": "16.50000", "2009-03-31": "23.30000", "2008-12-31": "27.90000", "2008-09-30": "20.00000", "2008-06-30": "25.40000", "2008-03-31": "21.80000", "2007-12-31": "11.90000", "2007-09-30": "17.20000", "2007-06-30": "16.10000", "2007-03-31": "13.80000", "2006-12-31": "1.00000", "2006-09-30": "14.20000", "2006-06-30": "16.90000", "2006-03-31": "12.90000", "2005-12-31": "125.30000", "2005-09-30": "-0.10000", "2005-06-30": "25.30000", "2005-03-31": "-22.90000"}, "Other Income": {"2020-12-31": "", "2020-09-30": "", "2020-06-30": "", "2020-03-31": "", "2019-12-31": "", "2019-09-30": "", "2019-06-30": "", "2019-03-31": "", "2018-12-31": "", "2018-09-30": "", "2018-06-30": "", "2018-03-31": "", "2017-12-31": "", "2017-09-30": "", "2017-06-30": "", "2017-03-31": "", "2016-12-31": "", "2016-09-30": "", "2016-06-30": "", "2016-03-31": "", "2015-12-31": "", "2015-09-30": "", "2015-06-30": "", "2015-03-31": "", "2014-12-31": "", "2014-09-30": "", "2014-06-30": "", "2014-03-31": "", "2013-12-31": "", "2013-09-30": "", "2013-06-30": "", "2013-03-31": "", "2012-12-31": "", "2012-09-30": "", "2012-06-30": "", "2012-03-31": "", "2011-12-31": "", "2011-09-30": "", "2011-06-30": "", "2011-03-31": "", "2010-12-31": "", "2010-09-30": "", "2010-06-30": "", "2010-03-31": "", "2009-12-31": "", "2009-09-30": "", "2009-06-30": "", "2009-03-31": "", "2008-12-31": "", "2008-09-30": "", "2008-06-30": "", "2008-03-31": "", "2007-12-31": "", "2007-09-30": "", "2007-06-30": "", "2007-03-31": "", "2006-12-31": "", "2006-09-30": "", "2006-06-30": "", "2006-03-31": "", "2005-12-31": "", "2005-09-30": "", "2005-06-30": "", "2005-03-31": ""}, "Income From Continuous Operations": {"2020-12-31": "-19.40000", "2020-09-30": "9.70000", "2020-06-30": "-1.00000", "2020-03-31": "42.40000", "2019-12-31": "73.20010", "2019-09-30": "80.30000", "2019-06-30": "80.90000", "2019-03-31": "72.20000", "2018-12-31": "66.10000", "2018-09-30": "80.10000", "2018-06-30": "68.80000", "2018-03-31": "61.60000", "2017-12-31": "88.10000", "2017-09-30": "69.70000", "2017-06-30": "61.60000", "2017-03-31": "64.60000", "2016-12-31": "59.50000", "2016-09-30": "68.20000", "2016-06-30": "66.10000", "2016-03-31": "56.00000", "2015-12-31": "53.90000", "2015-09-30": "53.50000", "2015-06-30": "61.70000", "2015-03-31": "68.10000", "2014-12-31": "52.90000", "2014-09-30": "55.80000", "2014-06-30": "50.60000", "2014-03-31": "50.10000", "2013-12-31": "47.10000", "2013-09-30": "48.70000", "2013-06-30": "48.50000", "2013-03-31": "43.60000", "2012-12-31": "36.90000", "2012-09-30": "39.80000", "2012-06-30": "48.00000", "2012-03-31": "39.60000", "2011-12-31": "39.50000", "2011-09-30": "32.20000", "2011-06-30": "37.40000", "2011-03-31": "26.40000", "2010-12-31": "22.90000", "2010-09-30": "15.60000", "2010-06-30": "23.10000", "2010-03-31": "15.80000", "2009-12-31": "5.70000", "2009-09-30": "10.40000", "2009-06-30": "16.80000", "2009-03-31": "23.40000", "2008-12-31": "28.30000", "2008-09-30": "33.00000", "2008-06-30": "26.70000", "2008-03-31": "23.20000", "2007-12-31": "12.90000", "2007-09-30": "18.10000", "2007-06-30": "17.50000", "2007-03-31": "14.80000", "2006-12-31": "17.70000", "2006-09-30": "15.20000", "2006-06-30": "18.00000", "2006-03-31": "14.00000", "2005-12-31": "126.30000", "2005-09-30": "1.10000", "2005-06-30": "26.20000", "2005-03-31": "-22.40000"}, "Income From Discontinued Operations": {"2020-12-31": "", "2020-09-30": "", "2020-06-30": "", "2020-03-31": "", "2019-12-31": "", "2019-09-30": "", "2019-06-30": "", "2019-03-31": "", "2018-12-31": "", "2018-09-30": "", "2018-06-30": "", "2018-03-31": "", "2017-12-31": "", "2017-09-30": "", "2017-06-30": "", "2017-03-31": "", "2016-12-31": "", "2016-09-30": "", "2016-06-30": "", "2016-03-31": "", "2015-12-31": "", "2015-09-30": "", "2015-06-30": "", "2015-03-31": "", "2014-12-31": "", "2014-09-30": "", "2014-06-30": "", "2014-03-31": "", "2013-12-31": "", "2013-09-30": "", "2013-06-30": "", "2013-03-31": "", "2012-12-31": "", "2012-09-30": "", "2012-06-30": "", "2012-03-31": "", "2011-12-31": "", "2011-09-30": "", "2011-06-30": "", "2011-03-31": "", "2010-12-31": "", "2010-09-30": "", "2010-06-30": "", "2010-03-31": "", "2009-12-31": "", "2009-09-30": "", "2009-06-30": "", "2009-03-31": "", "2008-12-31": "", "2008-09-30": "", "2008-06-30": "", "2008-03-31": "", "2007-12-31": "-1.20000", "2007-09-30": "-0.80000", "2007-06-30": "-8.70000", "2007-03-31": "8.70000", "2006-12-31": "0.40000", "2006-09-30": "0.50000", "2006-06-30": "-0.40000", "2006-03-31": "0.50000", "2005-12-31": "", "2005-09-30": "", "2005-06-30": "", "2005-03-31": ""}, "Net Income": {"2020-12-31": "-19.40000", "2020-09-30": "9.70000", "2020-06-30": "-1.00000", "2020-03-31": "42.40000", "2019-12-31": "73.20000", "2019-09-30": "80.30000", "2019-06-30": "80.90000", "2019-03-31": "72.20000", "2018-12-31": "66.10000", "2018-09-30": "80.10000", "2018-06-30": "68.80000", "2018-03-31": "61.60000", "2017-12-31": "88.10000", "2017-09-30": "69.70000", "2017-06-30": "61.60000", "2017-03-31": "64.60000", "2016-12-31": "59.50000", "2016-09-30": "68.20000", "2016-06-30": "66.10000", "2016-03-31": "56.00000", "2015-12-31": "53.90000", "2015-09-30": "53.50000", "2015-06-30": "61.70000", "2015-03-31": "68.10000", "2014-12-31": "52.90000", "2014-09-30": "55.80000", "2014-06-30": "50.60000", "2014-03-31": "50.10000", "2013-12-31": "47.10000", "2013-09-30": "48.70000", "2013-06-30": "48.50000", "2013-03-31": "43.60000", "2012-12-31": "36.90000", "2012-09-30": "39.80000", "2012-06-30": "48.00000", "2012-03-31": "39.60000", "2011-12-31": "39.50000", "2011-09-30": "32.20000", "2011-06-30": "37.40000", "2011-03-31": "26.40000", "2010-12-31": "22.90000", "2010-09-30": "15.60000", "2010-06-30": "23.10000", "2010-03-31": "15.80000", "2009-12-31": "5.70000", "2009-09-30": "10.40000", "2009-06-30": "16.80000", "2009-03-31": "23.40000", "2008-12-31": "28.30000", "2008-09-30": "33.00000", "2008-06-30": "26.70000", "2008-03-31": "23.20000", "2007-12-31": "11.70000", "2007-09-30": "17.30000", "2007-06-30": "8.80000", "2007-03-31": "23.50000", "2006-12-31": "18.10000", "2006-09-30": "15.70000", "2006-06-30": "17.60000", "2006-03-31": "14.50000", "2005-12-31": "122.00000", "2005-09-30": "-10.70000", "2005-06-30": "23.90000", "2005-03-31": "-24.70000"}, "EBITDA": {"2020-12-31": "", "2020-09-30": "-1.80000", "2020-06-30": "41.50000", "2020-03-31": "101.50000", "2019-12-31": "131.79990", "2019-09-30": "144.50000", "2019-06-30": "149.70000", "2019-03-31": "141.80000", "2018-12-31": "128.50010", "2018-09-30": "128.20000", "2018-06-30": "126.70000", "2018-03-31": "112.50000", "2017-12-31": "121.50000", "2017-09-30": "116.10000", "2017-06-30": "114.80000", "2017-03-31": "103.40000", "2016-12-31": "111.60020", "2016-09-30": "112.90000", "2016-06-30": "124.20000", "2016-03-31": "106.40000", "2015-12-31": "101.39990", "2015-09-30": "97.60000", "2015-06-30": "109.70000", "2015-03-31": "101.20000", "2014-12-31": "96.00010", "2014-09-30": "97.50000", "2014-06-30": "93.10000", "2014-03-31": "92.00000", "2013-12-31": "83.80000", "2013-09-30": "84.00000", "2013-06-30": "86.70000", "2013-03-31": "77.80000", "2012-12-31": "69.10010", "2012-09-30": "75.10000", "2012-06-30": "89.80000", "2012-03-31": "75.10000", "2011-12-31": "63.80000", "2011-09-30": "60.20000", "2011-06-30": "63.70000", "2011-03-31": "66.70000", "2010-12-31": "45.39990", "2010-09-30": "55.60000", "2010-06-30": "55.00000", "2010-03-31": "37.30000", "2009-12-31": "27.50010", "2009-09-30": "32.80000", "2009-06-30": "43.60000", "2009-03-31": "51.30000", "2008-12-31": "39.80000", "2008-09-30": "47.80000", "2008-06-30": "41.10000", "2008-03-31": "47.80000", "2007-12-31": "30.10000", "2007-09-30": "41.90000", "2007-06-30": "44.40000", "2007-03-31": "40.00000", "2006-12-31": "26.70000", "2006-09-30": "33.30000", "2006-06-30": "41.60000", "2006-03-31": "40.80000", "2005-12-31": "9.40000", "2005-09-30": "20.60000", "2005-06-30": "49.10000", "2005-03-31": "46.00000"}, "EBIT": {"2020-12-31": "-20.40000", "2020-09-30": "-37.60000", "2020-06-30": "6.40000", "2020-03-31": "65.70000", "2019-12-31": "97.40000", "2019-09-30": "109.90000", "2019-06-30": "115.10000", "2019-03-31": "102.80000", "2018-12-31": "95.80010", "2018-09-30": "96.50000", "2018-06-30": "96.50000", "2018-03-31": "82.40000", "2017-12-31": "93.20000", "2017-09-30": "89.10000", "2017-06-30": "89.70000", "2017-03-31": "78.60000", "2016-12-31": "87.00010", "2016-09-30": "89.10000", "2016-06-30": "100.10000", "2016-03-31": "83.90000", "2015-12-31": "81.20000", "2015-09-30": "78.00000", "2015-06-30": "90.60000", "2015-03-31": "82.60000", "2014-12-31": "77.10000", "2014-09-30": "79.00000", "2014-06-30": "75.10000", "2014-03-31": "74.60000", "2013-12-31": "67.00000", "2013-09-30": "69.00000", "2013-06-30": "71.90000", "2013-03-31": "63.00000", "2012-12-31": "54.30010", "2012-09-30": "60.00000", "2012-06-30": "73.90000", "2012-03-31": "60.60000", "2011-12-31": "49.40000", "2011-09-30": "46.00000", "2011-06-30": "49.40000", "2011-03-31": "47.20000", "2010-12-31": "30.99990", "2010-09-30": "34.50000", "2010-06-30": "40.50000", "2010-03-31": "23.80000", "2009-12-31": "14.50010", "2009-09-30": "19.60000", "2009-06-30": "29.70000", "2009-03-31": "39.90000", "2008-12-31": "28.60000", "2008-09-30": "36.60000", "2008-06-30": "29.30000", "2008-03-31": "36.40000", "2007-12-31": "20.79990", "2007-09-30": "30.20000", "2007-06-30": "34.00000", "2007-03-31": "29.90000", "2006-12-31": "16.50000", "2006-09-30": "23.90000", "2006-06-30": "33.90000", "2006-03-31": "29.10000", "2005-12-31": "5.80000", "2005-09-30": "8.70000", "2005-06-30": "36.90000", "2005-03-31": "32.90000"}, "Basic Shares Outstanding": {"2020-12-31": "83.80000", "2020-09-30": "83.80000", "2020-06-30": "83.70000", "2020-03-31": "83.70000", "2019-12-31": "84.90000", "2019-09-30": "85.10000", "2019-06-30": "85.20000", "2019-03-31": "85.00000", "2018-12-31": "87.90000", "2018-09-30": "87.00000", "2018-06-30": "88.80000", "2018-03-31": "90.00000", "2017-12-31": "90.60000", "2017-09-30": "90.10000", "2017-06-30": "90.70000", "2017-03-31": "91.40000", "2016-12-31": "92.80000", "2016-09-30": "92.70000", "2016-06-30": "93.10000", "2016-03-31": "93.40000", "2015-12-31": "95.80000", "2015-09-30": "95.80000", "2015-06-30": "96.60000", "2015-03-31": "96.20000", "2014-12-31": "96.80000", "2014-09-30": "95.80000", "2014-06-30": "97.30000", "2014-03-31": "98.50000", "2013-12-31": "100.00000", "2013-09-30": "99.70000", "2013-06-30": "100.00000", "2013-03-31": "100.40000", "2012-12-31": "100.20000", "2012-09-30": "100.30000", "2012-06-30": "100.20000", "2012-03-31": "99.80000", "2011-12-31": "98.80000", "2011-09-30": "99.00000", "2011-06-30": "98.60000", "2011-03-31": "98.20000", "2010-12-31": "97.60000", "2010-09-30": "97.70000", "2010-06-30": "97.50000", "2010-03-31": "97.30000", "2009-12-31": "96.90000", "2009-09-30": "96.90000", "2009-06-30": "96.90000", "2009-03-31": "96.80000", "2008-12-31": "96.40000", "2008-09-30": "96.50000", "2008-06-30": "96.20000", "2008-03-31": "96.10000", "2007-12-31": "94.70000", "2007-09-30": "94.90000", "2007-06-30": "94.40000", "2007-03-31": "94.00000", "2006-12-31": "93.40000", "2006-09-30": "93.70000", "2006-06-30": "93.40000", "2006-03-31": "92.90000", "2005-12-31": "60.00000", "2005-09-30": "62.40000", "2005-06-30": "54.50000", "2005-03-31": "53.90000"}, "Shares Outstanding": {"2020-12-31": "83.80000", "2020-09-30": "84.00000", "2020-06-30": "83.70000", "2020-03-31": "84.30000", "2019-12-31": "85.80000", "2019-09-30": "86.10000", "2019-06-30": "86.20000", "2019-03-31": "86.00000", "2018-12-31": "89.00000", "2018-09-30": "88.10000", "2018-06-30": "89.90000", "2018-03-31": "91.20000", "2017-12-31": "91.90000", "2017-09-30": "91.40000", "2017-06-30": "92.00000", "2017-03-31": "92.90000", "2016-12-31": "94.20000", "2016-09-30": "94.10000", "2016-06-30": "94.60000", "2016-03-31": "94.80000", "2015-12-31": "97.20000", "2015-09-30": "97.30000", "2015-06-30": "98.20000", "2015-03-31": "97.90000", "2014-12-31": "98.70000", "2014-09-30": "97.70000", "2014-06-30": "99.20000", "2014-03-31": "100.60000", "2013-12-31": "102.10000", "2013-09-30": "101.70000", "2013-06-30": "101.80000", "2013-03-31": "102.10000", "2012-12-31": "102.00000", "2012-09-30": "102.10000", "2012-06-30": "102.00000", "2012-03-31": "101.70000", "2011-12-31": "100.70000", "2011-09-30": "101.10000", "2011-06-30": "100.70000", "2011-03-31": "100.40000", "2010-12-31": "99.90000", "2010-09-30": "100.00000", "2010-06-30": "99.70000", "2010-03-31": "99.00000", "2009-12-31": "98.20000", "2009-09-30": "98.10000", "2009-06-30": "97.80000", "2009-03-31": "97.20000", "2008-12-31": "97.60000", "2008-09-30": "97.80000", "2008-06-30": "97.80000", "2008-03-31": "97.70000", "2007-12-31": "96.50000", "2007-09-30": "96.70000", "2007-06-30": "96.30000", "2007-03-31": "96.10000", "2006-12-31": "95.50000", "2006-09-30": "95.20000", "2006-06-30": "95.50000", "2006-03-31": "95.10000", "2005-12-31": "93.70000", "2005-09-30": "62.40000", "2005-06-30": "94.90000", "2005-03-31": "53.90000"}, "Basic EPS": {"2020-12-31": "-0.23000", "2020-09-30": "0.12000", "2020-06-30": "-0.01000", "2020-03-31": "0.51000", "2019-12-31": "0.87000", "2019-09-30": "0.94000", "2019-06-30": "0.95000", "2019-03-31": "0.85000", "2018-12-31": "0.78000", "2018-09-30": "0.92000", "2018-06-30": "0.77000", "2018-03-31": "0.68000", "2017-12-31": "0.97000", "2017-09-30": "0.77000", "2017-06-30": "0.68000", "2017-03-31": "0.71000", "2016-12-31": "0.64000", "2016-09-30": "0.74000", "2016-06-30": "0.71000", "2016-03-31": "0.60000", "2015-12-31": "0.57000", "2015-09-30": "0.56000", "2015-06-30": "0.64000", "2015-03-31": "0.71000", "2014-12-31": "0.55000", "2014-09-30": "0.58000", "2014-06-30": "0.52000", "2014-03-31": "0.51000", "2013-12-31": "0.47000", "2013-09-30": "0.49000", "2013-06-30": "0.49000", "2013-03-31": "0.43000", "2012-12-31": "0.36000", "2012-09-30": "0.40000", "2012-06-30": "0.48000", "2012-03-31": "0.40000", "2011-12-31": "0.39000", "2011-09-30": "0.33000", "2011-06-30": "0.38000", "2011-03-31": "0.27000", "2010-12-31": "0.23000", "2010-09-30": "0.16000", "2010-06-30": "0.24000", "2010-03-31": "0.16000", "2009-12-31": "0.06000", "2009-09-30": "0.11000", "2009-06-30": "0.17000", "2009-03-31": "0.24000", "2008-12-31": "0.29000", "2008-09-30": "0.34000", "2008-06-30": "0.28000", "2008-03-31": "0.24000", "2007-12-31": "0.13000", "2007-09-30": "0.18000", "2007-06-30": "0.09000", "2007-03-31": "0.25000", "2006-12-31": "0.19000", "2006-09-30": "0.17000", "2006-06-30": "0.19000", "2006-03-31": "0.16000", "2005-12-31": "2.03000", "2005-09-30": "-0.17000", "2005-06-30": "0.44000", "2005-03-31": "-0.46000"}, "EPS - Earnings Per Share": {"2020-12-31": "-0.23000", "2020-09-30": "0.12000", "2020-06-30": "-0.01000", "2020-03-31": "0.50000", "2019-12-31": "0.86000", "2019-09-30": "0.93000", "2019-06-30": "0.94000", "2019-03-31": "0.84000", "2018-12-31": "0.76000", "2018-09-30": "0.91000", "2018-06-30": "0.76000", "2018-03-31": "0.68000", "2017-12-31": "0.96000", "2017-09-30": "0.76000", "2017-06-30": "0.67000", "2017-03-31": "0.70000", "2016-12-31": "0.64000", "2016-09-30": "0.72000", "2016-06-30": "0.70000", "2016-03-31": "0.59000", "2015-12-31": "0.56000", "2015-09-30": "0.55000", "2015-06-30": "0.63000", "2015-03-31": "0.70000", "2014-12-31": "0.54000", "2014-09-30": "0.57000", "2014-06-30": "0.51000", "2014-03-31": "0.50000", "2013-12-31": "0.45000", "2013-09-30": "0.48000", "2013-06-30": "0.48000", "2013-03-31": "0.43000", "2012-12-31": "0.36000", "2012-09-30": "0.39000", "2012-06-30": "0.47000", "2012-03-31": "0.39000", "2011-12-31": "0.40000", "2011-09-30": "0.32000", "2011-06-30": "0.37000", "2011-03-31": "0.26000", "2010-12-31": "0.22000", "2010-09-30": "0.16000", "2010-06-30": "0.23000", "2010-03-31": "0.16000", "2009-12-31": "0.05000", "2009-09-30": "0.11000", "2009-06-30": "0.17000", "2009-03-31": "0.24000", "2008-12-31": "0.29000", "2008-09-30": "0.34000", "2008-06-30": "0.27000", "2008-03-31": "0.24000", "2007-12-31": "0.13000", "2007-09-30": "0.18000", "2007-06-30": "0.09000", "2007-03-31": "0.24000", "2006-12-31": "0.19000", "2006-09-30": "0.16000", "2006-06-30": "0.19000", "2006-03-31": "0.15000", "2005-12-31": "1.86000", "2005-09-30": "-0.17000", "2005-06-30": "0.28000", "2005-03-31": "-0.46000"}}, "balance sheet": {"Cash On Hand": {"2020-12-31": "103.30000", "2019-12-31": "64.40000", "2018-12-31": "32.70000", "2017-12-31": "60.10000", "2016-12-31": "35.20000", "2015-12-31": "51.80000", "2014-12-31": "70.90000", "2013-12-31": "65.50000", "2012-12-31": "32.60000", "2011-12-31": "49.50000", "2010-12-31": "117.20000", "2009-12-31": "110.10000", "2008-12-31": "50.90000", "2007-12-31": "28.10000", "2006-12-31": "25.70000", "2005-12-31": "21.00000"}, "Receivables": {"2020-12-31": "125.40000", "2019-12-31": "227.60000", "2018-12-31": "260.90000", "2017-12-31": "248.70000", "2016-12-31": "245.60000", "2015-12-31": "234.00000", "2014-12-31": "233.50000", "2013-12-31": "232.40000", "2012-12-31": "229.00000", "2011-12-31": "199.30000", "2010-12-31": "173.90000", "2009-12-31": "158.40000", "2008-12-31": "189.40000", "2007-12-31": "192.80000", "2006-12-31": "169.80000", "2005-12-31": "153.00000"}, "Inventory": {"2020-12-31": "213.50000", "2019-12-31": "333.10000", "2018-12-31": "297.80000", "2017-12-31": "314.00000", "2016-12-31": "291.00000", "2015-12-31": "307.20000", "2014-12-31": "290.10000", "2013-12-31": "265.30000", "2012-12-31": "232.80000", "2011-12-31": "215.70000", "2010-12-31": "169.90000", "2009-12-31": "157.20000", "2008-12-31": "195.30000", "2007-12-31": "179.40000", "2006-12-31": "150.80000", "2005-12-31": "146.00000"}, "Pre-Paid Expenses": {"2020-12-31": "38.00000", "2019-12-31": "27.10000", "2018-12-31": "33.90000", "2017-12-31": "33.90000", "2016-12-31": "35.20000", "2015-12-31": "40.80000", "2014-12-31": "87.20000", "2013-12-31": "93.20000", "2012-12-31": "81.30000", "2011-12-31": "59.80000", "2010-12-31": "36.70000", "2009-12-31": "35.40000", "2008-12-31": "45.10000", "2007-12-31": "34.70000", "2006-12-31": "35.40000", "2005-12-31": "42.70000"}, "Other Current Assets": {"2020-12-31": "55.70000", "2019-12-31": "52.70000", "2018-12-31": "50.50000", "2017-12-31": "", "2016-12-31": "", "2015-12-31": "", "2014-12-31": "", "2013-12-31": "", "2012-12-31": "", "2011-12-31": "", "2010-12-31": "", "2009-12-31": "", "2008-12-31": "", "2007-12-31": "", "2006-12-31": "44.10000", "2005-12-31": "7.60000"}, "Total Current Assets": {"2020-12-31": "535.90000", "2019-12-31": "704.90000", "2018-12-31": "675.80000", "2017-12-31": "656.70000", "2016-12-31": "607.00000", "2015-12-31": "633.80000", "2014-12-31": "681.70000", "2013-12-31": "656.40000", "2012-12-31": "575.70000", "2011-12-31": "524.30000", "2010-12-31": "497.70000", "2009-12-31": "461.10000", "2008-12-31": "480.70000", "2007-12-31": "435.00000", "2006-12-31": "425.80000", "2005-12-31": "370.30000"}, "Property, Plant, And Equipment": {"2020-12-31": "1874.20000", "2019-12-31": "1942.80000", "2018-12-31": "1876.50000", "2017-12-31": "1866.30000", "2016-12-31": "1625.60000", "2015-12-31": "1425.60000", "2014-12-31": "1238.20000", "2013-12-31": "1067.40000", "2012-12-31": "914.40000", "2011-12-31": "722.10000", "2010-12-31": "598.30000", "2009-12-31": "602.10000", "2008-12-31": "552.30000", "2007-12-31": "443.10000", "2006-12-31": "346.20000", "2005-12-31": "279.90000"}, "Long-Term Investments": {"2020-12-31": "44.70000", "2019-12-31": "46.50000", "2018-12-31": "48.70000", "2017-12-31": "47.70000", "2016-12-31": "53.10000", "2015-12-31": "30.40000", "2014-12-31": "34.20000", "2013-12-31": "23.30000", "2012-12-31": "22.60000", "2011-12-31": "21.70000", "2010-12-31": "19.90000", "2009-12-31": "17.70000", "2008-12-31": "10.60000", "2007-12-31": "17.50000", "2006-12-31": "11.10000", "2005-12-31": "14.30000"}, "Goodwill And Intangible Assets": {"2020-12-31": "277.80000", "2019-12-31": "280.40000", "2018-12-31": "142.30000", "2017-12-31": "148.70000", "2016-12-31": "72.20000", "2015-12-31": "58.90000", "2014-12-31": "59.80000", "2013-12-31": "61.00000", "2012-12-31": "57.80000", "2011-12-31": "57.40000", "2010-12-31": "56.20000", "2009-12-31": "56.70000", "2008-12-31": "56.00000", "2007-12-31": "56.80000", "2006-12-31": "58.80000", "2005-12-31": "74.50000"}, "Other Long-Term Assets": {"2020-12-31": "185.20000", "2019-12-31": "154.00000", "2018-12-31": "80.80000", "2017-12-31": "61.50000", "2016-12-31": "42.70000", "2015-12-31": "38.70000", "2014-12-31": "22.50000", "2013-12-31": "28.00000", "2012-12-31": "17.20000", "2011-12-31": "17.60000", "2010-12-31": "22.40000", "2009-12-31": "23.40000", "2008-12-31": "22.40000", "2007-12-31": "19.40000", "2006-12-31": "69.60000", "2005-12-31": "34.00000"}, "Total Long-Term Assets": {"2020-12-31": "2381.90000", "2019-12-31": "2423.70000", "2018-12-31": "2148.30000", "2017-12-31": "2124.20000", "2016-12-31": "1793.60000", "2015-12-31": "1553.60000", "2014-12-31": "1354.70000", "2013-12-31": "1179.70000", "2012-12-31": "1027.40000", "2011-12-31": "851.80000", "2010-12-31": "760.40000", "2009-12-31": "785.50000", "2008-12-31": "729.60000", "2007-12-31": "625.50010", "2006-12-31": "588.70000", "2005-12-31": "510.30000"}, "Total Assets": {"2020-12-31": "2917.80000", "2019-12-31": "3128.60000", "2018-12-31": "2824.10000", "2017-12-31": "2780.90000", "2016-12-31": "2400.60000", "2015-12-31": "2187.40000", "2014-12-31": "2036.40000", "2013-12-31": "1836.10000", "2012-12-31": "1603.10000", "2011-12-31": "1376.10000", "2010-12-31": "1258.10000", "2009-12-31": "1246.60000", "2008-12-31": "1210.30000", "2007-12-31": "1060.50000", "2006-12-31": "1014.50000", "2005-12-31": "880.60000"}, "Total Current Liabilities": {"2020-12-31": "183.10000", "2019-12-31": "322.60000", "2018-12-31": "326.70000", "2017-12-31": "262.10000", "2016-12-31": "271.90000", "2015-12-31": "292.60000", "2014-12-31": "310.60000", "2013-12-31": "268.70000", "2012-12-31": "235.30000", "2011-12-31": "247.50000", "2010-12-31": "205.90000", "2009-12-31": "201.70000", "2008-12-31": "224.20000", "2007-12-31": "244.30000", "2006-12-31": "219.30000", "2005-12-31": "195.80000"}, "Long Term Debt": {"2020-12-31": "925.50000", "2019-12-31": "1050.60000", "2018-12-31": "947.40000", "2017-12-31": "805.60000", "2016-12-31": "684.40000", "2015-12-31": "576.50000", "2014-12-31": "415.00000", "2013-12-31": "292.00000", "2012-12-31": "240.00000", "2011-12-31": "238.30000", "2010-12-31": "304.60000", "2009-12-31": "358.80000", "2008-12-31": "392.50000", "2007-12-31": "315.50000", "2006-12-31": "409.80000", "2005-12-31": "416.80000"}, "Other Non-Current Liabilities": {"2020-12-31": "245.10000", "2019-12-31": "100.30000", "2018-12-31": "41.30000", "2017-12-31": "172.70000", "2016-12-31": "159.40000", "2015-12-31": "100.10000", "2014-12-31": "122.20000", "2013-12-31": "73.90000", "2012-12-31": "52.40000", "2011-12-31": "19.60000", "2010-12-31": "26.30000", "2009-12-31": "37.40000", "2008-12-31": "35.80000", "2007-12-31": "33.30000", "2006-12-31": "13.30000", "2005-12-31": "15.30000"}, "Total Long Term Liabilities": {"2020-12-31": "1224.50000", "2019-12-31": "1359.90000", "2018-12-31": "1175.40000", "2017-12-31": "1023.70000", "2016-12-31": "883.80000", "2015-12-31": "715.20000", "2014-12-31": "575.90000", "2013-12-31": "407.00000", "2012-12-31": "373.70000", "2011-12-31": "326.40000", "2010-12-31": "392.80000", "2009-12-31": "469.30000", "2008-12-31": "476.90000", "2007-12-31": "388.60000", "2006-12-31": "493.60000", "2005-12-31": "474.10000"}, "Total Liabilities": {"2020-12-31": "1407.60000", "2019-12-31": "1682.50000", "2018-12-31": "1502.10000", "2017-12-31": "1285.80000", "2016-12-31": "1155.70000", "2015-12-31": "1007.80000", "2014-12-31": "886.50000", "2013-12-31": "675.70000", "2012-12-31": "609.00000", "2011-12-31": "573.90000", "2010-12-31": "598.70000", "2009-12-31": "671.00000", "2008-12-31": "701.10000", "2007-12-31": "632.90000", "2006-12-31": "712.90000", "2005-12-31": "669.90000"}, "Common Stock Net": {"2020-12-31": "1.10000", "2019-12-31": "1.10000", "2018-12-31": "1.10000", "2017-12-31": "1.10000", "2016-12-31": "1.10000", "2015-12-31": "1.10000", "2014-12-31": "1.00000", "2013-12-31": "1.00000", "2012-12-31": "1.00000", "2011-12-31": "1.00000", "2010-12-31": "1.00000", "2009-12-31": "1.00000", "2008-12-31": "1.00000", "2007-12-31": "1.00000", "2006-12-31": "1.00000", "2005-12-31": "0.90000"}, "Retained Earnings (Accumulated Deficit)": {"2020-12-31": "1996.40000", "2019-12-31": "1978.90000", "2018-12-31": "1726.50000", "2017-12-31": "1496.10000", "2016-12-31": "1254.70000", "2015-12-31": "1044.40000", "2014-12-31": "845.50000", "2013-12-31": "636.10000", "2012-12-31": "448.20000", "2011-12-31": "283.90000", "2010-12-31": "148.40000", "2009-12-31": "71.00000", "2008-12-31": "14.60000", "2007-12-31": "-97.40000", "2006-12-31": "-157.10000", "2005-12-31": "-222.50000"}, "Comprehensive Income": {"2020-12-31": "-59.60000", "2019-12-31": "-118.70000", "2018-12-31": "-108.00000", "2017-12-31": "-45.00000", "2016-12-31": "-174.40000", "2015-12-31": "-123.90000", "2014-12-31": "-69.70000", "2013-12-31": "10.70000", "2012-12-31": "-31.90000", "2011-12-31": "-39.80000", "2010-12-31": "-15.10000", "2009-12-31": "-7.00000", "2008-12-31": "-8.70000", "2007-12-31": "32.60000", "2006-12-31": "-1.80000", "2005-12-31": "-7.30000"}, "Other Share Holders Equity": {"2020-12-31": "", "2019-12-31": "", "2018-12-31": "", "2017-12-31": "", "2016-12-31": "", "2015-12-31": "", "2014-12-31": "", "2013-12-31": "", "2012-12-31": "", "2011-12-31": "", "2010-12-31": "", "2009-12-31": "", "2008-12-31": "", "2007-12-31": "", "2006-12-31": "", "2005-12-31": ""}, "Share Holder Equity": {"2020-12-31": "1510.20000", "2019-12-31": "1446.10000", "2018-12-31": "1322.00000", "2017-12-31": "1495.10000", "2016-12-31": "1244.90000", "2015-12-31": "1179.60000", "2014-12-31": "1149.90000", "2013-12-31": "1160.40000", "2012-12-31": "994.10000", "2011-12-31": "802.20000", "2010-12-31": "659.40000", "2009-12-31": "575.60000", "2008-12-31": "509.20000", "2007-12-31": "427.60000", "2006-12-31": "301.60000", "2005-12-31": "210.70000"}, "Total Liabilities And Share Holders Equity": {"2020-12-31": "2917.80000", "2019-12-31": "3128.60000", "2018-12-31": "2824.10000", "2017-12-31": "2780.90000", "2016-12-31": "2400.60000", "2015-12-31": "2187.40000", "2014-12-31": "2036.40000", "2013-12-31": "1836.10000", "2012-12-31": "1603.10000", "2011-12-31": "1376.10000", "2010-12-31": "1258.10000", "2009-12-31": "1246.60000", "2008-12-31": "1210.30000", "2007-12-31": "1060.50000", "2006-12-31": "1014.50000", "2005-12-31": "880.60000"}}, "balance sheet, quarterly": {"Cash On Hand": {"2020-12-31": "103.30000", "2020-09-30": "68.00000", "2020-06-30": "257.20000", "2020-03-31": "329.30000", "2019-12-31": "64.40000", "2019-09-30": "47.00000", "2019-06-30": "55.40000", "2019-03-31": "43.70000", "2018-12-31": "32.70000", "2018-09-30": "47.20000", "2018-06-30": "39.10000", "2018-03-31": "49.80000", "2017-12-31": "60.10000", "2017-09-30": "119.10000", "2017-06-30": "45.50000", "2017-03-31": "82.10000", "2016-12-31": "35.20000", "2016-09-30": "45.70000", "2016-06-30": "38.90000", "2016-03-31": "24.20000", "2015-12-31": "51.80000", "2015-09-30": "43.20000", "2015-06-30": "35.30000", "2015-03-31": "22.70000", "2014-12-31": "70.90000", "2014-09-30": "37.70000", "2014-06-30": "43.80000", "2014-03-31": "50.00000", "2013-12-31": "65.50000", "2013-09-30": "59.70000", "2013-06-30": "56.70000", "2013-03-31": "18.30000", "2012-12-31": "32.60000", "2012-09-30": "43.20000", "2012-06-30": "32.60000", "2012-03-31": "48.70000", "2011-12-31": "49.50000", "2011-09-30": "48.40000", "2011-06-30": "55.90000", "2011-03-31": "50.60000", "2010-12-31": "117.20000", "2010-09-30": "78.50000", "2010-06-30": "84.00000", "2010-03-31": "65.70000", "2009-12-31": "110.10000", "2009-09-30": "94.70000", "2009-06-30": "72.60000", "2009-03-31": "27.00000", "2008-12-31": "50.90000", "2008-09-30": "48.70000", "2008-06-30": "19.30000", "2008-03-31": "26.40000", "2007-12-31": "28.10000", "2007-09-30": "31.40000", "2007-06-30": "36.00000", "2007-03-31": "33.50000", "2006-12-31": "25.70000", "2006-09-30": "13.00000", "2006-06-30": "8.80000", "2006-03-31": "23.90000", "2005-12-31": "21.00000", "2005-09-30": "12.30000", "2005-06-30": "18.50000", "2005-03-31": "26.20000"}, "Receivables": {"2020-12-31": "125.40000", "2020-09-30": "149.90000", "2020-06-30": "191.60000", "2020-03-31": "266.70000", "2019-12-31": "227.60000", "2019-09-30": "288.90000", "2019-06-30": "313.30000", "2019-03-31": "324.30000", "2018-12-31": "260.90000", "2018-09-30": "270.30000", "2018-06-30": "287.20000", "2018-03-31": "295.60000", "2017-12-31": "248.70000", "2017-09-30": "245.00000", "2017-06-30": "253.30000", "2017-03-31": "267.40000", "2016-12-31": "245.60000", "2016-09-30": "254.40000", "2016-06-30": "290.30000", "2016-03-31": "310.10000", "2015-12-31": "234.00000", "2015-09-30": "257.60000", "2015-06-30": "283.70000", "2015-03-31": "289.80000", "2014-12-31": "233.50000", "2014-09-30": "255.60000", "2014-06-30": "281.50000", "2014-03-31": "280.90000", "2013-12-31": "232.40000", "2013-09-30": "236.20000", "2013-06-30": "246.10000", "2013-03-31": "269.10000", "2012-12-31": "229.00000", "2012-09-30": "242.20000", "2012-06-30": "250.40000", "2012-03-31": "251.00000", "2011-12-31": "199.30000", "2011-09-30": "208.50000", "2011-06-30": "207.80000", "2011-03-31": "210.00000", "2010-12-31": "173.90000", "2010-09-30": "182.90000", "2010-06-30": "195.10000", "2010-03-31": "168.60000", "2009-12-31": "158.40000", "2009-09-30": "153.80000", "2009-06-30": "173.50000", "2009-03-31": "217.80000", "2008-12-31": "189.40000", "2008-09-30": "208.70000", "2008-06-30": "245.40000", "2008-03-31": "237.70000", "2007-12-31": "192.80000", "2007-09-30": "185.00000", "2007-06-30": "192.00000", "2007-03-31": "202.30000", "2006-12-31": "169.80000", "2006-09-30": "187.80000", "2006-06-30": "196.10000", "2006-03-31": "194.30000", "2005-12-31": "153.00000", "2005-09-30": "161.80000", "2005-06-30": "176.40000", "2005-03-31": "169.80000"}, "Inventory": {"2020-12-31": "213.50000", "2020-09-30": "262.90000", "2020-06-30": "316.60000", "2020-03-31": "354.40000", "2019-12-31": "333.10000", "2019-09-30": "352.20000", "2019-06-30": "339.30000", "2019-03-31": "334.50000", "2018-12-31": "297.80000", "2018-09-30": "308.70000", "2018-06-30": "305.40000", "2018-03-31": "300.80000", "2017-12-31": "314.00000", "2017-09-30": "313.40000", "2017-06-30": "313.00000", "2017-03-31": "303.60000", "2016-12-31": "291.00000", "2016-09-30": "315.10000", "2016-06-30": "331.50000", "2016-03-31": "333.10000", "2015-12-31": "307.20000", "2015-09-30": "326.20000", "2015-06-30": "326.80000", "2015-03-31": "314.40000", "2014-12-31": "290.10000", "2014-09-30": "300.70000", "2014-06-30": "288.40000", "2014-03-31": "283.90000", "2013-12-31": "265.30000", "2013-09-30": "260.30000", "2013-06-30": "251.70000", "2013-03-31": "245.90000", "2012-12-31": "232.80000", "2012-09-30": "235.70000", "2012-06-30": "242.20000", "2012-03-31": "232.00000", "2011-12-31": "215.70000", "2011-09-30": "213.30000", "2011-06-30": "207.90000", "2011-03-31": "198.70000", "2010-12-31": "169.90000", "2010-09-30": "197.50000", "2010-06-30": "175.40000", "2010-03-31": "167.00000", "2009-12-31": "157.20000", "2009-09-30": "158.00000", "2009-06-30": "171.40000", "2009-03-31": "185.30000", "2008-12-31": "195.30000", "2008-09-30": "200.60000", "2008-06-30": "207.70000", "2008-03-31": "202.40000", "2007-12-31": "179.40000", "2007-09-30": "179.00000", "2007-06-30": "166.70000", "2007-03-31": "189.50000", "2006-12-31": "150.80000", "2006-09-30": "166.60000", "2006-06-30": "160.60000", "2006-03-31": "156.30000", "2005-12-31": "146.00000", "2005-09-30": "160.50000", "2005-06-30": "154.60000", "2005-03-31": "160.10000"}, "Pre-Paid Expenses": {"2020-12-31": "38.00000", "2020-09-30": "46.10000", "2020-06-30": "29.50000", "2020-03-31": "34.00000", "2019-12-31": "27.10000", "2019-09-30": "27.10000", "2019-06-30": "30.40000", "2019-03-31": "26.10000", "2018-12-31": "33.90000", "2018-09-30": "29.10000", "2018-06-30": "38.40000", "2018-03-31": "34.50000", "2017-12-31": "33.90000", "2017-09-30": "30.00000", "2017-06-30": "36.60000", "2017-03-31": "33.70000", "2016-12-31": "35.20000", "2016-09-30": "25.90000", "2016-06-30": "23.90000", "2016-03-31": "24.50000", "2015-12-31": "40.80000", "2015-09-30": "100.50000", "2015-06-30": "106.20000", "2015-03-31": "84.30000", "2014-12-31": "87.20000", "2014-09-30": "74.50000", "2014-06-30": "80.10000", "2014-03-31": "86.90000", "2013-12-31": "93.20000", "2013-09-30": "", "2013-06-30": "", "2013-03-31": "", "2012-12-31": "81.30000", "2012-09-30": "", "2012-06-30": "", "2012-03-31": "53.10000", "2011-12-31": "59.80000", "2011-09-30": "59.80000", "2011-06-30": "50.80000", "2011-03-31": "44.20000", "2010-12-31": "36.70000", "2010-09-30": "40.90000", "2010-06-30": "34.20000", "2010-03-31": "36.00000", "2009-12-31": "35.40000", "2009-09-30": "42.70000", "2009-06-30": "38.40000", "2009-03-31": "39.30000", "2008-12-31": "45.10000", "2008-09-30": "41.20000", "2008-06-30": "47.70000", "2008-03-31": "27.20000", "2007-12-31": "34.70000", "2007-09-30": "39.10000", "2007-06-30": "32.10000", "2007-03-31": "29.50000", "2006-12-31": "35.40000", "2006-09-30": "34.70000", "2006-06-30": "35.10000", "2006-03-31": "35.20000", "2005-12-31": "42.70000", "2005-09-30": "15.70000", "2005-06-30": "13.70000", "2005-03-31": "12.80000"}, "Other Current Assets": {"2020-12-31": "55.70000", "2020-09-30": "48.90000", "2020-06-30": "54.70000", "2020-03-31": "55.90000", "2019-12-31": "52.70000", "2019-09-30": "56.40000", "2019-06-30": "59.70000", "2019-03-31": "53.70000", "2018-12-31": "50.50000", "2018-09-30": "43.70000", "2018-06-30": "37.70000", "2018-03-31": "35.20000", "2017-12-31": "", "2017-09-30": "", "2017-06-30": "", "2017-03-31": "", "2016-12-31": "", "2016-09-30": "", "2016-06-30": "", "2016-03-31": "", "2015-12-31": "", "2015-09-30": "", "2015-06-30": "", "2015-03-31": "", "2014-12-31": "", "2014-09-30": "", "2014-06-30": "", "2014-03-31": "", "2013-12-31": "", "2013-09-30": "", "2013-06-30": "", "2013-03-31": "", "2012-12-31": "", "2012-09-30": "", "2012-06-30": "", "2012-03-31": "", "2011-12-31": "", "2011-09-30": "", "2011-06-30": "", "2011-03-31": "", "2010-12-31": "", "2010-09-30": "", "2010-06-30": "", "2010-03-31": "", "2009-12-31": "", "2009-09-30": "", "2009-06-30": "", "2009-03-31": "", "2008-12-31": "", "2008-09-30": "", "2008-06-30": "", "2008-03-31": "", "2007-12-31": "", "2007-09-30": "", "2007-06-30": "", "2007-03-31": "", "2006-12-31": "44.10000", "2006-09-30": "", "2006-06-30": "", "2006-03-31": "", "2005-12-31": "7.60000", "2005-09-30": "", "2005-06-30": "", "2005-03-31": ""}, "Total Current Assets": {"2020-12-31": "535.90000", "2020-09-30": "575.80000", "2020-06-30": "849.60000", "2020-03-31": "1040.30000", "2019-12-31": "704.90000", "2019-09-30": "771.60000", "2019-06-30": "798.10000", "2019-03-31": "782.30000", "2018-12-31": "675.80000", "2018-09-30": "699.00000", "2018-06-30": "707.80000", "2018-03-31": "715.90000", "2017-12-31": "656.70000", "2017-09-30": "707.50000", "2017-06-30": "648.40000", "2017-03-31": "686.80000", "2016-12-31": "607.00000", "2016-09-30": "641.10000", "2016-06-30": "684.60000", "2016-03-31": "691.90000", "2015-12-31": "633.80000", "2015-09-30": "727.50000", "2015-06-30": "752.00000", "2015-03-31": "711.20000", "2014-12-31": "681.70000", "2014-09-30": "668.50000", "2014-06-30": "693.80000", "2014-03-31": "701.70000", "2013-12-31": "656.40000", "2013-09-30": "653.10000", "2013-06-30": "626.30000", "2013-03-31": "599.10000", "2012-12-31": "575.70000", "2012-09-30": "584.20000", "2012-06-30": "591.60000", "2012-03-31": "584.80000", "2011-12-31": "524.30000", "2011-09-30": "530.00000", "2011-06-30": "522.40000", "2011-03-31": "503.50000", "2010-12-31": "497.70000", "2010-09-30": "499.80000", "2010-06-30": "488.70000", "2010-03-31": "437.30000", "2009-12-31": "461.10000", "2009-09-30": "449.20000", "2009-06-30": "455.90000", "2009-03-31": "469.40000", "2008-12-31": "480.70000", "2008-09-30": "499.20000", "2008-06-30": "520.10000", "2008-03-31": "493.70000", "2007-12-31": "435.00000", "2007-09-30": "434.50000", "2007-06-30": "466.50000", "2007-03-31": "454.80000", "2006-12-31": "425.80000", "2006-09-30": "402.10000", "2006-06-30": "400.60000", "2006-03-31": "409.70000", "2005-12-31": "370.30000", "2005-09-30": "350.30000", "2005-06-30": "363.20000", "2005-03-31": "368.90000"}, "Property, Plant, And Equipment": {"2020-12-31": "1874.20000", "2020-09-30": "1877.30000", "2020-06-30": "1901.80000", "2020-03-31": "1915.50000", "2019-12-31": "1942.80000", "2019-09-30": "1923.70000", "2019-06-30": "1921.90000", "2019-03-31": "1902.70000", "2018-12-31": "1876.50000", "2018-09-30": "1894.20000", "2018-06-30": "1879.60000", "2018-03-31": "1902.10000", "2017-12-31": "1866.30000", "2017-09-30": "1825.50000", "2017-06-30": "1785.50000", "2017-03-31": "1700.70000", "2016-12-31": "1625.60000", "2016-09-30": "1589.70000", "2016-06-30": "1522.90000", "2016-03-31": "1491.70000", "2015-12-31": "1425.60000", "2015-09-30": "1393.20000", "2015-06-30": "1327.70000", "2015-03-31": "1261.20000", "2014-12-31": "1238.20000", "2014-09-30": "1177.80000", "2014-06-30": "1139.90000", "2014-03-31": "1091.30000", "2013-12-31": "1067.40000", "2013-09-30": "995.30000", "2013-06-30": "960.80000", "2013-03-31": "930.90000", "2012-12-31": "914.40000", "2012-09-30": "858.20000", "2012-06-30": "808.50000", "2012-03-31": "760.30000", "2011-12-31": "722.10000", "2011-09-30": "664.00000", "2011-06-30": "637.40000", "2011-03-31": "618.80000", "2010-12-31": "598.30000", "2010-09-30": "579.90000", "2010-06-30": "568.50000", "2010-03-31": "586.60000", "2009-12-31": "602.10000", "2009-09-30": "597.30000", "2009-06-30": "584.70000", "2009-03-31": "562.60000", "2008-12-31": "552.30000", "2008-09-30": "522.60000", "2008-06-30": "517.60000", "2008-03-31": "486.60000", "2007-12-31": "443.10000", "2007-09-30": "399.80000", "2007-06-30": "378.80000", "2007-03-31": "376.80000", "2006-12-31": "346.20000", "2006-09-30": "340.60000", "2006-06-30": "316.20000", "2006-03-31": "297.40000", "2005-12-31": "279.90000", "2005-09-30": "267.70000", "2005-06-30": "264.10000", "2005-03-31": "273.00000"}, "Long-Term Investments": {"2020-12-31": "44.70000", "2020-09-30": "45.70000", "2020-06-30": "45.00000", "2020-03-31": "47.90000", "2019-12-31": "46.50000", "2019-09-30": "45.80000", "2019-06-30": "51.80000", "2019-03-31": "50.90000", "2018-12-31": "48.70000", "2018-09-30": "45.90000", "2018-06-30": "44.60000", "2018-03-31": "51.00000", "2017-12-31": "47.70000", "2017-09-30": "67.10000", "2017-06-30": "63.90000", "2017-03-31": "62.80000", "2016-12-31": "53.10000", "2016-09-30": "48.30000", "2016-06-30": "48.40000", "2016-03-31": "20.90000", "2015-12-31": "30.40000", "2015-09-30": "33.10000", "2015-06-30": "33.90000", "2015-03-31": "32.00000", "2014-12-31": "34.20000", "2014-09-30": "24.30000", "2014-06-30": "23.20000", "2014-03-31": "22.10000", "2013-12-31": "23.30000", "2013-09-30": "22.30000", "2013-06-30": "23.30000", "2013-03-31": "22.60000", "2012-12-31": "22.60000", "2012-09-30": "21.90000", "2012-06-30": "22.80000", "2012-03-31": "22.40000", "2011-12-31": "21.70000", "2011-09-30": "21.90000", "2011-06-30": "21.60000", "2011-03-31": "20.70000", "2010-12-31": "19.90000", "2010-09-30": "19.30000", "2010-06-30": "19.10000", "2010-03-31": "17.80000", "2009-12-31": "17.70000", "2009-09-30": "17.20000", "2009-06-30": "10.80000", "2009-03-31": "10.60000", "2008-12-31": "10.60000", "2008-09-30": "10.20000", "2008-06-30": "20.00000", "2008-03-31": "18.80000", "2007-12-31": "17.50000", "2007-09-30": "16.60000", "2007-06-30": "15.70000", "2007-03-31": "14.20000", "2006-12-31": "11.10000", "2006-09-30": "16.50000", "2006-06-30": "15.50000", "2006-03-31": "14.70000", "2005-12-31": "14.30000", "2005-09-30": "14.30000", "2005-06-30": "14.00000", "2005-03-31": "14.10000"}, "Goodwill And Intangible Assets": {"2020-12-31": "277.80000", "2020-09-30": "276.60000", "2020-06-30": "275.60000", "2020-03-31": "276.60000", "2019-12-31": "280.40000", "2019-09-30": "279.40000", "2019-06-30": "283.60000", "2019-03-31": "286.20000", "2018-12-31": "142.30000", "2018-09-30": "144.60000", "2018-06-30": "145.30000", "2018-03-31": "150.20000", "2017-12-31": "148.70000", "2017-09-30": "74.00000", "2017-06-30": "73.50000", "2017-03-31": "72.60000", "2016-12-31": "72.20000", "2016-09-30": "73.90000", "2016-06-30": "74.80000", "2016-03-31": "76.50000", "2015-12-31": "58.90000", "2015-09-30": "59.20000", "2015-06-30": "59.50000", "2015-03-31": "59.10000", "2014-12-31": "59.80000", "2014-09-30": "60.40000", "2014-06-30": "61.10000", "2014-03-31": "61.10000", "2013-12-31": "61.00000", "2013-09-30": "60.90000", "2013-06-30": "57.40000", "2013-03-31": "57.20000", "2012-12-31": "57.80000", "2012-09-30": "57.70000", "2012-06-30": "57.40000", "2012-03-31": "57.70000", "2011-12-31": "57.40000", "2011-09-30": "57.70000", "2011-06-30": "56.80000", "2011-03-31": "56.70000", "2010-12-31": "56.20000", "2010-09-30": "56.50000", "2010-06-30": "55.70000", "2010-03-31": "56.10000", "2009-12-31": "56.70000", "2009-09-30": "56.90000", "2009-06-30": "56.90000", "2009-03-31": "55.70000", "2008-12-31": "56.00000", "2008-09-30": "55.90000", "2008-06-30": "57.10000", "2008-03-31": "57.10000", "2007-12-31": "56.80000", "2007-09-30": "59.30000", "2007-06-30": "58.90000", "2007-03-31": "76.00000", "2006-12-31": "58.80000", "2006-09-30": "75.70000", "2006-06-30": "75.30000", "2006-03-31": "74.80000", "2005-12-31": "74.50000", "2005-09-30": "75.50000", "2005-06-30": "75.70000", "2005-03-31": "76.60000"}, "Other Long-Term Assets": {"2020-12-31": "185.20000", "2020-09-30": "196.70000", "2020-06-30": "150.50000", "2020-03-31": "153.00000", "2019-12-31": "154.00000", "2019-09-30": "134.70000", "2019-06-30": "139.70000", "2019-03-31": "143.90000", "2018-12-31": "80.80000", "2018-09-30": "62.80000", "2018-06-30": "58.80000", "2018-03-31": "65.50000", "2017-12-31": "61.50000", "2017-09-30": "63.10000", "2017-06-30": "56.00000", "2017-03-31": "52.60000", "2016-12-31": "42.70000", "2016-09-30": "37.60000", "2016-06-30": "38.90000", "2016-03-31": "40.60000", "2015-12-31": "38.70000", "2015-09-30": "27.70000", "2015-06-30": "27.00000", "2015-03-31": "23.70000", "2014-12-31": "22.50000", "2014-09-30": "28.80000", "2014-06-30": "29.40000", "2014-03-31": "18.50000", "2013-12-31": "28.00000", "2013-09-30": "15.80000", "2013-06-30": "13.30000", "2013-03-31": "13.80000", "2012-12-31": "17.20000", "2012-09-30": "16.90000", "2012-06-30": "14.90000", "2012-03-31": "15.60000", "2011-12-31": "17.60000", "2011-09-30": "17.60000", "2011-06-30": "18.30000", "2011-03-31": "22.10000", "2010-12-31": "22.40000", "2010-09-30": "22.40000", "2010-06-30": "23.60000", "2010-03-31": "22.20000", "2009-12-31": "23.40000", "2009-09-30": "24.00000", "2009-06-30": "26.50000", "2009-03-31": "20.00000", "2008-12-31": "22.40000", "2008-09-30": "25.30000", "2008-06-30": "20.00000", "2008-03-31": "19.60000", "2007-12-31": "19.40000", "2007-09-30": "16.00000", "2007-06-30": "17.10000", "2007-03-31": "20.80000", "2006-12-31": "69.60000", "2006-09-30": "30.60000", "2006-06-30": "32.70000", "2006-03-31": "31.00000", "2005-12-31": "34.00000", "2005-09-30": "34.90000", "2005-06-30": "36.30000", "2005-03-31": "33.70000"}, "Total Long-Term Assets": {"2020-12-31": "2381.90000", "2020-09-30": "2396.30000", "2020-06-30": "2372.90000", "2020-03-31": "2393.00000", "2019-12-31": "2423.70000", "2019-09-30": "2383.60000", "2019-06-30": "2397.00000", "2019-03-31": "2383.70000", "2018-12-31": "2148.30000", "2018-09-30": "2147.50000", "2018-06-30": "2128.30000", "2018-03-31": "2168.80000", "2017-12-31": "2124.20000", "2017-09-30": "2029.70000", "2017-06-30": "1978.90000", "2017-03-31": "1888.70000", "2016-12-31": "1793.60000", "2016-09-30": "1749.50000", "2016-06-30": "1685.00000", "2016-03-31": "1629.70000", "2015-12-31": "1553.60000", "2015-09-30": "1513.20000", "2015-06-30": "1448.10000", "2015-03-31": "1376.00000", "2014-12-31": "1354.70000", "2014-09-30": "1291.30000", "2014-06-30": "1253.60000", "2014-03-31": "1203.00000", "2013-12-31": "1179.70000", "2013-09-30": "1108.30000", "2013-06-30": "1068.70000", "2013-03-31": "1038.90000", "2012-12-31": "1027.40000", "2012-09-30": "982.70010", "2012-06-30": "925.70000", "2012-03-31": "882.10000", "2011-12-31": "851.80000", "2011-09-30": "791.10000", "2011-06-30": "797.00000", "2011-03-31": "773.40000", "2010-12-31": "760.40000", "2010-09-30": "751.20000", "2010-06-30": "745.49990", "2010-03-31": "768.79990", "2009-12-31": "785.50000", "2009-09-30": "775.70000", "2009-06-30": "758.90000", "2009-03-31": "730.40000", "2008-12-31": "729.60000", "2008-09-30": "689.50000", "2008-06-30": "697.70000", "2008-03-31": "670.00000", "2007-12-31": "625.50010", "2007-09-30": "585.80000", "2007-06-30": "606.90000", "2007-03-31": "590.90000", "2006-12-31": "588.70000", "2006-09-30": "573.60000", "2006-06-30": "550.90000", "2006-03-31": "529.50000", "2005-12-31": "510.30000", "2005-09-30": "392.40000", "2005-06-30": "390.10000", "2005-03-31": "397.40000"}, "Total Assets": {"2020-12-31": "2917.80000", "2020-09-30": "2972.10000", "2020-06-30": "3222.50000", "2020-03-31": "3433.30000", "2019-12-31": "3128.60000", "2019-09-30": "3155.20000", "2019-06-30": "3195.10000", "2019-03-31": "3166.00000", "2018-12-31": "2824.10000", "2018-09-30": "2846.50000", "2018-06-30": "2836.10000", "2018-03-31": "2884.70000", "2017-12-31": "2780.90000", "2017-09-30": "2737.20000", "2017-06-30": "2627.30000", "2017-03-31": "2575.50000", "2016-12-31": "2400.60000", "2016-09-30": "2390.60000", "2016-06-30": "2369.60000", "2016-03-31": "2321.60000", "2015-12-31": "2187.40000", "2015-09-30": "2240.70000", "2015-06-30": "2200.10000", "2015-03-31": "2087.20000", "2014-12-31": "2036.40000", "2014-09-30": "1959.80000", "2014-06-30": "1947.40000", "2014-03-31": "1904.70000", "2013-12-31": "1836.10000", "2013-09-30": "1761.40000", "2013-06-30": "1695.00000", "2013-03-31": "1638.00000", "2012-12-31": "1603.10000", "2012-09-30": "1566.90000", "2012-06-30": "1517.30000", "2012-03-31": "1466.90000", "2011-12-31": "1376.10000", "2011-09-30": "1321.10000", "2011-06-30": "1319.40000", "2011-03-31": "1276.90000", "2010-12-31": "1258.10000", "2010-09-30": "1251.00000", "2010-06-30": "1234.20000", "2010-03-31": "1206.10000", "2009-12-31": "1246.60000", "2009-09-30": "1224.90000", "2009-06-30": "1214.80000", "2009-03-31": "1199.80000", "2008-12-31": "1210.30000", "2008-09-30": "1188.70000", "2008-06-30": "1217.80000", "2008-03-31": "1163.70000", "2007-12-31": "1060.50000", "2007-09-30": "1020.30000", "2007-06-30": "1073.40000", "2007-03-31": "1045.70000", "2006-12-31": "1014.50000", "2006-09-30": "975.70000", "2006-06-30": "951.50000", "2006-03-31": "939.20000", "2005-12-31": "880.60000", "2005-09-30": "742.70000", "2005-06-30": "753.30000", "2005-03-31": "766.30000"}, "Total Current Liabilities": {"2020-12-31": "183.10000", "2020-09-30": "175.50000", "2020-06-30": "219.90000", "2020-03-31": "309.90000", "2019-12-31": "322.60000", "2019-09-30": "347.00000", "2019-06-30": "359.70000", "2019-03-31": "349.90000", "2018-12-31": "326.70000", "2018-09-30": "270.90000", "2018-06-30": "293.80000", "2018-03-31": "270.80000", "2017-12-31": "262.10000", "2017-09-30": "257.80000", "2017-06-30": "270.80000", "2017-03-31": "274.80000", "2016-12-31": "271.90000", "2016-09-30": "276.60000", "2016-06-30": "271.60000", "2016-03-31": "264.20000", "2015-12-31": "292.60000", "2015-09-30": "277.50000", "2015-06-30": "280.90000", "2015-03-31": "279.50000", "2014-12-31": "310.60000", "2014-09-30": "259.70000", "2014-06-30": "267.60000", "2014-03-31": "263.90000", "2013-12-31": "268.70000", "2013-09-30": "243.30000", "2013-06-30": "213.70000", "2013-03-31": "247.30000", "2012-12-31": "235.30000", "2012-09-30": "229.50000", "2012-06-30": "241.40000", "2012-03-31": "220.80000", "2011-12-31": "247.50000", "2011-09-30": "220.70000", "2011-06-30": "227.10000", "2011-03-31": "208.50000", "2010-12-31": "205.90000", "2010-09-30": "196.90000", "2010-06-30": "194.10000", "2010-03-31": "164.60000", "2009-12-31": "201.70000", "2009-09-30": "159.60000", "2009-06-30": "173.00000", "2009-03-31": "201.50000", "2008-12-31": "224.20000", "2008-09-30": "203.90000", "2008-06-30": "232.60000", "2008-03-31": "240.60000", "2007-12-31": "244.30000", "2007-09-30": "231.30000", "2007-06-30": "246.10000", "2007-03-31": "211.30000", "2006-12-31": "219.30000", "2006-09-30": "191.00000", "2006-06-30": "194.70000", "2006-03-31": "197.70000", "2005-12-31": "195.80000", "2005-09-30": "198.80000", "2005-06-30": "188.80000", "2005-03-31": "193.40000"}, "Long Term Debt": {"2020-12-31": "925.50000", "2020-09-30": "998.70000", "2020-06-30": "1264.70000", "2020-03-31": "1389.50000", "2019-12-31": "1050.60000", "2019-09-30": "1115.20000", "2019-06-30": "1115.80000", "2019-03-31": "1160.00000", "2018-12-31": "947.40000", "2018-09-30": "980.70000", "2018-06-30": "930.10000", "2018-03-31": "835.60000", "2017-12-31": "805.60000", "2017-09-30": "829.60000", "2017-06-30": "817.30000", "2017-03-31": "837.00000", "2016-12-31": "684.40000", "2016-09-30": "670.20000", "2016-06-30": "706.80000", "2016-03-31": "688.00000", "2015-12-31": "576.50000", "2015-09-30": "596.40000", "2015-06-30": "508.00000", "2015-03-31": "480.00000", "2014-12-31": "415.00000", "2014-09-30": "430.00000", "2014-06-30": "395.00000", "2014-03-31": "352.00000", "2013-12-31": "292.00000", "2013-09-30": "262.00000", "2013-06-30": "309.00000", "2013-03-31": "258.50000", "2012-12-31": "240.00000", "2012-09-30": "279.30000", "2012-06-30": "280.70000", "2012-03-31": "294.80000", "2011-12-31": "238.30000", "2011-09-30": "236.90000", "2011-06-30": "242.10000", "2011-03-31": "268.40000", "2010-12-31": "304.60000", "2010-09-30": "321.10000", "2010-06-30": "356.80000", "2010-03-31": "358.60000", "2009-12-31": "358.80000", "2009-09-30": "388.80000", "2009-06-30": "390.80000", "2009-03-31": "392.00000", "2008-12-31": "392.50000", "2008-09-30": "393.10000", "2008-06-30": "393.80000", "2008-03-31": "371.10000", "2007-12-31": "315.50000", "2007-09-30": "322.80000", "2007-06-30": "401.90000", "2007-03-31": "419.40000", "2006-12-31": "409.80000", "2006-09-30": "426.80000", "2006-06-30": "422.50000", "2006-03-31": "446.30000", "2005-12-31": "416.80000", "2005-09-30": "422.40000", "2005-06-30": "447.90000", "2005-03-31": "478.40000"}, "Other Non-Current Liabilities": {"2020-12-31": "245.10000", "2020-09-30": "243.00000", "2020-06-30": "246.90000", "2020-03-31": "259.70000", "2019-12-31": "256.00000", "2019-09-30": "233.30000", "2019-06-30": "234.80000", "2019-03-31": "241.60000", "2018-12-31": "41.30000", "2018-09-30": "184.90000", "2018-06-30": "171.10000", "2018-03-31": "173.00000", "2017-12-31": "172.70000", "2017-09-30": "223.10000", "2017-06-30": "208.90000", "2017-03-31": "201.00000", "2016-12-31": "159.40000", "2016-09-30": "184.40000", "2016-06-30": "166.10000", "2016-03-31": "151.90000", "2015-12-31": "100.10000", "2015-09-30": "171.50000", "2015-06-30": "164.20000", "2015-03-31": "162.20000", "2014-12-31": "122.20000", "2014-09-30": "142.90000", "2014-06-30": "128.60000", "2014-03-31": "123.80000", "2013-12-31": "73.90000", "2013-09-30": "136.30000", "2013-06-30": "131.10000", "2013-03-31": "121.80000", "2012-12-31": "52.40000", "2012-09-30": "109.20000", "2012-06-30": "100.70000", "2012-03-31": "87.00000", "2011-12-31": "19.60000", "2011-09-30": "74.20000", "2011-06-30": "73.70000", "2011-03-31": "81.00000", "2010-12-31": "26.30000", "2010-09-30": "97.80000", "2010-06-30": "100.70000", "2010-03-31": "106.00000", "2009-12-31": "37.40000", "2009-09-30": "89.00000", "2009-06-30": "83.90000", "2009-03-31": "80.90000", "2008-12-31": "35.80000", "2008-09-30": "81.60000", "2008-06-30": "89.30000", "2008-03-31": "83.50000", "2007-12-31": "33.30000", "2007-09-30": "81.90000", "2007-06-30": "73.10000", "2007-03-31": "82.00000", "2006-12-31": "13.30000", "2006-09-30": "61.20000", "2006-06-30": "59.20000", "2006-03-31": "57.60000", "2005-12-31": "15.30000", "2005-09-30": "65.20000", "2005-06-30": "65.80000", "2005-03-31": "62.00000"}, "Total Long Term Liabilities": {"2020-12-31": "1224.50000", "2020-09-30": "1297.20000", "2020-06-30": "1565.70000", "2020-03-31": "1702.30000", "2019-12-31": "1359.90000", "2019-09-30": "1390.40000", "2019-06-30": "1393.00000", "2019-03-31": "1443.70000", "2018-12-31": "1175.40000", "2018-09-30": "1208.30000", "2018-06-30": "1142.50000", "2018-03-31": "1051.40000", "2017-12-31": "1023.70000", "2017-09-30": "1052.70000", "2017-06-30": "1026.20000", "2017-03-31": "1038.00000", "2016-12-31": "883.80000", "2016-09-30": "854.60000", "2016-06-30": "872.90000", "2016-03-31": "839.90000", "2015-12-31": "715.20000", "2015-09-30": "767.90000", "2015-06-30": "672.20000", "2015-03-31": "642.20000", "2014-12-31": "575.90000", "2014-09-30": "572.90000", "2014-06-30": "523.60000", "2014-03-31": "475.80000", "2013-12-31": "407.00000", "2013-09-30": "398.30000", "2013-06-30": "440.10000", "2013-03-31": "380.30000", "2012-12-31": "373.70000", "2012-09-30": "388.50000", "2012-06-30": "381.40000", "2012-03-31": "381.80000", "2011-12-31": "326.40000", "2011-09-30": "311.10000", "2011-06-30": "315.80000", "2011-03-31": "349.40000", "2010-12-31": "392.80000", "2010-09-30": "418.90000", "2010-06-30": "457.50000", "2010-03-31": "464.60000", "2009-12-31": "469.30000", "2009-09-30": "477.80000", "2009-06-30": "474.70000", "2009-03-31": "472.90000", "2008-12-31": "476.90000", "2008-09-30": "474.70000", "2008-06-30": "483.10000", "2008-03-31": "454.60000", "2007-12-31": "388.60000", "2007-09-30": "404.70000", "2007-06-30": "476.80000", "2007-03-31": "501.40000", "2006-12-31": "493.60000", "2006-09-30": "488.00000", "2006-06-30": "481.70000", "2006-03-31": "503.90000", "2005-12-31": "474.10000", "2005-09-30": "551.90000", "2005-06-30": "608.70000", "2005-03-31": "633.20000"}, "Total Liabilities": {"2020-12-31": "1407.60000", "2020-09-30": "1472.70000", "2020-06-30": "1785.60000", "2020-03-31": "2012.20000", "2019-12-31": "1682.50000", "2019-09-30": "1737.40000", "2019-06-30": "1752.70000", "2019-03-31": "1793.60000", "2018-12-31": "1502.10000", "2018-09-30": "1479.20000", "2018-06-30": "1436.30000", "2018-03-31": "1322.20000", "2017-12-31": "1285.80000", "2017-09-30": "1310.50000", "2017-06-30": "1297.00000", "2017-03-31": "1312.80000", "2016-12-31": "1155.70000", "2016-09-30": "1131.20000", "2016-06-30": "1144.50000", "2016-03-31": "1104.10000", "2015-12-31": "1007.80000", "2015-09-30": "1045.40000", "2015-06-30": "953.10000", "2015-03-31": "921.70000", "2014-12-31": "886.50000", "2014-09-30": "832.60000", "2014-06-30": "791.20000", "2014-03-31": "739.70000", "2013-12-31": "675.70000", "2013-09-30": "641.60000", "2013-06-30": "653.80000", "2013-03-31": "627.60000", "2012-12-31": "609.00000", "2012-09-30": "618.00000", "2012-06-30": "622.80000", "2012-03-31": "602.60000", "2011-12-31": "573.90000", "2011-09-30": "531.80000", "2011-06-30": "542.90000", "2011-03-31": "557.90000", "2010-12-31": "598.70000", "2010-09-30": "615.80000", "2010-06-30": "651.60000", "2010-03-31": "629.20000", "2009-12-31": "671.00000", "2009-09-30": "637.40000", "2009-06-30": "647.70000", "2009-03-31": "674.40000", "2008-12-31": "701.10000", "2008-09-30": "678.60000", "2008-06-30": "715.70000", "2008-03-31": "695.20000", "2007-12-31": "632.90000", "2007-09-30": "636.00000", "2007-06-30": "722.90000", "2007-03-31": "712.70000", "2006-12-31": "712.90000", "2006-09-30": "679.00000", "2006-06-30": "676.40000", "2006-03-31": "701.60000", "2005-12-31": "669.90000", "2005-09-30": "750.70000", "2005-06-30": "797.50000", "2005-03-31": "826.60000"}, "Common Stock Net": {"2020-12-31": "1.10000", "2020-09-30": "1.10000", "2020-06-30": "1.10000", "2020-03-31": "1.10000", "2019-12-31": "1.10000", "2019-09-30": "1.10000", "2019-06-30": "1.10000", "2019-03-31": "1.10000", "2018-12-31": "1.10000", "2018-09-30": "1.10000", "2018-06-30": "1.10000", "2018-03-31": "1.10000", "2017-12-31": "1.10000", "2017-09-30": "1.10000", "2017-06-30": "1.10000", "2017-03-31": "1.10000", "2016-12-31": "1.10000", "2016-09-30": "1.10000", "2016-06-30": "1.10000", "2016-03-31": "1.10000", "2015-12-31": "1.10000", "2015-09-30": "1.10000", "2015-06-30": "1.10000", "2015-03-31": "1.10000", "2014-12-31": "1.00000", "2014-09-30": "1.00000", "2014-06-30": "1.00000", "2014-03-31": "1.00000", "2013-12-31": "1.00000", "2013-09-30": "1.00000", "2013-06-30": "1.00000", "2013-03-31": "1.00000", "2012-12-31": "1.00000", "2012-09-30": "1.00000", "2012-06-30": "1.00000", "2012-03-31": "1.00000", "2011-12-31": "1.00000", "2011-09-30": "1.00000", "2011-06-30": "1.00000", "2011-03-31": "1.00000", "2010-12-31": "1.00000", "2010-09-30": "1.00000", "2010-06-30": "1.00000", "2010-03-31": "1.00000", "2009-12-31": "1.00000", "2009-09-30": "1.00000", "2009-06-30": "1.00000", "2009-03-31": "1.00000", "2008-12-31": "1.00000", "2008-09-30": "1.00000", "2008-06-30": "1.00000", "2008-03-31": "1.00000", "2007-12-31": "1.00000", "2007-09-30": "1.00000", "2007-06-30": "1.00000", "2007-03-31": "1.00000", "2006-12-31": "1.00000", "2006-09-30": "1.00000", "2006-06-30": "1.00000", "2006-03-31": "0.90000", "2005-12-31": "0.90000", "2005-09-30": "0.70000", "2005-06-30": "0.60000", "2005-03-31": "0.60000"}, "Retained Earnings (Accumulated Deficit)": {"2020-12-31": "1996.40000", "2020-09-30": "2015.80000", "2020-06-30": "2006.10000", "2020-03-31": "2007.10000", "2019-12-31": "1978.90000", "2019-09-30": "1920.00000", "2019-06-30": "1854.10000", "2019-03-31": "1786.00000", "2018-12-31": "1726.50000", "2018-09-30": "1673.30000", "2018-06-30": "1606.20000", "2018-03-31": "1548.70000", "2017-12-31": "1496.10000", "2017-09-30": "1419.10000", "2017-06-30": "1360.60000", "2017-03-31": "1309.10000", "2016-12-31": "1254.70000", "2016-09-30": "1205.20000", "2016-06-30": "1147.30000", "2016-03-31": "1091.40000", "2015-12-31": "1044.40000", "2015-09-30": "999.90000", "2015-06-30": "956.10000", "2015-03-31": "904.00000", "2014-12-31": "845.50000", "2014-09-30": "792.60000", "2014-06-30": "736.80000", "2014-03-31": "686.20000", "2013-12-31": "636.10000", "2013-09-30": "589.00000", "2013-06-30": "540.30000", "2013-03-31": "491.80000", "2012-12-31": "448.20000", "2012-09-30": "411.30000", "2012-06-30": "371.50000", "2012-03-31": "323.50000", "2011-12-31": "283.90000", "2011-09-30": "244.40000", "2011-06-30": "212.20000", "2011-03-31": "174.80000", "2010-12-31": "148.40000", "2010-09-30": "125.50000", "2010-06-30": "109.90000", "2010-03-31": "86.80000", "2009-12-31": "71.00000", "2009-09-30": "65.30000", "2009-06-30": "54.80000", "2009-03-31": "38.10000", "2008-12-31": "14.60000", "2008-09-30": "-14.50000", "2008-06-30": "-47.60000", "2008-03-31": "-74.20000", "2007-12-31": "-97.40000", "2007-09-30": "-109.20000", "2007-06-30": "-126.50000", "2007-03-31": "-135.20000", "2006-12-31": "-157.10000", "2006-09-30": "-174.70000", "2006-06-30": "-190.40000", "2006-03-31": "-208.00000", "2005-12-31": "-222.50000", "2005-09-30": "-358.90000", "2005-06-30": "-360.00000", "2005-03-31": "-386.20000"}, "Comprehensive Income": {"2020-12-31": "-59.60000", "2020-09-30": "-85.20000", "2020-06-30": "-138.00000", "2020-03-31": "-155.30000", "2019-12-31": "-118.70000", "2019-09-30": "-161.10000", "2019-06-30": "-118.10000", "2019-03-31": "-113.90000", "2018-12-31": "-108.00000", "2018-09-30": "-81.60000", "2018-06-30": "-80.80000", "2018-03-31": "-7.80000", "2017-12-31": "-45.00000", "2017-09-30": "-57.20000", "2017-06-30": "-93.00000", "2017-03-31": "-158.10000", "2016-12-31": "-174.40000", "2016-09-30": "-132.80000", "2016-06-30": "-134.50000", "2016-03-31": "-103.50000", "2015-12-31": "-123.90000", "2015-09-30": "-107.00000", "2015-06-30": "-108.50000", "2015-03-31": "-135.00000", "2014-12-31": "-69.70000", "2014-09-30": "-35.20000", "2014-06-30": "9.20000", "2014-03-31": "9.80000", "2013-12-31": "10.70000", "2013-09-30": "-17.50000", "2013-06-30": "-42.70000", "2013-03-31": "-52.50000", "2012-12-31": "-31.90000", "2012-09-30": "-36.40000", "2012-06-30": "-48.10000", "2012-03-31": "-25.40000", "2011-12-31": "-39.80000", "2011-09-30": "-9.20000", "2011-06-30": "14.40000", "2011-03-31": "8.70000", "2010-12-31": "-15.10000", "2010-09-30": "-12.60000", "2010-06-30": "-47.20000", "2010-03-31": "-25.80000", "2009-12-31": "-7.00000", "2009-09-30": "12.80000", "2009-06-30": "3.90000", "2009-03-31": "-19.90000", "2008-12-31": "-8.70000", "2008-09-30": "21.80000", "2008-06-30": "48.30000", "2008-03-31": "45.10000", "2007-12-31": "32.60000", "2007-09-30": "7.50000", "2007-06-30": "1.80000", "2007-03-31": "-0.60000", "2006-12-31": "-1.80000", "2006-09-30": "12.40000", "2006-06-30": "8.40000", "2006-03-31": "-2.30000", "2005-12-31": "-7.30000", "2005-09-30": "-8.80000", "2005-06-30": "-7.70000", "2005-03-31": "4.40000"}, "Other Share Holders Equity": {"2020-12-31": "", "2020-09-30": "", "2020-06-30": "", "2020-03-31": "", "2019-12-31": "", "2019-09-30": "", "2019-06-30": "", "2019-03-31": "", "2018-12-31": "", "2018-09-30": "", "2018-06-30": "", "2018-03-31": "", "2017-12-31": "", "2017-09-30": "", "2017-06-30": "", "2017-03-31": "", "2016-12-31": "", "2016-09-30": "", "2016-06-30": "", "2016-03-31": "", "2015-12-31": "", "2015-09-30": "", "2015-06-30": "", "2015-03-31": "", "2014-12-31": "", "2014-09-30": "", "2014-06-30": "", "2014-03-31": "", "2013-12-31": "", "2013-09-30": "", "2013-06-30": "", "2013-03-31": "", "2012-12-31": "", "2012-09-30": "", "2012-06-30": "", "2012-03-31": "", "2011-12-31": "", "2011-09-30": "", "2011-06-30": "", "2011-03-31": "", "2010-12-31": "", "2010-09-30": "", "2010-06-30": "", "2010-03-31": "", "2009-12-31": "", "2009-09-30": "", "2009-06-30": "", "2009-03-31": "", "2008-12-31": "", "2008-09-30": "", "2008-06-30": "", "2008-03-31": "", "2007-12-31": "", "2007-09-30": "", "2007-06-30": "", "2007-03-31": "", "2006-12-31": "", "2006-09-30": "", "2006-06-30": "", "2006-03-31": "", "2005-12-31": "", "2005-09-30": "", "2005-06-30": "", "2005-03-31": ""}, "Share Holder Equity": {"2020-12-31": "1510.20000", "2020-09-30": "1499.40000", "2020-06-30": "1436.90000", "2020-03-31": "1421.10000", "2019-12-31": "1446.10000", "2019-09-30": "1417.80000", "2019-06-30": "1442.40000", "2019-03-31": "1372.40000", "2018-12-31": "1322.00000", "2018-09-30": "1367.30000", "2018-06-30": "1399.80000", "2018-03-31": "1562.50000", "2017-12-31": "1495.10000", "2017-09-30": "1426.70000", "2017-06-30": "1330.30000", "2017-03-31": "1262.70000", "2016-12-31": "1244.90000", "2016-09-30": "1259.40000", "2016-06-30": "1225.10000", "2016-03-31": "1217.50000", "2015-12-31": "1179.60000", "2015-09-30": "1195.30000", "2015-06-30": "1247.00000", "2015-03-31": "1165.50000", "2014-12-31": "1149.90000", "2014-09-30": "1127.20000", "2014-06-30": "1156.20000", "2014-03-31": "1165.00000", "2013-12-31": "1160.40000", "2013-09-30": "1119.80000", "2013-06-30": "1041.20000", "2013-03-31": "1010.40000", "2012-12-31": "994.10000", "2012-09-30": "948.90000", "2012-06-30": "894.50000", "2012-03-31": "864.30000", "2011-12-31": "802.20000", "2011-09-30": "789.30000", "2011-06-30": "776.50000", "2011-03-31": "719.00000", "2010-12-31": "659.40000", "2010-09-30": "635.20000", "2010-06-30": "582.60000", "2010-03-31": "576.90000", "2009-12-31": "575.60000", "2009-09-30": "587.50000", "2009-06-30": "567.10000", "2009-03-31": "525.40000", "2008-12-31": "509.20000", "2008-09-30": "510.10000", "2008-06-30": "502.10000", "2008-03-31": "468.50000", "2007-12-31": "427.60000", "2007-09-30": "384.30000", "2007-06-30": "350.50000", "2007-03-31": "333.00000", "2006-12-31": "301.60000", "2006-09-30": "296.70000", "2006-06-30": "275.10000", "2006-03-31": "237.60000", "2005-12-31": "210.70000", "2005-09-30": "-8.00000", "2005-06-30": "-44.20000", "2005-03-31": "-60.30000"}, "Total Liabilities And Share Holders Equity": {"2020-12-31": "2917.80000", "2020-09-30": "2972.10000", "2020-06-30": "3222.50000", "2020-03-31": "3433.30000", "2019-12-31": "3128.60000", "2019-09-30": "3155.20000", "2019-06-30": "3195.10000", "2019-03-31": "3166.00000", "2018-12-31": "2824.10000", "2018-09-30": "2846.50000", "2018-06-30": "2836.10000", "2018-03-31": "2884.70000", "2017-12-31": "2780.90000", "2017-09-30": "2737.20000", "2017-06-30": "2627.30000", "2017-03-31": "2575.50000", "2016-12-31": "2400.60000", "2016-09-30": "2390.60000", "2016-06-30": "2369.60000", "2016-03-31": "2321.60000", "2015-12-31": "2187.40000", "2015-09-30": "2240.70000", "2015-06-30": "2200.10000", "2015-03-31": "2087.20000", "2014-12-31": "2036.40000", "2014-09-30": "1959.80000", "2014-06-30": "1947.40000", "2014-03-31": "1904.70000", "2013-12-31": "1836.10000", "2013-09-30": "1761.40000", "2013-06-30": "1695.00000", "2013-03-31": "1638.00000", "2012-12-31": "1603.10000", "2012-09-30": "1566.90000", "2012-06-30": "1517.30000", "2012-03-31": "1466.90000", "2011-12-31": "1376.10000", "2011-09-30": "1321.10000", "2011-06-30": "1319.40000", "2011-03-31": "1276.90000", "2010-12-31": "1258.10000", "2010-09-30": "1251.00000", "2010-06-30": "1234.20000", "2010-03-31": "1206.10000", "2009-12-31": "1246.60000", "2009-09-30": "1224.90000", "2009-06-30": "1214.80000", "2009-03-31": "1199.80000", "2008-12-31": "1210.30000", "2008-09-30": "1188.70000", "2008-06-30": "1217.80000", "2008-03-31": "1163.70000", "2007-12-31": "1060.50000", "2007-09-30": "1020.30000", "2007-06-30": "1073.40000", "2007-03-31": "1045.70000", "2006-12-31": "1014.50000", "2006-09-30": "975.70000", "2006-06-30": "951.50000", "2006-03-31": "939.20000", "2005-12-31": "880.60000", "2005-09-30": "742.70000", "2005-06-30": "753.30000", "2005-03-31": "766.30000"}}, "cash flow statement": {"Net Income/Loss": {"2020-12-31": "31.70000", "2019-12-31": "306.60000", "2018-12-31": "276.60000", "2017-12-31": "284.00000", "2016-12-31": "249.80000", "2015-12-31": "237.20000", "2014-12-31": "209.40000", "2013-12-31": "187.90000", "2012-12-31": "164.30000", "2011-12-31": "135.50000", "2010-12-31": "77.40000", "2009-12-31": "56.30000", "2008-12-31": "111.20000", "2007-12-31": "61.30000", "2006-12-31": "65.90000", "2005-12-31": "131.20000"}, "Total Depreciation And Amortization - Cash Flow": {"2020-12-31": "142.10000", "2019-12-31": "142.60000", "2018-12-31": "124.70000", "2017-12-31": "105.20000", "2016-12-31": "95.00000", "2015-12-31": "77.50000", "2014-12-31": "72.80000", "2013-12-31": "61.40000", "2012-12-31": "60.30000", "2011-12-31": "62.40000", "2010-12-31": "63.50000", "2009-12-31": "51.50000", "2008-12-31": "45.60000", "2007-12-31": "41.50000", "2006-12-31": "39.00000", "2005-12-31": "40.80000"}, "Other Non-Cash Items": {"2020-12-31": "-11.40000", "2019-12-31": "28.40000", "2018-12-31": "47.60000", "2017-12-31": "18.10000", "2016-12-31": "76.40000", "2015-12-31": "59.90000", "2014-12-31": "49.70000", "2013-12-31": "28.70000", "2012-12-31": "34.30000", "2011-12-31": "21.50000", "2010-12-31": "25.70000", "2009-12-31": "26.50000", "2008-12-31": "-11.70000", "2007-12-31": "4.50000", "2006-12-31": "7.00000", "2005-12-31": "-75.80000"}, "Total Non-Cash Items": {"2020-12-31": "130.70000", "2019-12-31": "171.00000", "2018-12-31": "172.30000", "2017-12-31": "123.30000", "2016-12-31": "171.40000", "2015-12-31": "137.40000", "2014-12-31": "122.50000", "2013-12-31": "90.10000", "2012-12-31": "94.60000", "2011-12-31": "83.90000", "2010-12-31": "89.20000", "2009-12-31": "78.00000", "2008-12-31": "33.90000", "2007-12-31": "46.00000", "2006-12-31": "46.00000", "2005-12-31": "-35.00000"}, "Change In Accounts Receivable": {"2020-12-31": "110.00000", "2019-12-31": "36.50000", "2018-12-31": "-20.70000", "2017-12-31": "20.20000", "2016-12-31": "-17.40000", "2015-12-31": "-18.40000", "2014-12-31": "-15.40000", "2013-12-31": "6.40000", "2012-12-31": "-28.10000", "2011-12-31": "-28.20000", "2010-12-31": "-22.50000", "2009-12-31": "31.80000", "2008-12-31": "-3.10000", "2007-12-31": "-10.00000", "2006-12-31": "-11.80000", "2005-12-31": "-22.10000"}, "Change In Inventories": {"2020-12-31": "129.40000", "2019-12-31": "-30.40000", "2018-12-31": "-25.20000", "2017-12-31": "2.30000", "2016-12-31": "10.80000", "2015-12-31": "-25.00000", "2014-12-31": "-38.80000", "2013-12-31": "-28.40000", "2012-12-31": "-15.20000", "2011-12-31": "-48.80000", "2010-12-31": "-16.70000", "2009-12-31": "38.40000", "2008-12-31": "-20.10000", "2007-12-31": "-19.10000", "2006-12-31": "-14.40000", "2005-12-31": "-23.60000"}, "Change In Accounts Payable": {"2020-12-31": "", "2019-12-31": "", "2018-12-31": "", "2017-12-31": "", "2016-12-31": "", "2015-12-31": "", "2014-12-31": "", "2013-12-31": "", "2012-12-31": "", "2011-12-31": "", "2010-12-31": "", "2009-12-31": "", "2008-12-31": "", "2007-12-31": "", "2006-12-31": "", "2005-12-31": ""}, "Change In Assets/Liabilities": {"2020-12-31": "-3.40000", "2019-12-31": "-5.10000", "2018-12-31": "-4.90000", "2017-12-31": "1.00000", "2016-12-31": "-5.30000", "2015-12-31": "-19.80000", "2014-12-31": "41.10000", "2013-12-31": "-2.30000", "2012-12-31": "-3.50000", "2011-12-31": "-6.00000", "2010-12-31": "-5.40000", "2009-12-31": "-3.60000", "2008-12-31": "2.80000", "2007-12-31": "7.10000", "2006-12-31": "4.20000", "2005-12-31": "6.20000"}, "Total Change In Assets/Liabilities": {"2020-12-31": "101.90000", "2019-12-31": "13.50000", "2018-12-31": "-27.50000", "2017-12-31": "21.40000", "2016-12-31": "-19.80000", "2015-12-31": "-73.60000", "2014-12-31": "-13.90000", "2013-12-31": "-5.10000", "2012-12-31": "-26.50000", "2011-12-31": "-48.90000", "2010-12-31": "-40.10000", "2009-12-31": "38.50000", "2008-12-31": "-47.50000", "2007-12-31": "-6.40000", "2006-12-31": "-13.60000", "2005-12-31": "-41.80000"}, "Cash Flow From Operating Activities": {"2020-12-31": "264.30000", "2019-12-31": "491.10000", "2018-12-31": "421.40000", "2017-12-31": "428.70000", "2016-12-31": "401.40000", "2015-12-31": "301.00000", "2014-12-31": "318.00000", "2013-12-31": "272.90000", "2012-12-31": "232.40000", "2011-12-31": "170.50000", "2010-12-31": "126.50000", "2009-12-31": "172.80000", "2008-12-31": "97.50000", "2007-12-31": "100.90000", "2006-12-31": "98.30000", "2005-12-31": "54.40000"}, "Net Change In Property, Plant, And Equipment": {"2020-12-31": "-50.60000", "2019-12-31": "-204.10000", "2018-12-31": "-184.10000", "2017-12-31": "-278.10000", "2016-12-31": "-327.90000", "2015-12-31": "-305.30000", "2014-12-31": "-260.10000", "2013-12-31": "-194.90000", "2012-12-31": "-263.70000", "2011-12-31": "-158.00000", "2010-12-31": "-48.80000", "2009-12-31": "-98.40000", "2008-12-31": "-175.90000", "2007-12-31": "-115.20000", "2006-12-31": "-117.90000", "2005-12-31": "-64.30000"}, "Net Change In Intangible Assets": {"2020-12-31": "", "2019-12-31": "", "2018-12-31": "", "2017-12-31": "", "2016-12-31": "", "2015-12-31": "", "2014-12-31": "", "2013-12-31": "", "2012-12-31": "", "2011-12-31": "", "2010-12-31": "", "2009-12-31": "", "2008-12-31": "", "2007-12-31": "", "2006-12-31": "", "2005-12-31": ""}, "Net Acquisitions/Divestitures": {"2020-12-31": "", "2019-12-31": "-163.20000", "2018-12-31": "-3.40000", "2017-12-31": "-76.00000", "2016-12-31": "", "2015-12-31": "", "2014-12-31": "", "2013-12-31": "", "2012-12-31": "", "2011-12-31": "", "2010-12-31": "", "2009-12-31": "", "2008-12-31": "", "2007-12-31": "", "2006-12-31": "", "2005-12-31": ""}, "Net Change In Short-term Investments": {"2020-12-31": "", "2019-12-31": "", "2018-12-31": "", "2017-12-31": "", "2016-12-31": "", "2015-12-31": "", "2014-12-31": "", "2013-12-31": "", "2012-12-31": "", "2011-12-31": "", "2010-12-31": "", "2009-12-31": "", "2008-12-31": "", "2007-12-31": "", "2006-12-31": "", "2005-12-31": ""}, "Net Change In Long-Term Investments": {"2020-12-31": "", "2019-12-31": "", "2018-12-31": "", "2017-12-31": "", "2016-12-31": "-38.60000", "2015-12-31": "", "2014-12-31": "-10.30000", "2013-12-31": "", "2012-12-31": "5.30000", "2011-12-31": "", "2010-12-31": "", "2009-12-31": "-6.00000", "2008-12-31": "22.30000", "2007-12-31": "-2.00000", "2006-12-31": "22.00000", "2005-12-31": "-7.50000"}, "Net Change In Investments - Total": {"2020-12-31": "", "2019-12-31": "", "2018-12-31": "", "2017-12-31": "", "2016-12-31": "-38.60000", "2015-12-31": "", "2014-12-31": "-10.30000", "2013-12-31": "", "2012-12-31": "5.30000", "2011-12-31": "", "2010-12-31": "", "2009-12-31": "-6.00000", "2008-12-31": "22.30000", "2007-12-31": "-2.00000", "2006-12-31": "22.00000", "2005-12-31": "-7.50000"}, "Investing Activities - Other": {"2020-12-31": "", "2019-12-31": "", "2018-12-31": "", "2017-12-31": "", "2016-12-31": "", "2015-12-31": "", "2014-12-31": "", "2013-12-31": "", "2012-12-31": "", "2011-12-31": "-5.20000", "2010-12-31": "", "2009-12-31": "", "2008-12-31": "", "2007-12-31": "85.20000", "2006-12-31": "0.50000", "2005-12-31": "1.40000"}, "Cash Flow From Investing Activities": {"2020-12-31": "-50.60000", "2019-12-31": "-367.30000", "2018-12-31": "-187.50000", "2017-12-31": "-354.10000", "2016-12-31": "-366.50000", "2015-12-31": "-305.30000", "2014-12-31": "-270.40000", "2013-12-31": "-194.90000", "2012-12-31": "-258.40000", "2011-12-31": "-163.20000", "2010-12-31": "-48.80000", "2009-12-31": "-104.40000", "2008-12-31": "-153.60000", "2007-12-31": "-32.00000", "2006-12-31": "-95.40000", "2005-12-31": "-70.40000"}, "Net Long-Term Debt": {"2020-12-31": "-135.10000", "2019-12-31": "101.20000", "2018-12-31": "147.80000", "2017-12-31": "116.10000", "2016-12-31": "105.50000", "2015-12-31": "163.80000", "2014-12-31": "602.30000", "2013-12-31": "123.20000", "2012-12-31": "4.70000", "2011-12-31": "-27.90000", "2010-12-31": "-60.70000", "2009-12-31": "7.80000", "2008-12-31": "78.90000", "2007-12-31": "-96.80000", "2006-12-31": "-8.10000", "2005-12-31": "-13.80000"}, "Net Current Debt": {"2020-12-31": "", "2019-12-31": "", "2018-12-31": "", "2017-12-31": "", "2016-12-31": "", "2015-12-31": "", "2014-12-31": "-481.00000", "2013-12-31": "-85.00000", "2012-12-31": "", "2011-12-31": "-57.00000", "2010-12-31": "-2.50000", "2009-12-31": "-10.90000", "2008-12-31": "", "2007-12-31": "", "2006-12-31": "", "2005-12-31": ""}, "Debt Issuance/Retirement Net - Total": {"2020-12-31": "-135.10000", "2019-12-31": "101.20000", "2018-12-31": "147.80000", "2017-12-31": "116.10000", "2016-12-31": "105.50000", "2015-12-31": "163.80000", "2014-12-31": "121.30000", "2013-12-31": "38.20000", "2012-12-31": "4.70000", "2011-12-31": "-84.90000", "2010-12-31": "-63.20000", "2009-12-31": "-3.10000", "2008-12-31": "78.90000", "2007-12-31": "-96.80000", "2006-12-31": "-8.10000", "2005-12-31": "-13.80000"}, "Net Common Equity Issued/Repurchased": {"2020-12-31": "-27.90000", "2019-12-31": "-135.90000", "2018-12-31": "-356.70000", "2017-12-31": "-138.10000", "2016-12-31": "-110.80000", "2015-12-31": "-132.80000", "2014-12-31": "-156.80000", "2013-12-31": "-83.00000", "2012-12-31": "4.10000", "2011-12-31": "10.50000", "2010-12-31": "3.10000", "2009-12-31": "0.70000", "2008-12-31": "1.20000", "2007-12-31": "21.30000", "2006-12-31": "10.60000", "2005-12-31": "15.20000"}, "Net Total Equity Issued/Repurchased": {"2020-12-31": "-27.90000", "2019-12-31": "-135.90000", "2018-12-31": "-356.70000", "2017-12-31": "-138.10000", "2016-12-31": "-110.80000", "2015-12-31": "-132.80000", "2014-12-31": "-156.80000", "2013-12-31": "-83.00000", "2012-12-31": "4.10000", "2011-12-31": "10.50000", "2010-12-31": "3.10000", "2009-12-31": "0.70000", "2008-12-31": "1.20000", "2007-12-31": "21.30000", "2006-12-31": "10.60000", "2005-12-31": "15.20000"}, "Total Common And Preferred Stock Dividends Paid": {"2020-12-31": "-14.20000", "2019-12-31": "-54.20000", "2018-12-31": "-48.40000", "2017-12-31": "-42.60000", "2016-12-31": "-39.80000", "2015-12-31": "-38.30000", "2014-12-31": "", "2013-12-31": "", "2012-12-31": "", "2011-12-31": "", "2010-12-31": "", "2009-12-31": "", "2008-12-31": "", "2007-12-31": "", "2006-12-31": "", "2005-12-31": ""}, "Financial Activities - Other": {"2020-12-31": "-1.30000", "2019-12-31": "-2.50000", "2018-12-31": "", "2017-12-31": "6.30000", "2016-12-31": "-1.70000", "2015-12-31": "-3.60000", "2014-12-31": "-1.40000", "2013-12-31": "-2.40000", "2012-12-31": "-0.60000", "2011-12-31": "", "2010-12-31": "-5.10000", "2009-12-31": "-10.30000", "2008-12-31": "", "2007-12-31": "", "2006-12-31": "", "2005-12-31": "-42.10000"}, "Cash Flow From Financial Activities": {"2020-12-31": "-178.50000", "2019-12-31": "-91.40000", "2018-12-31": "-257.30000", "2017-12-31": "-58.30000", "2016-12-31": "-46.80000", "2015-12-31": "-10.90000", "2014-12-31": "-36.90000", "2013-12-31": "-47.20000", "2012-12-31": "8.20000", "2011-12-31": "-74.40000", "2010-12-31": "-65.20000", "2009-12-31": "-12.70000", "2008-12-31": "80.10000", "2007-12-31": "-75.50000", "2006-12-31": "2.50000", "2005-12-31": "-40.70000"}, "Net Cash Flow": {"2020-12-31": "38.90000", "2019-12-31": "31.70000", "2018-12-31": "-27.40000", "2017-12-31": "24.90000", "2016-12-31": "-16.60000", "2015-12-31": "-19.10000", "2014-12-31": "5.40000", "2013-12-31": "32.90000", "2012-12-31": "-16.90000", "2011-12-31": "-67.70000", "2010-12-31": "7.10000", "2009-12-31": "59.20000", "2008-12-31": "22.80000", "2007-12-31": "2.40000", "2006-12-31": "4.70000", "2005-12-31": "-36.20000"}, "Stock-Based Compensation": {"2020-12-31": "15.40000", "2019-12-31": "18.30000", "2018-12-31": "16.20000", "2017-12-31": "17.60000", "2016-12-31": "16.10000", "2015-12-31": "17.90000", "2014-12-31": "17.20000", "2013-12-31": "18.90000", "2012-12-31": "15.80000", "2011-12-31": "13.90000", "2010-12-31": "12.40000", "2009-12-31": "8.30000", "2008-12-31": "9.40000", "2007-12-31": "10.40000", "2006-12-31": "8.30000", "2005-12-31": "2.00000"}, "Common Stock Dividends Paid": {"2020-12-31": "-14.20000", "2019-12-31": "-54.20000", "2018-12-31": "-48.40000", "2017-12-31": "-42.60000", "2016-12-31": "-39.80000", "2015-12-31": "-38.30000", "2014-12-31": "", "2013-12-31": "0.00000", "2012-12-31": "", "2011-12-31": "", "2010-12-31": "", "2009-12-31": "", "2008-12-31": "", "2007-12-31": "", "2006-12-31": "", "2005-12-31": ""}}, "cash flow statement, quarterly": {"Net Income/Loss": {"2020-12-31": -19.4, "2020-09-30": 9.7, "2020-06-30": -1, "2020-03-31": "42.40000", "2019-12-31": 73.2, "2019-09-30": 80.3, "2019-06-30": 80.9, "2019-03-31": "72.20000", "2018-12-31": 66.1, "2018-09-30": 80.1, "2018-06-30": 68.8, "2018-03-31": "61.60000", "2017-12-31": 88.1, "2017-09-30": 69.7, "2017-06-30": 61.6, "2017-03-31": "64.60000", "2016-12-31": 59.5, "2016-09-30": 68.2, "2016-06-30": 66.1, "2016-03-31": "56.00000", "2015-12-31": 53.9, "2015-09-30": 53.5, "2015-06-30": 61.7, "2015-03-31": "68.10000", "2014-12-31": 52.9, "2014-09-30": 55.8, "2014-06-30": 50.6, "2014-03-31": "50.10000", "2013-12-31": 47.1, "2013-09-30": 48.7, "2013-06-30": 48.5, "2013-03-31": "43.60000", "2012-12-31": 36.9, "2012-09-30": 39.8, "2012-06-30": 48, "2012-03-31": "39.60000", "2011-12-31": 39.5, "2011-09-30": 32.2, "2011-06-30": 37.4, "2011-03-31": "26.40000", "2010-12-31": 22.9, "2010-09-30": 15.6, "2010-06-30": 23.1, "2010-03-31": "15.80000", "2009-12-31": 5.7, "2009-09-30": 10.4, "2009-06-30": 16.8, "2009-03-31": "23.40000", "2008-12-31": 28.3, "2008-09-30": 33, "2008-06-30": 26.7, "2008-03-31": "23.20000", "2007-12-31": 10.9, "2007-09-30": 18.1, "2007-06-30": 8.8, "2007-03-31": "23.50000", "2006-12-31": 18.1, "2006-09-30": 15.7, "2006-06-30": 17.6, "2006-03-31": "14.50000", "2005-12-31": 126.3, "2005-09-30": 1.1, "2005-06-30": 26.2, "2005-03-31": "-22.40000"}, "Total Depreciation And Amortization - Cash Flow": {"2020-12-31": 35.4, "2020-09-30": 35.8, "2020-06-30": 35.1, "2020-03-31": "35.80000", "2019-12-31": 34.4, "2019-09-30": 34.6, "2019-06-30": 34.6, "2019-03-31": "39.00000", "2018-12-31": 32.7, "2018-09-30": 31.7, "2018-06-30": 30.2, "2018-03-31": "30.10000", "2017-12-31": 28.3, "2017-09-30": 27, "2017-06-30": 25.1, "2017-03-31": "24.80000", "2016-12-31": 24.6, "2016-09-30": 23.8, "2016-06-30": 24.1, "2016-03-31": "22.50000", "2015-12-31": 20.2, "2015-09-30": 19.6, "2015-06-30": 19.1, "2015-03-31": "18.60000", "2014-12-31": 18.9, "2014-09-30": 18.5, "2014-06-30": 18, "2014-03-31": "17.40000", "2013-12-31": 16.8, "2013-09-30": 15, "2013-06-30": 14.8, "2013-03-31": "14.80000", "2012-12-31": 14.8, "2012-09-30": 15.1, "2012-06-30": 15.9, "2012-03-31": "14.50000", "2011-12-31": 14.4, "2011-09-30": 14.2, "2011-06-30": 14.3, "2011-03-31": "19.50000", "2010-12-31": 14.4, "2010-09-30": 21.1, "2010-06-30": 14.5, "2010-03-31": "13.50000", "2009-12-31": 13, "2009-09-30": 13.2, "2009-06-30": 13.9, "2009-03-31": "11.40000", "2008-12-31": 11.2, "2008-09-30": 11.2, "2008-06-30": 11.8, "2008-03-31": "11.40000", "2007-12-31": 9.3, "2007-09-30": 11.7, "2007-06-30": 10.4, "2007-03-31": "10.10000", "2006-12-31": 10.2, "2006-09-30": 9.4, "2006-06-30": 7.7, "2006-03-31": "11.70000", "2005-12-31": 3.6, "2005-09-30": 11.9, "2005-06-30": 12.2, "2005-03-31": "13.10000"}, "Other Non-Cash Items": {"2020-12-31": 8.6, "2020-09-30": -40, "2020-06-30": -5.9, "2020-03-31": "25.90000", "2019-12-31": 6.1, "2019-09-30": 5.3, "2019-06-30": 3.7, "2019-03-31": "13.30000", "2018-12-31": 10.4, "2018-09-30": 14.8, "2018-06-30": 3.7, "2018-03-31": "18.70000", "2017-12-31": -9.7, "2017-09-30": 14.1, "2017-06-30": 8.7, "2017-03-31": "5.00000", "2016-12-31": 14.2, "2016-09-30": 26, "2016-06-30": 13, "2016-03-31": "23.20000", "2015-12-31": 16.3, "2015-09-30": 15.7, "2015-06-30": 13.4, "2015-03-31": "14.50000", "2014-12-31": -8.2, "2014-09-30": 31.2, "2014-06-30": 2.2, "2014-03-31": "24.50000", "2013-12-31": 1.7, "2013-09-30": 1.9, "2013-06-30": 19.1, "2013-03-31": "6.00000", "2012-12-31": 11.3, "2012-09-30": 8.2, "2012-06-30": 0.4, "2012-03-31": "14.40000", "2011-12-31": -6.7, "2011-09-30": 22.7, "2011-06-30": -2, "2011-03-31": "7.50000", "2010-12-31": 7.5, "2010-09-30": 6.8, "2010-06-30": 6.8, "2010-03-31": "4.60000", "2009-12-31": 6.2, "2009-09-30": 4, "2009-06-30": 4.3, "2009-03-31": "12.00000", "2008-12-31": -9.6, "2008-09-30": -0.5, "2008-06-30": -9.7, "2008-03-31": "8.10000", "2007-12-31": -7.5, "2007-09-30": 2.8, "2007-06-30": 10.8, "2007-03-31": "-1.60000", "2006-12-31": -3.5, "2006-09-30": 1.2, "2006-06-30": -0.7, "2006-03-31": "10.00000", "2005-12-31": -118.8, "2005-09-30": 1.2, "2005-06-30": 1.9, "2005-03-31": "39.90000"}, "Total Non-Cash Items": {"2020-12-31": 44, "2020-09-30": -4.2, "2020-06-30": 29.2, "2020-03-31": "61.70000", "2019-12-31": 40.5, "2019-09-30": 39.9, "2019-06-30": 38.3, "2019-03-31": "52.30000", "2018-12-31": 43.1, "2018-09-30": 46.5, "2018-06-30": 33.9, "2018-03-31": "48.80000", "2017-12-31": 18.6, "2017-09-30": 41.1, "2017-06-30": 33.8, "2017-03-31": "29.80000", "2016-12-31": 38.8, "2016-09-30": 49.8, "2016-06-30": 37.1, "2016-03-31": "45.70000", "2015-12-31": 36.5, "2015-09-30": 35.3, "2015-06-30": 32.5, "2015-03-31": "33.10000", "2014-12-31": 10.7, "2014-09-30": 49.7, "2014-06-30": 20.2, "2014-03-31": "41.90000", "2013-12-31": 18.5, "2013-09-30": 16.9, "2013-06-30": 33.9, "2013-03-31": "20.80000", "2012-12-31": 26.1, "2012-09-30": 23.3, "2012-06-30": 16.3, "2012-03-31": "28.90000", "2011-12-31": 7.7, "2011-09-30": 36.9, "2011-06-30": 12.3, "2011-03-31": "27.00000", "2010-12-31": 21.9, "2010-09-30": 27.9, "2010-06-30": 21.3, "2010-03-31": "18.10000", "2009-12-31": 19.2, "2009-09-30": 17.2, "2009-06-30": 18.2, "2009-03-31": "23.40000", "2008-12-31": 1.6, "2008-09-30": 10.7, "2008-06-30": 2.1, "2008-03-31": "19.50000", "2007-12-31": 1.8, "2007-09-30": 14.5, "2007-06-30": 21.2, "2007-03-31": "8.50000", "2006-12-31": 6.7, "2006-09-30": 10.6, "2006-06-30": 7, "2006-03-31": "21.70000", "2005-12-31": -115.2, "2005-09-30": 13.1, "2005-06-30": 14.1, "2005-03-31": "53.00000"}, "Change In Accounts Receivable": {"2020-12-31": 29, "2020-09-30": 46.7, "2020-06-30": 76.3, "2020-03-31": "-42.00000", "2019-12-31": 66, "2019-09-30": 18.5, "2019-06-30": 11.4, "2019-03-31": "-59.40000", "2018-12-31": 7, "2018-09-30": 15.7, "2018-06-30": -2.2, "2018-03-31": "-41.20000", "2017-12-31": 0.5, "2017-09-30": 17.3, "2017-06-30": 21.9, "2017-03-31": "-19.50000", "2016-12-31": -0.6, "2016-09-30": 36.6, "2016-06-30": 15.4, "2016-03-31": "-68.80000", "2015-12-31": 20.5, "2015-09-30": 26.6, "2015-06-30": 4.8, "2015-03-31": "-70.30000", "2014-12-31": 15, "2014-09-30": 19.5, "2014-06-30": -1.6, "2014-03-31": "-48.30000", "2013-12-31": 6.5, "2013-09-30": 14.5, "2013-06-30": 25.6, "2013-03-31": "-40.20000", "2012-12-31": 16.9, "2012-09-30": 9.4, "2012-06-30": -6.1, "2012-03-31": "-48.30000", "2011-12-31": 3.6, "2011-09-30": -6.4, "2011-06-30": 4.7, "2011-03-31": "-30.10000", "2010-12-31": 6.2, "2010-09-30": 23.6, "2010-06-30": -36.6, "2010-03-31": "-15.70000", "2009-12-31": -6.4, "2009-09-30": 23.4, "2009-06-30": 50.3, "2009-03-31": "-35.50000", "2008-12-31": 16.1, "2008-09-30": 23.7, "2008-06-30": -7.6, "2008-03-31": "-35.30000", "2007-12-31": -2.8, "2007-09-30": 12.4, "2007-06-30": -2.4, "2007-03-31": "-17.20000", "2006-12-31": 8.2, "2006-09-30": 11, "2006-06-30": 4.2, "2006-03-31": "-35.20000", "2005-12-31": -0.8, "2005-09-30": 14.6, "2005-06-30": -14.1, "2005-03-31": "-21.80000"}, "Change In Inventories": {"2020-12-31": 55.2, "2020-09-30": 59.6, "2020-06-30": 41, "2020-03-31": "-26.40000", "2019-12-31": 26.4, "2019-09-30": -20.5, "2019-06-30": -4, "2019-03-31": "-32.30000", "2018-12-31": 6.9, "2018-09-30": -3.5, "2018-06-30": -14, "2018-03-31": "-14.60000", "2017-12-31": 9, "2017-09-30": 4.9, "2017-06-30": -0.7, "2017-03-31": "-10.90000", "2016-12-31": 15.8, "2016-09-30": 17.6, "2016-06-30": -1.9, "2016-03-31": "-20.70000", "2015-12-31": 21.2, "2015-09-30": 2.3, "2015-06-30": -10.6, "2015-03-31": "-37.90000", "2014-12-31": 5.8, "2014-09-30": -21, "2014-06-30": -5.3, "2014-03-31": "-18.30000", "2013-12-31": -3.2, "2013-09-30": -4.9, "2013-06-30": -4.1, "2013-03-31": "-16.20000", "2012-12-31": 5.5, "2012-09-30": 8, "2012-06-30": -15.2, "2012-03-31": "-13.50000", "2011-12-31": -7, "2011-09-30": -10.3, "2011-06-30": -7.2, "2011-03-31": "-24.30000", "2010-12-31": 25.8, "2010-09-30": -13.6, "2010-06-30": -15.3, "2010-03-31": "-13.60000", "2009-12-31": -0.4, "2009-09-30": 16.2, "2009-06-30": 18, "2009-03-31": "4.60000", "2008-12-31": 2.8, "2008-09-30": -2, "2008-06-30": -5.5, "2008-03-31": "-15.40000", "2007-12-31": 3.2, "2007-09-30": -8.1, "2007-06-30": -0.1, "2007-03-31": "-14.10000", "2006-12-31": -5, "2006-09-30": -4.8, "2006-06-30": -0.5, "2006-03-31": "-4.10000", "2005-12-31": 2.1, "2005-09-30": -6.1, "2005-06-30": 0.3, "2005-03-31": "-19.90000"}, "Change In Accounts Payable": {"2020-12-31": 0, "2020-09-30": 0, "2020-06-30": 0, "2020-03-31": "", "2019-12-31": 0, "2019-09-30": 0, "2019-06-30": 0, "2019-03-31": "", "2018-12-31": 0, "2018-09-30": 0, "2018-06-30": 0, "2018-03-31": "", "2017-12-31": 0, "2017-09-30": 0, "2017-06-30": 0, "2017-03-31": "", "2016-12-31": 0, "2016-09-30": 0, "2016-06-30": 0, "2016-03-31": "", "2015-12-31": 0, "2015-09-30": 0, "2015-06-30": 0, "2015-03-31": "", "2014-12-31": 0, "2014-09-30": 0, "2014-06-30": 0, "2014-03-31": "", "2013-12-31": 0, "2013-09-30": 0, "2013-06-30": 0, "2013-03-31": "", "2012-12-31": 0, "2012-09-30": 0, "2012-06-30": 0, "2012-03-31": "", "2011-12-31": 0, "2011-09-30": 0, "2011-06-30": 0, "2011-03-31": "", "2010-12-31": 0, "2010-09-30": 0, "2010-06-30": 0, "2010-03-31": "", "2009-12-31": 0, "2009-09-30": 0, "2009-06-30": 0, "2009-03-31": "", "2008-12-31": 0, "2008-09-30": 0, "2008-06-30": 0, "2008-03-31": "", "2007-12-31": 0, "2007-09-30": 0, "2007-06-30": 0, "2007-03-31": "", "2006-12-31": 0, "2006-09-30": 0, "2006-06-30": 0, "2006-03-31": "", "2005-12-31": 0, "2005-09-30": 0, "2005-06-30": 0, "2005-03-31": ""}, "Change In Assets/Liabilities": {"2020-12-31": 4.6, "2020-09-30": 4.4, "2020-06-30": -4.1, "2020-03-31": "-8.30000", "2019-12-31": 10.3, "2019-09-30": 4.2, "2019-06-30": -13.6, "2019-03-31": "-6.00000", "2018-12-31": -3.2, "2018-09-30": 6.9, "2018-06-30": -9.6, "2018-03-31": "1.00000", "2017-12-31": -3.7, "2017-09-30": 7.9, "2017-06-30": 5.7, "2017-03-31": "-8.90000", "2016-12-31": -0.1, "2016-09-30": -1.9, "2016-06-30": -0.6, "2016-03-31": "-2.70000", "2015-12-31": -11, "2015-09-30": 6.7, "2015-06-30": -13.2, "2015-03-31": "-2.30000", "2014-12-31": 53.3, "2014-09-30": -15.7, "2014-06-30": 7.4, "2014-03-31": "-3.90000", "2013-12-31": 1.8, "2013-09-30": 4.3, "2013-06-30": -12.8, "2013-03-31": "4.40000", "2012-12-31": 3.1, "2012-09-30": -2.7, "2012-06-30": -1.7, "2012-03-31": "-2.20000", "2011-12-31": 0, "2011-09-30": -1.1, "2011-06-30": 1.9, "2011-03-31": "-6.80000", "2010-12-31": 3.6, "2010-09-30": -6.7, "2010-06-30": 0.9, "2010-03-31": "-3.20000", "2009-12-31": 5.4, "2009-09-30": -8.5, "2009-06-30": -5.2, "2009-03-31": "4.70000", "2008-12-31": -8.1, "2008-09-30": 2.2, "2008-06-30": 2.1, "2008-03-31": "6.60000", "2007-12-31": 6.3, "2007-09-30": 10.8, "2007-06-30": -14.1, "2007-03-31": "4.10000", "2006-12-31": 0.3, "2006-09-30": 2.7, "2006-06-30": 5.5, "2006-03-31": "-4.30000", "2005-12-31": 3.4, "2005-09-30": -0.5, "2005-06-30": -1.8, "2005-03-31": "5.10000"}, "Total Change In Assets/Liabilities": {"2020-12-31": 82.7, "2020-09-30": 77.9, "2020-06-30": 36.8, "2020-03-31": "-95.50000", "2019-12-31": 100.1, "2019-09-30": -0.1, "2019-06-30": -7.9, "2019-03-31": "-78.60000", "2018-12-31": 33.8, "2018-09-30": -5.4, "2018-06-30": -8.1, "2018-03-31": "-47.80000", "2017-12-31": 13.5, "2017-09-30": 15.3, "2017-06-30": 32.8, "2017-03-31": "-40.20000", "2016-12-31": 16.3, "2016-09-30": 33.9, "2016-06-30": 21.4, "2016-03-31": "-91.40000", "2015-12-31": 46.3, "2015-09-30": 25.3, "2015-06-30": -29.4, "2015-03-31": "-115.80000", "2014-12-31": 62.6, "2014-09-30": -24, "2014-06-30": 6.1, "2014-03-31": "-58.60000", "2013-12-31": 11.4, "2013-09-30": 22.1, "2013-06-30": -7.4, "2013-03-31": "-31.20000", "2012-12-31": 18.9, "2012-09-30": 13.6, "2012-06-30": -12.7, "2012-03-31": "-46.30000", "2011-12-31": 12.3, "2011-09-30": -35.4, "2011-06-30": 10.7, "2011-03-31": "-36.50000", "2010-12-31": 12.9, "2010-09-30": -6.4, "2010-06-30": -15.6, "2010-03-31": "-31.00000", "2009-12-31": 7.9, "2009-09-30": 26.2, "2009-06-30": 37.6, "2009-03-31": "-33.20000", "2008-12-31": 19.1, "2008-09-30": 10.4, "2008-06-30": -19.6, "2008-03-31": "-57.40000", "2007-12-31": 30.7, "2007-09-30": -2.1, "2007-06-30": 7.4, "2007-03-31": "-42.40000", "2006-12-31": 22.6, "2006-09-30": 5.2, "2006-06-30": 3.8, "2006-03-31": "-45.20000", "2005-12-31": 12.4, "2005-09-30": 19.1, "2005-06-30": -16.4, "2005-03-31": "-56.90000"}, "Cash Flow From Operating Activities": {"2020-12-31": 107.3, "2020-09-30": 83.4, "2020-06-30": 65, "2020-03-31": "8.60000", "2019-12-31": 213.8, "2019-09-30": 120.1, "2019-06-30": 111.3, "2019-03-31": "45.90000", "2018-12-31": 143, "2018-09-30": 121.2, "2018-06-30": 94.6, "2018-03-31": "62.60000", "2017-12-31": 120.2, "2017-09-30": 126.1, "2017-06-30": 128.2, "2017-03-31": "54.20000", "2016-12-31": 114.6, "2016-09-30": 151.9, "2016-06-30": 124.6, "2016-03-31": "10.30000", "2015-12-31": 136.7, "2015-09-30": 114.1, "2015-06-30": 64.8, "2015-03-31": "-14.60000", "2014-12-31": 126.2, "2014-09-30": 81.5, "2014-06-30": 76.9, "2014-03-31": "33.40000", "2013-12-31": 77, "2013-09-30": 87.7, "2013-06-30": 75, "2013-03-31": "33.20000", "2012-12-31": 81.9, "2012-09-30": 76.7, "2012-06-30": 51.6, "2012-03-31": "22.20000", "2011-12-31": 59.5, "2011-09-30": 33.7, "2011-06-30": 60.4, "2011-03-31": "16.90000", "2010-12-31": 57.7, "2010-09-30": 37.1, "2010-06-30": 28.8, "2010-03-31": "2.90000", "2009-12-31": 32.8, "2009-09-30": 53.8, "2009-06-30": 72.6, "2009-03-31": "13.60000", "2008-12-31": 48.9, "2008-09-30": 54.1, "2008-06-30": 9.2, "2008-03-31": "-14.70000", "2007-12-31": 43.4, "2007-09-30": 30.5, "2007-06-30": 37.4, "2007-03-31": "-10.40000", "2006-12-31": 47.4, "2006-09-30": 31.5, "2006-06-30": 28.4, "2006-03-31": "-9.00000", "2005-12-31": 23.5, "2005-09-30": 33.3, "2005-06-30": 23.9, "2005-03-31": "-26.30000"}, "Net Change In Property, Plant, And Equipment": {"2020-12-31": -2.8, "2020-09-30": -7.4, "2020-06-30": -13.2, "2020-03-31": "-27.20000", "2019-12-31": -41.4, "2019-09-30": -63.4, "2019-06-30": -38.2, "2019-03-31": "-61.10000", "2018-12-31": -33.9, "2018-09-30": -48.3, "2018-06-30": -42.4, "2018-03-31": "-59.50000", "2017-12-31": -56.8, "2017-09-30": -52.1, "2017-06-30": -83.7, "2017-03-31": "-85.50000", "2016-12-31": -96.1, "2016-09-30": -75.8, "2016-06-30": -70.6, "2016-03-31": "-85.40000", "2015-12-31": -56, "2015-09-30": -83, "2015-06-30": -71.3, "2015-03-31": "-95.00000", "2014-12-31": -65.7, "2014-09-30": -75.2, "2014-06-30": -64.2, "2014-03-31": "-55.00000", "2013-12-31": -61.8, "2013-09-30": -41.1, "2013-06-30": -43.9, "2013-03-31": "-48.10000", "2012-12-31": -54.8, "2012-09-30": -64.5, "2012-06-30": -61.5, "2012-03-31": "-82.90000", "2011-12-31": -58.5, "2011-09-30": -31.7, "2011-06-30": -31.9, "2011-03-31": "-35.90000", "2010-12-31": -17.6, "2010-09-30": -11.1, "2010-06-30": -7.5, "2010-03-31": "-12.60000", "2009-12-31": -16.3, "2009-09-30": -17.9, "2009-06-30": -25.6, "2009-03-31": "-38.60000", "2008-12-31": -44.9, "2008-09-30": -44.8, "2008-06-30": -42.3, "2008-03-31": "-43.90000", "2007-12-31": -43.7, "2007-09-30": -25.5, "2007-06-30": -30.4, "2007-03-31": "-15.60000", "2006-12-31": -36.1, "2006-09-30": -31.4, "2006-06-30": -26.3, "2006-03-31": "-24.10000", "2005-12-31": -31.9, "2005-09-30": -15.8, "2005-06-30": -9.1, "2005-03-31": "-7.50000"}, "Net Change In Intangible Assets": {"2020-12-31": 0, "2020-09-30": 0, "2020-06-30": 0, "2020-03-31": "", "2019-12-31": 0, "2019-09-30": 0, "2019-06-30": 0, "2019-03-31": "", "2018-12-31": 0, "2018-09-30": 0, "2018-06-30": 0, "2018-03-31": "", "2017-12-31": 0, "2017-09-30": 0, "2017-06-30": 0, "2017-03-31": "", "2016-12-31": 0, "2016-09-30": 0, "2016-06-30": 0, "2016-03-31": "", "2015-12-31": 0, "2015-09-30": 0, "2015-06-30": 0, "2015-03-31": "", "2014-12-31": 0, "2014-09-30": 0, "2014-06-30": 0, "2014-03-31": "", "2013-12-31": 0, "2013-09-30": 0, "2013-06-30": 0, "2013-03-31": "", "2012-12-31": 0, "2012-09-30": 0, "2012-06-30": 0, "2012-03-31": "", "2011-12-31": 0, "2011-09-30": 0, "2011-06-30": 0, "2011-03-31": "", "2010-12-31": 0, "2010-09-30": 0, "2010-06-30": 0, "2010-03-31": "", "2009-12-31": 0, "2009-09-30": 0, "2009-06-30": 0, "2009-03-31": "", "2008-12-31": 0, "2008-09-30": 0, "2008-06-30": 0, "2008-03-31": "", "2007-12-31": 0, "2007-09-30": 0, "2007-06-30": 0, "2007-03-31": "", "2006-12-31": 0, "2006-09-30": 0, "2006-06-30": 0, "2006-03-31": "", "2005-12-31": 0, "2005-09-30": 0, "2005-06-30": 0, "2005-03-31": ""}, "Net Acquisitions/Divestitures": {"2020-12-31": 0, "2020-09-30": 0, "2020-06-30": 0, "2020-03-31": "", "2019-12-31": 0, "2019-09-30": 0, "2019-06-30": -4.8, "2019-03-31": "-158.40000", "2018-12-31": -2.7, "2018-09-30": -0.7, "2018-06-30": 0, "2018-03-31": "", "2017-12-31": -64, "2017-09-30": -2, "2017-06-30": 0, "2017-03-31": "-10.00000", "2016-12-31": 33.6, "2016-09-30": 0, "2016-06-30": -25, "2016-03-31": "-8.60000", "2015-12-31": 0, "2015-09-30": 0, "2015-06-30": 0, "2015-03-31": "", "2014-12-31": 0, "2014-09-30": 0, "2014-06-30": 0, "2014-03-31": "", "2013-12-31": 0, "2013-09-30": 0, "2013-06-30": 0, "2013-03-31": "", "2012-12-31": 0, "2012-09-30": 0, "2012-06-30": 0, "2012-03-31": "", "2011-12-31": 0, "2011-09-30": 0, "2011-06-30": 0, "2011-03-31": "", "2010-12-31": 0, "2010-09-30": 0, "2010-06-30": 0, "2010-03-31": "", "2009-12-31": 0, "2009-09-30": 0, "2009-06-30": 0, "2009-03-31": "", "2008-12-31": 0, "2008-09-30": 0, "2008-06-30": 0, "2008-03-31": "", "2007-12-31": -84, "2007-09-30": 59, "2007-06-30": 0, "2007-03-31": "25.00000", "2006-12-31": 0, "2006-09-30": 0, "2006-06-30": 0, "2006-03-31": "", "2005-12-31": 0, "2005-09-30": 0, "2005-06-30": 0, "2005-03-31": ""}, "Net Change In Short-term Investments": {"2020-12-31": 0, "2020-09-30": 0, "2020-06-30": 0, "2020-03-31": "", "2019-12-31": 0, "2019-09-30": 0, "2019-06-30": 0, "2019-03-31": "", "2018-12-31": 0, "2018-09-30": 0, "2018-06-30": 0, "2018-03-31": "", "2017-12-31": 0, "2017-09-30": 0, "2017-06-30": 0, "2017-03-31": "", "2016-12-31": 0, "2016-09-30": 0, "2016-06-30": 0, "2016-03-31": "", "2015-12-31": 0, "2015-09-30": 0, "2015-06-30": 0, "2015-03-31": "", "2014-12-31": 0, "2014-09-30": 0, "2014-06-30": 0, "2014-03-31": "", "2013-12-31": 0, "2013-09-30": 0, "2013-06-30": 0, "2013-03-31": "", "2012-12-31": 0, "2012-09-30": 0, "2012-06-30": 0, "2012-03-31": "", "2011-12-31": 0, "2011-09-30": 0, "2011-06-30": 0, "2011-03-31": "", "2010-12-31": 0, "2010-09-30": 0, "2010-06-30": 0, "2010-03-31": "", "2009-12-31": 0, "2009-09-30": 0, "2009-06-30": 0, "2009-03-31": "", "2008-12-31": 0, "2008-09-30": 0, "2008-06-30": 0, "2008-03-31": "", "2007-12-31": 0, "2007-09-30": 0, "2007-06-30": 0, "2007-03-31": "", "2006-12-31": 0, "2006-09-30": 0, "2006-06-30": 0, "2006-03-31": "", "2005-12-31": 0, "2005-09-30": 0, "2005-06-30": 0, "2005-03-31": ""}, "Net Change In Long-Term Investments": {"2020-12-31": 0, "2020-09-30": 0, "2020-06-30": 0, "2020-03-31": "", "2019-12-31": 0, "2019-09-30": 0, "2019-06-30": 0, "2019-03-31": "", "2018-12-31": 0, "2018-09-30": 0, "2018-06-30": 0, "2018-03-31": "", "2017-12-31": 0, "2017-09-30": 0, "2017-06-30": 0, "2017-03-31": "", "2016-12-31": -38.6, "2016-09-30": 0, "2016-06-30": 0, "2016-03-31": "", "2015-12-31": 0, "2015-09-30": 0, "2015-06-30": 0, "2015-03-31": "", "2014-12-31": -10.3, "2014-09-30": 0, "2014-06-30": 0, "2014-03-31": "", "2013-12-31": 0, "2013-09-30": 0, "2013-06-30": 0, "2013-03-31": "", "2012-12-31": 5.3, "2012-09-30": 0, "2012-06-30": 0, "2012-03-31": "", "2011-12-31": 0, "2011-09-30": 0, "2011-06-30": 0, "2011-03-31": "", "2010-12-31": 0, "2010-09-30": 0, "2010-06-30": 0, "2010-03-31": "", "2009-12-31": 0, "2009-09-30": -6, "2009-06-30": 0, "2009-03-31": "", "2008-12-31": 0, "2008-09-30": 22.3, "2008-06-30": 0, "2008-03-31": "", "2007-12-31": 0, "2007-09-30": 0.1, "2007-06-30": -0.1, "2007-03-31": "-2.00000", "2006-12-31": 22, "2006-09-30": 0, "2006-06-30": 0, "2006-03-31": "", "2005-12-31": 0, "2005-09-30": 0, "2005-06-30": 0, "2005-03-31": "-7.50000"}, "Net Change In Investments - Total": {"2020-12-31": 0, "2020-09-30": 0, "2020-06-30": 0, "2020-03-31": "", "2019-12-31": 0, "2019-09-30": 0, "2019-06-30": 0, "2019-03-31": "", "2018-12-31": 0, "2018-09-30": 0, "2018-06-30": 0, "2018-03-31": "", "2017-12-31": 0, "2017-09-30": 0, "2017-06-30": 0, "2017-03-31": "", "2016-12-31": -38.6, "2016-09-30": 0, "2016-06-30": 0, "2016-03-31": "", "2015-12-31": 0, "2015-09-30": 0, "2015-06-30": 0, "2015-03-31": "", "2014-12-31": -10.3, "2014-09-30": 0, "2014-06-30": 0, "2014-03-31": "", "2013-12-31": 0, "2013-09-30": 0, "2013-06-30": 0, "2013-03-31": "", "2012-12-31": 5.3, "2012-09-30": 0, "2012-06-30": 0, "2012-03-31": "", "2011-12-31": 0, "2011-09-30": 0, "2011-06-30": 0, "2011-03-31": "", "2010-12-31": 0, "2010-09-30": 0, "2010-06-30": 0, "2010-03-31": "", "2009-12-31": 0, "2009-09-30": -6, "2009-06-30": 0, "2009-03-31": "", "2008-12-31": 0, "2008-09-30": 22.3, "2008-06-30": 0, "2008-03-31": "", "2007-12-31": 0, "2007-09-30": 0.1, "2007-06-30": -0.1, "2007-03-31": "-2.00000", "2006-12-31": 22, "2006-09-30": 0, "2006-06-30": 0, "2006-03-31": "", "2005-12-31": 0, "2005-09-30": 0, "2005-06-30": 0, "2005-03-31": "-7.50000"}, "Investing Activities - Other": {"2020-12-31": 0, "2020-09-30": 0, "2020-06-30": 0, "2020-03-31": "", "2019-12-31": 0, "2019-09-30": 0, "2019-06-30": 0, "2019-03-31": "", "2018-12-31": 0, "2018-09-30": 0, "2018-06-30": 0, "2018-03-31": "", "2017-12-31": 0, "2017-09-30": 0, "2017-06-30": 0, "2017-03-31": "", "2016-12-31": 0, "2016-09-30": 0, "2016-06-30": 0, "2016-03-31": "", "2015-12-31": 0, "2015-09-30": 0, "2015-06-30": 0, "2015-03-31": "", "2014-12-31": 0, "2014-09-30": 0, "2014-06-30": 0, "2014-03-31": "", "2013-12-31": 0, "2013-09-30": 0, "2013-06-30": 0, "2013-03-31": "", "2012-12-31": -5.3, "2012-09-30": 0, "2012-06-30": 5.3, "2012-03-31": "", "2011-12-31": 0, "2011-09-30": -5.2, "2011-06-30": 0, "2011-03-31": "", "2010-12-31": 0, "2010-09-30": 0, "2010-06-30": 0, "2010-03-31": "", "2009-12-31": 0, "2009-09-30": 0, "2009-06-30": 0, "2009-03-31": "", "2008-12-31": 0, "2008-09-30": 0, "2008-06-30": 0, "2008-03-31": "", "2007-12-31": 85.2, "2007-09-30": 0, "2007-06-30": 0, "2007-03-31": "", "2006-12-31": 0.5, "2006-09-30": 0, "2006-06-30": 0, "2006-03-31": "", "2005-12-31": 0, "2005-09-30": 0, "2005-06-30": 1.4, "2005-03-31": ""}, "Cash Flow From Investing Activities": {"2020-12-31": -2.8, "2020-09-30": -7.4, "2020-06-30": -13.2, "2020-03-31": "-27.20000", "2019-12-31": -41.4, "2019-09-30": -63.4, "2019-06-30": -43, "2019-03-31": "-219.50000", "2018-12-31": -36.6, "2018-09-30": -49, "2018-06-30": -42.4, "2018-03-31": "-59.50000", "2017-12-31": -120.8, "2017-09-30": -54.1, "2017-06-30": -83.7, "2017-03-31": "-95.50000", "2016-12-31": -101.1, "2016-09-30": -75.8, "2016-06-30": -95.6, "2016-03-31": "-94.00000", "2015-12-31": -56, "2015-09-30": -83, "2015-06-30": -71.3, "2015-03-31": "-95.00000", "2014-12-31": -76, "2014-09-30": -75.2, "2014-06-30": -64.2, "2014-03-31": "-55.00000", "2013-12-31": -61.8, "2013-09-30": -41.1, "2013-06-30": -43.9, "2013-03-31": "-48.10000", "2012-12-31": -54.8, "2012-09-30": -64.5, "2012-06-30": -56.2, "2012-03-31": "-82.90000", "2011-12-31": -58.5, "2011-09-30": -36.9, "2011-06-30": -31.9, "2011-03-31": "-35.90000", "2010-12-31": -17.6, "2010-09-30": -11.1, "2010-06-30": -7.5, "2010-03-31": "-12.60000", "2009-12-31": -16.3, "2009-09-30": -23.9, "2009-06-30": -25.6, "2009-03-31": "-38.60000", "2008-12-31": -44.9, "2008-09-30": -22.5, "2008-06-30": -42.3, "2008-03-31": "-43.90000", "2007-12-31": -42.5, "2007-09-30": 33.6, "2007-06-30": -30.5, "2007-03-31": "7.40000", "2006-12-31": -13.6, "2006-09-30": -31.4, "2006-06-30": -26.3, "2006-03-31": "-24.10000", "2005-12-31": -31.9, "2005-09-30": -15.8, "2005-06-30": -7.7, "2005-03-31": "-15.00000"}, "Net Long-Term Debt": {"2020-12-31": -73.8, "2020-09-30": -266.2, "2020-06-30": -175, "2020-03-31": "379.90000", "2019-12-31": -66.2, "2019-09-30": 0.8, "2019-06-30": -45.2, "2019-03-31": "211.80000", "2018-12-31": -33.3, "2018-09-30": 50.3, "2018-06-30": 102.8, "2018-03-31": "28.00000", "2017-12-31": -25.1, "2017-09-30": 9.4, "2017-06-30": -23.8, "2017-03-31": "155.60000", "2016-12-31": 15.5, "2016-09-30": -32.9, "2016-06-30": 18.8, "2016-03-31": "104.10000", "2015-12-31": -20, "2015-09-30": 92.1, "2015-06-30": 27.8, "2015-03-31": "63.90000", "2014-12-31": 464.5, "2014-09-30": 35, "2014-06-30": 103, "2014-03-31": "-0.20000", "2013-12-31": 115.5, "2013-09-30": 94.3, "2013-06-30": -85.3, "2013-03-31": "-1.30000", "2012-12-31": -39.2, "2012-09-30": 116.6, "2012-06-30": -72, "2012-03-31": "-0.70000", "2011-12-31": 193.9, "2011-09-30": -2.4, "2011-06-30": -163.4, "2011-03-31": "-56.00000", "2010-12-31": 3, "2010-09-30": -63.5, "2010-06-30": 29.1, "2010-03-31": "-29.30000", "2009-12-31": -167.2, "2009-09-30": 166, "2009-06-30": 4.9, "2009-03-31": "4.10000", "2008-12-31": -0.2, "2008-09-30": 79.3, "2008-06-30": -55.8, "2008-03-31": "55.60000", "2007-12-31": -96.7, "2007-09-30": 0.1, "2007-06-30": -45.2, "2007-03-31": "45.00000", "2006-12-31": -20.5, "2006-09-30": 4.5, "2006-06-30": 5, "2006-03-31": "2.90000", "2005-12-31": -36.3, "2005-09-30": -2.1, "2005-06-30": 227.7, "2005-03-31": "-203.10000"}, "Net Current Debt": {"2020-12-31": 0, "2020-09-30": 0, "2020-06-30": 49.9, "2020-03-31": "-49.90000", "2019-12-31": 0, "2019-09-30": 0, "2019-06-30": 0, "2019-03-31": "", "2018-12-31": 0, "2018-09-30": 0, "2018-06-30": 0, "2018-03-31": "", "2017-12-31": 0, "2017-09-30": 0, "2017-06-30": 0, "2017-03-31": "", "2016-12-31": 0, "2016-09-30": 0, "2016-06-30": 0, "2016-03-31": "", "2015-12-31": 0, "2015-09-30": 0, "2015-06-30": 0, "2015-03-31": "", "2014-12-31": -481, "2014-09-30": 0, "2014-06-30": -60, "2014-03-31": "60.00000", "2013-12-31": -85, "2013-09-30": -144, "2013-06-30": 125.5, "2013-03-31": "18.50000", "2012-12-31": 0, "2012-09-30": -121, "2012-06-30": 62, "2012-03-31": "59.00000", "2011-12-31": -192, "2011-09-30": 0, "2011-06-30": 135, "2011-03-31": "", "2010-12-31": -2.5, "2010-09-30": 28.3, "2010-06-30": -28.3, "2010-03-31": "", "2009-12-31": 167, "2009-09-30": -177.9, "2009-06-30": 0, "2009-03-31": "", "2008-12-31": 0, "2008-09-30": -79.6, "2008-06-30": 79.6, "2008-03-31": "", "2007-12-31": 87.9, "2007-09-30": -79.7, "2007-06-30": 27.6, "2007-03-31": "-35.80000", "2006-12-31": 0.9, "2006-09-30": -0.4, "2006-06-30": -30.5, "2006-03-31": "30.00000", "2005-12-31": 30, "2005-09-30": -25, "2005-06-30": -257, "2005-03-31": "252.00000"}, "Debt Issuance/Retirement Net - Total": {"2020-12-31": -73.8, "2020-09-30": -266.2, "2020-06-30": -125.1, "2020-03-31": "330.00000", "2019-12-31": -66.2, "2019-09-30": 0.8, "2019-06-30": -45.2, "2019-03-31": "211.80000", "2018-12-31": -33.3, "2018-09-30": 50.3, "2018-06-30": 102.8, "2018-03-31": "28.00000", "2017-12-31": -25.1, "2017-09-30": 9.4, "2017-06-30": -23.8, "2017-03-31": "155.60000", "2016-12-31": 15.5, "2016-09-30": -32.9, "2016-06-30": 18.8, "2016-03-31": "104.10000", "2015-12-31": -20, "2015-09-30": 92.1, "2015-06-30": 27.8, "2015-03-31": "63.90000", "2014-12-31": -16.5, "2014-09-30": 35, "2014-06-30": 43, "2014-03-31": "59.80000", "2013-12-31": 30.5, "2013-09-30": -49.7, "2013-06-30": 40.2, "2013-03-31": "17.20000", "2012-12-31": -39.2, "2012-09-30": -4.4, "2012-06-30": -10, "2012-03-31": "58.30000", "2011-12-31": 1.9, "2011-09-30": -2.4, "2011-06-30": -28.4, "2011-03-31": "-56.00000", "2010-12-31": 0.5, "2010-09-30": -35.2, "2010-06-30": 0.8, "2010-03-31": "-29.30000", "2009-12-31": -0.2, "2009-09-30": -11.9, "2009-06-30": 4.9, "2009-03-31": "4.10000", "2008-12-31": -0.2, "2008-09-30": -0.3, "2008-06-30": 23.8, "2008-03-31": "55.60000", "2007-12-31": -8.8, "2007-09-30": -79.6, "2007-06-30": -17.6, "2007-03-31": "9.20000", "2006-12-31": -19.6, "2006-09-30": 4.1, "2006-06-30": -25.5, "2006-03-31": "32.90000", "2005-12-31": -6.3, "2005-09-30": -27.1, "2005-06-30": -29.3, "2005-03-31": "48.90000"}, "Net Common Equity Issued/Repurchased": {"2020-12-31": 2.2, "2020-09-30": -0.3, "2020-06-30": 1.2, "2020-03-31": "-31.00000", "2019-12-31": -75.4, "2019-09-30": -49.8, "2019-06-30": 3.5, "2019-03-31": "-14.20000", "2018-12-31": -74.3, "2018-09-30": -100.7, "2018-06-30": -149.4, "2018-03-31": "-32.30000", "2017-12-31": -22.9, "2017-09-30": 0, "2017-06-30": -51.2, "2017-03-31": "-64.00000", "2016-12-31": -24.9, "2016-09-30": -26.3, "2016-06-30": -19.7, "2016-03-31": "-39.90000", "2015-12-31": -46, "2015-09-30": -97.8, "2015-06-30": 0.6, "2015-03-31": "10.40000", "2014-12-31": 1, "2014-09-30": -42.8, "2014-06-30": -61.5, "2014-03-31": "-53.50000", "2013-12-31": -38.6, "2013-09-30": 1.8, "2013-06-30": -30.9, "2013-03-31": "-15.30000", "2012-12-31": 1.1, "2012-09-30": 0.5, "2012-06-30": 1.7, "2012-03-31": "0.80000", "2011-12-31": 1.4, "2011-09-30": 1.7, "2011-06-30": 4.3, "2011-03-31": "3.10000", "2010-12-31": 1.9, "2010-09-30": 0.6, "2010-06-30": 1.4, "2010-03-31": "-0.80000", "2009-12-31": 1.2, "2009-09-30": 0.1, "2009-06-30": 0.1, "2009-03-31": "-0.70000", "2008-12-31": -0.2, "2008-09-30": -0.4, "2008-06-30": 2.1, "2008-03-31": "-0.30000", "2007-12-31": 4.2, "2007-09-30": 9.5, "2007-06-30": 4.3, "2007-03-31": "3.30000", "2006-12-31": -0.1, "2006-09-30": 0.3, "2006-06-30": 6.8, "2006-03-31": "3.60000", "2005-12-31": 5.1, "2005-09-30": 4.3, "2005-06-30": 3.5, "2005-03-31": "2.30000"}, "Net Total Equity Issued/Repurchased": {"2020-12-31": 2.2, "2020-09-30": -0.3, "2020-06-30": 1.2, "2020-03-31": "-31.00000", "2019-12-31": -75.4, "2019-09-30": -49.8, "2019-06-30": 3.5, "2019-03-31": "-14.20000", "2018-12-31": -74.3, "2018-09-30": -100.7, "2018-06-30": -149.4, "2018-03-31": "-32.30000", "2017-12-31": -22.9, "2017-09-30": 0, "2017-06-30": -51.2, "2017-03-31": "-64.00000", "2016-12-31": -24.9, "2016-09-30": -26.3, "2016-06-30": -19.7, "2016-03-31": "-39.90000", "2015-12-31": -46, "2015-09-30": -97.8, "2015-06-30": 0.6, "2015-03-31": "10.40000", "2014-12-31": 1, "2014-09-30": -42.8, "2014-06-30": -61.5, "2014-03-31": "-53.50000", "2013-12-31": -38.6, "2013-09-30": 1.8, "2013-06-30": -30.9, "2013-03-31": "-15.30000", "2012-12-31": 1.1, "2012-09-30": 0.5, "2012-06-30": 1.7, "2012-03-31": "0.80000", "2011-12-31": 1.4, "2011-09-30": 1.7, "2011-06-30": 4.3, "2011-03-31": "3.10000", "2010-12-31": 1.9, "2010-09-30": 0.6, "2010-06-30": 1.4, "2010-03-31": "-0.80000", "2009-12-31": 1.2, "2009-09-30": 0.1, "2009-06-30": 0.1, "2009-03-31": "-0.70000", "2008-12-31": -0.2, "2008-09-30": -0.4, "2008-06-30": 2.1, "2008-03-31": "-0.30000", "2007-12-31": 4.2, "2007-09-30": 9.5, "2007-06-30": 4.3, "2007-03-31": "3.30000", "2006-12-31": -0.1, "2006-09-30": 0.3, "2006-06-30": 6.8, "2006-03-31": "3.60000", "2005-12-31": 5.1, "2005-09-30": 4.3, "2005-06-30": 3.5, "2005-03-31": "2.30000"}, "Total Common And Preferred Stock Dividends Paid": {"2020-12-31": 0, "2020-09-30": 0, "2020-06-30": 0, "2020-03-31": "-14.20000", "2019-12-31": -14.3, "2019-09-30": -14.4, "2019-06-30": -12.8, "2019-03-31": "-12.70000", "2018-12-31": -12.9, "2018-09-30": -13.1, "2018-06-30": -11.2, "2018-03-31": "-11.20000", "2017-12-31": -11.3, "2017-09-30": -11.2, "2017-06-30": -10, "2017-03-31": "-10.10000", "2016-12-31": -10.1, "2016-09-30": -10.1, "2016-06-30": -10.3, "2016-03-31": "-9.30000", "2015-12-31": -9.4, "2015-09-30": -9.7, "2015-06-30": -9.6, "2015-03-31": "-9.60000", "2014-12-31": 0, "2014-09-30": 0, "2014-06-30": 0, "2014-03-31": "", "2013-12-31": 0, "2013-09-30": 0, "2013-06-30": 0, "2013-03-31": "", "2012-12-31": 0, "2012-09-30": 0, "2012-06-30": 0, "2012-03-31": "", "2011-12-31": 0, "2011-09-30": 0, "2011-06-30": 0, "2011-03-31": "", "2010-12-31": 0, "2010-09-30": 0, "2010-06-30": 0, "2010-03-31": "", "2009-12-31": 0, "2009-09-30": 0, "2009-06-30": 0, "2009-03-31": "", "2008-12-31": 0, "2008-09-30": 0, "2008-06-30": 0, "2008-03-31": "", "2007-12-31": 0, "2007-09-30": 0, "2007-06-30": 0, "2007-03-31": "", "2006-12-31": 0, "2006-09-30": 0, "2006-06-30": 0, "2006-03-31": "", "2005-12-31": 0, "2005-09-30": 0, "2005-06-30": 0, "2005-03-31": ""}, "Financial Activities - Other": {"2020-12-31": 0, "2020-09-30": -1.3, "2020-06-30": 0, "2020-03-31": "", "2019-12-31": -0.3, "2019-09-30": 0, "2019-06-30": -2.2, "2019-03-31": "", "2018-12-31": 0, "2018-09-30": 0, "2018-06-30": 0, "2018-03-31": "", "2017-12-31": 0, "2017-09-30": 0, "2017-06-30": 0, "2017-03-31": "6.30000", "2016-12-31": 0, "2016-09-30": 0, "2016-06-30": -1.7, "2016-03-31": "", "2015-12-31": 0, "2015-09-30": -3.6, "2015-06-30": 0, "2015-03-31": "", "2014-12-31": -0.1, "2014-09-30": -1.3, "2014-06-30": 0, "2014-03-31": "", "2013-12-31": -2.4, "2013-09-30": 2.2, "2013-06-30": -2.2, "2013-03-31": "", "2012-12-31": -0.6, "2012-09-30": 0.6, "2012-06-30": -0.6, "2012-03-31": "", "2011-12-31": 0, "2011-09-30": 0, "2011-06-30": 0, "2011-03-31": "", "2010-12-31": -1.4, "2010-09-30": -3.7, "2010-06-30": 0, "2010-03-31": "", "2009-12-31": 0.1, "2009-09-30": -0.1, "2009-06-30": -10.3, "2009-03-31": "", "2008-12-31": 0, "2008-09-30": 0, "2008-06-30": 0, "2008-03-31": "", "2007-12-31": 0, "2007-09-30": 0, "2007-06-30": 0, "2007-03-31": "", "2006-12-31": 0, "2006-09-30": 0, "2006-06-30": 0, "2006-03-31": "", "2005-12-31": 0, "2005-09-30": 0.1, "2005-06-30": -0.4, "2005-03-31": "-41.80000"}, "Cash Flow From Financial Activities": {"2020-12-31": -71.6, "2020-09-30": -267.8, "2020-06-30": -123.9, "2020-03-31": "284.80000", "2019-12-31": -156.2, "2019-09-30": -63.4, "2019-06-30": -56.7, "2019-03-31": "184.90000", "2018-12-31": -120.5, "2018-09-30": -63.5, "2018-06-30": -57.8, "2018-03-31": "-15.50000", "2017-12-31": -59.3, "2017-09-30": -1.8, "2017-06-30": -85, "2017-03-31": "87.80000", "2016-12-31": -19.5, "2016-09-30": -69.3, "2016-06-30": -12.9, "2016-03-31": "54.90000", "2015-12-31": -75.4, "2015-09-30": -19, "2015-06-30": 18.8, "2015-03-31": "64.70000", "2014-12-31": -15.6, "2014-09-30": -9.1, "2014-06-30": -18.5, "2014-03-31": "6.30000", "2013-12-31": -10.5, "2013-09-30": -45.7, "2013-06-30": 7.1, "2013-03-31": "1.90000", "2012-12-31": -38.7, "2012-09-30": -3.3, "2012-06-30": -8.9, "2012-03-31": "59.10000", "2011-12-31": 3.3, "2011-09-30": -0.7, "2011-06-30": -24.1, "2011-03-31": "-52.90000", "2010-12-31": 1, "2010-09-30": -38.3, "2010-06-30": 2.2, "2010-03-31": "-30.10000", "2009-12-31": 1.1, "2009-09-30": -11.9, "2009-06-30": -5.3, "2009-03-31": "3.40000", "2008-12-31": -0.4, "2008-09-30": -0.7, "2008-06-30": 25.9, "2008-03-31": "55.30000", "2007-12-31": -4.6, "2007-09-30": -70.1, "2007-06-30": -13.3, "2007-03-31": "12.50000", "2006-12-31": -19.7, "2006-09-30": 4.4, "2006-06-30": -18.7, "2006-03-31": "36.50000", "2005-12-31": -1.2, "2005-09-30": -22.7, "2005-06-30": -26.2, "2005-03-31": "9.40000"}, "Net Cash Flow": {"2020-12-31": 35.3, "2020-09-30": -189.2, "2020-06-30": -72.1, "2020-03-31": "264.90000", "2019-12-31": 17.4, "2019-09-30": -8.4, "2019-06-30": 11.7, "2019-03-31": "11.00000", "2018-12-31": -14.5, "2018-09-30": 8.1, "2018-06-30": -10.7, "2018-03-31": "-10.30000", "2017-12-31": -59, "2017-09-30": 73.6, "2017-06-30": -36.6, "2017-03-31": "46.90000", "2016-12-31": -10.5, "2016-09-30": 6.8, "2016-06-30": 14.7, "2016-03-31": "-27.60000", "2015-12-31": 8.6, "2015-09-30": 7.9, "2015-06-30": 12.6, "2015-03-31": "-48.20000", "2014-12-31": 33.2, "2014-09-30": -6.1, "2014-06-30": -6.2, "2014-03-31": "-15.50000", "2013-12-31": 5.8, "2013-09-30": 3, "2013-06-30": 38.4, "2013-03-31": "-14.30000", "2012-12-31": -10.6, "2012-09-30": 10.6, "2012-06-30": -16.1, "2012-03-31": "-0.80000", "2011-12-31": 1.1, "2011-09-30": -7.5, "2011-06-30": 5.3, "2011-03-31": "-66.60000", "2010-12-31": 38.7, "2010-09-30": -5.5, "2010-06-30": 18.3, "2010-03-31": "-44.40000", "2009-12-31": 15.4, "2009-09-30": 22.1, "2009-06-30": 45.6, "2009-03-31": "-23.90000", "2008-12-31": 2.2, "2008-09-30": 29.4, "2008-06-30": -7.1, "2008-03-31": "-1.70000", "2007-12-31": -3.3, "2007-09-30": -4.6, "2007-06-30": 2.5, "2007-03-31": "7.80000", "2006-12-31": 12.7, "2006-09-30": 4.2, "2006-06-30": -15.1, "2006-03-31": "2.90000", "2005-12-31": 8.7, "2005-09-30": -6.2, "2005-06-30": -7.7, "2005-03-31": "-31.00000"}, "Stock-Based Compensation": {"2020-12-31": 2.4, "2020-09-30": 0.3, "2020-06-30": -1.7, "2020-03-31": "14.40000", "2019-12-31": 2.4, "2019-09-30": 2.4, "2019-06-30": 2.4, "2019-03-31": "11.10000", "2018-12-31": 2.2, "2018-09-30": 2, "2018-06-30": 2.1, "2018-03-31": "9.90000", "2017-12-31": 2.1, "2017-09-30": 2.2, "2017-06-30": 2.4, "2017-03-31": "10.90000", "2016-12-31": 2.5, "2016-09-30": 0.8, "2016-06-30": 2.3, "2016-03-31": "10.50000", "2015-12-31": 2.7, "2015-09-30": 0.8, "2015-06-30": 2.4, "2015-03-31": "12.00000", "2014-12-31": 3.2, "2014-09-30": 2.5, "2014-06-30": 2.7, "2014-03-31": "8.80000", "2013-12-31": 4.2, "2013-09-30": 2.7, "2013-06-30": 3.3, "2013-03-31": "8.70000", "2012-12-31": 2.7, "2012-09-30": 2.6, "2012-06-30": 3, "2012-03-31": "7.50000", "2011-12-31": 2.6, "2011-09-30": 2.5, "2011-06-30": 2.4, "2011-03-31": "6.40000", "2010-12-31": 1.9, "2010-09-30": 2.2, "2010-06-30": 2.6, "2010-03-31": "5.70000", "2009-12-31": 1.6, "2009-09-30": 1.2, "2009-06-30": 0.8, "2009-03-31": "4.70000", "2008-12-31": 0.7, "2008-09-30": 1.8, "2008-06-30": 1.7, "2008-03-31": "5.20000", "2007-12-31": 2.3, "2007-09-30": 1.4, "2007-06-30": 1.8, "2007-03-31": "4.90000", "2006-12-31": 1.4, "2006-09-30": 1.6, "2006-06-30": 1.9, "2006-03-31": "3.40000", "2005-12-31": 0.3, "2005-09-30": 0.5, "2005-06-30": 0.7, "2005-03-31": "0.50000"}, "Common Stock Dividends Paid": {"2020-12-31": 0, "2020-09-30": 0, "2020-06-30": 0, "2020-03-31": "-14.20000", "2019-12-31": -14.3, "2019-09-30": -14.4, "2019-06-30": -12.8, "2019-03-31": "-12.70000", "2018-12-31": -12.9, "2018-09-30": -13.1, "2018-06-30": -11.2, "2018-03-31": "-11.20000", "2017-12-31": -11.3, "2017-09-30": -11.2, "2017-06-30": -10, "2017-03-31": "-10.10000", "2016-12-31": -10.1, "2016-09-30": -10.1, "2016-06-30": -10.3, "2016-03-31": "-9.30000", "2015-12-31": -9.4, "2015-09-30": -9.7, "2015-06-30": -9.6, "2015-03-31": "-9.60000", "2014-12-31": 0, "2014-09-30": 0, "2014-06-30": 0, "2014-03-31": "", "2013-12-31": 0, "2013-09-30": 0, "2013-06-30": 0, "2013-03-31": "", "2012-12-31": 0, "2012-09-30": 0, "2012-06-30": 0, "2012-03-31": "", "2011-12-31": 0, "2011-09-30": 0, "2011-06-30": 0, "2011-03-31": "", "2010-12-31": 0, "2010-09-30": 0, "2010-06-30": 0, "2010-03-31": "", "2009-12-31": 0, "2009-09-30": 0, "2009-06-30": 0, "2009-03-31": "", "2008-12-31": 0, "2008-09-30": 0, "2008-06-30": 0, "2008-03-31": "", "2007-12-31": 0, "2007-09-30": 0, "2007-06-30": 0, "2007-03-31": "", "2006-12-31": 0, "2006-09-30": 0, "2006-06-30": 0, "2006-03-31": "", "2005-12-31": 0, "2005-09-30": 0, "2005-06-30": 0, "2005-03-31": ""}}, "financial ratios": {"Current Ratio": {"2019-12-31": "2.18510", "2018-12-31": "2.06860", "2017-12-31": "2.50550", "2016-12-31": "2.23240", "2015-12-31": "2.16610", "2014-12-31": "2.19480", "2013-12-31": "2.44290", "2012-12-31": "2.44670", "2011-12-31": "2.11840", "2010-12-31": "2.41720", "2009-12-31": "2.28610", "2008-12-31": "2.14410", "2007-12-31": "1.78060", "2006-12-31": "1.94160", "2005-12-31": "1.89120"}, "Long-term Debt / Capital": {"2019-12-31": "0.42080", "2018-12-31": "0.41750", "2017-12-31": "0.35020", "2016-12-31": "0.35470", "2015-12-31": "0.32830", "2014-12-31": "0.26520", "2013-12-31": "0.20100", "2012-12-31": "0.19450", "2011-12-31": "0.22900", "2010-12-31": "0.31600", "2009-12-31": "0.38400", "2008-12-31": "0.43530", "2007-12-31": "0.42460", "2006-12-31": "0.57600", "2005-12-31": "0.66420"}, "Debt/Equity Ratio": {"2019-12-31": "0.74530", "2018-12-31": "0.73110", "2017-12-31": "0.54170", "2016-12-31": "0.55320", "2015-12-31": "0.48870", "2014-12-31": "0.36200", "2013-12-31": "0.25420", "2012-12-31": "0.25810", "2011-12-31": "0.31280", "2010-12-31": "0.50380", "2009-12-31": "0.68150", "2008-12-31": "0.77490", "2007-12-31": "0.73880", "2006-12-31": "1.36700", "2005-12-31": "1.99240"}, "Gross Margin": {"2019-12-31": "27.18510", "2018-12-31": "26.53150", "2017-12-31": "27.96330", "2016-12-31": "28.16940", "2015-12-31": "28.62670", "2014-12-31": "27.42120", "2013-12-31": "27.05280", "2012-12-31": "25.76990", "2011-12-31": "24.56910", "2010-12-31": "24.07980", "2009-12-31": "22.42170", "2008-12-31": "21.82810", "2007-12-31": "24.16530", "2006-12-31": "23.67790", "2005-12-31": "23.41270"}, "Operating Margin": {"2019-12-31": "18.04980", "2018-12-31": "16.95670", "2017-12-31": "17.76720", "2016-12-31": "17.96640", "2015-12-31": "17.85940", "2014-12-31": "16.48070", "2013-12-31": "16.14230", "2012-12-31": "15.76480", "2011-12-31": "13.78910", "2010-12-31": "11.06000", "2009-12-31": "9.35670", "2008-12-31": "9.88000", "2007-12-31": "9.81130", "2006-12-31": "9.85230", "2005-12-31": "8.80330"}, "EBIT Margin": {"2019-12-31": "18.04980", "2018-12-31": "16.95670", "2017-12-31": "17.76720", "2016-12-31": "17.96640", "2015-12-31": "17.85940", "2014-12-31": "16.48070", "2013-12-31": "16.14230", "2012-12-31": "15.76480", "2011-12-31": "13.78910", "2010-12-31": "11.06000", "2009-12-31": "9.35670", "2008-12-31": "9.88000", "2007-12-31": "9.81130", "2006-12-31": "9.85230", "2005-12-31": "8.80330"}, "EBITDA Margin": {"2019-12-31": "24.10320", "2018-12-31": "22.65320", "2017-12-31": "23.09840", "2016-12-31": "22.70620", "2015-12-31": "22.02340", "2014-12-31": "20.40420", "2013-12-31": "19.80100", "2012-12-31": "19.58560", "2011-12-31": "18.27060", "2010-12-31": "16.47070", "2009-12-31": "14.00340", "2008-12-31": "13.32180", "2007-12-31": "13.35500", "2006-12-31": "13.56840", "2005-12-31": "13.06390"}, "Pre-Tax Profit Margin": {"2019-12-31": "16.11840", "2018-12-31": "15.23460", "2017-12-31": "16.37870", "2016-12-31": "16.84380", "2015-12-31": "17.09650", "2014-12-31": "16.02260", "2013-12-31": "15.64770", "2012-12-31": "15.06150", "2011-12-31": "12.60410", "2010-12-31": "8.50370", "2009-12-31": "7.00170", "2008-12-31": "8.35530", "2007-12-31": "7.89000", "2006-12-31": "7.59410", "2005-12-31": "1.44110"}, "Net Profit Margin": {"2019-12-31": "13.01520", "2018-12-31": "12.63530", "2017-12-31": "14.39210", "2016-12-31": "12.46320", "2015-12-31": "12.74450", "2014-12-31": "11.28540", "2013-12-31": "11.19650", "2012-12-31": "10.41060", "2011-12-31": "9.73140", "2010-12-31": "6.59510", "2009-12-31": "5.07990", "2008-12-31": "8.39310", "2007-12-31": "5.23440", "2006-12-31": "6.27920", "2005-12-31": "11.53930"}, "Asset Turnover": {"2019-12-31": "0.75300", "2018-12-31": "0.77510", "2017-12-31": "0.70960", "2016-12-31": "0.83490", "2015-12-31": "0.85090", "2014-12-31": "0.91120", "2013-12-31": "0.91400", "2012-12-31": "0.98450", "2011-12-31": "1.01180", "2010-12-31": "0.93280", "2009-12-31": "0.88910", "2008-12-31": "1.09470", "2007-12-31": "1.10430", "2006-12-31": "1.03450", "2005-12-31": "1.08740"}, "Inventory Turnover Ratio": {"2019-12-31": "5.14950", "2018-12-31": "5.40060", "2017-12-31": "4.52710", "2016-12-31": "4.94740", "2015-12-31": "4.32420", "2014-12-31": "4.64220", "2013-12-31": "4.61440", "2012-12-31": "5.03220", "2011-12-31": "4.86930", "2010-12-31": "5.24430", "2009-12-31": "5.46950", "2008-12-31": "5.30310", "2007-12-31": "4.95040", "2006-12-31": "5.31170", "2005-12-31": "5.02330"}, "Receiveable Turnover": {"2019-12-31": "10.35020", "2018-12-31": "8.39060", "2017-12-31": "7.93450", "2016-12-31": "8.16080", "2015-12-31": "7.95380", "2014-12-31": "7.94650", "2013-12-31": "7.22120", "2012-12-31": "6.89170", "2011-12-31": "6.98650", "2010-12-31": "6.74870", "2009-12-31": "6.99680", "2008-12-31": "6.99520", "2007-12-31": "6.07420", "2006-12-31": "6.18080", "2005-12-31": "6.25880"}, "Days Sales In Receivables": {"2019-12-31": "35.26510", "2018-12-31": "43.50120", "2017-12-31": "46.00190", "2016-12-31": "44.72580", "2015-12-31": "45.88980", "2014-12-31": "45.93240", "2013-12-31": "50.54580", "2012-12-31": "52.96220", "2011-12-31": "52.24400", "2010-12-31": "54.08440", "2009-12-31": "52.16640", "2008-12-31": "52.17830", "2007-12-31": "60.09050", "2006-12-31": "59.05380", "2005-12-31": "58.31770"}, "ROE - Return On Equity": {"2019-12-31": "21.20190", "2018-12-31": "20.92290", "2017-12-31": "18.99540", "2016-12-31": "20.06590", "2015-12-31": "20.10850", "2014-12-31": "18.21030", "2013-12-31": "16.19270", "2012-12-31": "16.52750", "2011-12-31": "16.89110", "2010-12-31": "11.73790", "2009-12-31": "9.78110", "2008-12-31": "21.83820", "2007-12-31": "14.80360", "2006-12-31": "21.51860", "2005-12-31": "62.26860"}, "Return On Tangible Equity": {"2019-12-31": "26.30180", "2018-12-31": "23.44660", "2017-12-31": "21.09330", "2016-12-31": "21.30130", "2015-12-31": "21.16540", "2014-12-31": "19.20930", "2013-12-31": "17.09110", "2012-12-31": "17.54780", "2011-12-31": "18.19280", "2010-12-31": "12.83160", "2009-12-31": "10.84990", "2008-12-31": "24.53660", "2007-12-31": "17.07120", "2006-12-31": "26.72980", "2005-12-31": "96.32900"}, "ROA - Return On Assets": {"2019-12-31": "9.79990", "2018-12-31": "9.79430", "2017-12-31": "10.21250", "2016-12-31": "10.40570", "2015-12-31": "10.84390", "2014-12-31": "10.28290", "2013-12-31": "10.23370", "2012-12-31": "10.24890", "2011-12-31": "9.84670", "2010-12-31": "6.15210", "2009-12-31": "4.51630", "2008-12-31": "9.18780", "2007-12-31": "5.96890", "2006-12-31": "6.39720", "2005-12-31": "14.89890"}, "ROI - Return On Investment": {"2019-12-31": "12.28020", "2018-12-31": "12.18820", "2017-12-31": "12.34410", "2016-12-31": "12.94770", "2015-12-31": "13.50720", "2014-12-31": "13.38100", "2013-12-31": "12.93720", "2012-12-31": "13.31340", "2011-12-31": "13.02260", "2010-12-31": "8.02900", "2009-12-31": "6.02530", "2008-12-31": "12.33230", "2007-12-31": "8.51840", "2006-12-31": "9.12290", "2005-12-31": "20.90840"}, "Book Value Per Share": {"2019-12-31": "17.29790", "2018-12-31": "15.58960", "2017-12-31": "16.68640", "2016-12-31": "13.62040", "2015-12-31": "12.61600", "2014-12-31": "12.04080", "2013-12-31": "11.73310", "2012-12-31": "9.95100", "2011-12-31": "8.11940", "2010-12-31": "6.77700", "2009-12-31": "5.83770", "2008-12-31": "5.18010", "2007-12-31": "4.38110", "2006-12-31": "3.15810", "2005-12-31": "2.27540"}, "Operating Cash Flow Per Share": {"2019-12-31": 0.989, "2018-12-31": 0.0699, "2017-12-31": 0.4038, "2016-12-31": 1.1644, "2015-12-31": -0.1252, "2014-12-31": 0.549, "2013-12-31": 0.3945, "2012-12-31": 0.5853, "2011-12-31": 0.4268, "2010-12-31": -0.4934, "2009-12-31": 0.7607, "2008-12-31": -0.0466, "2007-12-31": 0.0163, "2006-12-31": 0.4487, "2005-12-31": 0.5806}, "Free Cash Flow Per Share": {"2019-12-31": 0.6787, "2018-12-31": 1.0276, "2017-12-31": 0.8584, "2016-12-31": 0.8245, "2015-12-31": -0.6308, "2014-12-31": -0.1774, "2013-12-31": 1.0709, "2012-12-31": -0.431, "2011-12-31": -0.6537, "2010-12-31": 0.0202, "2009-12-31": 1.5609, "2008-12-31": -0.6551, "2007-12-31": 0.057, "2006-12-31": -0.0995, "2005-12-31": -0.1057}}, "financial ratios, quarterly": {"Current Ratio": {"2020-09-30": "3.28090", "2020-06-30": "3.86360", "2020-03-31": "3.35690", "2019-12-31": "2.18510", "2019-09-30": "2.22360", "2019-06-30": "2.21880", "2019-03-31": "2.23580", "2018-12-31": "2.06860", "2018-09-30": "2.58030", "2018-06-30": "2.40910", "2018-03-31": "2.64360", "2017-12-31": "2.50550", "2017-09-30": "2.74440", "2017-06-30": "2.39440", "2017-03-31": "2.49930", "2016-12-31": "2.23240", "2016-09-30": "2.31780", "2016-06-30": "2.52060", "2016-03-31": "2.61880", "2015-12-31": "2.16610", "2015-09-30": "2.62160", "2015-06-30": "2.67710", "2015-03-31": "2.54450", "2014-12-31": "2.19480", "2014-09-30": "2.57410", "2014-06-30": "2.59270", "2014-03-31": "2.65900", "2013-12-31": "2.44290", "2013-09-30": "2.68430", "2013-06-30": "2.93070", "2013-03-31": "2.42260", "2012-12-31": "2.44670", "2012-09-30": "2.54550", "2012-06-30": "2.45070", "2012-03-31": "2.64860", "2011-12-31": "2.11840", "2011-09-30": "2.40150", "2011-06-30": "2.30030", "2011-03-31": "2.41490", "2010-12-31": "2.41720", "2010-09-30": "2.53830", "2010-06-30": "2.51780", "2010-03-31": "2.65670", "2009-12-31": "2.28610", "2009-09-30": "2.81450", "2009-06-30": "2.63530", "2009-03-31": "2.32950", "2008-12-31": "2.14410", "2008-09-30": "2.44830", "2008-06-30": "2.23600", "2008-03-31": "2.05200", "2007-12-31": "1.78060", "2007-09-30": "1.87850", "2007-06-30": "1.89560", "2007-03-31": "2.15240", "2006-12-31": "1.94160", "2006-09-30": "2.10520", "2006-06-30": "2.05750", "2006-03-31": "2.07230", "2005-12-31": "1.89120", "2005-09-30": "1.76210", "2005-06-30": "1.92370", "2005-03-31": "1.90740"}, "Long-term Debt / Capital": {"2020-09-30": "0.39980", "2020-06-30": "0.46810", "2020-03-31": "0.49440", "2019-12-31": "0.42080", "2019-09-30": "0.44030", "2019-06-30": "0.43620", "2019-03-31": "0.45810", "2018-12-31": "0.41750", "2018-09-30": "0.41770", "2018-06-30": "0.39920", "2018-03-31": "0.34840", "2017-12-31": "0.35020", "2017-09-30": "0.36770", "2017-06-30": "0.38060", "2017-03-31": "0.39860", "2016-12-31": "0.35470", "2016-09-30": "0.34730", "2016-06-30": "0.36590", "2016-03-31": "0.36110", "2015-12-31": "0.32830", "2015-09-30": "0.33290", "2015-06-30": "0.28950", "2015-03-31": "0.29170", "2014-12-31": "0.26520", "2014-09-30": "0.27610", "2014-06-30": "0.25460", "2014-03-31": "0.23200", "2013-12-31": "0.20100", "2013-09-30": "0.18960", "2013-06-30": "0.22890", "2013-03-31": "0.20370", "2012-12-31": "0.19450", "2012-09-30": "0.22740", "2012-06-30": "0.23890", "2012-03-31": "0.25430", "2011-12-31": "0.22900", "2011-09-30": "0.23090", "2011-06-30": "0.23770", "2011-03-31": "0.27180", "2010-12-31": "0.31600", "2010-09-30": "0.33580", "2010-06-30": "0.37980", "2010-03-31": "0.38330", "2009-12-31": "0.38400", "2009-09-30": "0.39820", "2009-06-30": "0.40800", "2009-03-31": "0.42730", "2008-12-31": "0.43530", "2008-09-30": "0.43520", "2008-06-30": "0.43960", "2008-03-31": "0.44200", "2007-12-31": "0.42460", "2007-09-30": "0.45650", "2007-06-30": "0.53420", "2007-03-31": "0.55740", "2006-12-31": "0.57600", "2006-09-30": "0.58990", "2006-06-30": "0.60560", "2006-03-31": "0.65260", "2005-12-31": "0.66420", "2005-09-30": "1.01930", "2005-06-30": "1.10950", "2005-03-31": "1.14420"}, "Debt/Equity Ratio": {"2020-09-30": "0.66640", "2020-06-30": "0.88050", "2020-03-31": "0.97820", "2019-12-31": "0.73310", "2019-09-30": "0.79310", "2019-06-30": "0.78030", "2019-03-31": "0.85230", "2018-12-31": "0.73110", "2018-09-30": "0.72410", "2018-06-30": "0.67110", "2018-03-31": "0.53760", "2017-12-31": "0.54170", "2017-09-30": "0.58440", "2017-06-30": "0.61760", "2017-03-31": "0.66620", "2016-12-31": "0.55320", "2016-09-30": "0.53590", "2016-06-30": "0.57760", "2016-03-31": "0.56580", "2015-12-31": "0.48870", "2015-09-30": "0.49900", "2015-06-30": "0.40740", "2015-03-31": "0.41200", "2014-12-31": "0.36200", "2014-09-30": "0.38400", "2014-06-30": "0.34410", "2014-03-31": "0.30450", "2013-12-31": "0.25420", "2013-09-30": "0.23830", "2013-06-30": "0.30160", "2013-03-31": "0.27110", "2012-12-31": "0.25810", "2012-09-30": "0.31240", "2012-06-30": "0.33530", "2012-03-31": "0.35790", "2011-12-31": "0.31280", "2011-09-30": "0.31520", "2011-06-30": "0.32380", "2011-03-31": "0.38920", "2010-12-31": "0.50380", "2010-09-30": "0.52200", "2010-06-30": "0.62440", "2010-03-31": "0.62920", "2009-12-31": "0.68150", "2009-09-30": "0.66770", "2009-06-30": "0.71240", "2009-03-31": "0.75870", "2008-12-31": "0.77490", "2008-09-30": "0.77440", "2008-06-30": "0.78770", "2008-03-31": "0.79340", "2007-12-31": "0.73880", "2007-09-30": "0.84470", "2007-06-30": "1.15240", "2007-03-31": "1.26610", "2006-12-31": "1.36700", "2006-09-30": "1.45530", "2006-06-30": "1.55430", "2006-03-31": "1.90570", "2005-12-31": "1.99240", "2005-09-30": "-53.28750", "2005-06-30": "-10.25570", "2005-03-31": "-8.01000"}, "Gross Margin": {"2020-09-30": "4.70550", "2020-06-30": "14.49700", "2020-03-31": "26.04440", "2019-12-31": "25.96140", "2019-09-30": "27.58080", "2019-06-30": "27.71760", "2019-03-31": "27.41430", "2018-12-31": "26.80930", "2018-09-30": "26.45700", "2018-06-30": "26.44750", "2018-03-31": "26.40250", "2017-12-31": "27.78970", "2017-09-30": "27.58900", "2017-06-30": "28.47550", "2017-03-31": "28.00750", "2016-12-31": "28.04550", "2016-09-30": "27.11290", "2016-06-30": "28.76010", "2016-03-31": "28.73220", "2015-12-31": "27.48980", "2015-09-30": "27.65150", "2015-06-30": "29.24110", "2015-03-31": "30.05510", "2014-12-31": "27.23610", "2014-09-30": "26.99710", "2014-06-30": "27.46220", "2014-03-31": "27.98350", "2013-12-31": "26.49950", "2013-09-30": "27.18890", "2013-06-30": "27.63840", "2013-03-31": "26.89080", "2012-12-31": "24.68370", "2012-09-30": "25.33200", "2012-06-30": "26.42790", "2012-03-31": "26.59340", "2011-12-31": "24.09230", "2011-09-30": "24.58780", "2011-06-30": "24.59710", "2011-03-31": "25.03020", "2010-12-31": "21.73630", "2010-09-30": "23.93890", "2010-06-30": "25.69650", "2010-03-31": "25.13310", "2009-12-31": "21.11780", "2009-09-30": "20.26450", "2009-06-30": "22.75510", "2009-03-31": "25.05690", "2008-12-31": "21.38170", "2008-09-30": "21.45440", "2008-06-30": "21.16830", "2008-03-31": "23.25110", "2007-12-31": "23.36270", "2007-09-30": "23.79940", "2007-06-30": "24.29260", "2007-03-31": "25.30080", "2006-12-31": "24.18920", "2006-09-30": "22.71110", "2006-06-30": "24.63500", "2006-03-31": "23.24040", "2005-12-31": "37.16810", "2005-09-30": "21.11350", "2005-06-30": "22.67910", "2005-03-31": "22.64280"}, "Operating Margin": {"2020-09-30": "-13.10560", "2020-06-30": "1.69000", "2020-03-31": "12.14420", "2019-12-31": "17.26030", "2019-09-30": "19.19650", "2019-06-30": "18.89980", "2019-03-31": "16.85520", "2018-12-31": "17.07670", "2018-09-30": "17.85380", "2018-06-30": "17.62560", "2018-03-31": "15.25640", "2017-12-31": "18.21380", "2017-09-30": "18.12820", "2017-06-30": "18.25770", "2017-03-31": "16.41600", "2016-12-31": "17.99380", "2016-09-30": "17.80220", "2016-06-30": "19.15420", "2016-03-31": "16.85750", "2015-12-31": "17.46610", "2015-09-30": "17.37970", "2015-06-30": "19.04560", "2015-03-31": "17.50740", "2014-12-31": "16.34170", "2014-09-30": "17.48170", "2014-06-30": "15.97530", "2014-03-31": "16.15770", "2013-12-31": "15.69820", "2013-09-30": "16.73540", "2013-06-30": "17.01370", "2013-03-31": "15.12610", "2012-12-31": "14.02020", "2012-09-30": "15.32180", "2012-06-30": "18.51200", "2012-03-31": "15.14620", "2011-12-31": "13.90380", "2011-09-30": "13.07560", "2011-06-30": "13.96660", "2011-03-31": "14.23400", "2010-12-31": "9.96780", "2010-09-30": "11.71480", "2010-06-30": "13.27430", "2010-03-31": "9.04940", "2009-12-31": "5.43890", "2009-09-30": "7.62350", "2009-06-30": "10.71040", "2009-03-31": "12.98410", "2008-12-31": "9.87910", "2008-09-30": "11.04410", "2008-06-30": "8.15020", "2008-03-31": "10.56600", "2007-12-31": "6.54910", "2007-09-30": "10.74350", "2007-06-30": "11.73220", "2007-03-31": "10.58030", "2006-12-31": "7.43240", "2006-09-30": "9.47280", "2006-06-30": "12.37230", "2006-03-31": "9.66140", "2005-12-31": "7.33250", "2005-09-30": "3.14530", "2005-06-30": "11.85350", "2005-03-31": "11.32140"}, "EBIT Margin": {"2020-09-30": "-13.10560", "2020-06-30": "1.69000", "2020-03-31": "12.14420", "2019-12-31": "17.26030", "2019-09-30": "19.19650", "2019-06-30": "18.89980", "2019-03-31": "16.85520", "2018-12-31": "17.07670", "2018-09-30": "17.85380", "2018-06-30": "17.62560", "2018-03-31": "15.25640", "2017-12-31": "18.21380", "2017-09-30": "18.12820", "2017-06-30": "18.25770", "2017-03-31": "16.41600", "2016-12-31": "17.99380", "2016-09-30": "17.80220", "2016-06-30": "19.15420", "2016-03-31": "16.85750", "2015-12-31": "17.46610", "2015-09-30": "17.37970", "2015-06-30": "19.04560", "2015-03-31": "17.50740", "2014-12-31": "16.34170", "2014-09-30": "17.48170", "2014-06-30": "15.97530", "2014-03-31": "16.15770", "2013-12-31": "15.69820", "2013-09-30": "16.73540", "2013-06-30": "17.01370", "2013-03-31": "15.12610", "2012-12-31": "14.02020", "2012-09-30": "15.32180", "2012-06-30": "18.51200", "2012-03-31": "15.14620", "2011-12-31": "13.90370", "2011-09-30": "13.07560", "2011-06-30": "13.96660", "2011-03-31": "14.23400", "2010-12-31": "9.96780", "2010-09-30": "11.71480", "2010-06-30": "13.27430", "2010-03-31": "9.04940", "2009-12-31": "5.43890", "2009-09-30": "7.62350", "2009-06-30": "10.71040", "2009-03-31": "12.98410", "2008-12-31": "9.87910", "2008-09-30": "11.04410", "2008-06-30": "8.15020", "2008-03-31": "10.56600", "2007-12-31": "6.54910", "2007-09-30": "10.74350", "2007-06-30": "11.73220", "2007-03-31": "10.58030", "2006-12-31": "7.43240", "2006-09-30": "9.47280", "2006-06-30": "12.37230", "2006-03-31": "9.66140", "2005-12-31": "7.33250", "2005-09-30": "3.14530", "2005-06-30": "11.85350", "2005-03-31": "11.32140"}, "EBITDA Margin": {"2020-09-30": "", "2020-06-30": "", "2020-03-31": "", "2019-12-31": "", "2019-09-30": "", "2019-06-30": "", "2019-03-31": "", "2018-12-31": "", "2018-09-30": "", "2018-06-30": "", "2018-03-31": "", "2017-12-31": "", "2017-09-30": "", "2017-06-30": "", "2017-03-31": "", "2016-12-31": "", "2016-09-30": "", "2016-06-30": "", "2016-03-31": "", "2015-12-31": "", "2015-09-30": "", "2015-06-30": "", "2015-03-31": "", "2014-12-31": "", "2014-09-30": "", "2014-06-30": "", "2014-03-31": "", "2013-12-31": "", "2013-09-30": "", "2013-06-30": "", "2013-03-31": "", "2012-12-31": "", "2012-09-30": "", "2012-06-30": "", "2012-03-31": "", "2011-12-31": "", "2011-09-30": "", "2011-06-30": "", "2011-03-31": "", "2010-12-31": "", "2010-09-30": "", "2010-06-30": "", "2010-03-31": "", "2009-12-31": "", "2009-09-30": "", "2009-06-30": "", "2009-03-31": "", "2008-12-31": "", "2008-09-30": "", "2008-06-30": "", "2008-03-31": "", "2007-12-31": "", "2007-09-30": "", "2007-06-30": "", "2007-03-31": "", "2006-12-31": "", "2006-09-30": "", "2006-06-30": "", "2006-03-31": "", "2005-12-31": "", "2005-09-30": "", "2005-06-30": "", "2005-03-31": ""}, "Pre-Tax Profit Margin": {"2020-09-30": "-16.48660", "2020-06-30": "-1.13550", "2020-03-31": "9.92610", "2019-12-31": "15.38190", "2019-09-30": "17.27510", "2019-06-30": "16.94580", "2019-03-31": "14.88770", "2018-12-31": "15.22280", "2018-09-30": "15.89270", "2018-06-30": "16.03650", "2018-03-31": "13.77520", "2017-12-31": "16.76760", "2017-09-30": "16.70400", "2017-06-30": "16.87360", "2017-03-31": "15.12110", "2016-12-31": "16.89760", "2016-09-30": "16.70330", "2016-06-30": "17.98700", "2016-03-31": "15.73240", "2015-12-31": "16.34760", "2015-09-30": "16.35470", "2015-06-30": "18.52010", "2015-03-31": "17.10470", "2014-12-31": "15.89660", "2014-09-30": "16.90640", "2014-06-30": "15.54990", "2014-03-31": "15.76780", "2013-12-31": "15.32330", "2013-09-30": "16.27460", "2013-06-30": "16.28020", "2013-03-31": "14.71790", "2012-12-31": "13.55540", "2012-09-30": "14.76000", "2012-06-30": "17.48500", "2012-03-31": "14.39640", "2011-12-31": "13.25640", "2011-09-30": "12.45030", "2011-06-30": "13.14670", "2011-03-31": "11.48980", "2010-12-31": "8.61740", "2010-09-30": "7.60610", "2010-06-30": "10.94720", "2010-03-31": "6.53990", "2009-12-31": "3.07580", "2009-09-30": "4.93970", "2009-06-30": "8.00580", "2009-03-31": "11.22680", "2008-12-31": "8.49740", "2008-09-30": "9.44480", "2008-06-30": "6.50900", "2008-03-31": "9.11470", "2007-12-31": "5.10080", "2007-09-30": "8.68020", "2007-06-30": "9.66180", "2007-03-31": "8.42180", "2006-12-31": "5.58560", "2006-09-30": "7.21360", "2006-06-30": "10.14600", "2006-03-31": "7.07170", "2005-12-31": "3.66620", "2005-09-30": "0.47000", "2005-06-30": "9.28360", "2005-03-31": "-6.64140"}, "Net Profit Margin": {"2020-09-30": "3.38100", "2020-06-30": "-0.26410", "2020-03-31": "7.83730", "2019-12-31": "12.97180", "2019-09-30": "14.02620", "2019-06-30": "13.28410", "2019-03-31": "11.83800", "2018-12-31": "11.78250", "2018-09-30": "14.81960", "2018-06-30": "12.56620", "2018-03-31": "11.40530", "2017-12-31": "17.21710", "2017-09-30": "14.18110", "2017-06-30": "12.53820", "2017-03-31": "13.49210", "2016-12-31": "12.30610", "2016-09-30": "13.62640", "2016-06-30": "12.64830", "2016-03-31": "11.25180", "2015-12-31": "11.59390", "2015-09-30": "11.92070", "2015-06-30": "12.97040", "2015-03-31": "14.43410", "2014-12-31": "11.21240", "2014-09-30": "12.34790", "2014-06-30": "10.76370", "2014-03-31": "10.85120", "2013-12-31": "11.03560", "2013-09-30": "11.81180", "2013-06-30": "11.47660", "2013-03-31": "10.46820", "2012-12-31": "9.52750", "2012-09-30": "10.16340", "2012-06-30": "12.02410", "2012-03-31": "9.89750", "2011-12-31": "11.11740", "2011-09-30": "9.15290", "2011-06-30": "10.57390", "2011-03-31": "7.96140", "2010-12-31": "7.36330", "2010-09-30": "5.29710", "2010-06-30": "7.57130", "2010-03-31": "6.00760", "2009-12-31": "2.13800", "2009-09-30": "4.04510", "2009-06-30": "6.05840", "2009-03-31": "7.61470", "2008-12-31": "9.77550", "2008-09-30": "9.95780", "2008-06-30": "7.42700", "2008-03-31": "6.73440", "2007-12-31": "3.68390", "2007-09-30": "6.15440", "2007-06-30": "3.03660", "2007-03-31": "8.31560", "2006-12-31": "8.15320", "2006-09-30": "6.22280", "2006-06-30": "6.42340", "2006-03-31": "4.81410", "2005-12-31": "154.23510", "2005-09-30": "-3.86840", "2005-06-30": "7.67750", "2005-03-31": "-8.49970"}, "Asset Turnover": {"2020-09-30": "0.09650", "2020-06-30": "0.11750", "2020-03-31": "0.15760", "2019-12-31": "0.18040", "2019-09-30": "0.18140", "2019-06-30": "0.19060", "2019-03-31": "0.19260", "2018-12-31": "0.19860", "2018-09-30": "0.18990", "2018-06-30": "0.19300", "2018-03-31": "0.18720", "2017-12-31": "0.18400", "2017-09-30": "0.17960", "2017-06-30": "0.18700", "2017-03-31": "0.18590", "2016-12-31": "0.20140", "2016-09-30": "0.20940", "2016-06-30": "0.22050", "2016-03-31": "0.21440", "2015-12-31": "0.21250", "2015-09-30": "0.20030", "2015-06-30": "0.21620", "2015-03-31": "0.22600", "2014-12-31": "0.23170", "2014-09-30": "0.23060", "2014-06-30": "0.24140", "2014-03-31": "0.24240", "2013-12-31": "0.23240", "2013-09-30": "0.23410", "2013-06-30": "0.24930", "2013-03-31": "0.25430", "2012-12-31": "0.24160", "2012-09-30": "0.24990", "2012-06-30": "0.26310", "2012-03-31": "0.27280", "2011-12-31": "0.25820", "2011-09-30": "0.26630", "2011-06-30": "0.26810", "2011-03-31": "0.25970", "2010-12-31": "0.24720", "2010-09-30": "0.23540", "2010-06-30": "0.24720", "2010-03-31": "0.21810", "2009-12-31": "0.21390", "2009-09-30": "0.20990", "2009-06-30": "0.22830", "2009-03-31": "0.25610", "2008-12-31": "0.23920", "2008-09-30": "0.27880", "2008-06-30": "0.29520", "2008-03-31": "0.29600", "2007-12-31": "0.29950", "2007-09-30": "0.27550", "2007-06-30": "0.27000", "2007-03-31": "0.27020", "2006-12-31": "0.21880", "2006-09-30": "0.25860", "2006-06-30": "0.28800", "2006-03-31": "0.32070", "2005-12-31": "0.08980", "2005-09-30": "0.37240", "2005-06-30": "0.41320", "2005-03-31": "0.37920"}, "Inventory Turnover Ratio": {"2020-09-30": "1.03990", "2020-06-30": "1.02270", "2020-03-31": "1.12900", "2019-12-31": "1.25430", "2019-09-30": "1.17720", "2019-06-30": "1.29740", "2019-03-31": "1.32350", "2018-12-31": "1.37880", "2018-09-30": "1.28770", "2018-06-30": "1.31860", "2018-03-31": "1.32150", "2017-12-31": "1.17680", "2017-09-30": "1.13560", "2017-06-30": "1.12270", "2017-03-31": "1.13540", "2016-12-31": "1.19550", "2016-09-30": "1.15770", "2016-06-30": "1.12310", "2016-03-31": "1.06480", "2015-12-31": "1.09730", "2015-09-30": "0.99540", "2015-06-30": "1.03000", "2015-03-31": "1.04960", "2014-12-31": "1.18340", "2014-09-30": "1.09710", "2014-06-30": "1.18240", "2014-03-31": "1.17120", "2013-12-31": "1.18240", "2013-09-30": "1.15330", "2013-06-30": "1.21490", "2013-03-31": "1.23830", "2012-12-31": "1.25300", "2012-09-30": "1.24060", "2012-06-30": "1.21260", "2012-03-31": "1.26590", "2011-12-31": "1.25030", "2011-09-30": "1.24380", "2011-06-30": "1.28280", "2011-03-31": "1.25110", "2010-12-31": "1.43260", "2010-09-30": "1.13420", "2010-06-30": "1.29250", "2010-03-31": "1.17900", "2009-12-31": "1.33780", "2009-09-30": "1.29750", "2009-06-30": "1.24970", "2009-03-31": "1.24280", "2008-12-31": "1.16540", "2008-09-30": "1.29760", "2008-06-30": "1.36450", "2008-03-31": "1.30630", "2007-12-31": "1.35670", "2007-09-30": "1.19660", "2007-06-30": "1.31610", "2007-03-31": "1.11400", "2006-12-31": "1.11600", "2006-09-30": "1.17050", "2006-06-30": "1.28580", "2006-03-31": "1.47920", "2005-12-31": "0.34040", "2005-09-30": "1.35950", "2005-06-30": "1.55690", "2005-03-31": "1.40410"}, "Receiveable Turnover": {"2020-09-30": "1.91390", "2020-06-30": "1.97650", "2020-03-31": "2.02850", "2019-12-31": "2.47930", "2019-09-30": "1.98170", "2019-06-30": "1.94380", "2019-03-31": "1.88070", "2018-12-31": "2.15030", "2018-09-30": "1.99960", "2018-06-30": "1.90630", "2018-03-31": "1.82710", "2017-12-31": "2.05750", "2017-09-30": "2.00610", "2017-06-30": "1.93960", "2017-03-31": "1.79060", "2016-12-31": "1.96860", "2016-09-30": "1.96740", "2016-06-30": "1.80020", "2016-03-31": "1.60500", "2015-12-31": "1.98680", "2015-09-30": "1.74220", "2015-06-30": "1.67680", "2015-03-31": "1.62800", "2014-12-31": "2.02060", "2014-09-30": "1.76800", "2014-06-30": "1.67000", "2014-03-31": "1.64360", "2013-12-31": "1.83650", "2013-09-30": "1.74560", "2013-06-30": "1.71720", "2013-03-31": "1.54780", "2012-12-31": "1.69130", "2012-09-30": "1.61680", "2012-06-30": "1.59420", "2012-03-31": "1.59400", "2011-12-31": "1.78270", "2011-09-30": "1.68730", "2011-06-30": "1.70210", "2011-03-31": "1.57900", "2010-12-31": "1.78840", "2010-09-30": "1.61020", "2010-06-30": "1.56380", "2010-03-31": "1.55990", "2009-12-31": "1.68310", "2009-09-30": "1.67170", "2009-06-30": "1.59830", "2009-03-31": "1.41090", "2008-12-31": "1.52850", "2008-09-30": "1.58790", "2008-06-30": "1.46500", "2008-03-31": "1.44930", "2007-12-31": "1.64730", "2007-09-30": "1.51950", "2007-06-30": "1.50940", "2007-03-31": "1.39690", "2006-12-31": "1.30740", "2006-09-30": "1.34350", "2006-06-30": "1.39720", "2006-03-31": "1.55020", "2005-12-31": "0.51700", "2005-09-30": "1.70950", "2005-06-30": "1.76470", "2005-03-31": "1.71140"}, "Days Sales In Receivables": {"2020-09-30": "47.02340", "2020-06-30": "45.53470", "2020-03-31": "44.36780", "2019-12-31": "36.29990", "2019-09-30": "45.41660", "2019-06-30": "46.30050", "2019-03-31": "47.85540", "2018-12-31": "41.85560", "2018-09-30": "45.00830", "2018-06-30": "47.21100", "2018-03-31": "49.25760", "2017-12-31": "43.74240", "2017-09-30": "44.86270", "2017-06-30": "46.40140", "2017-03-31": "50.26320", "2016-12-31": "45.71660", "2016-09-30": "45.74630", "2016-06-30": "49.99430", "2016-03-31": "56.07600", "2015-12-31": "45.30010", "2015-09-30": "51.65780", "2015-06-30": "53.67460", "2015-03-31": "55.28190", "2014-12-31": "44.54220", "2014-09-30": "50.90510", "2014-06-30": "53.89280", "2014-03-31": "54.75630", "2013-12-31": "49.00660", "2013-09-30": "51.55950", "2013-06-30": "52.41130", "2013-03-31": "58.14890", "2012-12-31": "53.21460", "2012-09-30": "55.66390", "2012-06-30": "56.45290", "2012-03-31": "56.46090", "2011-12-31": "50.48410", "2011-09-30": "53.34000", "2011-06-30": "52.87530", "2011-03-31": "56.99640", "2010-12-31": "50.32480", "2010-09-30": "55.89470", "2010-06-30": "57.55160", "2010-03-31": "57.69580", "2009-12-31": "53.47340", "2009-09-30": "53.83900", "2009-06-30": "56.31090", "2009-03-31": "63.78780", "2008-12-31": "58.88080", "2008-09-30": "56.67770", "2008-06-30": "61.43530", "2008-03-31": "62.09870", "2007-12-31": "54.63480", "2007-09-30": "59.23160", "2007-06-30": "59.62730", "2007-03-31": "64.42680", "2006-12-31": "68.83780", "2006-09-30": "66.99170", "2006-06-30": "64.41240", "2006-03-31": "58.05780", "2005-12-31": "174.08340", "2005-09-30": "52.64640", "2005-06-30": "50.99900", "2005-03-31": "52.58780"}, "ROE - Return On Equity": {"2020-09-30": "0.64690", "2020-06-30": "-0.06960", "2020-03-31": "2.98360", "2019-12-31": "5.06190", "2019-09-30": "5.66370", "2019-06-30": "5.60870", "2019-03-31": "5.26090", "2018-12-31": "5.00000", "2018-09-30": "5.85830", "2018-06-30": "4.91500", "2018-03-31": "3.94240", "2017-12-31": "5.89260", "2017-09-30": "4.88540", "2017-06-30": "4.63050", "2017-03-31": "5.11600", "2016-12-31": "4.77950", "2016-09-30": "5.41530", "2016-06-30": "5.39550", "2016-03-31": "4.59960", "2015-12-31": "4.56930", "2015-09-30": "4.47590", "2015-06-30": "4.94790", "2015-03-31": "5.84300", "2014-12-31": "4.60040", "2014-09-30": "4.95030", "2014-06-30": "4.37640", "2014-03-31": "4.30040", "2013-12-31": "4.05890", "2013-09-30": "4.34900", "2013-06-30": "4.65810", "2013-03-31": "4.31510", "2012-12-31": "3.71190", "2012-09-30": "4.19430", "2012-06-30": "5.36610", "2012-03-31": "4.58170", "2011-12-31": "4.92400", "2011-09-30": "4.07960", "2011-06-30": "4.81650", "2011-03-31": "3.67180", "2010-12-31": "3.47290", "2010-09-30": "2.45590", "2010-06-30": "3.96500", "2010-03-31": "2.73880", "2009-12-31": "0.99030", "2009-09-30": "1.77020", "2009-06-30": "2.96240", "2009-03-31": "4.45380", "2008-12-31": "5.55770", "2008-09-30": "6.46930", "2008-06-30": "5.31770", "2008-03-31": "4.95200", "2007-12-31": "3.01680", "2007-09-30": "4.70990", "2007-06-30": "4.99290", "2007-03-31": "4.44440", "2006-12-31": "5.86870", "2006-09-30": "5.12300", "2006-06-30": "6.54310", "2006-03-31": "5.89230", "2005-12-31": "59.94300", "2005-09-30": "-13.75000", "2005-06-30": "-59.27600", "2005-03-31": "37.14760"}, "Return On Tangible Equity": {"2020-09-30": "0.79330", "2020-06-30": "-0.08610", "2020-03-31": "3.70470", "2019-12-31": "6.27950", "2019-09-30": "7.05380", "2019-06-30": "6.98140", "2019-03-31": "6.64700", "2018-12-31": "5.60310", "2018-09-30": "6.55110", "2018-06-30": "5.48430", "2018-03-31": "4.36170", "2017-12-31": "6.54340", "2017-09-30": "5.15270", "2017-06-30": "4.90130", "2017-03-31": "5.42810", "2016-12-31": "5.07380", "2016-09-30": "5.75280", "2016-06-30": "5.74630", "2016-03-31": "4.90800", "2015-12-31": "4.80950", "2015-09-30": "4.70910", "2015-06-30": "5.19580", "2015-03-31": "6.15510", "2014-12-31": "4.85280", "2014-09-30": "5.23060", "2014-06-30": "4.62060", "2014-03-31": "4.53850", "2013-12-31": "4.28420", "2013-09-30": "4.59910", "2013-06-30": "4.92990", "2013-03-31": "4.57410", "2012-12-31": "3.94100", "2012-09-30": "4.46590", "2012-06-30": "5.73410", "2012-03-31": "4.90950", "2011-12-31": "5.30340", "2011-09-30": "4.40130", "2011-06-30": "5.19660", "2011-03-31": "3.98610", "2010-12-31": "3.79640", "2010-09-30": "2.69570", "2010-06-30": "4.38410", "2010-03-31": "3.03380", "2009-12-31": "1.09850", "2009-09-30": "1.96000", "2009-06-30": "3.29280", "2009-03-31": "4.98190", "2008-12-31": "6.24450", "2008-09-30": "7.26550", "2008-06-30": "6.00000", "2008-03-31": "5.63930", "2007-12-31": "3.47900", "2007-09-30": "5.56920", "2007-06-30": "6.00140", "2007-03-31": "5.75880", "2006-12-31": "7.29000", "2006-09-30": "6.87780", "2006-06-30": "9.00900", "2006-03-31": "8.59950", "2005-12-31": "92.73130", "2005-09-30": "-1.31740", "2005-06-30": "-21.85150", "2005-03-31": "16.36230"}, "ROA - Return On Assets": {"2020-09-30": "0.32640", "2020-06-30": "-0.03100", "2020-03-31": "1.23500", "2019-12-31": "2.33970", "2019-09-30": "2.54500", "2019-06-30": "2.53200", "2019-03-31": "2.28050", "2018-12-31": "2.34060", "2018-09-30": "2.81400", "2018-06-30": "2.42590", "2018-03-31": "2.13540", "2017-12-31": "3.16800", "2017-09-30": "2.54640", "2017-06-30": "2.34460", "2017-03-31": "2.50830", "2016-12-31": "2.47850", "2016-09-30": "2.85280", "2016-06-30": "2.78950", "2016-03-31": "2.41210", "2015-12-31": "2.46410", "2015-09-30": "2.38760", "2015-06-30": "2.80440", "2015-03-31": "3.26270", "2014-12-31": "2.59770", "2014-09-30": "2.84720", "2014-06-30": "2.59830", "2014-03-31": "2.63030", "2013-12-31": "2.56520", "2013-09-30": "2.76480", "2013-06-30": "2.86140", "2013-03-31": "2.66180", "2012-12-31": "2.30180", "2012-09-30": "2.54000", "2012-06-30": "3.16350", "2012-03-31": "2.69960", "2011-12-31": "2.87040", "2011-09-30": "2.43740", "2011-06-30": "2.83460", "2011-03-31": "2.06750", "2010-12-31": "1.82020", "2010-09-30": "1.24700", "2010-06-30": "1.87170", "2010-03-31": "1.31000", "2009-12-31": "0.45720", "2009-09-30": "0.84900", "2009-06-30": "1.38290", "2009-03-31": "1.95030", "2008-12-31": "2.33830", "2008-09-30": "2.77610", "2008-06-30": "2.19250", "2008-03-31": "1.99360", "2007-12-31": "1.21640", "2007-09-30": "1.77400", "2007-06-30": "1.63030", "2007-03-31": "1.41530", "2006-12-31": "1.74470", "2006-09-30": "1.55790", "2006-06-30": "1.89180", "2006-03-31": "1.49060", "2005-12-31": "14.34250", "2005-09-30": "0.14810", "2005-06-30": "3.47800", "2005-03-31": "-2.92310"}, "ROI - Return On Investment": {"2020-09-30": "0.38830", "2020-06-30": "-0.03700", "2020-03-31": "1.50860", "2019-12-31": "2.93190", "2019-09-30": "3.17020", "2019-06-30": "3.16240", "2019-03-31": "2.85110", "2018-12-31": "2.91270", "2018-09-30": "3.41140", "2018-06-30": "2.95290", "2018-03-31": "2.56870", "2017-12-31": "3.82930", "2017-09-30": "3.08910", "2017-06-30": "2.86830", "2017-03-31": "3.07660", "2016-12-31": "3.08400", "2016-09-30": "3.53440", "2016-06-30": "3.42150", "2016-03-31": "2.93890", "2015-12-31": "3.06930", "2015-09-30": "2.98600", "2015-06-30": "3.51570", "2015-03-31": "4.13860", "2014-12-31": "3.38040", "2014-09-30": "3.58340", "2014-06-30": "3.26200", "2014-03-31": "3.30260", "2013-12-31": "3.24290", "2013-09-30": "3.52440", "2013-06-30": "3.59210", "2013-03-31": "3.43600", "2012-12-31": "2.99000", "2012-09-30": "3.24050", "2012-06-30": "4.08440", "2012-03-31": "3.41640", "2011-12-31": "3.79630", "2011-09-30": "3.13780", "2011-06-30": "3.67170", "2011-03-31": "2.67370", "2010-12-31": "2.37550", "2010-09-30": "1.63130", "2010-06-30": "2.45900", "2010-03-31": "1.68890", "2009-12-31": "0.61000", "2009-09-30": "1.06520", "2009-06-30": "1.75380", "2009-03-31": "2.55070", "2008-12-31": "3.13850", "2008-09-30": "3.65370", "2008-06-30": "2.98020", "2008-03-31": "2.76320", "2007-12-31": "1.73600", "2007-09-30": "2.55980", "2007-06-30": "2.32590", "2007-03-31": "1.96700", "2006-12-31": "2.48810", "2006-09-30": "2.10090", "2006-06-30": "2.58030", "2006-03-31": "2.04710", "2005-12-31": "20.12750", "2005-09-30": "0.26540", "2005-06-30": "6.49000", "2005-03-31": "-5.35760"}, "Book Value Per Share": {"2020-09-30": "17.95690", "2020-06-30": "17.20840", "2020-03-31": "17.03960", "2019-12-31": "17.29790", "2019-09-30": "16.75890", "2019-06-30": "16.96940", "2019-03-31": "16.18400", "2018-12-31": "15.58960", "2018-09-30": "15.88040", "2018-06-30": "15.99770", "2018-03-31": "17.43860", "2017-12-31": "16.68640", "2017-09-30": "15.88750", "2017-06-30": "14.81400", "2017-03-31": "13.92170", "2016-12-31": "13.62040", "2016-09-30": "13.70400", "2016-06-30": "13.24430", "2016-03-31": "13.10550", "2015-12-31": "12.61600", "2015-09-30": "12.64870", "2015-06-30": "12.93570", "2015-03-31": "12.10280", "2014-12-31": "12.04080", "2014-09-30": "11.81550", "2014-06-30": "11.98140", "2014-03-31": "11.89990", "2013-12-31": "11.73310", "2013-09-30": "11.24300", "2013-06-30": "10.46430", "2013-03-31": "10.08380", "2012-12-31": "9.95100", "2012-09-30": "9.51760", "2012-06-30": "8.97190", "2012-03-31": "8.68640", "2011-12-31": "8.11940", "2011-09-30": "8.02130", "2011-06-30": "7.89930", "2011-03-31": "7.34420", "2010-12-31": "6.77700", "2010-09-30": "6.53500", "2010-06-30": "5.99380", "2010-03-31": "5.94740", "2009-12-31": "5.83770", "2009-09-30": "5.95840", "2009-06-30": "5.75150", "2009-03-31": "5.33400", "2008-12-31": "5.18010", "2008-09-30": "5.29700", "2008-06-30": "5.22480", "2008-03-31": "4.88020", "2007-12-31": "4.38110", "2007-09-30": "4.03680", "2007-06-30": "3.70510", "2007-03-31": "3.53500", "2006-12-31": "3.15810", "2006-09-30": "3.16990", "2006-06-30": "2.88670", "2006-03-31": "2.50630", "2005-12-31": "2.27540", "2005-09-30": "-0.11680", "2005-06-30": "-0.80660", "2005-03-31": "-1.11050"}, "Operating Cash Flow Per Share": {"2020-09-30": 0.9897, "2020-06-30": 0.7773, "2020-03-31": "0.10200", "2019-12-31": 2.5031, "2019-09-30": 1.397, "2019-06-30": 1.29, "2019-03-31": "0.53370", "2018-12-31": 1.5748, "2018-09-30": 1.4114, "2018-06-30": 1.0622, "2018-03-31": "0.68640", "2017-12-31": 1.2896, "2017-09-30": 1.3927, "2017-06-30": 1.3992, "2017-03-31": "0.58340", "2016-12-31": 1.2133, "2016-09-30": 1.6218, "2016-06-30": 1.3174, "2016-03-31": "0.10860", "2015-12-31": 1.4081, "2015-09-30": 1.1774, "2015-06-30": 0.6603, "2015-03-31": "-0.14910", "2014-12-31": 1.2587, "2014-09-30": 0.8513, "2014-06-30": 0.7799, "2014-03-31": "0.33200", "2013-12-31": 0.7466, "2013-09-30": 0.8634, "2013-06-30": 0.7377, "2013-03-31": "0.32520", "2012-12-31": 0.8044, "2012-09-30": 0.7505, "2012-06-30": 0.5052, "2012-03-31": "0.21830", "2011-12-31": 0.5952, "2011-09-30": 0.3303, "2011-06-30": 0.5993, "2011-03-31": "0.16830", "2010-12-31": 0.5783, "2010-09-30": 0.37, "2010-06-30": 0.2887, "2010-03-31": "0.02930", "2009-12-31": 0.3326, "2009-09-30": 0.5457, "2009-06-30": 0.7415, "2009-03-31": "0.13990", "2008-12-31": 0.5021, "2008-09-30": 0.5531, "2008-06-30": 0.0943, "2008-03-31": "-0.15050", "2007-12-31": 0.451, "2007-09-30": 0.3142, "2007-06-30": 0.3886, "2007-03-31": "-0.10820", "2006-12-31": 0.4946, "2006-09-30": 0.3316, "2006-06-30": 0.2977, "2006-03-31": "-0.09460", "2005-12-31": 0.0854, "2005-09-30": 0.5205, "2005-06-30": 0.4626, "2005-03-31": "-0.48790"}, "Free Cash Flow Per Share": {"2020-09-30": 0.9033, "2020-06-30": 0.6173, "2020-03-31": "-0.22060", "2019-12-31": 2.014, "2019-09-30": 0.6593, "2019-06-30": 0.8484, "2019-03-31": "-0.17670", "2018-12-31": 1.2111, "2018-09-30": 0.8401, "2018-06-30": 0.5811, "2018-03-31": "0.03400", "2017-12-31": 0.6847, "2017-09-30": 0.8105, "2017-06-30": 0.4804, "2017-03-31": "-0.33690", "2016-12-31": 0.1958, "2016-09-30": 0.8075, "2016-06-30": 0.5692, "2016-03-31": "-0.79220", "2015-12-31": 0.8294, "2015-09-30": 0.3087, "2015-06-30": -0.0628, "2015-03-31": "-1.11950", "2014-12-31": 0.6132, "2014-09-30": 0.0631, "2014-06-30": 0.125, "2014-03-31": "-0.21470", "2013-12-31": 0.1465, "2013-09-30": 0.4584, "2013-06-30": 0.305, "2013-03-31": "-0.14590", "2012-12-31": 0.2651, "2012-09-30": 0.1202, "2012-06-30": -0.0953, "2012-03-31": "-0.59690", "2011-12-31": 0.0104, "2011-09-30": 0.0194, "2011-06-30": 0.2835, "2011-03-31": "-0.18920", "2010-12-31": 0.4018, "2010-09-30": 0.2597, "2010-06-30": 0.2143, "2010-03-31": "-0.09800", "2009-12-31": 0.1674, "2009-09-30": 0.3653, "2009-06-30": 0.4821, "2009-03-31": "-0.25720", "2008-12-31": 0.0392, "2008-09-30": 0.0951, "2008-06-30": -0.3378, "2008-03-31": "-0.59980", "2007-12-31": -0.0034, "2007-09-30": 0.0525, "2007-06-30": 0.0733, "2007-03-31": "-0.27060", "2006-12-31": 0.1194, "2006-09-30": 0, "2006-06-30": 0.0235, "2006-03-31": "-0.34810", "2005-12-31": -0.0817, "2005-09-30": 0.1762, "2005-06-30": 0.4269, "2005-03-31": "-0.62710"}}, "revenue": {"Hexcel Annual Revenue (Millions of US $)": {"2020": "$1,502", "2019": "$2,356", "2018": "$2,189", "2017": "$1,973", "2016": "$2,004", "2015": "$1,861", "2014": "$1,856", "2013": "$1,678", "2012": "$1,578", "2011": "$1,392", "2010": "$1,174", "2009": "$1,108", "2008": "$1,325", "2007": "$1,171", "2006": "$1,050", "2005": "$958"}, "Hexcel Quarterly Revenue (Millions of US $)": {"2020-12-31": "$296", "2020-09-30": "$287", "2020-06-30": "$379", "2020-03-31": "$541", "2019-12-31": "$564", "2019-09-30": "$573", "2019-06-30": "$609", "2019-03-31": "$610", "2018-12-31": "$561", "2018-09-30": "$541", "2018-06-30": "$548", "2018-03-31": "$540", "2017-12-31": "$512", "2017-09-30": "$492", "2017-06-30": "$491", "2017-03-31": "$479", "2016-12-31": "$484", "2016-09-30": "$501", "2016-06-30": "$523", "2016-03-31": "$498", "2015-12-31": "$465", "2015-09-30": "$449", "2015-06-30": "$476", "2015-03-31": "$472", "2014-12-31": "$472", "2014-09-30": "$452", "2014-06-30": "$470", "2014-03-31": "$462", "2013-12-31": "$427", "2013-09-30": "$412", "2013-06-30": "$423", "2013-03-31": "$417", "2012-12-31": "$387", "2012-09-30": "$392", "2012-06-30": "$399", "2012-03-31": "$400", "2011-12-31": "$355", "2011-09-30": "$352", "2011-06-30": "$354", "2011-03-31": "$332", "2010-12-31": "$311", "2010-09-30": "$295", "2010-06-30": "$305", "2010-03-31": "$263", "2009-12-31": "$267", "2009-09-30": "$257", "2009-06-30": "$277", "2009-03-31": "$307", "2008-12-31": "$290", "2008-09-30": "$331", "2008-06-30": "$360", "2008-03-31": "$345", "2007-12-31": "$318", "2007-09-30": "$281", "2007-06-30": "$290", "2007-03-31": "$283", "2006-12-31": "$222", "2006-09-30": "$252", "2006-06-30": "$274", "2006-03-31": "$301", "2005-12-31": "$79", "2005-09-30": "$277", "2005-06-30": "$311", "2005-03-31": "$291"}}, "gross-profit": {"Hexcel Annual Gross Profit (Millions of US $)": {"2020": "$240", "2019": "$640", "2018": "$581", "2017": "$552", "2016": "$565", "2015": "$533", "2014": "$509", "2013": "$454", "2012": "$407", "2011": "$342", "2010": "$283", "2009": "$249", "2008": "$289", "2007": "$283", "2006": "$249", "2005": "$224"}, "Hexcel Quarterly Gross Profit (Millions of US $)": {"2020-12-31": "$30", "2020-09-30": "$14", "2020-06-30": "$55", "2020-03-31": "$141", "2019-12-31": "$147", "2019-09-30": "$158", "2019-06-30": "$169", "2019-03-31": "$167", "2018-12-31": "$150", "2018-09-30": "$143", "2018-06-30": "$145", "2018-03-31": "$143", "2017-12-31": "$142", "2017-09-30": "$136", "2017-06-30": "$140", "2017-03-31": "$134", "2016-12-31": "$136", "2016-09-30": "$136", "2016-06-30": "$150", "2016-03-31": "$143", "2015-12-31": "$128", "2015-09-30": "$124", "2015-06-30": "$139", "2015-03-31": "$142", "2014-12-31": "$129", "2014-09-30": "$122", "2014-06-30": "$129", "2014-03-31": "$129", "2013-12-31": "$113", "2013-09-30": "$112", "2013-06-30": "$117", "2013-03-31": "$112", "2012-12-31": "$96", "2012-09-30": "$99", "2012-06-30": "$106", "2012-03-31": "$106", "2011-12-31": "$86", "2011-09-30": "$87", "2011-06-30": "$87", "2011-03-31": "$83", "2010-12-31": "$68", "2010-09-30": "$71", "2010-06-30": "$78", "2010-03-31": "$66", "2009-12-31": "$56", "2009-09-30": "$52", "2009-06-30": "$63", "2009-03-31": "$77", "2008-12-31": "$62", "2008-09-30": "$71", "2008-06-30": "$76", "2008-03-31": "$80", "2007-12-31": "$74", "2007-09-30": "$67", "2007-06-30": "$70", "2007-03-31": "$72", "2006-12-31": "$54", "2006-09-30": "$57", "2006-06-30": "$68", "2006-03-31": "$70", "2005-12-31": "$29", "2005-09-30": "$58", "2005-06-30": "$71", "2005-03-31": "$66"}}, "operating-income": {"Hexcel Annual Operating Income (Millions of US $)": {"2020": "$14", "2019": "$425", "2018": "$371", "2017": "$351", "2016": "$360", "2015": "$332", "2014": "$306", "2013": "$271", "2012": "$249", "2011": "$192", "2010": "$130", "2009": "$104", "2008": "$131", "2007": "$115", "2006": "$103", "2005": "$84"}, "Hexcel Quarterly Operating Income (Millions of US $)": {"2020-12-31": "$-20", "2020-09-30": "$-38", "2020-06-30": "$6", "2020-03-31": "$66", "2019-12-31": "$97", "2019-09-30": "$110", "2019-06-30": "$115", "2019-03-31": "$103", "2018-12-31": "$96", "2018-09-30": "$97", "2018-06-30": "$97", "2018-03-31": "$82", "2017-12-31": "$93", "2017-09-30": "$89", "2017-06-30": "$90", "2017-03-31": "$79", "2016-12-31": "$87", "2016-09-30": "$89", "2016-06-30": "$100", "2016-03-31": "$84", "2015-12-31": "$81", "2015-09-30": "$78", "2015-06-30": "$91", "2015-03-31": "$83", "2014-12-31": "$77", "2014-09-30": "$79", "2014-06-30": "$75", "2014-03-31": "$75", "2013-12-31": "$67", "2013-09-30": "$69", "2013-06-30": "$72", "2013-03-31": "$63", "2012-12-31": "$54", "2012-09-30": "$60", "2012-06-30": "$74", "2012-03-31": "$61", "2011-12-31": "$49", "2011-09-30": "$46", "2011-06-30": "$49", "2011-03-31": "$47", "2010-12-31": "$31", "2010-09-30": "$35", "2010-06-30": "$41", "2010-03-31": "$24", "2009-12-31": "$15", "2009-09-30": "$20", "2009-06-30": "$30", "2009-03-31": "$40", "2008-12-31": "$29", "2008-09-30": "$37", "2008-06-30": "$29", "2008-03-31": "$36", "2007-12-31": "$21", "2007-09-30": "$30", "2007-06-30": "$34", "2007-03-31": "$30", "2006-12-31": "$17", "2006-09-30": "$24", "2006-06-30": "$34", "2006-03-31": "$29", "2005-12-31": "$6", "2005-09-30": "$9", "2005-06-30": "$37", "2005-03-31": "$33"}}, "ebitda": {"Hexcel Annual EBITDA (Millions of US $)": {"2019": "$568", "2018": "$496", "2017": "$456", "2016": "$455", "2015": "$410", "2014": "$379", "2013": "$332", "2012": "$309", "2011": "$254", "2010": "$193", "2009": "$155", "2008": "$177", "2007": "$156", "2006": "$142", "2005": "$125"}, "Hexcel Quarterly EBITDA (Millions of US $)": {"2020-09-30": "$-2", "2020-06-30": "$42", "2020-03-31": "$102", "2019-12-31": "$132", "2019-09-30": "$145", "2019-06-30": "$150", "2019-03-31": "$142", "2018-12-31": "$129", "2018-09-30": "$128", "2018-06-30": "$127", "2018-03-31": "$113", "2017-12-31": "$122", "2017-09-30": "$116", "2017-06-30": "$115", "2017-03-31": "$103", "2016-12-31": "$112", "2016-09-30": "$113", "2016-06-30": "$124", "2016-03-31": "$106", "2015-12-31": "$101", "2015-09-30": "$98", "2015-06-30": "$110", "2015-03-31": "$101", "2014-12-31": "$96", "2014-09-30": "$98", "2014-06-30": "$93", "2014-03-31": "$92", "2013-12-31": "$84", "2013-09-30": "$84", "2013-06-30": "$87", "2013-03-31": "$78", "2012-12-31": "$69", "2012-09-30": "$75", "2012-06-30": "$90", "2012-03-31": "$75", "2011-12-31": "$64", "2011-09-30": "$60", "2011-06-30": "$64", "2011-03-31": "$67", "2010-12-31": "$45", "2010-09-30": "$56", "2010-06-30": "$55", "2010-03-31": "$37", "2009-12-31": "$28", "2009-09-30": "$33", "2009-06-30": "$44", "2009-03-31": "$51", "2008-12-31": "$40", "2008-09-30": "$48", "2008-06-30": "$41", "2008-03-31": "$48", "2007-12-31": "$30", "2007-09-30": "$42", "2007-06-30": "$44", "2007-03-31": "$40", "2006-12-31": "$27", "2006-09-30": "$33", "2006-06-30": "$42", "2006-03-31": "$41", "2005-12-31": "$9", "2005-09-30": "$21", "2005-06-30": "$49", "2005-03-31": "$46"}}, "net-income": {"Hexcel Annual Net Income (Millions of US $)": {"2020": "$32", "2019": "$307", "2018": "$277", "2017": "$284", "2016": "$250", "2015": "$237", "2014": "$209", "2013": "$188", "2012": "$164", "2011": "$136", "2010": "$77", "2009": "$56", "2008": "$111", "2007": "$61", "2006": "$66", "2005": "$111"}, "Hexcel Quarterly Net Income (Millions of US $)": {"2020-12-31": "$-19", "2020-09-30": "$10", "2020-06-30": "$-1", "2020-03-31": "$42", "2019-12-31": "$73", "2019-09-30": "$80", "2019-06-30": "$81", "2019-03-31": "$72", "2018-12-31": "$66", "2018-09-30": "$80", "2018-06-30": "$69", "2018-03-31": "$62", "2017-12-31": "$88", "2017-09-30": "$70", "2017-06-30": "$62", "2017-03-31": "$65", "2016-12-31": "$60", "2016-09-30": "$68", "2016-06-30": "$66", "2016-03-31": "$56", "2015-12-31": "$54", "2015-09-30": "$54", "2015-06-30": "$62", "2015-03-31": "$68", "2014-12-31": "$53", "2014-09-30": "$56", "2014-06-30": "$51", "2014-03-31": "$50", "2013-12-31": "$47", "2013-09-30": "$49", "2013-06-30": "$49", "2013-03-31": "$44", "2012-12-31": "$37", "2012-09-30": "$40", "2012-06-30": "$48", "2012-03-31": "$40", "2011-12-31": "$40", "2011-09-30": "$32", "2011-06-30": "$37", "2011-03-31": "$26", "2010-12-31": "$23", "2010-09-30": "$16", "2010-06-30": "$23", "2010-03-31": "$16", "2009-12-31": "$6", "2009-09-30": "$10", "2009-06-30": "$17", "2009-03-31": "$23", "2008-12-31": "$28", "2008-09-30": "$33", "2008-06-30": "$27", "2008-03-31": "$23", "2007-12-31": "$12", "2007-09-30": "$17", "2007-06-30": "$9", "2007-03-31": "$24", "2006-12-31": "$18", "2006-09-30": "$16", "2006-06-30": "$18", "2006-03-31": "$15", "2005-12-31": "$122", "2005-09-30": "$-11", "2005-06-30": "$24", "2005-03-31": "$-25"}}, "eps-earnings-per-share-diluted": {"Hexcel Annual EPS": {"2020": "$0.38", "2019": "$3.57", "2018": "$3.11", "2017": "$3.09", "2016": "$2.65", "2015": "$2.44", "2014": "$2.12", "2013": "$1.84", "2012": "$1.61", "2011": "$1.35", "2010": "$0.77", "2009": "$0.57", "2008": "$1.14", "2007": "$0.64", "2006": "$0.69", "2005": "$1.51"}, "Hexcel Quarterly EPS": {"2020-12-31": "$-0.23", "2020-09-30": "$0.12", "2020-06-30": "$-0.01", "2020-03-31": "$0.50", "2019-12-31": "$0.86", "2019-09-30": "$0.93", "2019-06-30": "$0.94", "2019-03-31": "$0.84", "2018-12-31": "$0.76", "2018-09-30": "$0.91", "2018-06-30": "$0.76", "2018-03-31": "$0.68", "2017-12-31": "$0.96", "2017-09-30": "$0.76", "2017-06-30": "$0.67", "2017-03-31": "$0.70", "2016-12-31": "$0.64", "2016-09-30": "$0.72", "2016-06-30": "$0.70", "2016-03-31": "$0.59", "2015-12-31": "$0.56", "2015-09-30": "$0.55", "2015-06-30": "$0.63", "2015-03-31": "$0.70", "2014-12-31": "$0.54", "2014-09-30": "$0.57", "2014-06-30": "$0.51", "2014-03-31": "$0.50", "2013-12-31": "$0.45", "2013-09-30": "$0.48", "2013-06-30": "$0.48", "2013-03-31": "$0.43", "2012-12-31": "$0.36", "2012-09-30": "$0.39", "2012-06-30": "$0.47", "2012-03-31": "$0.39", "2011-12-31": "$0.40", "2011-09-30": "$0.32", "2011-06-30": "$0.37", "2011-03-31": "$0.26", "2010-12-31": "$0.22", "2010-09-30": "$0.16", "2010-06-30": "$0.23", "2010-03-31": "$0.16", "2009-12-31": "$0.05", "2009-09-30": "$0.11", "2009-06-30": "$0.17", "2009-03-31": "$0.24", "2008-12-31": "$0.29", "2008-09-30": "$0.34", "2008-06-30": "$0.27", "2008-03-31": "$0.24", "2007-12-31": "$0.13", "2007-09-30": "$0.18", "2007-06-30": "$0.09", "2007-03-31": "$0.24", "2006-12-31": "$0.19", "2006-09-30": "$0.16", "2006-06-30": "$0.19", "2006-03-31": "$0.15", "2005-12-31": "$1.86", "2005-09-30": "$-0.17", "2005-06-30": "$0.28", "2005-03-31": "$-0.46"}}, "shares-outstanding": {"Hexcel Annual Shares Outstanding (Millions of Shares)": {"2020": "84", "2019": "86", "2018": "89", "2017": "92", "2016": "94", "2015": "97", "2014": "99", "2013": "102", "2012": "102", "2011": "101", "2010": "100", "2009": "98", "2008": "98", "2007": "97", "2006": "96", "2005": "94"}, "Hexcel Quarterly Shares Outstanding (Millions of Shares)": {"2020-12-31": "84", "2020-09-30": "84", "2020-06-30": "84", "2020-03-31": "84", "2019-12-31": "86", "2019-09-30": "86", "2019-06-30": "86", "2019-03-31": "86", "2018-12-31": "89", "2018-09-30": "88", "2018-06-30": "90", "2018-03-31": "91", "2017-12-31": "92", "2017-09-30": "91", "2017-06-30": "92", "2017-03-31": "93", "2016-12-31": "94", "2016-09-30": "94", "2016-06-30": "95", "2016-03-31": "95", "2015-12-31": "97", "2015-09-30": "97", "2015-06-30": "98", "2015-03-31": "98", "2014-12-31": "99", "2014-09-30": "98", "2014-06-30": "99", "2014-03-31": "101", "2013-12-31": "102", "2013-09-30": "102", "2013-06-30": "102", "2013-03-31": "102", "2012-12-31": "102", "2012-09-30": "102", "2012-06-30": "102", "2012-03-31": "102", "2011-12-31": "101", "2011-09-30": "101", "2011-06-30": "101", "2011-03-31": "100", "2010-12-31": "100", "2010-09-30": "100", "2010-06-30": "100", "2010-03-31": "99", "2009-12-31": "98", "2009-09-30": "98", "2009-06-30": "98", "2009-03-31": "97", "2008-12-31": "98", "2008-09-30": "98", "2008-06-30": "98", "2008-03-31": "98", "2007-12-31": "97", "2007-09-30": "97", "2007-06-30": "96", "2007-03-31": "96", "2006-12-31": "96", "2006-09-30": "95", "2006-06-30": "96", "2006-03-31": "95", "2005-12-31": "94", "2005-09-30": "62", "2005-06-30": "95", "2005-03-31": "54"}}, "total-assets": {"Hexcel Annual Total Assets (Millions of US $)": {"2019": "$3,129", "2018": "$2,824", "2017": "$2,781", "2016": "$2,401", "2015": "$2,187", "2014": "$2,036", "2013": "$1,836", "2012": "$1,603", "2011": "$1,376", "2010": "$1,258", "2009": "$1,247", "2008": "$1,210", "2007": "$1,061", "2006": "$1,015", "2005": "$881"}, "Hexcel Quarterly Total Assets (Millions of US $)": {"2020-09-30": "$2,972", "2020-06-30": "$3,223", "2020-03-31": "$3,433", "2019-12-31": "$3,129", "2019-09-30": "$3,155", "2019-06-30": "$3,195", "2019-03-31": "$3,166", "2018-12-31": "$2,824", "2018-09-30": "$2,847", "2018-06-30": "$2,836", "2018-03-31": "$2,885", "2017-12-31": "$2,781", "2017-09-30": "$2,737", "2017-06-30": "$2,627", "2017-03-31": "$2,576", "2016-12-31": "$2,401", "2016-09-30": "$2,391", "2016-06-30": "$2,370", "2016-03-31": "$2,322", "2015-12-31": "$2,187", "2015-09-30": "$2,241", "2015-06-30": "$2,200", "2015-03-31": "$2,087", "2014-12-31": "$2,036", "2014-09-30": "$1,960", "2014-06-30": "$1,947", "2014-03-31": "$1,905", "2013-12-31": "$1,836", "2013-09-30": "$1,761", "2013-06-30": "$1,695", "2013-03-31": "$1,638", "2012-12-31": "$1,603", "2012-09-30": "$1,567", "2012-06-30": "$1,517", "2012-03-31": "$1,467", "2011-12-31": "$1,376", "2011-09-30": "$1,321", "2011-06-30": "$1,319", "2011-03-31": "$1,277", "2010-12-31": "$1,258", "2010-09-30": "$1,251", "2010-06-30": "$1,234", "2010-03-31": "$1,206", "2009-12-31": "$1,247", "2009-09-30": "$1,225", "2009-06-30": "$1,215", "2009-03-31": "$1,200", "2008-12-31": "$1,210", "2008-09-30": "$1,189", "2008-06-30": "$1,218", "2008-03-31": "$1,164", "2007-12-31": "$1,061", "2007-09-30": "$1,020", "2007-06-30": "$1,073", "2007-03-31": "$1,046", "2006-12-31": "$1,015", "2006-09-30": "$976", "2006-06-30": "$952", "2006-03-31": "$939", "2005-12-31": "$881", "2005-09-30": "$743", "2005-06-30": "$753", "2005-03-31": "$766"}}, "cash-on-hand": {"Hexcel Annual Cash on Hand (Millions of US $)": {"2019": "$64", "2018": "$33", "2017": "$60", "2016": "$35", "2015": "$52", "2014": "$71", "2013": "$66", "2012": "$33", "2011": "$50", "2010": "$117", "2009": "$110", "2008": "$51", "2007": "$28", "2006": "$26", "2005": "$21"}, "Hexcel Quarterly Cash on Hand (Millions of US $)": {"2020-09-30": "$68", "2020-06-30": "$257", "2020-03-31": "$329", "2019-12-31": "$64", "2019-09-30": "$47", "2019-06-30": "$55", "2019-03-31": "$44", "2018-12-31": "$33", "2018-09-30": "$47", "2018-06-30": "$39", "2018-03-31": "$50", "2017-12-31": "$60", "2017-09-30": "$119", "2017-06-30": "$46", "2017-03-31": "$82", "2016-12-31": "$35", "2016-09-30": "$46", "2016-06-30": "$39", "2016-03-31": "$24", "2015-12-31": "$52", "2015-09-30": "$43", "2015-06-30": "$35", "2015-03-31": "$23", "2014-12-31": "$71", "2014-09-30": "$38", "2014-06-30": "$44", "2014-03-31": "$50", "2013-12-31": "$66", "2013-09-30": "$60", "2013-06-30": "$57", "2013-03-31": "$18", "2012-12-31": "$33", "2012-09-30": "$43", "2012-06-30": "$33", "2012-03-31": "$49", "2011-12-31": "$50", "2011-09-30": "$48", "2011-06-30": "$56", "2011-03-31": "$51", "2010-12-31": "$117", "2010-09-30": "$79", "2010-06-30": "$84", "2010-03-31": "$66", "2009-12-31": "$110", "2009-09-30": "$95", "2009-06-30": "$73", "2009-03-31": "$27", "2008-12-31": "$51", "2008-09-30": "$49", "2008-06-30": "$19", "2008-03-31": "$26", "2007-12-31": "$28", "2007-09-30": "$31", "2007-06-30": "$36", "2007-03-31": "$34", "2006-12-31": "$26", "2006-09-30": "$13", "2006-06-30": "$9", "2006-03-31": "$24", "2005-12-31": "$21", "2005-09-30": "$12", "2005-06-30": "$19", "2005-03-31": "$26"}}, "long-term-debt": {"Hexcel Annual Long Term Debt (Millions of US $)": {"2019": "$1,051", "2018": "$947", "2017": "$806", "2016": "$684", "2015": "$577", "2014": "$415", "2013": "$292", "2012": "$240", "2011": "$238", "2010": "$305", "2009": "$359", "2008": "$393", "2007": "$316", "2006": "$410", "2005": "$417"}, "Hexcel Quarterly Long Term Debt (Millions of US $)": {"2020-09-30": "$999", "2020-06-30": "$1,265", "2020-03-31": "$1,390", "2019-12-31": "$1,051", "2019-09-30": "$1,115", "2019-06-30": "$1,116", "2019-03-31": "$1,160", "2018-12-31": "$947", "2018-09-30": "$981", "2018-06-30": "$930", "2018-03-31": "$836", "2017-12-31": "$806", "2017-09-30": "$830", "2017-06-30": "$817", "2017-03-31": "$837", "2016-12-31": "$684", "2016-09-30": "$670", "2016-06-30": "$707", "2016-03-31": "$688", "2015-12-31": "$577", "2015-09-30": "$596", "2015-06-30": "$508", "2015-03-31": "$480", "2014-12-31": "$415", "2014-09-30": "$430", "2014-06-30": "$395", "2014-03-31": "$352", "2013-12-31": "$292", "2013-09-30": "$262", "2013-06-30": "$309", "2013-03-31": "$259", "2012-12-31": "$240", "2012-09-30": "$279", "2012-06-30": "$281", "2012-03-31": "$295", "2011-12-31": "$238", "2011-09-30": "$237", "2011-06-30": "$242", "2011-03-31": "$268", "2010-12-31": "$305", "2010-09-30": "$321", "2010-06-30": "$357", "2010-03-31": "$359", "2009-12-31": "$359", "2009-09-30": "$389", "2009-06-30": "$391", "2009-03-31": "$392", "2008-12-31": "$393", "2008-09-30": "$393", "2008-06-30": "$394", "2008-03-31": "$371", "2007-12-31": "$316", "2007-09-30": "$323", "2007-06-30": "$402", "2007-03-31": "$419", "2006-12-31": "$410", "2006-09-30": "$427", "2006-06-30": "$423", "2006-03-31": "$446", "2005-12-31": "$417", "2005-09-30": "$422", "2005-06-30": "$448", "2005-03-31": "$478"}}, "total-liabilities": {"Hexcel Annual Total Liabilities (Millions of US $)": {"2019": "$1,683", "2018": "$1,502", "2017": "$1,286", "2016": "$1,156", "2015": "$1,008", "2014": "$887", "2013": "$676", "2012": "$609", "2011": "$574", "2010": "$599", "2009": "$671", "2008": "$701", "2007": "$633", "2006": "$713", "2005": "$670"}, "Hexcel Quarterly Total Liabilities (Millions of US $)": {"2020-09-30": "$1,473", "2020-06-30": "$1,786", "2020-03-31": "$2,012", "2019-12-31": "$1,683", "2019-09-30": "$1,737", "2019-06-30": "$1,753", "2019-03-31": "$1,794", "2018-12-31": "$1,502", "2018-09-30": "$1,479", "2018-06-30": "$1,436", "2018-03-31": "$1,322", "2017-12-31": "$1,286", "2017-09-30": "$1,311", "2017-06-30": "$1,297", "2017-03-31": "$1,313", "2016-12-31": "$1,156", "2016-09-30": "$1,131", "2016-06-30": "$1,145", "2016-03-31": "$1,104", "2015-12-31": "$1,008", "2015-09-30": "$1,045", "2015-06-30": "$953", "2015-03-31": "$922", "2014-12-31": "$887", "2014-09-30": "$833", "2014-06-30": "$791", "2014-03-31": "$740", "2013-12-31": "$676", "2013-09-30": "$642", "2013-06-30": "$654", "2013-03-31": "$628", "2012-12-31": "$609", "2012-09-30": "$618", "2012-06-30": "$623", "2012-03-31": "$603", "2011-12-31": "$574", "2011-09-30": "$532", "2011-06-30": "$543", "2011-03-31": "$558", "2010-12-31": "$599", "2010-09-30": "$616", "2010-06-30": "$652", "2010-03-31": "$629", "2009-12-31": "$671", "2009-09-30": "$637", "2009-06-30": "$648", "2009-03-31": "$674", "2008-12-31": "$701", "2008-09-30": "$679", "2008-06-30": "$716", "2008-03-31": "$695", "2007-12-31": "$633", "2007-09-30": "$636", "2007-06-30": "$723", "2007-03-31": "$713", "2006-12-31": "$713", "2006-09-30": "$679", "2006-06-30": "$676", "2006-03-31": "$702", "2005-12-31": "$670", "2005-09-30": "$751", "2005-06-30": "$798", "2005-03-31": "$827"}}, "total-share-holder-equity": {"Hexcel Annual Share Holder Equity (Millions of US $)": {"2019": "$1,446", "2018": "$1,322", "2017": "$1,495", "2016": "$1,245", "2015": "$1,180", "2014": "$1,150", "2013": "$1,160", "2012": "$994", "2011": "$802", "2010": "$659", "2009": "$576", "2008": "$509", "2007": "$428", "2006": "$302", "2005": "$211"}, "Hexcel Quarterly Share Holder Equity (Millions of US $)": {"2020-09-30": "$1,499", "2020-06-30": "$1,437", "2020-03-31": "$1,421", "2019-12-31": "$1,446", "2019-09-30": "$1,418", "2019-06-30": "$1,442", "2019-03-31": "$1,372", "2018-12-31": "$1,322", "2018-09-30": "$1,367", "2018-06-30": "$1,400", "2018-03-31": "$1,563", "2017-12-31": "$1,495", "2017-09-30": "$1,427", "2017-06-30": "$1,330", "2017-03-31": "$1,263", "2016-12-31": "$1,245", "2016-09-30": "$1,259", "2016-06-30": "$1,225", "2016-03-31": "$1,218", "2015-12-31": "$1,180", "2015-09-30": "$1,195", "2015-06-30": "$1,247", "2015-03-31": "$1,166", "2014-12-31": "$1,150", "2014-09-30": "$1,127", "2014-06-30": "$1,156", "2014-03-31": "$1,165", "2013-12-31": "$1,160", "2013-09-30": "$1,120", "2013-06-30": "$1,041", "2013-03-31": "$1,010", "2012-12-31": "$994", "2012-09-30": "$949", "2012-06-30": "$895", "2012-03-31": "$864", "2011-12-31": "$802", "2011-09-30": "$789", "2011-06-30": "$777", "2011-03-31": "$719", "2010-12-31": "$659", "2010-09-30": "$635", "2010-06-30": "$583", "2010-03-31": "$577", "2009-12-31": "$576", "2009-09-30": "$588", "2009-06-30": "$567", "2009-03-31": "$525", "2008-12-31": "$509", "2008-09-30": "$510", "2008-06-30": "$502", "2008-03-31": "$469", "2007-12-31": "$428", "2007-09-30": "$384", "2007-06-30": "$351", "2007-03-31": "$333", "2006-12-31": "$302", "2006-09-30": "$297", "2006-06-30": "$275", "2006-03-31": "$238", "2005-12-31": "$211", "2005-09-30": "$-8", "2005-06-30": "$-44", "2005-03-31": "$-60"}}, "profit-margins": {"current": "2.11%"}, "gross margin": {"2020-12-31": "15.97%", "2020-09-30": "20.10%", "2020-06-30": "24.31%", "2020-03-31": "26.85%", "2019-12-31": "27.16%", "2019-09-30": "27.37%", "2019-06-30": "27.10%", "2019-03-31": "26.77%", "2018-12-31": "26.53%", "2018-09-30": "26.76%", "2018-06-30": "27.06%", "2018-03-31": "27.57%", "2017-12-31": "27.96%", "2017-09-30": "28.06%", "2017-06-30": "27.93%", "2017-03-31": "27.98%", "2016-12-31": "28.17%", "2016-09-30": "28.03%", "2016-06-30": "28.17%", "2016-03-31": "28.28%", "2015-12-31": "28.63%", "2015-09-30": "28.57%", "2015-06-30": "28.42%", "2015-03-31": "27.97%", "2014-12-31": "27.42%", "2014-09-30": "27.22%", "2014-06-30": "27.27%", "2014-03-31": "27.32%", "2013-12-31": "27.04%", "2013-09-30": "26.66%", "2013-06-30": "26.19%", "2013-03-31": "25.89%", "2012-12-31": "25.79%", "2012-09-30": "25.68%", "2012-06-30": "25.56%", "2012-03-31": "25.05%", "2011-12-31": "24.62%", "2011-09-30": "24.09%", "2011-06-30": "23.92%", "2011-03-31": "24.14%", "2010-12-31": "24.11%", "2010-09-30": "23.98%", "2010-06-30": "23.08%", "2010-03-31": "22.27%", "2009-12-31": "22.38%", "2009-09-30": "22.46%", "2009-06-30": "22.66%", "2009-03-31": "22.20%", "2008-12-31": "21.79%", "2008-09-30": "22.23%", "2008-06-30": "22.78%", "2008-03-31": "23.58%", "2007-12-31": "24.15%", "2007-09-30": "24.44%", "2007-06-30": "24.16%", "2007-03-31": "24.35%", "2006-12-31": "23.74%", "2006-09-30": "24.72%", "2006-06-30": "24.17%", "2006-03-31": "23.55%", "2005-12-31": "23.38%"}, "operating margin": {"2020-12-31": "0.93%", "2020-09-30": "7.40%", "2020-06-30": "13.56%", "2020-03-31": "16.97%", "2019-12-31": "18.04%", "2019-09-30": "18.02%", "2019-06-30": "17.71%", "2019-03-31": "17.39%", "2018-12-31": "16.99%", "2018-09-30": "17.23%", "2018-06-30": "17.26%", "2018-03-31": "17.40%", "2017-12-31": "17.78%", "2017-09-30": "17.73%", "2017-06-30": "17.65%", "2017-03-31": "17.87%", "2016-12-31": "17.95%", "2016-09-30": "17.82%", "2016-06-30": "17.73%", "2016-03-31": "17.69%", "2015-12-31": "17.88%", "2015-09-30": "17.60%", "2015-06-30": "17.63%", "2015-03-31": "16.83%", "2014-12-31": "16.49%", "2014-09-30": "16.34%", "2014-06-30": "16.15%", "2014-03-31": "16.42%", "2013-12-31": "16.14%", "2013-09-30": "15.74%", "2013-06-30": "15.38%", "2013-03-31": "15.74%", "2012-12-31": "15.78%", "2012-09-30": "15.78%", "2012-06-30": "15.27%", "2012-03-31": "14.03%", "2011-12-31": "13.71%", "2011-09-30": "12.82%", "2011-06-30": "12.54%", "2011-03-31": "12.39%", "2010-12-31": "11.16%", "2010-09-30": "10.18%", "2010-06-30": "9.16%", "2010-03-31": "8.36%", "2009-12-31": "9.48%", "2009-09-30": "10.52%", "2009-06-30": "11.29%", "2009-03-31": "10.48%", "2008-12-31": "9.88%", "2008-09-30": "9.08%", "2008-06-30": "8.90%", "2008-03-31": "9.81%", "2007-12-31": "9.81%", "2007-09-30": "10.32%", "2007-06-30": "10.03%", "2007-03-31": "10.18%", "2006-12-31": "9.91%", "2006-09-30": "10.26%", "2006-06-30": "8.38%", "2006-03-31": "8.37%", "2005-12-31": "8.87%"}, "ebitda margin": {"2020-09-30": "15.47%", "2020-06-30": "20.47%", "2020-03-31": "23.13%", "2019-12-31": "24.15%", "2019-09-30": "24.05%", "2019-06-30": "23.65%", "2019-03-31": "23.27%", "2018-12-31": "22.69%", "2018-09-30": "22.89%", "2018-06-30": "22.85%", "2018-03-31": "22.90%", "2017-12-31": "23.10%", "2017-09-30": "22.92%", "2017-06-30": "22.66%", "2017-03-31": "22.75%", "2016-12-31": "22.68%", "2016-09-30": "22.35%", "2016-06-30": "22.17%", "2016-03-31": "21.98%", "2015-12-31": "22.02%", "2015-09-30": "21.67%", "2015-06-30": "21.63%", "2015-03-31": "20.79%", "2014-12-31": "20.42%", "2014-09-30": "20.27%", "2014-06-30": "19.93%", "2014-03-31": "20.13%", "2013-12-31": "19.83%", "2013-09-30": "19.40%", "2013-06-30": "19.09%", "2013-03-31": "19.56%", "2012-12-31": "19.58%", "2012-09-30": "19.66%", "2012-06-30": "19.19%", "2012-03-31": "18.00%", "2011-12-31": "18.31%", "2011-09-30": "17.49%", "2011-06-30": "17.96%", "2011-03-31": "17.94%", "2010-12-31": "16.44%", "2010-09-30": "15.58%", "2010-06-30": "14.01%", "2010-03-31": "13.35%", "2009-12-31": "14.08%", "2009-09-30": "14.85%", "2009-06-30": "15.19%", "2009-03-31": "13.98%", "2008-12-31": "13.35%", "2008-09-30": "12.33%", "2008-06-30": "12.35%", "2008-03-31": "13.29%", "2007-12-31": "13.31%", "2007-09-30": "14.22%", "2007-06-30": "13.75%", "2007-03-31": "13.77%", "2006-12-31": "13.63%", "2006-09-30": "13.80%", "2006-06-30": "12.14%", "2006-03-31": "12.40%", "2005-12-31": "13.05%"}, "pre tax profit margin": {"2020-12-31": "-1.80%", "2020-09-30": "5.08%", "2020-06-30": "11.47%", "2020-03-31": "15.00%", "2019-12-31": "16.13%", "2019-09-30": "16.06%", "2019-06-30": "15.73%", "2019-03-31": "15.49%", "2018-12-31": "15.21%", "2018-09-30": "15.60%", "2018-06-30": "15.77%", "2018-03-31": "15.97%", "2017-12-31": "16.36%", "2017-09-30": "16.39%", "2017-06-30": "16.42%", "2017-03-31": "16.71%", "2016-12-31": "16.85%", "2016-09-30": "16.71%", "2016-06-30": "16.59%", "2016-03-31": "16.68%", "2015-12-31": "17.08%", "2015-09-30": "16.96%", "2015-06-30": "17.09%", "2015-03-31": "16.35%", "2014-12-31": "16.00%", "2014-09-30": "15.85%", "2014-06-30": "15.70%", "2014-03-31": "15.89%", "2013-12-31": "15.60%", "2013-09-30": "15.25%", "2013-06-30": "14.89%", "2013-03-31": "15.17%", "2012-12-31": "15.15%", "2012-09-30": "15.07%", "2012-06-30": "14.54%", "2012-03-31": "13.42%", "2011-12-31": "12.63%", "2011-09-30": "11.56%", "2011-06-30": "10.37%", "2011-03-31": "9.65%", "2010-12-31": "8.43%", "2010-09-30": "7.08%", "2010-06-30": "6.50%", "2010-03-31": "5.64%", "2009-12-31": "7.04%", "2009-09-30": "8.40%", "2009-06-30": "9.38%", "2009-03-31": "8.85%", "2008-12-31": "8.30%", "2008-09-30": "7.46%", "2008-06-30": "7.21%", "2008-03-31": "8.02%", "2007-12-31": "7.85%", "2007-09-30": "8.18%", "2007-06-30": "7.83%", "2007-03-31": "7.95%", "2006-12-31": "7.53%", "2006-09-30": "7.73%", "2006-06-30": "5.69%", "2006-03-31": "5.58%", "2005-12-31": "1.46%"}, "net profit margin": {"2020-12-31": "2.13%", "2020-09-30": "7.00%", "2020-06-30": "9.43%", "2020-03-31": "12.07%", "2019-12-31": "12.99%", "2019-09-30": "12.71%", "2019-06-30": "12.88%", "2019-03-31": "12.70%", "2018-12-31": "12.65%", "2018-09-30": "13.97%", "2018-06-30": "13.81%", "2018-03-31": "13.86%", "2017-12-31": "14.44%", "2017-09-30": "13.21%", "2017-06-30": "13.04%", "2017-03-31": "13.03%", "2016-12-31": "12.46%", "2016-09-30": "12.28%", "2016-06-30": "11.89%", "2016-03-31": "11.97%", "2015-12-31": "12.78%", "2015-09-30": "12.68%", "2015-06-30": "12.77%", "2015-03-31": "12.22%", "2014-12-31": "11.31%", "2014-09-30": "11.26%", "2014-06-30": "11.12%", "2014-03-31": "11.31%", "2013-12-31": "11.26%", "2013-09-30": "10.92%", "2013-06-30": "10.50%", "2013-03-31": "10.60%", "2012-12-31": "10.46%", "2012-09-30": "10.87%", "2012-06-30": "10.62%", "2012-03-31": "10.20%", "2011-12-31": "9.69%", "2011-09-30": "8.75%", "2011-06-30": "7.89%", "2011-03-31": "7.08%", "2010-12-31": "6.64%", "2010-09-30": "5.40%", "2010-06-30": "5.04%", "2010-03-31": "4.61%", "2009-12-31": "5.05%", "2009-09-30": "6.90%", "2009-06-30": "8.38%", "2009-03-31": "8.62%", "2008-12-31": "8.37%", "2008-09-30": "7.02%", "2008-06-30": "6.06%", "2008-03-31": "4.94%", "2007-12-31": "5.29%", "2007-09-30": "6.32%", "2007-06-30": "6.40%", "2007-03-31": "7.37%", "2006-12-31": "6.39%", "2006-09-30": "18.87%", "2006-06-30": "15.47%", "2006-03-31": "15.50%", "2005-12-31": "11.48%"}, "pe ratio": {"current": "189.96", "2021-02-05": "77.85", "2020-12-31": "79.49", "2020-09-30": "22.82", "2020-06-30": "19.83", "2020-03-31": "11.51", "2019-12-31": "20.49", "2019-09-30": "23.56", "2019-06-30": "23.29", "2019-03-31": "20.97", "2018-12-31": "18.24", "2018-09-30": "19.99", "2018-06-30": "20.68", "2018-03-31": "20.67", "2017-12-31": "19.63", "2017-09-30": "20.29", "2017-06-30": "18.88", "2017-03-31": "19.26", "2016-12-31": "18.87", "2016-09-30": "16.72", "2016-06-30": "16.78", "2016-03-31": "18.10", "2015-12-31": "18.33", "2015-09-30": "17.81", "2015-06-30": "19.54", "2015-03-31": "21.21", "2014-12-31": "18.68", "2014-09-30": "18.58", "2014-06-30": "20.02", "2014-03-31": "21.65", "2013-12-31": "23.06", "2013-09-30": "21.17", "2013-06-30": "19.58", "2013-03-31": "16.79", "2012-12-31": "15.99", "2012-09-30": "13.98", "2012-06-30": "15.68", "2012-03-31": "15.59", "2011-12-31": "17.25", "2011-09-30": "17.93", "2011-06-30": "20.49", "2011-03-31": "21.36", "2010-12-31": "22.14", "2010-09-30": "27.84", "2010-06-30": "26.44", "2010-03-31": "27.57", "2009-12-31": "21.37", "2009-09-30": "13.48", "2009-06-30": "8.75", "2009-03-31": "5.50", "2008-12-31": "6.19", "2008-09-30": "13.47", "2008-06-30": "22.75", "2008-03-31": "28.96", "2007-12-31": "36.79", "2007-09-30": "30.54", "2007-06-30": "29.15", "2007-03-31": "24.30", "2006-12-31": "24.09"}, "price sales": {"2021-02-05": "2.65", "2020-12-31": "2.71", "2020-09-30": "1.60", "2020-06-30": "1.87", "2020-03-31": "1.39", "2019-12-31": "2.67", "2019-09-30": "3.02", "2019-06-30": "3.02", "2019-03-31": "2.68", "2018-12-31": "2.32", "2018-09-30": "2.79", "2018-06-30": "2.85", "2018-03-31": "2.86", "2017-12-31": "2.83", "2017-09-30": "2.68", "2017-06-30": "2.46", "2017-03-31": "2.52", "2016-12-31": "2.36", "2016-09-30": "2.06", "2016-06-30": "2.00", "2016-03-31": "2.16", "2015-12-31": "2.35", "2015-09-30": "2.26", "2015-06-30": "2.50", "2015-03-31": "2.59", "2014-12-31": "2.11", "2014-09-30": "2.09", "2014-06-30": "2.22", "2014-03-31": "2.45", "2013-12-31": "2.59", "2013-09-30": "2.30", "2013-06-30": "2.05", "2013-03-31": "1.77", "2012-12-31": "1.66", "2012-09-30": "1.51", "2012-06-30": "1.66", "2012-03-31": "1.59", "2011-12-31": "1.67", "2011-09-30": "1.58", "2011-06-30": "1.62", "2011-03-31": "1.51", "2010-12-31": "1.47", "2010-09-30": "1.49", "2010-06-30": "1.34", "2010-03-31": "1.27", "2009-12-31": "1.09", "2009-09-30": "0.94", "2009-06-30": "0.74", "2009-03-31": "0.48", "2008-12-31": "0.52", "2008-09-30": "0.94", "2008-06-30": "1.38", "2008-03-31": "1.43", "2007-12-31": "1.91", "2007-09-30": "1.94", "2007-06-30": "1.84", "2007-03-31": "1.76", "2006-12-31": "1.51"}, "price book": {"current": "2.63", "2021-02-05": "2.64", "2020-09-30": "1.87", "2020-06-30": "2.63", "2020-03-31": "2.18", "2019-12-31": "4.23", "2019-09-30": "4.88", "2019-06-30": "4.73", "2019-03-31": "4.24", "2018-12-31": "3.64", "2018-09-30": "4.17", "2018-06-30": "4.09", "2018-03-31": "3.64", "2017-12-31": "3.64", "2017-09-30": "3.54", "2017-06-30": "3.48", "2017-03-31": "3.82", "2016-12-31": "3.67", "2016-09-30": "3.14", "2016-06-30": "3.04", "2016-03-31": "3.22", "2015-12-31": "3.54", "2015-09-30": "3.41", "2015-06-30": "3.69", "2015-03-31": "4.07", "2014-12-31": "3.29", "2014-09-30": "3.21", "2014-06-30": "3.26", "2014-03-31": "3.49", "2013-12-31": "3.64", "2013-09-30": "3.29", "2013-06-30": "3.11", "2013-03-31": "2.75", "2012-12-31": "2.59", "2012-09-30": "2.41", "2012-06-30": "2.74", "2012-03-31": "2.64", "2011-12-31": "2.85", "2011-09-30": "2.64", "2011-06-30": "2.65", "2011-03-31": "2.56", "2010-12-31": "2.55", "2010-09-30": "2.60", "2010-06-30": "2.47", "2010-03-31": "2.32", "2009-12-31": "2.12", "2009-09-30": "1.83", "2009-06-30": "1.58", "2009-03-31": "1.18", "2008-12-31": "1.36", "2008-09-30": "2.47", "2008-06-30": "3.53", "2008-03-31": "3.74", "2007-12-31": "5.29", "2007-09-30": "5.37", "2007-06-30": "5.43", "2007-03-31": "5.36", "2006-12-31": "5.26", "2006-09-30": "4.26", "2006-06-30": "5.20", "2006-03-31": "8.37"}, "price fcf": {"2021-02-05": "", "2020-09-30": "$3.31", "2020-06-30": "$3.07", "2020-03-31": "$3.30", "2019-12-31": "$3.35", "2019-09-30": "$2.54", "2019-06-30": "$2.72", "2019-03-31": "$2.46", "2018-12-31": "$2.67", "2018-09-30": "$2.14", "2018-06-30": "$2.11", "2018-03-31": "$2.01", "2017-12-31": "$1.64", "2017-09-30": "$1.15", "2017-06-30": "$1.15", "2017-03-31": "$1.24", "2016-12-31": "$0.78", "2016-09-30": "$1.41", "2016-06-30": "$0.92", "2016-03-31": "$0.28", "2015-12-31": "$-0.04", "2015-09-30": "$-0.26", "2015-06-30": "$-0.51", "2015-03-31": "$-0.32", "2014-12-31": "$0.59", "2014-09-30": "$0.12", "2014-06-30": "$0.52", "2014-03-31": "$0.70", "2013-12-31": "$0.76", "2013-09-30": "$0.88", "2013-06-30": "$0.54", "2013-03-31": "$0.14", "2012-12-31": "$-0.31", "2012-09-30": "$-0.56", "2012-06-30": "$-0.66", "2012-03-31": "$-0.28", "2011-12-31": "$0.12", "2011-09-30": "$0.52", "2011-06-30": "$0.76", "2011-03-31": "$0.69", "2010-12-31": "$0.78", "2010-09-30": "$0.54", "2010-06-30": "$0.65", "2010-03-31": "$0.92", "2009-12-31": "$0.76", "2009-09-30": "$0.63", "2009-06-30": "$0.36", "2009-03-31": "$-0.46", "2008-12-31": "$-0.80", "2008-09-30": "$-0.85", "2008-06-30": "$-0.89", "2008-03-31": "$-0.48", "2007-12-31": "$-0.15", "2007-09-30": "$-0.03", "2007-06-30": "$-0.08", "2007-03-31": "$-0.13", "2006-12-31": "$-0.21"}, "net worth": {"value": "$3.97B"}, "current ratio": {"2020-12-31": "2.93", "2020-09-30": "3.28", "2020-06-30": "3.86", "2020-03-31": "3.36", "2019-12-31": "2.19", "2019-09-30": "2.22", "2019-06-30": "2.22", "2019-03-31": "2.24", "2018-12-31": "2.07", "2018-09-30": "2.58", "2018-06-30": "2.41", "2018-03-31": "2.64", "2017-12-31": "2.51", "2017-09-30": "2.74", "2017-06-30": "2.39", "2017-03-31": "2.50", "2016-12-31": "2.23", "2016-09-30": "2.32", "2016-06-30": "2.52", "2016-03-31": "2.62", "2015-12-31": "2.17", "2015-09-30": "2.62", "2015-06-30": "2.68", "2015-03-31": "2.55", "2014-12-31": "2.20", "2014-09-30": "2.57", "2014-06-30": "2.59", "2014-03-31": "2.66", "2013-12-31": "2.44", "2013-09-30": "2.68", "2013-06-30": "2.93", "2013-03-31": "2.42", "2012-12-31": "2.45", "2012-09-30": "2.55", "2012-06-30": "2.45", "2012-03-31": "2.65", "2011-12-31": "2.12", "2011-09-30": "2.40", "2011-06-30": "2.30", "2011-03-31": "2.42", "2010-12-31": "2.42", "2010-09-30": "2.54", "2010-06-30": "2.52", "2010-03-31": "2.66", "2009-12-31": "2.29", "2009-09-30": "2.82", "2009-06-30": "2.64", "2009-03-31": "2.33", "2008-12-31": "2.14", "2008-09-30": "2.45", "2008-06-30": "2.24", "2008-03-31": "2.05", "2007-12-31": "1.78", "2007-09-30": "1.88", "2007-06-30": "1.90", "2007-03-31": "2.15", "2006-12-31": "1.94", "2006-09-30": "2.11", "2006-06-30": "2.06", "2006-03-31": "2.07", "2005-12-31": "1.89", "2005-09-30": "1.76", "2005-06-30": "1.92", "2005-03-31": "1.91"}, "quick ratio": {"2020-12-31": "1.76", "2020-09-30": "1.78", "2020-06-30": "2.42", "2020-03-31": "2.21", "2019-12-31": "1.15", "2019-09-30": "1.21", "2019-06-30": "1.28", "2019-03-31": "1.28", "2018-12-31": "1.16", "2018-09-30": "1.44", "2018-06-30": "1.37", "2018-03-31": "1.53", "2017-12-31": "1.31", "2017-09-30": "1.53", "2017-06-30": "1.24", "2017-03-31": "1.39", "2016-12-31": "1.16", "2016-09-30": "1.18", "2016-06-30": "1.30", "2016-03-31": "1.36", "2015-12-31": "1.12", "2015-09-30": "1.45", "2015-06-30": "1.51", "2015-03-31": "1.42", "2014-12-31": "1.26", "2014-09-30": "1.42", "2014-06-30": "1.52", "2014-03-31": "1.58", "2013-12-31": "1.46", "2013-09-30": "1.61", "2013-06-30": "1.75", "2013-03-31": "1.43", "2012-12-31": "1.46", "2012-09-30": "1.52", "2012-06-30": "1.45", "2012-03-31": "1.60", "2011-12-31": "1.25", "2011-09-30": "1.44", "2011-06-30": "1.39", "2011-03-31": "1.46", "2010-12-31": "1.59", "2010-09-30": "1.54", "2010-06-30": "1.61", "2010-03-31": "1.64", "2009-12-31": "1.51", "2009-09-30": "1.83", "2009-06-30": "1.65", "2009-03-31": "1.41", "2008-12-31": "1.27", "2008-09-30": "1.46", "2008-06-30": "1.34", "2008-03-31": "1.21", "2007-12-31": "1.05", "2007-09-30": "1.11", "2007-06-30": "1.22", "2007-03-31": "1.26", "2006-12-31": "1.25", "2006-09-30": "1.23", "2006-06-30": "1.23", "2006-03-31": "1.28", "2005-12-31": "1.15", "2005-09-30": "0.96", "2005-06-30": "1.11", "2005-03-31": "1.08"}, "debt equity ratio": {"current": "0.61", "2020-12-31": "0.93", "2020-09-30": "0.98", "2020-06-30": "1.24", "2020-03-31": "1.42", "2019-12-31": "1.16", "2019-09-30": "1.23", "2019-06-30": "1.22", "2019-03-31": "1.31", "2018-12-31": "1.14", "2018-09-30": "1.08", "2018-06-30": "1.03", "2018-03-31": "0.85", "2017-12-31": "0.86", "2017-09-30": "0.92", "2017-06-30": "0.98", "2017-03-31": "1.04", "2016-12-31": "0.93", "2016-09-30": "0.90", "2016-06-30": "0.93", "2016-03-31": "0.91", "2015-12-31": "0.85", "2015-09-30": "0.88", "2015-06-30": "0.76", "2015-03-31": "0.79", "2014-12-31": "0.77", "2014-09-30": "0.74", "2014-06-30": "0.68", "2014-03-31": "0.64", "2013-12-31": "0.58", "2013-09-30": "0.57", "2013-06-30": "0.63", "2013-03-31": "0.62", "2012-12-31": "0.61", "2012-09-30": "0.65", "2012-06-30": "0.70", "2012-03-31": "0.70", "2011-12-31": "0.72", "2011-09-30": "0.67", "2011-06-30": "0.70", "2011-03-31": "0.78", "2010-12-31": "0.91", "2010-09-30": "0.97", "2010-06-30": "1.12", "2010-03-31": "1.09", "2009-12-31": "1.17", "2009-09-30": "1.09", "2009-06-30": "1.14", "2009-03-31": "1.28", "2008-12-31": "1.38", "2008-09-30": "1.33", "2008-06-30": "1.43", "2008-03-31": "1.48", "2007-12-31": "1.48", "2007-09-30": "1.66", "2007-06-30": "2.06", "2007-03-31": "2.14", "2006-12-31": "2.36", "2006-09-30": "2.29", "2006-06-30": "2.46", "2006-03-31": "2.95", "2005-12-31": "3.18", "2005-09-30": "-93.84", "2005-06-30": "-18.04", "2005-03-31": "-13.71"}, "return on equity": {"2020-12-31": "2.18%", "2020-09-30": "8.55%", "2020-06-30": "13.56%", "2020-03-31": "19.28%", "2019-12-31": "21.56%", "2019-09-30": "21.53%", "2019-06-30": "21.73%", "2019-03-31": "21.02%", "2018-12-31": "19.60%", "2018-09-30": "20.53%", "2018-06-30": "19.64%", "2018-03-31": "19.40%", "2017-12-31": "20.67%", "2017-09-30": "19.53%", "2017-06-30": "20.01%", "2017-03-31": "20.75%", "2016-12-31": "20.21%", "2016-09-30": "19.99%", "2016-06-30": "19.10%", "2016-03-31": "18.68%", "2015-12-31": "19.88%", "2015-09-30": "19.92%", "2015-06-30": "20.38%", "2015-03-31": "19.83%", "2014-12-31": "18.27%", "2014-09-30": "17.71%", "2014-06-30": "17.13%", "2014-03-31": "17.39%", "2013-12-31": "17.46%", "2013-09-30": "17.19%", "2013-06-30": "17.03%", "2013-03-31": "17.57%", "2012-12-31": "17.83%", "2012-09-30": "19.15%", "2012-06-30": "19.10%", "2012-03-31": "18.44%", "2011-12-31": "17.49%", "2011-09-30": "16.03%", "2011-06-30": "14.62%", "2011-03-31": "13.56%", "2010-12-31": "12.71%", "2010-09-30": "10.29%", "2010-06-30": "9.47%", "2010-03-31": "8.49%", "2009-12-31": "9.93%", "2009-09-30": "14.25%", "2009-06-30": "19.14%", "2009-03-31": "21.70%", "2008-12-31": "22.31%", "2008-09-30": "19.91%", "2008-06-30": "17.72%", "2008-03-31": "14.95%", "2007-12-31": "16.58%", "2007-09-30": "19.85%", "2007-06-30": "20.89%", "2007-03-31": "25.19%", "2006-12-31": "24.10%", "2006-09-30": "66.99%", "2006-06-30": "80.45%", "2006-03-31": "151.13%", "2005-12-31": "444.44%"}, "return on assets": {"2020-12-31": "1.02%", "2020-09-30": "3.89%", "2020-06-30": "6.00%", "2020-03-31": "8.55%", "2019-12-31": "9.68%", "2019-09-30": "9.69%", "2019-06-30": "9.94%", "2019-03-31": "9.83%", "2018-12-31": "9.73%", "2018-09-30": "10.54%", "2018-06-30": "10.29%", "2018-03-31": "10.23%", "2017-12-31": "10.63%", "2017-09-30": "9.94%", "2017-06-30": "10.21%", "2017-03-31": "10.64%", "2016-12-31": "10.54%", "2016-09-30": "10.53%", "2016-06-30": "10.09%", "2016-03-31": "10.10%", "2015-12-31": "10.92%", "2015-09-30": "11.07%", "2015-06-30": "11.54%", "2015-03-31": "11.36%", "2014-12-31": "10.70%", "2014-09-30": "10.67%", "2014-06-30": "10.58%", "2014-03-31": "10.84%", "2013-12-31": "10.91%", "2013-09-30": "10.69%", "2013-06-30": "10.46%", "2013-03-31": "10.69%", "2012-12-31": "10.72%", "2012-09-30": "11.34%", "2012-06-30": "11.27%", "2012-03-31": "10.87%", "2011-12-31": "10.20%", "2011-09-30": "9.12%", "2011-06-30": "7.99%", "2011-03-31": "7.01%", "2010-12-31": "6.30%", "2010-09-30": "4.94%", "2010-06-30": "4.48%", "2010-03-31": "4.01%", "2009-12-31": "4.58%", "2009-09-30": "6.43%", "2009-06-30": "8.39%", "2009-03-31": "9.22%", "2008-12-31": "9.29%", "2008-09-30": "8.20%", "2008-06-30": "7.08%", "2008-03-31": "5.65%", "2007-12-31": "5.90%", "2007-09-30": "6.55%", "2007-06-30": "6.52%", "2007-03-31": "7.62%", "2006-12-31": "6.90%", "2006-09-30": "18.25%", "2006-06-30": "16.39%", "2006-03-31": "18.09%", "2005-12-31": "14.00%"}, "return on investments": {"2020-12-31": "0.54%", "2020-09-30": "4.99%", "2020-06-30": "10.59%", "2020-03-31": "14.92%", "2019-12-31": "16.80%", "2019-09-30": "17.15%", "2019-06-30": "16.94%", "2019-03-31": "16.58%", "2018-12-31": "15.92%", "2018-09-30": "15.74%", "2018-06-30": "15.55%", "2018-03-31": "15.56%", "2017-12-31": "15.95%", "2017-09-30": "16.36%", "2017-06-30": "17.02%", "2017-03-31": "18.00%", "2016-12-31": "18.71%", "2016-09-30": "18.82%", "2016-06-30": "18.58%", "2016-03-31": "18.53%", "2015-12-31": "19.17%", "2015-09-30": "19.47%", "2015-06-30": "20.24%", "2015-03-31": "19.88%", "2014-12-31": "19.77%", "2014-09-30": "19.48%", "2014-06-30": "19.38%", "2014-03-31": "19.86%", "2013-12-31": "19.88%", "2013-09-30": "19.71%", "2013-06-30": "19.60%", "2013-03-31": "20.46%", "2012-12-31": "20.77%", "2012-09-30": "21.20%", "2012-06-30": "20.90%", "2012-03-31": "19.32%", "2011-12-31": "18.76%", "2011-09-30": "17.32%", "2011-06-30": "16.51%", "2011-03-31": "16.02%", "2010-12-31": "13.81%", "2010-09-30": "12.22%", "2010-06-30": "10.57%", "2010-03-31": "9.36%", "2009-12-31": "11.10%", "2009-09-30": "12.68%", "2009-06-30": "14.78%", "2009-03-31": "14.93%", "2008-12-31": "14.80%", "2008-09-30": "14.55%", "2008-06-30": "14.56%", "2008-03-31": "15.91%", "2007-12-31": "15.57%", "2007-09-30": "15.20%", "2007-06-30": "14.29%", "2007-03-31": "14.56%", "2006-12-31": "14.77%", "2006-09-30": "13.61%", "2006-06-30": "12.87%", "2006-03-31": "15.21%", "2005-12-31": "18.24%"}, "return on tangible equity": {"2020-09-30": "10.56%", "2020-06-30": "16.83%", "2020-03-31": "23.96%", "2019-12-31": "26.91%", "2019-09-30": "26.21%", "2019-06-30": "25.73%", "2019-03-31": "24.20%", "2018-12-31": "21.85%", "2018-09-30": "22.84%", "2018-06-30": "21.54%", "2018-03-31": "21.01%", "2017-12-31": "22.15%", "2017-09-30": "20.67%", "2017-06-30": "21.22%", "2017-03-31": "22.05%", "2016-12-31": "21.51%", "2016-09-30": "21.23%", "2016-06-30": "20.23%", "2016-03-31": "19.71%", "2015-12-31": "20.92%", "2015-09-30": "20.97%", "2015-06-30": "21.48%", "2015-03-31": "20.93%", "2014-12-31": "19.28%", "2014-09-30": "18.69%", "2014-06-30": "18.09%", "2014-03-31": "18.37%", "2013-12-31": "18.46%", "2013-09-30": "18.21%", "2013-06-30": "18.07%", "2013-03-31": "18.69%", "2012-12-31": "19.01%", "2012-09-30": "20.49%", "2012-06-30": "20.51%", "2012-03-31": "19.84%", "2011-12-31": "18.89%", "2011-09-30": "17.37%", "2011-06-30": "15.91%", "2011-03-31": "14.85%", "2010-12-31": "13.99%", "2010-09-30": "11.37%", "2010-06-30": "10.49%", "2010-03-31": "9.42%", "2009-12-31": "11.03%", "2009-09-30": "15.89%", "2009-06-30": "21.41%", "2009-03-31": "24.37%", "2008-12-31": "25.18%", "2008-09-30": "22.61%", "2008-06-30": "20.36%", "2008-03-31": "17.44%", "2007-12-31": "19.92%", "2007-09-30": "24.35%", "2007-06-30": "26.46%", "2007-03-31": "33.01%", "2006-12-31": "32.41%", "2006-09-30": "95.00%", "2006-06-30": "138.80%", "2006-03-31": "631.58%", "2005-12-31": "-214.63%"}, "dividend yield history": {"last payout": "$0.00", "last yield": "0.00%"}}